3872 6354
217 399 322 455 575

1394 398 1460 453 IN
1501 393 1874 463 ARNOBIUM,
1915 393 2067 452 CAP.
2110 395 2250 454 XVI.

3412 395 3517 451 574

216 530 338 585 pag.
365 512 495 580 512,
527 523 575 569 et
606 514 697 569 lib.
722 530 909 581 χχιιι,
954 530 1066 586 cap.
1107 515 1141 570 8
1184 524 1231 569 et
1273 530 1415 584 ως..
1465 529 1584 583 pag.
1614 512 1719 567 858
1768 521 1812 567 et
1840 511 2105 574 ACicero
2149 512 2377 579 (Cicer.,
2422 514 2512 568 lib.
2547 527 2602 568 ιιι
2652 514 2716 566 de
2770 512 2965 567 Natur.
3010 513 3153 568 deor.
3199 527 3322 584 pag.
3376 511 3512 577 2&8,

217 605 404 677 seqq)
432 604 648 662 Videsis
672 606 1030 663 Rondeletum
1080 606 1171 663 lib.
1218 622 1283 671 ν,
1332 620 1450 676 cap.
1486 606 1572 659 15.
1622 604 1816 659 Aldro-

218 700 492 766 validum,
535 714 593 757 et
644 702 779 758 alios
826 701 894 758 de
922 701 1130 757 duobus
1160 701 1263 756 illis
1286 700 1555 771 piscibus,
1597 699 1816 770 pistrice

219 800 273 846 et
324 808 519 848 mzena.

290 884 552 941 Ethnicos
581 886 760 956 igitur,
794 887 933 942 haud
964 888 1179 957 illepide
1204 887 1343 942 ridet
1370 887 1662 947 Arnobius,
1685 888 1813 941 dum

220 976 531 1047 Neptunum
597 982 872 1049 pistricum
924 992 980 1035 et
1037 996 1331 1035 tmenarnm
1385 982 1693 1045 dominum,
1753 996 1815 1035 ac

218 1073 483 1126 salsortnn
532 1073 804 1143 gurgitum
825 1115 839 1137 ,
884 1073 1334 1143 tremebundique
1363 1073 1463 1127 sali
1493 1081 1814 1127 motatorem

219 1177 415 1231 vocat,
489 1166 613 1238 quia
674 1169 824 1222 illum
884 1168 1057 1223 insani
1109 1167 1183 1222 illi
1236 1167 1483 1221 homines
1542 1165 1711 1235 pelagi
1761 1174 1817 1220 et

215 1259 384 1313 maris
411 1274 594 1327 regem
636 1262 778 1315 serio
808 1261 1169 1331 appellabant.
1202 1258 1336 1314 Nam
1383 1268 1579 1330 przeter
1623 1260 1816 1314 citatos

218 1348 425 1421 Virgilii
456 1367 663 1417 versus,
709 1352 965 1420 scriptum
992 1368 1022 1407 a
1059 1353 1319 1407 Cicerone
1348 1352 1577 1421 legimus
1610 1372 1621 1407 :
1660 1372 1677 1404 ι
1713 1352 1815 1405 Da-

216 1452 330 1498 tum
358 1455 442 1499 est
470 1444 717 1516 Neptuno
748 1448 1007 1511 alterum,
1035 1445 1222 1512 Jovis,
1257 1456 1314 1500 ut
1361 1447 1581 1512 volunt,
1624 1445 1807 1509 fratri,

214 1537 545 1590 maritimum
600 1552 760 1593 omne
800 1554 1056 1608 regnum,
1102 1552 1409 1607 nomenque
1456 1539 1810 1607 producturo,

215 1639 272 1681 ut
300 1627 573 1683 Portunus
602 1646 629 1682 a
665 1639 821 1699 portu
846 1672 861 1697 ,
905 1630 985 1684 sic
1009 1630 1286 1699 Neptunus
1313 1646 1343 1683 a
1376 1631 1556 1685 nando
1576 1673 1591 1697 ,
1624 1634 1812 1700 paulu-

214 1720 325 1773 lum
386 1722 574 1789 primis
622 1722 817 1777 litteris
870 1724 1165 1778 immutatis
1204 1742 1223 1775 ι
1266 1722 1487 1793 (Cicer.,
1543 1724 1633 1777 lib.
1688 1741 1724 1779 ιι
1754 1725 1818 1778 de

219 1812 409 1867 Nalur.
444 1814 587 1869 deor.
610 1858 625 1880 ,
670 1832 794 1886 pag.
827 1816 969 1882 εξι,
1018 1815 1110 1869 lin.
1160 1815 1233 1887 1).
1269 1816 1439 1885 Quam
1474 1817 1644 1873 bellus
1685 1832 1814 1887 ergo

1918 606 2013 659 lin.
2069 603 2161 675 9),
2220 605 2365 676 leges
2410 614 2464 660 et
2508 606 2711 659 litteras
2762 605 3045 660 tradidisse
3098 604 3405 671 ferebatur,
3449 604 3518 661 de

1917 713 2025 767 quo
2053 713 2151 752 nos
2179 698 2343 753 ailibi.
2391 696 2627 769 Denique
2651 738 2667 764 ,
2716 717 2734 749 ι
2780 698 3139 752 nundinarum
3162 738 3177 762 ,
3211 698 3473 753 mercium
3500 738 3516 764 ,

1918 791 2474 859 Commerciormnqne
2528 800 2793 848 mutator:
2874 810 2893 841 ι
2946 788 3068 857 quia
3134 789 3355 855 ethnici,
3414 790 3520 844 sic-

1919 882 1993 936 uti
2047 898 2113 936 ex
2160 882 2456 954 Augustino
2483 893 2534 938 et
2589 881 2816 939 lsidoro.
2849 882 3006 951 paulo
3046 891 3172 936 ante
3239 882 3519 936 annotavi-

1918 990 2074 1037 mus,
2116 976 2495 1031 existimabant
2552 991 2673 1029 enm
2729 976 2996 1031 mercibus
3055 990 3309 1045 prazesse.
3365 974 3519 1031 Unde

1918 1069 2137 1124 Servius
2172 1087 2183 1122 :
2222 1089 2239 1121 ι
2274 1070 2369 1125 Hic
2392 1071 2550 1126 etiam
2574 1113 2589 1137 ,
2627 1090 2644 1122 ι
2679 1072 2884 1141 inquit,
2948 1092 2965 1122 ι
3017 1071 3349 1125 mercimonii
3383 1070 3520 1125 deus

1917 1172 2000 1217 est
2041 1182 2057 1215 ι
2103 1164 2275 1236 (Serv.
2315 1164 2413 1217 loc.
2467 1166 2602 1235 cit.).
2668 1164 2803 1232 Quin
2848 1165 3013 1218 immo
3053 1163 3245 1219 Festus
3290 1179 3319 1217 a
3364 1164 3519 1218 nobis

1917 1256 2079 1324 paulo
2124 1266 2247 1310 ante
2292 1258 2484 1311 citatus
2508 1300 2520 1317 .
2555 1258 2849 1312 arbitratur
2897 1258 3021 1313 inde
3052 1256 3341 1312 formatum
3374 1255 3517 1311 illius

1920 1366 2115 1405 nomen
2144 1392 2158 1416 ,
2216 1352 2370 1421 cujus
2416 1352 2554 1406 hanc
2601 1353 2774 1406 reddit
2839 1354 3105 1406 rationem
3140 1370 3151 1403 :
3192 1369 3211 1402 ι
3248 1351 3399 1405 lltmc
3443 1360 3521 1404 et-

1915 1445 2059 1497 enim
2092 1446 2427 1516 negotiornm
2451 1444 2687 1498 omnium
2718 1445 3094 1499 existimabant
3124 1458 3243 1498 esse
3268 1443 3449 1497 deum.
3493 1463 3513 1495 ι

1917 1535 2085 1608 (Fest.
2112 1579 2126 1600 ,
2154 1538 2221 1588 ad
2250 1538 2452 1591 verbum
2479 1535 2840 1607 Mansuetus.)
2864 1537 3033 1591 Porro
3063 1547 3243 1590 autem
3268 1536 3521 1604 Augusti-

1918 1645 2019 1683 nus
2048 1645 2110 1683 ex
2145 1631 2233 1683 illa
2265 1631 2786 1701 prierietymologia,
2818 1641 2870 1683 et
2892 1631 3232 1685 ethnicorum
3262 1630 3518 1698 opinione

1916 1722 2160 1777 eamdem
2188 1765 2202 1788 ,
2236 1734 2393 1792 atque
2425 1725 2695 1782 Arnobius
2716 1764 2730 1788 ,
2757 1724 3158 1777 conclusionem
3188 1723 3330 1777 elicit
3361 1739 3373 1774 :
3415 1741 3433 1773 ›
3462 1720 3518 1775 Si

1916 1830 2047 1884 ergo
2095 1815 2389 1870 Mercurius
2438 1816 2585 1885 ipse,
2630 1836 2647 1867 ι
2684 1817 2890 1885 inquit,
2944 1834 2961 1866 ι
3002 1829 3182 1869 sermo
3223 1826 3307 1869 est
3356 1816 3516 1869 etiam

214 1909 305 1964 ille
330 1908 503 1976 deus,
532 1910 623 1979 qui
654 1921 800 1965 natat
829 1925 923 1981 per
954 1910 1149 1965 [luctus
1173 1913 1364 1977 maris,
1398 1912 1684 1981 solumque
1726 1928 1809 1967 re-
1840 1901 1888 1961 B
1918 1911 2046 1981 ipsis
2080 1911 2461 1967 conﬁtentibus
2483 1954 2497 1977 ,
2528 1911 2660 1965 deus
2707 1926 2810 1967 non
2855 1920 2937 1965 est
2984 1931 3001 1961 ι
3042 1909 3280 1981 (August.
3305 1950 3319 1969 ,
3368 1909 3457 1961 lib.
3489 1924 3519 1961 v

213 2002 289 2070 git
316 2001 461 2057 illius
489 2001 818 2070 imperium?

284 2091 422 2146 Tum
467 2093 664 2148 deinde
693 2094 965 2149 Arnobius
1009 2095 1085 2149 sic
1124 2095 1463 2166 prosequitur
1495 2112 1507 2147 :
1544 2114 1563 2147 ι
1602 2094 1810 2150 Mercu-

216 2187 327 2240 rius
365 2186 532 2241 etiam
584 2190 738 2258 quasi
785 2189 1002 2259 quidam
1058 2190 1416 2243 medicurrius
1462 2191 1638 2243 dictus
1689 2201 1808 2254 est,

214 2291 265 2334 et
294 2280 440 2351 quod
466 2282 606 2335 inter
636 2282 921 2351 loquentes
962 2282 1095 2335 duos
1124 2282 1297 2337 media
1330 2291 1544 2345 currat,
1588 2290 1643 2336 et
1673 2284 1812 2336 reci-

215 2386 471 2445 procetnr
498 2378 708 2439 oratio,
744 2376 975 2431 nominis
1005 2377 1164 2447 hujus
1208 2380 1529 2433 concinnata
1559 2387 1642 2432 est
1680 2394 1813 2445 qua-

214 2469 331 2523 litas
368 2488 387 2521 ι
424 2467 643 2541 (Arnob.
668 2512 683 2533 ,
714 2471 803 2524 lib.
835 2484 923 2534 ut,
974 2487 1093 2541 pag.
1147 2468 1297 2537 118).
1356 2469 1519 2524 Favet
1574 2470 1814 2524 Arnobio

214 2564 581 2631 AuguSIinus,
653 2564 742 2634 qui
806 2564 855 2617 id
918 2564 1076 2632 paulo
1124 2563 1444 2629 explicatius
1501 2563 1749 2628 edisserit
1797 2581 1811 2618 :

196 2664 237 2708 ‘i
286 2655 625 2723 Mercurius,
693 2678 712 2709 ι
771 2658 973 2727 inquit,
1045 2676 1063 2707 ι
1119 2656 1269 2726 quasi
1323 2658 1535 2711 medius
1587 2671 1814 2711 currens

213 2750 411 2806 dicitur
462 2752 809 2822 appellatus,
860 2752 1004 2822 quod
1056 2768 1235 2805 sermo
1294 2762 1479 2805 currat
1524 2752 1664 2806 inter
1713 2752 1811 2805 lto-

212 2843 383 2898 mines
438 2844 687 2908 medius;
746 2843 869 2898 ideo
913 2844 1097 2921 Ερμῆς
1144 2858 1353 2911 graece,
1405 2844 1546 2913 quod
1589 2860 1810 2911 sermo,

213 2936 291 2989 vel
342 2936 722 3004 interpretatio
748 2977 763 3002 ,
814 2951 933 3005 quae
971 2936 1153 3005 utique
1196 2936 1261 2989 ad
1313 2950 1616 2990 sermonem
1650 2939 1813 3004 perti-

213 3029 370 3093 tinet,
426 3030 667 3104 ἑρμηνεία
716 3030 934 3093 dicitur,
982 3031 1103 3085 ideo
1153 3039 1207 3085 et
1265 3030 1535 3084 mercibus
1567 3047 1807 3101 prresse,

209 3122 327 3190 quia
358 3123 503 3176 inter
540 3123 838 3177 vcndentes
869 3133 924 3176 et
956 3131 1201 3177 ementes
1250 3138 1429 3176 sermo
1462 3123 1513 3175 lit
1546 3124 1755 3177 medius
1787 3144 1805 3176 ι

211 3216 481 3285 (August.,
516 3214 604 3269 lib.
633 3231 706 3269 vn
744 3218 808 3268 de
843 3214 1015 3280 Civit.,
1073 3234 1189 3285 cup.
1226 3218 1309 3278 l-l,
1347 3233 1464 3285 pag.
1502 3214 1645 3287 175).
1681 3215 1810 3283 Qua:

1916 2006 1979 2059 de
2001 2006 2154 2061 Civil.
2185 2024 2302 2075 cap.
2337 2008 2434 2069 12.
2471 2023 2589 2075 pag.
2624 2006 2769 2075 175).

1989 2100 2160 2155 Simili
2192 2100 2349 2168 plane
2380 2110 2705 2169 argumento
2733 2106 2922 2153 auctor
2969 2105 3155 2151 noster
3198 2095 3416 2152 Cereris
3442 2095 3521 2151 di.

1916 2194 2188 2249 vinitatem
2216 2194 2293 2247 sic
2339 2194 2575 2247 evertit:
2611 2213 2627 2244 ι
2665 2193 2886 2246 Terram
2933 2190 3150 2262 quidam
3199 2206 3229 2245 e
3270 2191 3453 2256 vobis,
3497 2209 3517 2242 ι

1919 2286 1987 2337 ita
2022 2285 2111 2339 ille
2144 2286 2399 2354 loquitur,
2462 2304 2481 2335 ι
2534 2284 2676 2353 quod
2729 2286 2942 2337 cunctis
2993 2282 3228 2337 sul'liciat
3268 2284 3521 2337 animan-

1918 2376 2063 2430 tibus
2095 2376 2293 2430 victum
2318 2419 2331 2439 ,
2362 2376 2584 2431 Matrem
2616 2392 2739 2432 esse
2769 2376 3025 2430 dixerunt
3058 2389 3329 2445 magnam;
3376 2389 3524 2428 eam-

1917 2470 2042 2524 dem
2084 2469 2222 2526 hane
2271 2471 2509 2538 aliquot,
2561 2471 2703 2539 quod
2736 2471 3051 2525 salutarium
3097 2471 3362 2524 seminum
3404 2468 3523 2523 frit-

1918 2580 2039 2633 gem
2071 2576 2221 2633 gerat
2244 2607 2255 2629 ,
2289 2566 2543 2620 Cererem
2572 2580 2694 2619 esse
2729 2566 3109 2634 pronuntiant;
3141 2563 3382 2617 nonnulli
3424 2579 3522 2616 au-

1922 2665 2027 2710 tetn
2061 2655 2314 2720 Vestam,
2346 2656 2490 2726 quod
2531 2658 2581 2711 in
2616 2658 2817 2714 mundo
2848 2668 2952 2711 stet
2992 2660 3128 2721 sola,
3160 2658 3374 2712 cretei-is
3405 2658 3524 2725 ejus

1920 2748 2166 2817 partibus
2192 2749 2492 2802 mobilitate
2520 2750 2569 2802 in
2598 2760 2855 2818 perpetua
2882 2749 3211 2803 constitutis.
3238 2768 3255 2800 ι
3276 2749 3522 2819 (Arnob.,

1920 2841 2009 2895 lib.
2038 2857 2127 2903 ιιι,
2177 2859 2297 2912 pag.
2341 2843 2489 2911 H9.)
2541 2842 2766 2897 Terram
2810 2859 2937 2898 vero
2968 2858 3090 2898 esse
3131 2842 3417 2905 Cererem,
3470 2855 3526 2901 et

1920 2935 2082 3006 paulo
2113 2934 2246 2988 infra
2281 2936 2679 2991 observandum
2706 2980 2720 3000 ,
2766 2948 2819 2992 et
2859 2938 2942 2993 his
2970 2953 3113 2992 nunc
3157 2939 3374 3008 probari
3420 2955 3521 3009 po-

1922 3026 2318 3083 testCiceronis
2337 3030 2535 3091 verbis,
2559 3031 2753 3099 quibus
2776 3032 2931 3086 allata
2957 3033 3024 3084 ah
3044 3031 3284 3087 Arnobio
3307 3033 3521 3087 Cereris

1920 3123 2240 3191 etymologia
2274 3122 2627 3177 confirmatur
2658 3142 2670 3176 :
2708 3142 2725 3174 ι
2766 3124 2933 3179 Mater
2969 3134 3147 3178 autem
3180 3134 3280 3189 est,
3310 3143 3327 3175 ι
3352 3125 3525 3193 inquit

1918 3217 2029 3279 ille,
2066 3235 2084 3267 ι
2119 3232 2147 3268 a
2197 3218 2449 3286 gerendis
2498 3219 2735 3284 frugibus
2768 3219 2962 3279 Ceres,
3011 3229 3281 3289 tamquam
3329 3236 3520 3289 geres,

209 3306 426 3375 quidem
480 3307 762 3375 Augustini
815 3309 995 3371 verba,
1052 3308 1117 3361 ad
1169 3308 1540 3379 explicandam
1589 3308 1811 3376 hujusce
1840 3282 1885 3344 Ο
1920 3323 2156 3377 casuque
2190 3308 2357 3377 prima
2394 3309 2569 3362 littera
2600 3310 2786 3363 itidem
2816 3310 3116 3373 immutata,
3159 3322 3211 3361 nt
3243 3330 3268 3361 a
3296 3311 3517 3365 (iuncis.

209 3402 450 3455 nominis
502 3402 882 3472 etymologiam
932 3402 1167 3456 Isidorus
1210 3411 1396 3472 postea
1450 3404 1806 3495 transcripsﬁit.

209 3494 405 3548 Fesms
450 3508 634 3549 veroa
667 3496 936 3549 mercibus
987 3497 1087 3548 hoc
1138 3510 1331 3548 nomen
1366 3492 1441 3547 illi
1500 3492 1810 3565 impositum

208 3591 484 3657 Opinatur.
546 3588 715 3643 Aliter
766 3599 943 3643 tamen
1000 3591 1217 3644 Servius
1266 3607 1278 3641 :
1340 3609 1358 3641 ι
1422 3588 1579 3655 Alii,
1620 3608 1639 3641 ι
1694 3593 1807 3656 ait,

216 3698 233 3731 ι
269 3679 597 3734 Mercurium
626 3681 779 3750 quasi
826 3680 1209 3736 medicurrium
1238 3725 1252 3747 ,
1284 3698 1311 3735 a
1363 3682 1565 3737 Latinis
1608 3684 1809 3738 dictum

212 3772 433 3834 volunt,
467 3773 609 3840 quod
650 3773 789 3829 inter
830 3776 1025 3830 caelum
1058 3786 1110 3828 et
1144 3777 1341 3831 inferos
1372 3792 1589 3846 semper
1628 3778 1809 3832 incur—

209 3872 292 3916 rat
328 3882 347 3915 ι
388 3861 607 3936 (Isidor.
629 3906 643 3930 ,
677 3866 765 3920 lib.
798 3882 886 3920 vnt
942 3868 1084 3937 Orig.
1115 3885 1228 3938 cup.
1265 3870 1351 3934 ll;
1384 3868 1527 3924 Fest.
1570 3870 1637 3922 ad
1670 3871 1807 3926 verb.

206 3955 546 4021 Mmcuatcs;
576 3957 722 4013 Serv.
744 3960 793 4012 in
817 3960 905 4014 lib.
930 3976 1020 4015 vni
1040 3960 1257 4016 rlineid.
1283 3980 1392 4015 vers
1418 3962 1518 4017 158
1545 3974 1589 4015 et
1616 3964 1807 4035 seqq).

206 4048 289 4104 Ab
335 4050 432 4103 illo
476 4060 655 4105 autem
696 4052 795 4107 ista
850 4055 1131 4109 observata
1166 4065 1321 4119 sunt,
1354 4058 1405 4109 in
1451 4058 1550 4110 hos
1600 4056 1810 4128 Virgilii

205 4158 435 4209 versus,
469 4146 664 4215 quibus
710 4162 808 4210 ea,
860 4164 979 4218 ane
1017 4160 1207 4205 auctor
1250 4161 1434 4207 noster
1480 4152 1755 4225 subjungit
1783 4194 1799 4218 ,

204 4237 569 4307 explicantur.
612 4238 767 4295 Canit
810 4242 1009 4312 quippe
1041 4253 1195 4314 poeta
1230 4263 1241 4298 :

295 4327 455 4400 Vobis
482 4330 750 4400 Hercurius
771 4342 909 4397 pater
934 4341 1028 4395 est,
1051 4350 1200 4400 quem
1224 4338 1425 4389 candida
1447 4339 1573 4391 Maia

295 4391 524 4455 Cyllene,
549 4392 716 4456 gelido
738 4391 1031 4461 conceptum
1060 4391 1243 4449 vertice
1272 4400 1411 4451 fudit.

616 4463 843 4532 (Virgil,
872 4466 954 4518 lib.
982 4484 1059 4519 vni
1083 4472 1303 4533 zEneid.,
1332 4485 1457 4523 vers.
1488 4474 1620 4537 158.)

269 4546 417 4615 Quid
436 4556 615 4603 autem
641 4591 657 4615 ,
678 4553 753 4603 uti
772 4552 886 4605 loco
906 4554 1069 4606 citato
1092 4554 1274 4607 subdit
1292 4556 1582 4617 Arnobius,
1607 4574 1671 4612 ex
1705 4558 1806 4614 hac

1876 3439 1880 3444 η
1916 3402 2048 3455 Nam
2081 3403 2147 3455 ah
2178 3403 2249 3454 illi
2280 3417 2493 3472 quoque
2521 3409 2757 3479 Δημήτηρ
2779 3445 2792 3464 ,
2826 3403 2977 3466 quasi
3014 3408 3247 3479 γημήτηρ
3280 3404 3522 3457 nomina-

1919 3502 1967 3545 ta
1992 3502 2075 3546 est
2099 3511 2117 3544 ι
2162 3492 2347 3557 (Cicer.
2374 3536 2385 3555 ,
2413 3496 2475 3546 de
2506 3492 2631 3548 Nat.
2662 3498 2827 3559 ileon,
2847 3497 2933 3547 lib.
2963 3510 3018 3550 tt.
3040 3513 3161 3564 pug.
3185 3495 3331 3561 2'23).
3367 3499 3434 3548 At
3453 3495 3523 3550 de

1920 3584 2095 3638 Vesta:
2129 3588 2345 3657 nomine
2374 3586 2570 3652 ibidem
2606 3587 2762 3654 paulo
2795 3596 2913 3654 post
2936 3585 3263 3641 hu'cbahet:
3296 3605 3312 3635 ι
3343 3586 3521 3639 Veste

1917 3693 2113 3730 nomen
2142 3693 2169 3729 ιι
2202 3677 2439 3744 Graecis;
2478 3695 2536 3731 ea
2568 3690 2650 3733 est
2678 3681 2823 3734 enim
2851 3722 2862 3739 ,
2918 3696 3037 3749 qua:
3087 3681 3154 3733 ab
3205 3680 3309 3733 illis
3342 3679 3522 3734 Ἑστία

1916 3771 2113 3824 dicitur
2162 3790 2179 3823 ›
2214 3771 2415 3839 (lbid.,
2465 3773 2557 3825 lin.
2600 3772 2706 3843 15).
2744 3773 2831 3828 Sic
2866 3786 3041 3828 autem
3080 3788 3257 3841 graece
3302 3789 3329 3823 a
3371 3783 3521 3826 vete-

1916 3864 2065 3916 ribus
2111 3872 2300 3917 Vneata
2349 3875 2464 3928 est,
2513 3868 2583 3918 ait
2620 3866 2923 3919 Plarnulus
2973 3863 3254 3931 (ΡΙιίινηιιῑ.
3283 3908 3296 3929 ,
3342 3863 3515 3919 Cet-cr.

1914 3968 1963 4008 et
1997 3953 2160 4027 Vest.)
2184 3998 2198 4021 ,
2225 3959 2327 4011 ἀπὸ
2357 3964 2449 4012 τοῦ
2480 3960 2689 4012 ἑστάναι
2712 4000 2725 4023 ,
2755 3958 2897 4028 quod
2928 3968 3009 4011 est
3036 3966 3181 4011 stare
3212 3973 3274 4010 ac
3302 3959 3517 4021 sistere;

1915 4051 2035 4120 quia
2068 4061 2174 4105 stat
2204 4066 2300 4119 per
2331 4066 2419 4105 res
2447 4052 2746 4106 universas.
2776 4051 2840 4105 Et
2870 4051 2920 4105 id
2949 4051 3165 4123 quidem
3187 4051 3411 4106 Ovidius
3438 4051 3521 4105 his

1917 4145 2160 4199 versibus
2190 4144 2515 4212 signiﬁcavit
2545 4163 2557 4198 :
3062 4130 3066 4135 ’

2008 4256 2117 4305 Stat
2140 4259 2188 4307 vi
2214 4264 2347 4305 terra
2371 4271 2477 4315 sua,
2511 4258 2557 4307 vi
2584 4257 2755 4305 slando
2780 4257 2929 4307 Vesta
2958 4263 3173 4318 vocatur,

2069 4320 2321 4382 Causaque
2348 4334 2436 4382 per
2461 4319 2596 4369 Graii
2624 4321 2829 4368 noniinis
2852 4335 2963 4369 esse
2992 4330 3169 4382 potest.

2499 4390 2683 4449 (Orid.,
2713 4388 2794 4439 lib.
2823 4406 2868 4439 vr
2894 4392 3107 4448 Fﬂlel‘.,
3137 4404 3259 4442 vers.
3288 4392 3423 4457 5'31.)

1913 4473 1988 4528 lbi
2017 4485 2195 4530 autem
2228 4475 2316 4528 ille
2351 4490 2457 4528 non
2486 4477 2661 4527 solum
2698 4474 2875 4527 Vesta:
2906 4476 3288 4545 etymologiam
3319 4478 3520 4531 Confir-

1913 4578 2056 4633 mat,
2101 4566 2196 4623 sed
2225 4583 2345 4621 eam
2384 4584 2596 4637 quoque
2627 4567 2872 4621 eat'ndctn
2920 4583 3038 4621 esse
3064 4583 3125 4621 ac
3176 4582 3372 4623 terram
3422 4586 3519 4625 seu

199 4642 520 4711 opinionum
567 4646 828 4701 varietate
848 4687 862 4711 ,
908 4659 963 4701 et
1007 4647 1341 4705 dissentione
1367 4652 1511 4707 aliud
1540 4654 1804 4723 sequitur,
1832 4662 1883 4721 Β
1913 4661 2181 4715 tellurem.
2203 4658 2359 4727 Quod
2390 4661 2611 4730 quidem
2635 4661 2783 4730 prius
2810 4661 2893 4714 his
2914 4662 3243 4717 carminibus
3269 4663 3516 4719 dixerat:

198 4735 302 4789 nisi
333 4735 482 4804 quod
505 4735 735 4790 aboletur
779 4747 824 4791 et
849 4741 1161 4810 extinguitur
1206 4742 1467 4797 cadat-iter
1512 4745 1600 4799 ille
1626 4744 1801 4816 Cylle-

198 4830 313 4883 nius
343 4832 399 4882 in
440 4830 615 4900 algida
643 4834 790 4901 [usus
818 4842 1011 4898 monte,
1058 4837 1509 4905 quemadmodum
1562 4847 1705 4907 patet
1734 4854 1801 4894 ex

198 4939 323 4977 mox
354 4923 537 4978 citatis
566 4922 772 4995 Virgilii
801 4928 1131 4982 carminibus
1156 4971 1171 4992 ,
1226 4929 1290 4981 ad
1322 4946 1458 4998 quos
1486 4931 1637 4985 illum
1684 4934 1801 4987 col-

197 5015 437 5070 lineasse
473 5015 615 5071 haud
646 5016 919 5073 immerito
945 5020 1048 5073 dici
1080 5024 1289 5089 potest?
1334 5022 1611 5077 Caducitor
1646 5041 1795 5091 vero,

196 5108 279 5161 vel
334 5108 519 5179 potius
587 5108 915 5165 caduceator
979 5110 1292 5181 dicebatur,
1365 5116 1519 5186 quia,
1571 5126 1633 5171 ut
1685 5122 1801 5172 aui-

196 5202 487 5257 madvertit
539 5201 788 5268 Servius,
855 5206 1053 5277 aliique
1101 5208 1238 5262 bene
1284 5212 1434 5264 inulti
1496 5229 1508 5264 :
1568 5230 1585 5263 ι
1623 5212 1801 5268 Cadu-

195 5311 354 5351 cenm
412 5296 535 5351 illia
562 5296 667 5351 deo
692 5299 1017 5369 assignatur,
1042 5300 1186 5366 quod
1220 5300 1322 5355 lide
1363 5304 1570 5371 media,
1616 5304 1801 5361 hostes

198 5390 248 5443 in
288 5389 587 5445 amicitiam
618 5391 924 5459 conducat,
957 5408 1077 5464 qua:
1110 5395 1259 5465 virga
1289 5393 1410 5450 ideo
1459 5398 1800 5466 serpentibus

200 5482 402 5553 illigata
454 5490 570 5550 cst,
624 5492 683 5537 ut
736 5483 875 5539 sicut
918 5486 991 5539 illi
1054 5486 1207 5542 ohliti
1255 5489 1444 5542 veneni
1495 5489 1576 5542 sui
1636 5492 1686 5543 in
1740 5504 1800 5545 se

198 5586 437 5644 coeunt,
481 5578 549 5633 ita
581 5578 787 5645 hostes,
830 5581 1149 5649 contemptis
1178 5592 1232 5637 et
1277 5582 1538 5649 depositis
1568 5584 1797 5639 inimici-

204 5670 308 5738 tiis,
338 5670 408 5724 ad
435 5671 728 5726 amicitiam
774 5682 1113 5727 revertantur
1150 5693 1167 5725 ι
1208 5674 1382 5743 (Serv.
1438 5676 1537 5730 loc.
1571 5678 1707 5741 cit.).

272 5762 436 5818 Addit
481 5775 672 5819 auctor
711 5774 899 5821 noster
932 5782 945 5820 :
984 5784 1003 5817 ι
1040 5764 1338 5821 Verborum
1389 5769 1721 5839 excogitator
1747 5781 1801 5827 et

207 5856 478 5911 nominum
537 5877 556 5908 ι
620 5854 765 5911 idem
820 5855 1135 5915 Mercurius.
1189 5858 1320 5914 Nam
1368 5859 1505 5916 sicut
1548 5861 1801 5919 observat

1997 4775 2148 4843 Vesta
2174 4775 2348 4843 eadem
2376 4781 2473 4843 est,
2492 4788 2602 4837 qua:
2629 4780 2778 4843 terra,
2806 4777 2977 4825 subest
2998 4776 3119 4831 vigil
3146 4780 3276 4839 ignis
3295 4781 3517 4843 utrique,

2064 4839 2347 4900 Signiﬁcant
2371 4840 2543 4886 sedem
2569 4848 2701 4887 terra
2724 4837 2959 4897 focusque
2986 4852 3143 4889 suam.

1908 4924 1975 4978 Et
2001 4923 2135 4978 infra
2174 4942 2186 4978 :

2395 4994 2456 5043 Et
2480 4993 2630 5044 tellus
2648 4995 2900 5058 Vestaque
2926 5011 3108 5046 numen
3134 4999 3263 5048 idem
3292 5008 3385 5049 est.

2929 5080 3110 5141 (Ibid,
3136 5095 3261 5133 vers.
3286 5083 3419 5146 27L)

1911 5163 2103 5218 Ovidio
2156 5172 2333 5217 autem
2380 5162 2805 5229 adstipulatores
2861 5165 3125 5218 accedunt
3168 5166 3392 5221 Senius
3463 5180 3519 5224 et

1910 5258 2241 5329 Augustinus
2268 5300 2279 5319 ,
2328 5272 2464 5325 quos
2508 5257 2659 5309 adire
2698 5258 2849 5310 l'acile
2892 5259 3127 5326 poteris,
3162 5272 3321 5330 atque
3349 5264 3512 5316 etiam

1910 5351 2217 5414 Giraldnm,
2253 5348 2533 5418 Lipsium,
2581 5363 2645 5401 ac
2687 5347 2936 5403 Vossinm
2990 5350 3162 5424 (Serv.
3192 5396 3205 5409 .
3253 5354 3303 5406 in
3338 5355 3426 5408 lib.
3464 5372 3515 5409 tv

1911 5442 2165 5507 Eneid.,
2206 5442 2348 5504 297;
2398 5441 2648 5511 August.,
2681 5441 2770 5494 lib.
2827 5457 2900 5495 vn
2946 5443 3008 5495 de
3056 5444 3229 5509 (Iivit.,
3274 5462 3374 5517 cup
3426 5448 3508 5512 lii,

1910 5554 2031 5607 pag.
2060 5536 2196 5601 174;
2232 5533 2435 5588 Girald.
2460 5576 2474 5597 ,
2507 5523 2779 5605 Sgutngm.
2813 5536 2883 5597 6;
2915 5535 3059 5605 Lips.
3087 5579 3100 5602 ,
3134 5538 3200 5590 lib
3231 5542 3294 5593 de
3334 5540 3469 5598 Vest,
3493 5584 3508 5606 ,

1906 5646 2022 5694 cup.
2058 5628 2110 5693 l;
2143 5625 2287 5680 Voss.
2323 5622 2411 5679 lib.
2442 5640 2475 5679 tt
2512 5624 2699 5695 Progr.
2732 5626 2858 5680 ttlol.
2881 5667 2893 5687 ,
2926 5644 3043 5696 cap.
3068 5628 3160 5697 ὅθ)
3181 5671 3192 5690 ,
3218 5634 3325 5699 qui,
3364 5649 3508 5703 prn-

1910 5731 1990 5775 tcr
2017 5719 2119 5772 alia
2151 5719 2304 5786 plura
2328 5761 2341 5781 ,
2379 5718 2476 5769 bos
2503 5715 2666 5769 citant
2716 5716 2991 5786 Euripidis
3026 5735 3259 5775 versus:

2128 5822 2200 5861 Καὶ
2222 5826 2313 5860 m-
2333 5824 2458 5871 μήτιρ,
2483 5810 2615 5857 bitias
2639 5815 2681 5857 δί
2704 5822 2739 5859 σ³
2764 5822 2799 5859 εἰ
2822 5824 2927 5872 esse".

2128 5884 2256 5935 βροτηὶ
2277 5884 2447 5923 πλώειν
2468 5883 2597 5927 quium
2622 5884 2657 5919 ιν
2683 5884 2815 5933 umet.
