3872 6348
310 375 343 429 5

346 374 375 429 Ἰ

380 375 412 429 fi

491 497 554 548 Et
577 504 709 547 terra
733 503 907 556 mater,
937 494 1189 558 Vestaque
1206 490 1527 558 sapientibus.

494 560 715 613 Vocaris.
745 560 850 622 ipso
874 557 1132 608 considens
1155 559 1203 606 in
1229 557 1440 604 aethere.

310 663 471 735 Atqui
519 665 711 720 bormn
733 667 1054 737 scriptorum
1078 677 1234 734 atque
1257 663 1414 717 etiam
1446 661 1676 715 Lucretii
1698 703 1710 721 ,
1745 675 1903 730 quem

310 757 460 812 adire
512 758 714 827 poteris
747 758 1003 828 (Lucret.,
1057 759 1142 810 lib.
1183 772 1245 820 ιι,
1303 772 1432 810 vers.
1466 755 1570 809 597
1625 765 1671 808 et
1725 769 1898 823 seqq.,

313 866 447 904 vers.
479 850 588 906 995
639 862 686 906 et
725 848 892 922 seqq.)
917 893 931 917 ,
971 849 1259 904 amoritate
1305 861 1354 903 et
1403 846 1708 901 testimonio
1741 847 1906 914 liquet

307 943 494 1015 utique
521 944 656 1001 illud
681 944 1018 999 verissimum
1047 959 1166 998 esse
1190 985 1204 1006 ,
1230 941 1368 1012 quod
1396 941 1461 995 ab
1491 940 1730 996 Arnobio
1755 954 1904 992 assu—

308 1038 515 1104 mitur,
572 1039 707 1093 trina
757 1038 869 1091 haec
911 1037 1131 1091 numina
1174 1035 1317 1090 nulla
1371 1048 1523 1098 esse,
1573 1031 1902 1102 quandoqui—

309 1129 431 1184 dem
478 1131 546 1184 iis
601 1139 769 1193 terra,
832 1145 950 1200 qure
1001 1129 1196 1184 divina:
1253 1125 1642 1197 proculdubio,
1699 1136 1904 1180 naturae

309 1237 416 1277 non
450 1234 530 1276 est
557 1264 572 1287 ,
605 1223 719 1276 sola
745 1221 1096 1293 signiﬁcatur.

379 1312 742 1380 Quamobrem
807 1313 1078 1368 Arnobius
1148 1322 1332 1368 noster
1375 1313 1495 1381 jure
1545 1312 1734 1368 merito
1787 1310 1903 1365 hrec

305 1405 649 1458 continenter
687 1404 881 1473 adjecit
913 1423 927 1457 :
967 1424 985 1455 ι
1020 1405 1135 1460 Non
1160 1405 1271 1475 ipsa
1303 1406 1473 1461 Mater
1500 1404 1658 1459 deum
1685 1445 1700 1467 ,
1743 1418 1902 1474 quam

304 1494 544 1566 Nigidius
589 1507 832 1552 autumat
883 1500 1284 1554 matrimonium
1350 1501 1581 1554 tenuisse
1642 1499 1899 1563 Saturni,

305 1589 405 1644 dea
426 1599 571 1646 recte
610 1594 810 1662 poterit
855 1595 1186 1662 nuncupari;
1235 1593 1496 1662 siquidem
1543 1592 1697 1646 unius
1743 1602 1900 1646 terra:

305 1682 424 1736 haec
450 1694 576 1736 sunt
607 1684 784 1738 omnia
817 1685 1032 1740 nomina
1094 1705 1111 1737 ι
1142 1686 1355 1755 (Arnob.
1382 1726 1395 1747 ,
1420 1686 1511 1742 lib.
1546 1700 1632 1745 tu.
1667 1703 1717 1752 p.
1751 1683 1898 1754 119).

304 1774 493 1830 Nonne
514 1787 690 1830 autem
741 1777 881 1830 idem
921 1778 1080 1832 etiam
1113 1794 1141 1831 a
1163 1778 1402 1832 Varrone
1433 1778 1580 1833 hisce
1612 1778 1789 1833 verbis
1814 1792 1904 1832 as-

1521 370 1966 428 I)ISSERTATIO
1998 371 2156 426 PILE
2167 371 2277 427 VIA
3509 365 3614 419 576

1934 489 2285 552 Aenuhihus
2337 488 2589 543 nascitur.
2620 487 2772 544 Unde
2800 486 2962 542 etiam
2996 487 3260 542 Homerus
3307 485 3441 540 dicit
3489 498 3613 538 eum

2008 581 2075 636 de
2105 597 2228 637 aere
2261 583 2645 651 principitatum
2679 581 2731 636 in
2764 589 2974 648 terras,
3003 580 3142 650 quod
3190 594 3355 634 omne
3407 576 3613 632 fulmen

2007 673 2232 728 dcaere
2289 672 2429 726 cadit
2469 694 2487 724 ι
2521 675 2730 741 (Serm,
2785 674 2835 727 in
2906 672 2994 726 lib.
3044 689 3132 726 vnt
3190 670 3436 736 /Eneid.,
3496 686 3617 740 pag.

2006 767 2151 836 51:2).
2182 765 2331 819 llunc
2358 781 2497 835 pone
2523 766 2765 836 sequitur
2790 765 3026 820 Isidorus
3047 807 3061 830 ,
3095 764 3182 834 qui
3211 763 3400 818 eadem
3439 764 3618 832 priora

2006 872 2142 928 pene
2184 857 2360 910 omnia
2414 857 2556 911 illius
2603 856 2763 910 verba
2823 858 3034 926 repetit.
3085 854 3223 921 Quid
3256 869 3419 917 vero,
3468 850 3616 923 quod

2007 949 2144 1003 idem
2173 949 2390 1004 Servius
2431 960 2586 1004 antea
2615 950 2822 1004 dixerat
2853 968 2865 1004 :
2912 970 2931 1001 ι
2968 951 3287 1020 Plerumque
3317 948 3620 1003 VuICauum

2009 1042 2257 1111 ponimus
2289 1058 2382 1111 pro
2417 1043 2579 1113 igne?
2616 1063 2635 1095 ι
2676 1043 3001 1114 Augustinus
3050 1058 3177 1096 vero
3209 1061 3221 1096 :
3260 1061 3277 1090 ι
3317 1039 3621 1095 Vulcanum

2005 1134 2190 1187 volunt
2243 1135 2417 1204 ignem
2467 1136 2647 1189 mundi
2689 1157 2706 1187 ι
2784 1134 3044 1207 (Isidem,
3105 1135 3188 1187 lib.
3235 1148 3328 1187 vtu
3386 1131 3621 1201 0rigin.,

2004 1242 2118 1296 cap.
2152 1228 2229 1287 11,
2258 1243 2272 1289 ;
2325 1225 2498 1293 Sera,
2528 1228 2579 1279 in
2610 1226 2697 1280 lib.
2731 1243 2747 1280 ι
2778 1224 3020 1288 ιἘηεὶά.,
3048 1242 3168 1296 pag.
3202 1225 3336 1282 180:
3372 1224 3619 1292 Angust..

2005 1319 2092 1374 lib.
2126 1336 2198 1372 vn
2228 1319 2290 1372 de
2315 1319 2487 1382 Civit.,
2516 1337 2632 1388 cap.
2656 1319 2870 1389 16,pag.
2908 1316 3057 1386 161).

2078 1413 2258 1484 Neque
2288 1415 2337 1469 id
2371 1416 2594 1484 probatu
2622 1414 2922 1481 difficilius,
2956 1412 3098 1484 quod
3121 1412 3400 1484 snbjungit
3436 1421 3628 1466 auctor

2006 1516 2208 1570 uoster,
2244 1507 2542 1569 Venerem,
2629 1508 2768 1576 quod
2800 1507 2864 1560 ad
2910 1515 3130 1561 cunctos
3163 1507 3379 1570 veniat,
3421 1524 3439 1553 ι
3479 1520 3619 1557 nun-

2006 1609 2255 1668 cupatam
2305 1601 2565 1672 (Arnob,
2609 1602 2694 1656 lib.
2728 1616 2819 1664 ιιι,
2875 1617 2992 1671 pag.
3027 1600 3174 1668 219).
3229 1599 3306 1653 Ex
3354 1598 3626 1652 (Siet-rene

2006 1691 2266 1760 siquidem
2299 1693 2425 1747 illud
2456 1693 2800 1761 desumptum
2831 1692 3075 1756 videtur,
3118 1691 3208 1760 qui
3235 1692 3440 1745 diserte
3487 1705 3618 1758 pro-

2014 1783 2222 1837 nuntiat
2256 1804 2268 1837 :
2308 1804 2325 1835 ι
2363 1783 2496 1851 Quae
2527 1796 2703 1839 autem
2734 1786 2798 1836 ad
2828 1799 2915 1839 res
2941 1798 3128 1838 omnes
3156 1784 3398 1846 veniret,
3443 1779 3625 1836 Vene-

303 1868 543 1923 seritnr:
583 1887 603 1920 ι
641 1870 805 1924 Terra
837 1868 970 1940 Ops,
1020 1871 1162 1940 quod
1198 1871 1284 1925 hic
1315 1886 1474 1925 omne
1503 1886 1657 1941 opus,
1703 1881 1758 1925 et
1805 1869 1904 1925 hac
1935 1879 1982 1939 Β
2010 1892 2121 1930 rem
2149 1878 2314 1931 nostri
2349 1879 2796 1944 nominaverunt,
2824 1890 2986 1946 atque
3012 1893 3078 1931 ex
3118 1892 3179 1931 ea
3209 1881 3385 1946 potius
3428 1892 3627 1929 venas-

303 1976 441 2029 Opus
467 1964 531 2016 ad
566 1961 886 2028 vivendum;
936 1973 990 2018 et
1017 1963 1138 2018 ideo
1169 1964 1363 2019 dicitur
1391 1966 1498 2036 Ops
1523 1974 1694 2019 mater
1715 2007 1730 2030 ,
1763 1965 1906 2035 quod

303 2067 448 2111 terra
477 2057 696 2112 nutriat.
732 2057 856 2113 Ilmc
883 2058 1026 2113 enim
1057 2059 1214 2114 terris
1244 2069 1430 2130 gentes
1462 2074 1650 2114 omnes
1679 2060 1904 2130 peperit,

304 2161 360 2205 et
389 2151 615 2206 resumit
644 2151 856 2218 denuo,
889 2167 1010 2221 qua:
1039 2151 1131 2206 dat
1175 2153 1414 2219 cibaria,
1449 2162 1504 2206 ut
1547 2154 1622 2206 ait
1666 2151 1904 2214 Ennius",

304 2258 424 2311 qua:
456 2242 597 2312 quod
620 2243 757 2312 gerit
781 2241 981 2313 fruges,
1008 2241 1173 2298 Ceres
1201 2263 1217 2295 ι
1239 2243 1258 2316 (
1275 2243 1450 2310 Varr.,
1481 2243 1568 2297 lib.
1601 2259 1655 2297 tv
1671 2243 1734 2296 de
1751 2241 1903 2313 Ling.

303 2335 430 2400 lal.,
479 2351 602 2404 pag.
652 2333 764 2405 I6).
818 2335 948 2402 Quis
997 2345 1177 2390 autem
1226 2336 1430 2399 nescit,
1466 2336 1606 2404 quod
1662 2335 1822 2390 etiam
1877 2352 1907 2389 a

303 2425 463 2481 nobis
510 2441 674 2496 supra
724 2435 964 2480 notatum
1015 2436 1099 2481 est
1144 2426 1354 2498 (Supr.,
1394 2443 1510 2493 cap.
1575 2426 1638 2490 9,
1675 2437 1774 2479 art.
1809 2427 1903 2495 5),

302 2515 474 2588 Opem
504 2519 573 2572 ab
617 2518 848 2573 ethnicis
887 2518 1085 2573 dictam
1114 2518 1334 2574 Saturni
1364 2522 1627 2576 uxorem?

377 2613 448 2666 At
473 2627 690 2682 quoquo
720 2614 939 2667 nomine
983 2625 1246 2681 vocetur,
1279 2614 1321 2666 si
1355 2625 1495 2668 terra
1523 2623 1635 2677 est,
1668 2629 1767 2669 nec
1809 2614 1906 2669 dea

309 2716 428 2770 est,
479 2721 548 2762 ne
597 2722 720 2761 esse
768 2716 964 2776 poteSI.
1011 2707 1179 2761 Recte
1217 2723 1345 2777 ergo
1385 2708 1717 2778 Augustinus
1766 2719 1908 2778 post-

309 2814 470 2870 quam
525 2798 646 2853 aliis
699 2800 941 2870 ejusdem
990 2801 1248 2855 Varronis
1297 2802 1479 2856 verbis
1542 2801 1910 2870 comprobavit

309 2894 556 2948 eamdem
588 2910 709 2948 esse
737 2894 984 2948 tellurem
1007 2936 1022 2961 ,
1053 2894 1273 2949 Matrem
1306 2910 1550 2964 magnam
1572 2937 1586 2960 ,
1611 2911 1665 2949 et
1702 2895 1906 2964 Opem,

317 2999 443 3040 cum
475 2985 716 3039 Arnobio
744 2996 932 3040 nostro
979 2986 1287 3040 concludit:
1327 3007 1345 3038 ι
1381 2988 1436 3042 Si
1479 3004 1608 3058 ergo
1660 3004 1764 3043 una
1809 2989 1908 3043 dea

319 3087 435 3144 εει,
466 3093 588 3146 qua:
643 3078 858 3146 quidem
905 3079 1148 3133 consulta
1191 3079 1453 3143 veritate,
1501 3094 1598 3133 nec
1643 3081 1753 3149 ipsa
1794 3089 1910 3144 est,

316 3168 533 3225 interitu
570 3169 698 3240 quid
738 3170 844 3224 itur
891 3171 941 3223 in
987 3171 1181 3224 multas
1227 3190 1246 3222 ι
1305 3171 1544 3242 (August.
1591 3172 1678 3224 lib.
1731 3189 1798 3225 vn
1852 3171 1914 3225 de

2010 1977 2123 2031 tas,
2153 1985 2309 2039 quam
2361 1971 2538 2025 Venus
2567 1987 2630 2026 ex
2679 1979 2962 2026 venustate
2998 1990 3016 2021 ι
3079 1970 3308 2036 (Cicer..
3342 1969 3432 2023 lib.
3466 1984 3504 2022 ιι
3566 1969 3628 2021 de

2013 2059 2203 2115 Natur.
2235 2063 2404 2130 deor.,
2437 2081 2555 2134 pag.
2581 2062 2710 2128 224,
2737 2063 2830 2116 lin.
2866 2061 2983 2129 Ξῖ).
3021 2062 3156 2116 Aliis
3201 2070 3378 2116 tamen
3408 2061 3478 2116 de
3522 2061 3622 2114 Ιιιι-

2007 2155 2092 2225 jus
2134 2157 2276 2210 vocis
2322 2168 2504 2228 etynto
2563 2157 2718 2211 aliter
2743 2157 2940 2210 vismn.
2971 2154 3104 2210 Nam
3155 2154 3328 2210 Varro
3383 2172 3410 2208 a
3460 2153 3626 2209 vet-ho

2011 2249 2229 2318 antiquo
2255 2251 2385 2302 vicre
2405 2291 2418 2314 ,
2452 2264 2544 2302 seu
2575 2250 2794 2314 vincire,
2828 2248 2954 2302 illud
2986 2247 3238 2310 deducit,
3263 2247 3403 2316 quod
3439 2245 3619 2299 Venus

2016 2358 2121 2395 non
2154 2343 2368 2412 quidem
2415 2344 2629 2396 vincere
2655 2385 2664 2397 .
2695 2342 2788 2396 sed
2819 2341 3024 2396 vincire
3051 2350 3106 2395 et
3135 2340 3324 2394 vinciri
3357 2338 3624 2410 pudendis

2009 2437 2214 2491 scilicet
2234 2437 2462 2490 vinculis
2487 2438 2598 2506 ipsa
2628 2435 2756 2490 velit
2779 2434 2990 2505 (Varr.,
3023 2435 3115 2489 lib.
3147 2450 3198 2488 tv
3225 2434 3291 2488 de
3319 2431 3475 2504 Ling.
3506 2434 3623 2496 lat.,

2010 2529 2252 2600 pagJi).
2299 2529 2532 2582 Isidorus
2564 2542 2733 2583 vero:
2783 2545 2802 2579 ι
2851 2526 3061 2591 Venus,
3114 2546 3132 2578 ι
3180 2526 3383 2596 inquit,
3436 2543 3454 2574 ι
3503 2524 3627 2579 inde

2011 2624 2173 2683 dicta.
2207 2623 2350 2693 quod
2381 2624 2497 2676 sine
2521 2621 2570 2675 vi
2619 2621 2812 2693 (aliter
2858 2620 3003 2688 viro)
3059 2617 3257 2674 femina
3305 2633 3429 2673 esse
3475 2619 3628 2687 virgo

2012 2732 2118 2768 non
2146 2715 2356 2768 dcsiuat
2391 2736 2408 2766 ι
2443 2712 2697 2784 (lsidor.,
2729 2713 2820 2766 lib.
2849 2727 2940 2765 \‘lll
3001 2709 3202 2782 Origin.
3233 2727 3350 2780 cap.
3382 2709 3494 2779 II).
3519 2708 3628 2763 Sed

2013 2808 2251 2861 Aruobio
2283 2807 2420 2860 hami
2456 2806 2675 2861 forsitan
2719 2806 2989 2859 immerito
3023 2804 3353 2874 probabilior
3390 2807 3502 2857 visa
3543 2812 3627 2858 est

2013 2898 2295 2954 Ciceronis
2325 2898 2524 2968 opinio.

2089 2991 2282 3045 Verum
2310 3008 2415 3061 quo
2440 2990 2658 3061 propius
2689 2990 2762 3043 ibi
2803 2989 2867 3042 ad
2892 3005 3014 3043 eum
3038 2988 3278 3054 accedit,
3310 3005 3377 3044 eo
3407 2989 3624 3058 longius

2019 3085 2069 3137 in
2099 3086 2198 3138 hoc
2227 3085 2479 3138 recedere
2507 3084 2717 3137 videtur
2737 3124 2750 3144 ,
2785 3082 2926 3148 quod
2959 3083 3222 3136 subnectit
3251 3082 3377 3137 inde
3423 3097 3632 3152 cegno-

2020 3179 2274 3230 minatum
2330 3175 2726 3244 Proserpinam,
2758 3175 2880 3241 quia
2911 3185 3026 3228 Sata
3079 3176 3130 3228 in
3183 3174 3355 3229 lucem
3411 3191 3632 3245 proser—

305 3261 455 3317 Civil.
477 3306 491 3328 ,
522 3279 638 3335 cap.
671 3262 774 3328 94,
808 3280 926 3334 pag.
965 3263 1127 3333 I80)?
1152 3263 1336 3332 Neque
1375 3265 1476 3317 sibi
1513 3264 1643 3318 sinit
1677 3280 1903 3333 respon-
1931 3263 1976 3323 C
2009 3279 2142 3339 puut
2171 3268 2378 3336 (Arnob
2410 3311 2424 3333 ,
2459 3269 2546 3321 lib.
2579 3284 2664 3330 ιιι,
2699 3283 2815 3337 pug.
2848 3267 2997 3337 119).
3036 3265 3155 3320 Vult
3185 3268 3383 3336 quippe
3415 3268 3622 3322 latinus

305 3354 423 3410 deri
450 3354 697 3409 ethnicos
725 3370 830 3410 nou
863 3356 1095 3410 absurde
1128 3357 1407 3410 censuisse
1435 3371 1527 3409 eas
1566 3356 1747 3425 plures
1788 3372 1909 3412 esse

305 3447 468 3511 deas,
500 3448 754 3518 quoniam
788 3450 839 3502 in
873 3463 975 3502 una
999 3447 1296 3516 eademque
1325 3447 1422 3501 dea
1457 3462 1544 3501 res
1573 3453 1755 3518 plures
1784 3464 1906 3504 esse

305 3551 551 3610 possunt.
598 3539 728 3594 Nam
778 3541 862 3595 his
907 3540 1050 3597 illico
1093 3539 1374 3596 occurrit:
1410 3559 1429 3590 ι
1473 3539 1539 3594 Ει
1570 3541 1841 3609 concedo,
1884 3563 1901 3593 ι

308 3634 524 3704 inquit,
564 3653 582 3685 ι
621 3636 672 3689 in
707 3651 813 3688 uno
842 3635 1062 3689 homine
1105 3650 1227 3689 esse
1273 3649 1359 3689 res
1397 3633 1605 3704 plures,
1651 3638 1908 3705 numquid

309 3728 430 3782 ideo
482 3739 537 3783 et
586 3730 831 3783 homines
871 3729 1088 3798 plures?
1141 3728 1228 3783 Sic
1275 3730 1327 3782 in
1375 3745 1476 3782 una
1507 3728 1608 3782 dea
1651 3743 1772 3783 esse
1824 3745 1910 3784 res

309 3821 530 3892 plures,
563 3822 819 3892 numquid
864 3821 985 3876 ideo
1030 3833 1083 3875 et
1117 3823 1249 3875 deas
1281 3823 1499 3890 plures?
1539 3823 1735 3877 Verum
1775 3824 1912 3878 sicut

311 3915 531 3983 volunt,
579 3916 856 3980 dividant,
891 3913 1164 3978 conﬂent,
1197 3915 1582 3984 multiplicent,
1621 3915 1904 3984 replicent,

310 4006 586 4076 implicent
623 4027 641 4057 ιι
681 4005 905 4077 (Ibid).
952 4006 1126 4060 Tanto
1152 4007 1295 4060 enim
1327 4009 1527 4061 certius
1547 4018 1790 4062 everteut
1815 4009 1913 4062 ali-

312 4097 467 4166 cujus
493 4097 830 4153 divinitatem
852 4140 866 4164 ,
897 4107 1098 4166 quanto
1135 4099 1306 4168 magis
1347 4113 1463 4154 eam
1506 4099 1911 4171 multiplicatam

318 4192 607 4247 voluerint.

913 4324 1204 4367 Αιιτιιῑυιιιε
1243 4327 1315 4366 ιν.

317 4441 420 4501 Qua
464 4445 653 4493 ratione
694 4445 944 4494 Arnobius
994 4447 1219 4496 ostendat
1253 4445 1420 4496 falsam
1461 4459 1572 4496 esse
1612 4447 1917 4496 divinitatem

378 4502 577 4571 ynlcani
597 4547 609 4564 ,
635 4509 717 4571 qui
739 4509 895 4571 gignis;
924 4507 1153 4565 Veneris,
1177 4522 1286 4571 (piae
1312 4509 1637 4571 Proserpina;
1664 4508 1808 4568 Solis,
1835 4514 1918 4569 qui

378 4566 529 4616 Liber
552 4577 605 4632 et
629 4566 830 4630 Apollo;
861 4569 1048 4628 Dianae,
1069 4584 1177 4632 quae
1195 4566 1348 4621 Ceres
1374 4578 1426 4620 et
1447 4566 1582 4619 Luna
1606 4566 1914 4628 dicebantur;

375 4636 524 4695 atque
563 4628 766 4680 aliorum
809 4628 1022 4695 amnium
1050 4628 1299 4682 numinum
1323 4672 1336 4689 ,
1361 4635 1474 4695 quia
1519 4633 1686 4694 plures
1727 4633 1910 4683 ethnici

376 4692 604 4757 mundum
631 4707 742 4741 «SSP
767 4692 943 4757 animal
967 4696 1223 4757 quoddam,
1248 4711 1304 4746 ac
1333 4692 1480 4743 dcunt
1518 4692 1630 4744 esse
1657 4697 1912 4744 existima-

376 4755 494 4819 bant
515 4770 527 4803 :
550 4757 739 4819 ubihde
767 4755 1062 4819 etymologia
1105 4760 1350 4807 nominqu
1375 4757 1576 4808 Vulcani
1606 4765 1658 4807 et
1685 4758 1912 4819 Veneris,

378 4831 434 4867 ac
454 4816 518 4866 de
539 4817 764 4881 Apolline
790 4816 1006 4868 murium
1030 4822 1271 4882 pernicie.

392 4943 515 4997 Tria
543 4945 642 4998 alia
667 4945 1004 5002 ethnicorum
1047 4948 1266 5002 numina
1305 4989 1320 5012 ,
1354 4946 1647 5004 Vulcanum
1671 4992 1684 5014 ,
1740 4949 1914 5005 Vene-

316 5049 431 5089 rem
482 5048 535 5093 et
579 5037 957 5107 Praserpinam
1016 5041 1207 5095 eodem
1254 5042 1662 5107 argumentandi
1713 5058 1914 5111 genere

319 5131 588 5186 Arnobius
608 5147 676 5186 ex
701 5132 925 5186 deorum
949 5133 1076 5188 albo
1097 5131 1399 5188 eradendos
1427 5146 1544 5188 esse
1566 5134 1769 5204 liquido
1789 5150 1918 5190 cou-

317 5227 483 5282 vincit
535 5227 792 5294 (Arnab.,
822 5228 909 5282 lib.
943 5243 1020 5290 Ill,
1049 5246 1170 5296 pag.
1203 5229 1348 5298 119).
1405 5226 1693 5282 Vulcanum
1742 5229 1916 5285 enim-

319 5337 448 5375 vero
475 5322 650 5389 ignem
678 5335 800 5375 esse
825 5321 1168 5377 adserebant.
1195 5323 1354 5376 Visne
1375 5321 1424 5374 id
1450 5321 1541 5375 tibi
1567 5324 1787 5378 testibus
1809 5324 1914 5378 sal-

321 5425 427 5468 tem
472 5414 632 5483 quihu
666 5413 790 5468 dam
824 5415 1080 5481 probari?
1111 5416 1188 5470 En
1215 5416 1368 5469 adest
1389 5414 1560 5469 Varro
1581 5456 1598 5481 ,
1627 5417 1778 5486 cujus
1801 5419 1914 5470 haec

319 5507 433 5576 ipsa
457 5516 581 5560 sunt
610 5508 769 5561 verba
796 5525 809 5559 :
842 5526 860 5559 ι
901 5507 982 5562 Ah
1014 5510 1149 5576 ignis
1171 5509 1280 5576 jam
1309 5509 1512 5578 majore
1544 5508 1590 5561 vi
1613 5523 1673 5563 ac
1705 5510 1914 5565 violen-

323 5601 392 5656 tia
449 5600 720 5657 Vulcanus
763 5602 936 5656 dictus
976 5625 992 5654 ι
1031 5602 1224 5678 (Vim,
1259 5603 1346 5657 lib.
1395 5619 1443 5657 tv
1498 5603 1561 5655 de
1602 5602 1753 5675 Ling.
1796 5606 1915 5670 lat.,

319 5711 442 5764 pug.
480 5694 588 5765 I8).
640 5695 1126 5758 AcceditScrvius,
1176 5698 1267 5765 qui
1317 5696 1490 5751 adhuc
1516 5696 1826 5765 expressius
1865 5697 1917 5752 id

324 5784 542 5840 tradidit
575 5803 588 5838 :
630 5805 648 5837 ι
688 5785 956 5842 Vulcanus
1009 5789 1147 5859 ignis
1186 5799 1302 5856 est,
1333 5800 1387 5844 et
1412 5791 1588 5845 dictus
1619 5787 1915 5854 Vulcanus,

325 5878 477 5945 quasi
531 5876 847 5948 Volcianos,
879 5882 1020 5952 quod
1055 5897 1150 5952 per
1178 5897 1356 5937 aerem
1390 5881 1555 5937 volet.
1583 5879 1722 5950 Ignis
1775 5879 1916 5936 enim

2013 3373 2193 3415 orator
2241 3361 2620 3429 Proserpinam
2680 3375 2979 3430 graacorum
3031 3374 3150 3414 esse
3197 3376 3436 3425 nomen;
3485 3381 3504 3412 ι
3553 3362 3632 3417 Ea

2013 3465 2094 3512 est
2123 3457 2264 3508 cuitu
2288 3496 2300 3519 ,
2345 3475 2362 3504 ι
2395 3454 2501 3520 ait,
2550 3474 2568 3505 ι
2597 3471 2713 3523 quze
2746 3456 3026 3530 Περσεφόνη
3045 3469 3221 3524 grtl’ce
3275 3456 3587 3511 nominatur
3609 3499 3626 3519 ,

2013 3562 2171 3616 quam
2223 3547 2430 3614 frugum
2476 3560 2658 3599 semen
2705 3561 2826 3600 esse
2884 3546 3109 3610 volunt,
3143 3546 3632 3618 absconditamque

2015 3639 2180 3708 quzeri
2211 3656 2236 3688 a
2272 3648 2441 3691 matre
2477 3656 2495 3688 ι
2535 3636 2758 3708 (Cicer.,
2816 3637 2938 3699 loc.,
2991 3639 3104 3698 εει..
3131 3639 3225 3691 lin.
3256 3637 3334 3708 6).
3372 3639 3633 3693 Attamen

2015 3731 2148 3785 alios
2193 3730 2463 3784 Arnobius
2516 3730 2699 3783 habuit
2760 3731 3042 3785 sententia:
3095 3746 3205 3785 sua:
3257 3735 3530 3799 asseclas,
3574 3745 3636 3788 ct

2018 3825 2273 3879 fautores.
2347 3822 2478 3876 Nam
2513 3840 2542 3876 a
2593 3822 2834 3877 Varrone
2877 3824 2979 3878 hoc
3013 3823 3202 3878 litteris
3251 3825 3632 3896 consignatum

2018 3919 2264 3982 legimus.
2303 3938 2321 3968 ι
2359 3915 2676 3984 Proserpina
2713 3915 2851 3968 dicta
2872 3958 2884 3976 ,
2915 3916 3055 3984 qttod
3087 3927 3144 3968 ut
3171 3931 3416 3984 serpens,
3467 3917 3636 3972 modo

2017 4014 2068 4068 iu
2099 4015 2364 4076 dextram,
2391 4009 2550 4064 modo
2588 4013 2638 4062 in
2669 4008 2940 4062 sinistram
2969 4022 3175 4078 partem
3207 4011 3310 4064 late
3355 4024 3631 4066 movetur.

2019 4109 2249 4176 Serpcre
2293 4114 2348 4160 et
2400 4118 2716 4173 proserpere
2763 4101 2902 4156 idem
2958 4102 3228 4169 dicebant,
3271 4113 3327 4157 ut
3361 4103 3583 4160 Plautus
3615 4149 3632 4168 .

2018 4202 2105 4271 qui
2137 4200 2320 4256 scribit
2347 4217 2360 4251 :
2384 4199 2532 4267 quasi
2557 4212 2882 4267 proserpens
2927 4197 3096 4251 bestia
3134 4217 3152 4249 ι
3207 4199 3224 4264 (
3251 4196 3428 4263 Varr.,
3455 4199 3547 4253 lib.
3576 4215 3635 4253 Iv

2020 4295 2082 4347 de
2111 4292 2262 4365 Ling.
2293 4293 2412 4354 lat.,
2441 4307 2561 4361 pag.
2602 4290 2710 4359 17).
2759 4289 2981 4343 Brevins
3003 4289 3249 4358 quidem,
3280 4293 3374 4344 sed
3403 4293 3632 4358 clarius,

2020 4387 2086 4442 ad
2114 4386 2456 4455 auctorisque
2486 4383 2652 4437 nostri
2687 4392 2920 4436 mentem
2960 4381 3419 4436 accommodatius
3453 4382 3635 4437 Isido-

2019 4495 2112 4534 rus
2134 4479 2266 4533 dixit
2307 4497 2319 4533 :
2361 4497 2379 4527 ι
2421 4475 2773 4545 Proserpina,
2803 4472 2944 4542 quod
2971 4489 3036 4527 ex
3076 4489 3137 4528 ea
3172 4485 3486 4543 proserpaut
3519 4474 3637 4530 fru-

2020 4587 2134 4644 ges.
2173 4591 2190 4622 ι
2221 4573 2390 4625 Antea
2412 4583 2540 4622 vero
2567 4567 2892 4634 Augustinus
2922 4582 2936 4618 :
2976 4584 2993 4614 ι
3029 4565 3073 4618 Α
3100 4567 3464 4634 preserpendo
3495 4565 3637 4620 I-‘ro-

1941 4648 2231 4732 Dserpiua
2280 4661 2420 4715 dicta
2469 4680 2486 4712 ι
2532 4657 2786 4728 (lsidar.,
2842 4658 2931 4710 lib.
2987 4673 3076 4710 \‘tlt
3114 4657 3357 4727 ,ωδ-ἔφη..
3413 4661 3632 4727 cap.8;

2023 4757 2267 4823 Attqust.,
2297 4755 2384 4809 lib.
2409 4770 2480 4807 vn
2521 4753 2583 4806 de
2626 4751 2797 4818 Cirit.,
2832 4767 2947 4819 cap.
2979 4751 3070 4816 9.0,
3103 4768 3225 4822 pag.
3260 4751 3410 4822 Ii'i).
3449 4754 3637 4823 Atque

2025 4851 2214 4904 horum
2247 4849 2509 4903 sententia
2540 4847 2858 4914 quibusdam
2879 4887 2893 4909 ,
2929 4846 3087 4900 etiam
3119 4845 3432 4901 Ciceronem
3458 4863 3629 4902 num-

2023 4962 2180 5016 quam
2211 4960 2317 4999 non
2343 4943 2747 5007 admirantibtts,
2783 4940 2949 5010 magis
2972 4957 3126 5011 quam
3148 4943 3371 5012 ipsatnet
3397 4939 3629 4998 Cicero-

2026 5038 2179 5093 niaua
2204 5038 2417 5106 placuit.

2097 5132 2233 5186 Cum
2263 5131 2453 5185 eodem
2490 5143 2648 5195 porro
2679 5129 2973 5198 Augustino
3021 5128 3142 5182 hinc
3169 5128 3299 5182 scite
3351 5127 3631 5183 Arnobius

2027 5223 2187 5280 infert
2229 5224 2295 5278 ab
2323 5223 2550 5277 ethnicis
2579 5221 2688 5276 tolli
2718 5223 2784 5276 de
2812 5219 2988 5274 medio
3020 5221 3116 5273 tria
3163 5221 3399 5289 ipsorum
3450 5223 3630 5275 numi—

2028 5333 2091 5374 na
2130 5337 2148 5369 ι
2202 5315 2454 5388 (ιιι-ποὺ..
2506 5315 2592 5368 lib.
2627 5329 2680 5368 ιιι
2705 5355 2718 5378 ,
2753 5330 2871 5382 pag.
2905 5312 3055 5384 5|9).
3105 5313 3430 5380 Vulcanum,
3461 5331 3628 5383 quem

2025 5425 2212 5466 omnes
2245 5410 2379 5478 ignis
2405 5409 2760 5473 elementum;
2796 5405 3099 5472 Venerem,
3141 5423 3296 5476 quam
3342 5406 3626 5463 libidinem

2025 5518 2122 5572 per
2147 5513 2338 5558 cuncta
2362 5500 2650 5553 animantia
2684 5497 2964 5562 dimisam;
2997 5507 3050 5551 et
3075 5497 3490 5567 Proserpinam,
3515 5517 3624 5570 qua

2025 5596 2204 5665 fruges
2235 5610 2294 5648 ac
2324 5596 2561 5663 germina
2592 5590 2986 5646 subcresrenlia
3021 5591 3220 5644 moveri
3252 5590 3619 5645 venditabant.

2024 5687 2288 5757 Quidquid
2318 5688 2594 5741 enimvero
2619 5683 2810 5739 deillis
2849 5683 2936 5736 alii
2977 5683 3133 5738 aliter
3152 5682 3446 5748 sentirent,
3483 5683 3622 5736 falso

2026 5781 2210 5835 falsius
2239 5789 2355 5833 erat
2399 5780 2546 5841 illos,
2603 5792 2736 5846 quos
2770 5793 2854 5832 res
2905 5787 3114 5831 creatas
3158 5790 3278 5832 esse
3327 5775 3617 5841 dicebant,

2025 5885 2269 5943 suprema
2295 5872 2470 5940 aliqua
2498 5869 2775 5923 divinitate
2801 5868 3014 5923 donari.

3855 1205 3862 1232 I

3853 1293 3863 1400 ’ἒ

3853 1465 3863 1528 ι
