3872 6342
190 382 284 437 577

1389 372 1448 428 ΙΝ
1489 366 1864 434 ARNODIUM,
1903 363 2060 426 CAP.
2093 360 2256 425 XVII.

3390 370 3498 426 578

257 495 608 567 Prosequitur
640 494 908 552 Arnobius
945 490 1172 565 (lbid.),
1199 502 1252 545 et
1278 491 1440 545 instat
1466 490 1532 543 ab
1553 487 1781 543 ethnicis
1810 483 1863 543 Α
1888 485 1978 538 lib.
2031 479 2111 549 iv,
2140 504 2259 556 pag.
2295 483 2432 551 195;
2483 484 2741 548 Pausait.,
2786 485 2875 540 lib.
2923 500 3000 550 ix,
3035 500 3153 556 pag.
3185 485 3326 552 283;
3364 485 3491 540 Ναί.

190 591 378 662 passim
402 589 640 658 jactitari
670 587 918 641 eumdem
942 602 1060 640 esse
1083 584 1292 649 Solem,
1319 593 1476 652 atque
1505 582 1779 643 Liberum,

191 695 240 737 et
269 679 587 748 Apollinem.
634 677 934 732 Macrobius
963 677 1158 744 quippe
1192 674 1239 727 id
1272 689 1374 727 non
1422 674 1591 726 solum
1625 671 1783 725 Euri-

194 775 321 845 pidis
359 783 413 830 et
439 772 688 843 Eschyli
718 770 1053 830 testimonio,
1075 768 1170 823 sed
1201 767 1362 820 Variis
1385 781 1596 836 quoque
1619 766 1784 818 ratio-

193 868 339 922 nibus
367 867 595 935 probare
624 873 848 918 conatus
873 873 953 918 est
983 861 1262 932 (Macrob,
1291 860 1377 913 lib.
1413 876 1446 913 ιι
1492 859 1783 924 Saturnal.,

192 961 398 1032 rap.l8,
431 978 552 1030 pag.
582 958 735 1026 265).
767 957 1036 1011 Memoria:
1067 964 1243 1009 autem
1289 954 1506 1008 Servius
1557 951 1788 1022 prodidit

191 1053 310 1109 illud
340 1053 504 1106 fuisse
527 1051 598 1105 ab
629 1048 826 1104 Stoicis
845 1061 897 1103 et
925 1046 1222 1117 Porphyrio
1244 1045 1513 1099 adsertnm
1551 1063 1563 1096 :
1601 1064 1618 1092 ι
1647 1042 1788 1097 Stoi-

192 1148 266 1211 ci,
307 1165 324 1197 t
358 1145 563 1215 inquit,
620 1163 638 1194 t
675 1142 925 1198 eumdem
954 1141 1131 1197 Solem
1158 1183 1171 1202 ,
1202 1142 1450 1195 ctundem
1496 1138 1746 1192 Liberum
1770 1179 1784 1200 ,

193 1238 432 1293 eumdem
461 1237 768 1306 Apollinem
817 1244 1028 1289 vocant.
1070 1255 1087 1285 ι
1121 1234 1275 1288 Prius
1315 1249 1441 1288 vero
1472 1251 1484 1285 :
1516 1254 1533 1283 ι
1568 1234 1791 1287 Constat

192 1331 472 1386 secundum
505 1329 788 1402 Porphyrii
815 1328 1006 1382 librum
1035 1368 1050 1393 ,
1082 1342 1240 1396 quem
1264 1325 1447 1382 Solem
1479 1327 1788 1396 appellavit,

193 1424 443 1495 triplicem
471 1439 600 1479 esse
628 1422 892 1493 Apollinis
926 1429 1248 1491 potestatem
1269 1462 1283 1484 ,
1315 1431 1368 1473 et
1391 1421 1638 1474 eumdem
1671 1435 1792 1473 esse

186 1517 355 1572 Solem
381 1519 524 1589 apud
547 1531 798 1586 superos,
823 1516 1074 1570 Liberum
1106 1525 1311 1582 patrem
1336 1515 1388 1568 in
1419 1515 1598 1574 terris,
1630 1513 1796 1583 Apol-

190 1609 339 1665 linem
393 1609 538 1680 apud
577 1610 780 1664 inferos
817 1627 835 1659 ι
888 1608 1096 1678 (Serm,
1125 1607 1178 1659 in
1221 1606 1306 1660 lib.
1350 1623 1364 1660 ι
1400 1606 1612 1677 Georg,
1662 1623 1794 1660 vers-

193 1708 272 1772 17,
298 1724 415 1778 pag.
456 1707 558 1774 59;
587 1706 642 1758 in
669 1706 832 1770 quint.
868 1702 1011 1775 Virg.
1043 1703 1230 1774 eclog.,
1261 1719 1392 1758 vers.
1422 1702 1512 1767 64,
1538 1719 1657 1772 pag.
1677 1700 1794 1770 9.7).

255 1801 521 1856 Arnobius
552 1802 734 1870 itaque
771 1815 838 1854 ex
873 1798 971 1852 hac
1005 1799 1206 1867 vulgari
1232 1797 1513 1867 gentilium
1565 1812 1784 1865 persua-

1889 575 2058 642 Com.,
2095 577 2181 630 lib.
2208 593 2256 631 Vl
2289 575 2536 646 MyMoL,
2560 595 2675 645 cap.
2701 575 2820 648 24).

1962 671 2242 725 Postremo
2277 672 2540 726 Arnobius
2566 672 2667 725 alia
2710 673 2946 741 generali
2978 674 3186 729 ratione
3231 684 3480 738 cunctos,

1885 760 1996 833 jam
2023 781 2050 816 a
2082 766 2235 820 nobis
2261 775 2620 829 memoratos,
2665 767 2939 835 gentilium
2963 767 3031 822 de
3059 769 3160 823 diis
3186 769 3304 828 suis
3342 783 3494 824 erro-

1891 871 1979 910 res
2009 859 2248 910 concutit
2276 873 2337 910 ac
2364 856 2591 912 destruit
2622 856 2848 926 (Arnob.
2873 901 2885 922 ,
2921 859 3009 914 lib.
3042 875 3119 922 ut,
3169 877 3289 931 pag,
3345 859 3492 930 120).

1891 948 2338 1018 Philosophorum
2386 951 2528 1005 enim
2551 993 2565 1011 .
2617 951 2815 1021 inquit,
2847 952 3144 1007 doctis~imi
3173 963 3228 1008 et
3252 953 3498 1010 credide-

1892 1051 2046 1106 runt,
2069 1051 2120 1097 et
2151 1042 2506 1096 deliniverunt
2554 1043 2810 1097 mundum
2838 1060 2960 1100 esse
2988 1046 3186 1100 animal
3227 1047 3498 1102 rationale

1894 1146 1945 1188 et
1970 1135 2205 1203 sapiens.
2239 1135 2342 1190 Sed
2375 1135 2515 1191 itane
2555 1149 2739 1205 arguet
2784 1137 2996 1206 aliquis,
3025 1154 3112 1193 res
3134 1155 3194 1194 se
3221 1139 3402 1206 ltabet,
3434 1155 3499 1195 ac

1894 1228 2109 1296 quinam
2143 1228 2216 1281 illi
2245 1228 2373 1293 sint,
2409 1228 2562 1282 nobis
2584 1227 2753 1282 indica
2779 1228 2802 1280 ?
2841 1228 2985 1283 Nihil
3009 1228 3154 1283 dictu
3179 1230 3498 1299 promptius.

1894 1317 2026 1372 Nam
2058 1317 2174 1374 haec
2221 1336 2326 1373 non
2356 1320 2528 1374 solum
2559 1321 2820 1380 Platonis.
2851 1323 2925 1375 uti
2950 1337 3014 1376 ex
3045 1321 3324 1378 Ciceronis
3352 1322 3500 1378 libris

1899 1411 2088 1481 liquet,
2144 1429 2328 1467 verum
2384 1413 2540 1468 etiam
2597 1413 2849 1480 Zenonis,
2899 1415 3309 1486 Stoicorumque
3357 1415 3502 1470 illius

1897 1515 2247 1571 sectatorum,
2281 1506 2436 1561 sicuti
2478 1523 2543 1561 ex
2571 1507 2833 1561 Cicerone
2855 1548 2870 1573 ,
2901 1507 3209 1569 Lactantio,
3243 1506 3459 1563 Laertio
3483 1549 3499 1574 ,

1899 1598 2103 1669 Lipsio,
2135 1601 2359 1668 aliisque
2386 1600 2641 1654 discimus
2668 1642 2682 1664 ,
2721 1600 2948 1670 genuina
2981 1609 3343 1671 censtansque
3373 1616 3502 1655 sen-

1904 1693 2180 1746 tctttialuit
2207 1691 2407 1763 (Plato,
2438 1695 2490 1745 in
2519 1692 2734 1750 Tima'o.
2789 1704 2910 1746 (om.
2945 1707 3000 1746 ιιι
3055 1709 3168 1762 pag.
3202 1694 3268 1759 0;
3312 1692 3502 1760 Cicer.,

1903 1784 1991 1838 lib.
2018 1802 2033 1838 ι
2063 1785 2124 1839 de
2157 1783 2346 1839 Nalur.
2368 1773 2673 1857 deor-“pag.
2705 1785 2839 1852 199;
2870 1788 3010 1850 item,
3033 1786 3168 1839 idem
3190 1785 3426 1853 Cic.,lib.
3465 1802 3502 1841 ιι

189 1895 328 1949 sione
374 1895 533 1965 plane
565 1891 780 1947 coniicit
805 1890 873 1945 ab
903 1891 1006 1944 illis
1032 1889 1274 1943 imminui
1303 1890 1526 1943 deorum
1596 1905 1786 1942 nume-

1910 1882 1957 1931 le
1999 1876 2126 1931 Nat.
2156 1878 2321 1940 deor.,
2353 1896 2474 1949 pag.
2498 1878 2626 1942 216,
2653 1889 2698 1932 et
2723 1894 2884 1948 seqq.;
2911 1889 2957 1932 et
2983 1877 3068 1933 lib.
3097 1895 3174 1944 ιιι,
3203 1896 3324 1951 pag.
3361 1880 3499 1947 243;

193 2002 298 2039 rum
318 2029 330 2052 ,
362 2003 422 2039 ac
446 1986 654 2040 nullum
680 2000 928 2054 umquam
959 1982 1010 2036 in
1043 1997 1219 2037 rerum
1253 1991 1440 2035 natura
1482 1982 1752 2035 exstitisse
1777 2023 1791 2046 ,

190 2096 352 2148 neque
405 2078 698 2141 Liberum,
755 2092 820 2132 ex
871 2074 1125 2140 Semele,
1181 2075 1255 2127 ttti
1304 2089 1463 2141 supra
1518 2073 1790 2139 diximus,

186 2171 496 2235 oriundum;
549 2185 723 2239 neque
774 2169 1079 2238 Apollinem
1115 2165 1401 2237 Pythium,
1434 2175 1487 2219 et
1533 2166 1787 2227 murium,

191 2274 240 2317 ut
280 2263 417 2318 idem
473 2275 663 2316 anetor
711 2270 892 2316 noster
920 2261 1186 2330 loquitur,
1229 2259 1538 2330 perniciem,
1572 2259 1639 2312 de
1687 2273 1794 2327 quo

186 2367 276 2407 nos
304 2355 425 2409 alibi
458 2354 667 2425 egimus
724 2351 876 2424 (tom.
913 2368 949 2406 ιι
974 2353 1253 2424 Apparat.,
1301 2349 1391 2403 lib.
1425 2365 1481 2402 ιιι
1513 2367 1526 2414 ;
1561 2350 1790 2414 dissert.,

185 2464 292 2516 cap.
319 2447 373 2513 9,
423 2459 528 2502 art.
557 2449 608 2508 l,
643 2464 762 2516 pag.
800 2446 949 2515 754).
975 2445 1304 2516 Augustinus
1337 2459 1466 2498 vero
1495 2459 1561 2497 ex
1601 2443 1791 2498 iisdem

185 2542 450 2610 gentilium
506 2539 848 2610 opinionibus
899 2539 1101 2609 colligit
1131 2555 1195 2594 ex
1241 2553 1345 2593 una
1385 2537 1680 2608 eademque
1735 2554 1792 2594 re

185 2633 406 2688 naturali
443 2633 626 2702 plures
648 2632 862 2702 quidem
906 2631 975 2684 ab
1021 2629 1126 2683 illis
1154 2631 1323 2684 factos
1350 2645 1470 2686 esse
1493 2629 1621 2684 deos
1643 2672 1657 2696 ,
1697 2629 1791 2684 sed

198 2726 353 2781 lalstis
383 2727 544 2797 plane
582 2735 637 2781 et
658 2724 1078 2779 commentitios.

249 2819 379 2887 Quid
411 2817 604 2888 plura?
630 2817 745 2871 Non
778 2817 999 2881 indocti,
1027 2815 1099 2868 ttti
1131 2815 1206 2869 ait
1238 2816 1510 2871 Arnobius
1535 2815 1786 2884 (Arnob.,

187 2911 263 2965 lib.
297 2928 372 2976 ιιι,
407 2929 530 2984 pug.
570 2911 723 2980 119),
752 2908 894 2979 apud
941 2908 1171 2979 gentiles
1204 2909 1296 2962 viri
1344 2908 1612 2963 docebmt
1671 2909 1790 2961 Dia-

186 3020 318 3069 nam,
346 3004 628 3070 Cererem,
686 3013 740 3058 et
788 3003 991 3056 Lunam
1041 3011 1151 3056 tres
1194 3017 1299 3054 non
1333 3017 1454 3056 esse
1488 3016 1746 3070 personas
1770 3044 1785 3067 ,

185 3112 212 3150 a
237 3114 290 3151 se
315 3099 545 3152 invicem
587 3097 888 3160 distinctas,
944 3093 1038 3148 sed
1070 3093 1263 3163 triplici
1290 3093 1390 3147 hoc
1413 3095 1628 3148 nomine
1682 3093 1786 3147 Lu-

185 3208 296 3246 nam
318 3191 598 3263 appi-llari.
622 3190 694 3244 At
722 3189 862 3243 docti
894 3187 968 3241 illi
1000 3187 1246 3240 homines
1272 3196 1423 3241 erant
1452 3187 1592 3241 haud
1624 3187 1788 3240 dubio

1910 1971 2173 2038 Lactant.,
2206 1971 2292 2026 lib.
2320 1989 2390 2038 ιι,
2436 1991 2553 2040 cap.
2586 1973 2637 2036 5,
2679 1989 2798 2043 pag.
2849 1972 2989 2036 166;
3023 1973 3222 2039 Laert.,
3267 1974 3357 2028 lib.
3394 1991 3500 2043 vn,

1900 2066 1927 2138 §
1955 2066 2056 2120 ΜΕ
2075 2077 2117 2120 et
2145 2083 2282 2135 seqq.
2305 2084 2318 2132 ;
2342 2065 2483 2137 Lips.
2511 2067 2766 2120 disseruit.
2795 2067 2859 2122 10
2875 2066 2937 2119 de
2968 2067 3131 2135 Pliys.
3163 2065 3350 2129 Stoic.,
3375 2077 3502 2121 tant.

1897 2176 1967 2222 tv,
1997 2177 2117 2229 pag.
2153 2158 2256 2213 569
2284 2171 2330 2211 et
2360 2157 2550 2229 θείη).
2579 2161 2740 2228 Atqui
2769 2160 2815 2213 si
2849 2158 3083 2212 mundus
3129 2157 3390 2214 rationale
3433 2159 3505 2215 sit

1896 2253 2116 2316 animal,
2141 2251 2265 2305 inde
2293 2254 2599 2307 necessario
2647 2253 2890 2322 sequitur
2938 2254 3129 2316 Solem,
3163 2252 3368 2318 lunam,
3398 2254 3502 2309 tel—

1896 2337 2064 2390 larem
2087 2378 2102 2401 ,
2135 2337 2370 2407 aliasque
2400 2339 2580 2392 mundi
2606 2349 2783 2408 partes
2803 2380 2816 2402 ,
2848 2341 2963 2392 sive
2984 2354 3083 2393 suo
3106 2380 3119 2402 ,
3163 2340 3277 2393 sive
3294 2338 3401 2393 alio
3447 2347 3507 2395 ut

1894 2430 2143 2491 vidinmr,
2176 2433 2391 2486 nomine
2421 2444 2812 2502 nuncupentur,
2846 2432 2982 2488 falso
2997 2443 3053 2488 et
3079 2434 3272 2488 frustra
3297 2434 3366 2489 ab
3398 2434 3503 2488 illis

1896 2526 1947 2580 in
1979 2526 2200 2580 deorum
2231 2543 2511 2581 numerum
2535 2528 2834 2598 adgregari.
2855 2527 2956 2594 Qui
2982 2529 3094 2582 lieri
3123 2529 3264 2582 enim
3299 2537 3502 2599 potest,

1896 2630 1954 2674 ut
1984 2621 2027 2674 si
2070 2620 2301 2675 mundus
2325 2604 2583 2675 unuuisit
2608 2623 2827 2685 animal,
2860 2623 2998 2677 sicut
3027 2622 3313 2693 singularis
3342 2623 3503 2693 qu.li-

1897 2714 1984 2768 bet
2038 2714 2238 2781 homo,
2273 2714 2324 2768 in
2375 2715 2547 2768 varias
2595 2715 2867 2770 scindatur
2921 2725 3132 2785 partes,
3185 2716 3503 2787 diversaque

1897 2807 2160 2871 membra,
2191 2823 2308 2875 qua:
2335 2802 2542 2877 singula
2575 2807 2682 2861 sint
2708 2808 2924 2877 aliquod
2947 2808 3014 2863 ab
3038 2809 3160 2863 aliis
3189 2810 3503 2866 distinctum

1893 2897 2124 2964 animal,
2179 2909 2361 2969 atque,
2409 2909 2464 2953 ut
2503 2900 2727 2964 volunt,
2761 2916 2898 2955 unus
2925 2910 2980 2955 et
3001 2902 3289 2972 singularis
3337 2902 3502 2958 Deus.

1893 2988 2068 3044 Simili
2113 3006 2327 3060 quoque
2357 2991 2520 3045 modo
2564 3003 2968 3061 argumentatur
2999 2993 3309 3049 Lactantius
3340 3011 3354 3048 :
3389 3013 3408 3045 ι
3447 2994 3502 3050 Si

1892 3083 2028 3138 deus
2054 3083 2284 3138 ninndus
2327 3096 2435 3150 est;
2489 3101 2620 3156 ergo
2649 3089 2827 3140 omnia
2853 3087 2938 3140 illa
2963 3128 2978 3151 ,
3010 3104 3129 3156 quae
3165 3098 3294 3143 sunt
3323 3090 3375 3144 in
3397 3105 3464 3144 eo
3487 3131 3502 3155 ,

1891 3176 1965 3229 dii
1999 3191 2102 3229 neu
2133 3188 2279 3243 sunt,
2337 3178 2433 3233 sed
2483 3178 2570 3233 dei
2625 3182 2900 3244 membra;
2933 3195 3053 3250 qua:
3105 3183 3289 3252 utique
3336 3183 3506 3238 solius

186 3254 429 3341 Stoici-tle
447 3283 641 3355 quibus
665 3281 783 3336 hare
803 3281 1020 3337 Servius
1039 3289 1219 3334 narrat
1243 3296 1256 3332 :
1296 3299 1312 3330 ι
1351 3279 1516 3335 Stoici
1539 3279 1785 3333 eumdem

1910 3269 1986 3322 )ei
2047 3285 2242 3325 nomen
2300 3272 2551 3340 accipere
2594 3288 2701 3327 non
2731 3283 2975 3343 possunt.
3017 3273 3126 3330 Nec
3167 3276 3309 3330 enim
3355 3286 3507 3333 recte

186 3376 476 3433 Solum..."
537 3375 667 3430 Item
696 3373 900 3427 Lunam
929 3371 1176 3428 eamdem
1234 3371 1489 3437 Dianam,
1542 3370 1787 3425 eamdem

191 3471 436 3529 Cererem
460 3514 475 3538 ,
506 3469 750 3525 eamdem
779 3466 1076 3534 Junouetn,
1124 3467 1367 3523 eamdem
1412 3466 1787 3535 Proserpinam

187 3567 398 3630 dicunt;
449 3563 744 3620 secundum
773 3577 908 3632 quos
962 3560 1214 3631 Virgilius
1255 3577 1353 3629 pro
1385 3560 1499 3615 sole
1529 3569 1584 3614 et
1632 3561 1788 3625 luna,

187 3658 429 3714 Lrberum
471 3667 527 3712 et
564 3658 818 3712 Cererem
861 3655 1128 3708 invocavit
1176 3674 1192 3701 ι
1240 3654 1478 3723 (Seria,
1528 3653 1582 3705 in
1633 3653 1723 3706 lib.
1772 3668 1790 3706 ι

190 3750 391 3823 Georg,
423 3766 553 3804 vers.
584 3749 637 3818 7)
668 3765 683 3812 ;
714 3757 770 3802 at
809 3745 911 3800 hoc
949 3760 1163 3816 quoque
1193 3747 1437 3800 ultimum
1487 3744 1790 3800 Macrobius

189 3845 512 3902 obserVavit.
537 3843 866 3914 Augustinus
893 3855 1023 3896 vero
1058 3860 1070 3896 :
1106 3860 1125 3892 ‹
1162 3842 1586 3910 Apollinem..,..
1609 3841 1788 3898 Solem

190 3955 306 3995 esse
353 3939 641 4003 dixerunt,
677 3937 1005 4003 Dianamque
1027 3951 1336 4006 germanam
1383 3937 1498 4006 ejus
1545 3937 1792 3992 similiter

190 4033 483 4100 Lunam,et
505 4031 708 4086 viarum
738 4028 1018 4102 praesidem
1044 4049 1062 4081 ι
1096 4028 1470 4100 (.llacrob.,lib
1512 4047 1524 4083 ι
1569 4029 1784 4085 Saturn.

189 4145 296 4194 cap.
332 4129 418 4193 18,
448 4144 566 4199 pag.
587 4126 733 4190 266;
767 4126 1004 4195 August.,
1026 4123 1116 4177 lib.
1151 4138 1222 4177 vn
1271 4124 1334 4178 de
1359 4123 1532 4191 Cirit.,
1557 4142 1672 4194 cap.
1702 4124 1788 4189 16,

190 4238 300 4293 pag.
335 4220 483 4292 174).

257 4315 412 4382 Atqui
439 4313 485 4368 si
519 4312 683 4366 Diana
714 4319 766 4366 et
794 4311 956 4365 Ceres
980 4309 1112 4364 illud
1158 4324 1347 4365 revera
1397 4312 1505 4364 sint
1545 4321 1748 4365 astrum
1771 4354 1784 4379 ,

191 4406 325 4478 quod
347 4408 469 4461 luna
500 4415 720 4462 vocatur
744 4446 760 4472 ,
789 4404 913 4459 inde
964 4404 1233 4459 Arnobius
1260 4404 1463 4472 Optime
1493 4407 1669 4474 arguit
1693 4421 1780 4460 ex-

192 4501 524 4572 tinguendam
575 4500 796 4554 omnino
821 4539 836 4562 ,
865 4507 920 4552 et
947 4499 1158 4566 penitus
1200 4496 1484 4552 delendam
1513 4513 1636 4553 esse
1683 4514 1787 4554 non

189 4595 354 4650 solum
393 4595 684 4657 Cererem,
734 4591 978 4662 frugum,
1026 4591 1101 4645 uti
1153 4590 1530 4661 opinabantur,
1585 4600 1636 4645 ct
1660 4591 1785 4645 alibi

191 4689 579 4743 observavimus
628 4686 878 4758 (Dissert.
930 4687 984 4738 in
1029 4683 1255 4750 Minuc.,
1300 4702 1416 4754 cap.
1455 4684 1538 4747 15,
1571 4694 1669 4738 art.
1702 4687 1776 4753 1),

194 4781 566 4845 inventricem;
599 4779 692 4834 sed
762 4779 984 4834 Dianam
1031 4792 1278 4847 quoque,
1330 4777 1596 4846 Apollinis
1645 4791 1782 4846 ger-

195 4891 410 4936 matiam,
444 4877 516 4928 uti
543 4876 736 4929 citatus
773 4871 931 4940 paulo
976 4883 1101 4925 ante
1143 4869 1494 4941 Augustinus,
1535 4871 1780 4924 animad-

194 4969 358 5024 vertit.
389 4968 571 5024 Solum
601 4967 877 5022 enimvero
912 4973 1159 5034 superest
1188 4975 1416 5029 astrum,
1471 4964 1612 5033 quod
1657 4966 1779 5018 luna

195 5063 390 5133 quidem
417 5061 752 5134 appellatur,
801 5059 895 5114 sed
925 5074 1029 5114 non
1078 5068 1252 5127 potest
1295 5073 1417 5114 esse
1463 5061 1617 5113 deus.
1651 5060 1778 5113 Tol-

198 5155 334 5211 lenda
353 5161 509 5212 etiam
541 5173 572 5211 e
597 5154 775 5209 medio
821 5153 984 5207 Diana
1033 5154 1144 5219 illa,
1185 5172 1203 5203 t
1240 5169 1423 5224 quam,
1466 5173 1484 5205 ι
1519 5153 1660 5208 sicut
1705 5155 1778 5208 ait

205 5254 465 5315 Arnobius,
503 5271 522 5304 ι
584 5248 851 5321 quondam
901 5250 1048 5318 puris
1096 5251 1148 5303 in
1191 5248 1427 5302 fontibus
1472 5248 1779 5303 abluentem

201 5347 540 5401 membrorum
569 5343 758 5398 sordes
777 5345 1026 5411 corniger
1051 5342 1141 5396 ille
1190 5352 1409 5396 venator
1455 5342 1687 5410 inspexit
1732 5349 1785 5395 et

203 5454 394 5508 penam
436 5438 763 5495 curiositatis
792 5436 997 5490 invenit
1034 5452 1052 5486 ι
1095 5433 1280 5505 (lbid.,
1313 5451 1434 5505 pag.
1483 5433 1626 5503 1‘20).
1655 5435 1784 5500 Qui-

202 5531 289 5588 bus
318 5550 439 5589 sane
467 5532 642 5588 verbis
662 5530 894 5586 fabulam
913 5530 1100 5601 adtigit
1123 5530 1409 5589 Ammonis.
1432 5531 1518 5596 qui
1544 5539 1788 5600 propter-

203 5642 254 5682 ea
275 5630 408 5699 quod
440 5630 660 5683 Dianam
691 5627 955 5682 lavantem
1002 5625 1258 5692 vidisset,
1293 5625 1346 5679 in
1397 5642 1615 5680 cervum
1656 5642 1787 5680 Cun-

203 5735 373 5778 versus
431 5739 551 5779 esse
602 5721 795 5776 fertur.
862 5719 1068 5775 \‘idesis
1135 5719 1426 5783 Ovidium,
1495 5719 1790 5774 Diodorum

206 5816 451 5882 Siculum,
535 5815 886 5879 Pausaniam,
943 5813 1184 5869 Natalem
1245 5813 1510 5869 Comitem
1559 5824 1613 5868 et
1660 5814 1793 5870 alios

207 5909 387 5984 t0vid.,
418 5912 500 5966 lib.
557 5926 610 5966 ιιι
659 5907 1034 5977 Metamorph.,
1086 5908 1188 5975 fab.
1236 5911 1304 5968 Et;
1359 5906 1791 5977 Diodor.Sicttl,,

1891 3363 2011 3431 quis
2057 3363 2254 3417 dixerit
2281 3365 2523 3419 membra
2554 3364 2790 3420 hominis
2833 3368 2991 3423 unius
3024 3369 3225 3424 multos
3255 3370 3506 3426 homines

1892 3469 2032 3509 esse.
2085 3475 2103 3506 ι
2147 3455 2484 3522 Quinetiam
2533 3459 2723 3514 Cicero
2777 3459 2923 3516 hunc
2971 3477 3210 3518 errorem
3265 3463 3506 3520 funditus

1894 3549 2106 3602 evertit.
2137 3550 2278 3619 Lege
2323 3552 2368 3605 si
2418 3552 2551 3608 velis
2574 3596 2588 3620 ,
2619 3569 2739 3623 quae
2765 3555 2834 3609 ab
2862 3571 2927 3610 eo
2947 3596 2961 3619 ,
2991 3567 3043 3611 et
3070 3559 3112 3611 si
3135 3557 3349 3612 animus
3386 3569 3501 3624 est,

1892 3657 2012 3712 quae
2041 3643 2110 3696 ab
2139 3643 2372 3699 Eusebio
2398 3645 2669 3714 diSptttata
2695 3658 2819 3702 sunt
2849 3647 3133 3719 (Lactant,
3162 3652 3253 3706 lib.
3284 3667 3355 3715 ιι,
3383 3669 3503 3722 cap.

1893 3737 1958 3804 5,
1986 3756 2105 3809 pag.
2133 3739 2264 3802 l68;
2296 3740 2485 3804 Cicera,
2538 3742 2629 3795 lib.
2660 3758 2695 3796 ιι
2718 3742 2782 3796 de
2808 3741 3005 3799 Namr.
3036 3746 3204 3808 deor.,
3228 3763 3350 3817 pag.
3370 3746 3501 3814 245,

1893 3840 1938 3883 et
1969 3830 2180 3896 Euseb.,
2213 3831 2300 3886 lib.
2349 3849 2407 3887 ιιι
2447 3834 2511 3888 de
2551 3833 2846 3905 Praeparat.
2893 3835 3172 3911 Evangel.,
3223 3856 3338 3910 cap.
3399 3841 3501 3908 l0,

1894 3945 2012 4000 pag.
2041 3929 2145 3984 105
2171 3939 2218 3982 et
2245 3929 2432 4002 seqq.).

2468 4076 2696 4134 CAPUT
2757 4078 2922 4135 XVII.

1898 4191 2166 4257 Quomodo
2197 4191 2450 4246 Arnobius
2495 4209 2625 4249 rana
2657 4195 2719 4247 de
2747 4196 3014 4264 gentilium
3059 4198 3155 4251 diis
3201 4199 3505 4269 opinionum

1966 4298 2246 4340 commenta
2276 4304 2337 4341 ea:
2363 4288 2478 4342 aliis
2509 4289 2713 4343 illorum
2739 4290 2802 4344 de
2823 4291 3002 4345 iisdem
3029 4292 3129 4346 diis
3155 4295 3261 4348 suis
3289 4294 3503 4350 dissen-

2356 4380 2582 4434 sionibus
2609 4382 2781 4434 adhuc
2821 4392 3031 4438 euertat.

2431 4515 2722 4554 ARTICULUS
2750 4515 2960 4558 PRIIL’S.

1891 4628 2531 4702 Exeutituruargumentum
2571 4635 2807 4702 Arnobii,
2852 4637 3059 4702 petitum
3087 4651 3148 4688 ex
3176 4639 3387 4691 diversis
3409 4682 3422 4702 ,
3449 4651 3503 4695 et

1958 4696 2546 4765 contrariisethuicorum
2570 4696 2886 4765 Opinionibus
2908 4699 2970 4765 de
3000 4700 3246 4765 Musarum
3283 4696 3501 4765 parenti-

1953 4757 2063 4822 bus,
2090 4759 2371 4822 conditione
2411 4768 2463 4822 et
2487 4757 2716 4822 numero,
2753 4774 2810 4810 ac
2831 4764 2894 4812 de
2933 4763 3030 4813 diis
3069 4757 3424 4819 Novensi'libus
3449 4778 3502 4819 et

1953 4819 2281 4882 lndigetibus,
2305 4823 2388 4871 ubi
2409 4821 2473 4871 de
2499 4822 2667 4873 xEneaa
2691 4819 2871 4875 morte.

1961 4966 2163 5037 Magna:
2191 4967 2530 5023 ethnicorum
2569 4968 2638 5023 de
2668 4984 2775 5024 uno
2803 4970 3104 5040 eodemque
3136 4973 3356 5029 nomine
3386 4974 3498 5029 dis.

1887 5061 2166 5116 scipiones
2192 5061 2337 5116 aliud
2368 5062 2827 5118 evidentissimum
2859 5065 3098 5121 Arnobio
3143 5077 3329 5123 nostro
3371 5084 3500 5139 sup-

1888 5154 2127 5222 peditant
2183 5167 2588 5226 argumentum,
2643 5173 2748 5227 quo
2800 5158 2930 5213 falsa
2989 5159 3203 5215 illorum
3254 5163 3498 5218 omnium

1885 5247 2133 5302 divinitas
2153 5264 2337 5302 rursus
2363 5249 2711 5304 invictissime
2733 5249 3152 5307 demonstratur.
3169 5253 3303 5320 Quid
3324 5257 3495 5322 enim,

1888 5358 2091 5414 queso,
2128 5353 2270 5398 tanta
2300 5345 2382 5397 illa
2417 5344 2637 5398 dissidia
2671 5346 2812 5399 aliud
2850 5347 3093 5415 probant,
3133 5349 3233 5401 nisi
3275 5349 3497 5405 eosdem

1890 5438 2137 5493 ethnicos
2160 5437 2291 5490 nihil
2323 5437 2388 5491 de
2410 5452 2790 5524 qtioquutnque
2817 5438 2919 5493 deo
2950 5456 3048 5494 suo
3081 5439 3334 5494 habuisse
3360 5441 3498 5497 certi

1895 5539 1948 5582 et
1969 5532 2232 5597 explorati
2257 5531 2278 5581 ?
2306 5530 2421 5595 Quo
2450 5544 2580 5600 ergo
2605 5531 2724 5598 jure
2756 5546 2850 5585 eos
2883 5541 3149 5602 tamquam
3179 5548 3335 5588 veros
3367 5535 3500 5588 deos

1895 5623 2094 5686 Colere,
2127 5624 2355 5692 precari,
2389 5634 2442 5678 et
2468 5623 2697 5678 adorare
2728 5634 2999 5693 poterant,
3031 5625 3100 5682 de
3129 5628 3323 5697 quibus
3364 5629 3502 5687 nillil

1898 5718 2237 5772 manifestum
2271 5728 2326 5772 et
2355 5717 2710 5772 indubitatum
2736 5734 2984 5789 umquam
3021 5736 3081 5778 se
3109 5723 3387 5791 accepisse
3411 5742 3502 5794 pa-

1901 5814 2004 5866 lam
2039 5809 2468 5879 prolitebantur?
2494 5808 2625 5875 Quis
2656 5819 2834 5867 autem
2865 5828 2969 5866 non
3000 5815 3281 5870 mirabitur
3305 5827 3503 5884 quanta

1901 5907 2102 5964 iuerint
2123 5908 2335 5994 illorum
2363 5907 2430 5962 de
2463 5905 2738 5963 Musarum
2770 5907 2922 5964 verbi
2975 5909 3145 5979 gratia
3189 5913 3501 5979 parentibus
