3872 6348
348 352 453 410 579

1555 337 2004 398 DISSERTATIO
2041 338 2318 395 PDEVIA

3536 336 3652 394 ἕλει)

347 470 670 535 conditione,
692 475 744 522 et
762 480 982 522 numero
1023 463 1250 519 divortia
1295 476 1502 532 pugnae,
1546 470 1596 513 et
1633 459 1903 514 contentio
1963 459 2012 518 Α
2038 457 2261 523 Quando
2287 467 2463 513 autem
2497 457 2687 513 Decius
2711 459 2946 529 seipsum
2980 476 3077 530 pro
3106 462 3364 521 Romanis
3406 464 3611 535 legioni
3633 493 3650 504 ο

348 564 476 617 nes?
507 561 746 616 Mnaseas
777 561 991 629 quippe,
1019 559 1094 612 uti
1125 558 1196 610 ait
1230 555 1493 610 Arnobius
1547 553 1801 624 (Arnob.,
1845 551 1935 606 lib.

349 670 424 717 ιιι,
455 671 572 724 pag.
610 653 768 722 lii),
803 653 918 704 illas
959 667 1021 704 ex
1050 649 1202 704 C(elo
1227 659 1279 703 et
1309 646 1543 708 Tellure,
1577 645 1664 698 alii
1706 661 1770 700 ex
1811 643 1942 700 Jove

347 755 398 801 et
422 746 674 801 Memoria
708 747 790 799 vel
815 745 990 799 Mente
1016 755 1158 797 ortas
1188 740 1352 794 fuisse
1386 739 1737 794 tradiderunt.
1769 738 1942 808 Aliqui

346 855 438 894 eas
460 839 692 909 virgines
713 839 918 900 dixere,
948 839 1032 890 alii
1064 845 1293 894 matres;
1327 833 1422 898 bas
1443 831 1693 901 Ephorus
1721 845 1943 885 numero

348 944 480 992 tres,
509 931 752 984 Mnaseas
773 939 1018 1000 quatuor,
1050 925 1308 996 .‘llyrtillus
1330 935 1558 994 septem,
1588 922 1774 976 Crates
1798 933 1940 989 octo,

348 1023 691 1079 etllesiodus
732 1037 942 1084 novem,
973 1033 1200 1088 quarum
1246 1017 1462 1070 nomina
1512 1015 1815 1085 singulatim
1862 1030 1946 1069 re-

347 1128 552 1174 censet.
587 1117 805 1171 Servius
834 1124 1011 1168 tamen
1040 1111 1136 1165 bas
1164 1126 1352 1165 omnes
1396 1109 1637 1163 diversas
1662 1108 1947 1179 opiniones

349 1211 412 1263 ad
441 1221 546 1264 tres
567 1207 904 1280 p0tissimum
933 1203 1160 1274 redigit:
1194 1221 1212 1253 ι
1242 1202 1439 1263 Musas,
1475 1219 1492 1251 ι
1523 1201 1712 1269 inquit,
1746 1218 1763 1250 ‹
1794 1198 1946 1253 multi

349 1317 560 1362 novem.
612 1299 761 1353 multi
807 1306 950 1359 octo,
985 1296 1139 1349 multi
1165 1304 1370 1362 septem
1403 1294 1673 1347 dixerunt.
1713 1309 1732 1342 ι
1763 1291 1832 1345 At
1860 1291 1946 1342 Ci-

350 1410 477 1448 cero
499 1395 805 1463 expressius
826 1390 986 1444 docet
1015 1388 1213 1458 primas
1230 1397 1464 1457 quatuor
1487 1384 1618 1440 Jove
1641 1383 1829 1449 altero,
1862 1395 1947 1435 se-

347 1485 549 1540 cundas
575 1483 707 1538 Jove
731 1483 906 1547 tertio,
945 1481 1061 1534 sive
1087 1480 1326 1534 Cretensi
1356 1485 1410 1532 et
1447 1476 1810 1545 Mnemosyne,
1842 1483 1948 1527 ter-

349 1579 448 1634 tias
465 1578 600 1633 Jove
620 1577 799 1641 tertio,
823 1586 875 1631 et
899 1576 1125 1643 Antiopa
1147 1581 1315 1634 ortas,
1333 1588 1458 1642 quas
1480 1568 1732 1632 Pieridas,
1757 1567 1946 1636 inquit,

348 1681 401 1725 et
425 1671 627 1726 Pierias
657 1669 833 1723 solent
865 1676 1034 1734 ιιοριιῐι
1061 1666 1329 1735 appellare
1367 1661 1522 1734 (Cic.,
1547 1661 1633 1714 lib.
1661 1677 1715 1714 ιιι
1739 1660 1801 1712 de
1833 1657 1948 1711 Na-

350 1777 453 1819 tur.
485 1765 650 1827 deor.,
686 1780 803 1832 pag.
831 1761 958 1826 217,
984 1762 1075 1813 lin.
1109 1757 1221 1829 41).
1253 1757 1357 1812 Sed
1404 1756 1517 1808 haec
1539 1754 1762 1824 quatstio
1792 1753 1950 1821 longe

2041 550 2140 603 bus
2171 550 2404 614 devoi'it,
2439 551 2558 605 illos
2583 566 2703 604 cum
2735 552 2976 620 pluribus
2996 554 3117 608 aliis
3138 598 3152 618 ,
3180 565 3318 611 teste
3345 556 3530 622 Livio,
3561 555 3654 608 sic

2043 643 2368 710 imploravit,
2401 651 2453 696 et
2482 643 2780 698 obtestatus
2823 656 2944 700 est:
2976 665 2994 698 ι
3034 646 3149 702 Divi
3177 646 3519 712 Novensiles,
3566 645 3652 699 dii

2045 734 2328 805 indigetes,
2360 735 2464 789 divi
2498 752 2720 805 quorum
2749 749 2986 808 poteSIas
3011 749 3341 808 nostrorum,
3377 741 3656 796 hostium-

2045 844 2148 898 que
2183 849 2199 878 ι
2234 826 2406 896 (Litt.
2439 829 2526 882 lib.
2554 845 2643 884 vm
2666 872 2678 893 ,
2712 847 2829 900 cap.
2860 831 2938 903 9).

2118 919 2387 974 Manilium
2421 938 2548 974 vero
2586 925 2716 976 citat
2758 922 2932 977 adhuc
2962 924 3232 980 Arnobius
3258 925 3495 998 (Arnob.,
3539 928 3656 981 loc.

2048 1001 2183 1085 cit.),
2222 1017 2311 1085 qui
2339 1017 2552 1085 quidem
2587 1018 2750 1074 hosce
2775 1022 2925 1082 deos,
2959 1021 3097 1074 sicut
3126 1021 3268 1085 Piso,
3293 1037 3482 1076 novem
3523 1036 3661 1077 esse

2047 1108 2408 1176 existimabat,
2442 1110 2538 1164 sed
2566 1111 2758 1181 quibus
2779 1111 2910 1166 solis
2937 1111 3145 1180 Jupiter
3172 1113 3404 1168 fulminis
3429 1115 3509 1168 sui
3529 1115 3660 1183 jac-

2048 1199 2194 1254 tandi
2223 1200 2478 1256 detulerit
2507 1211 2847 1271 potestatem.
2883 1203 3126 1274 Denique
3152 1206 3392 1260 nonnulli
3416 1205 3663 1260 arbitra-

2048 1293 2244 1348 bantur
2275 1295 2397 1349 illos
2425 1311 2490 1349 ex
2518 1295 2825 1348 hominibus
2868 1295 3037 1350 factos
3071 1312 3192 1352 esse
3218 1298 3348 1352 deos
3372 1339 3388 1366 ,
3419 1301 3616 1367 quales
3641 1341 3658 1366 ,

2051 1385 2220 1455 inquit
2241 1387 2510 1442 Arnobius
2532 1429 2544 1449 ,
2576 1395 2731 1442 erant
2758 1386 3045 1454 Hercules,
3074 1387 3330 1443 Romulus
3353 1433 3368 1455 ,
3398 1387 3665 1443 AEscula-

2053 1478 2189 1546 pius,
2213 1477 2374 1531 Liber
2395 1474 2451 1532 et’
2474 1476 2693 1533 ASneas.
2717 1479 2779 1533 Et
2799 1479 2928 1533 illud
2947 1478 3161 1549 quidem
3197 1480 3279 1534 liis
3299 1479 3668 1535 conﬁrmatur

2053 1572 2225 1627 Servii
2253 1573 2428 1628 verbis
2461 1591 2472 1626 :
2512 1592 2530 1624 ι
2570 1573 2710 1628 Sane
2740 1573 2957 1643 quidem
2990 1581 3204 1628 veteres
3235 1573 3357 1629 illos
3383 1574 3515 1629 deos
3548 1572 3668 1627 Νο-

2054 1666 2285 1720 vensiles
2310 1667 2513 1730 dicunt,
2548 1667 2740 1735 quibus
2786 1667 2974 1734 merita
3008 1666 3220 1721 virtutis
3259 1666 3509 1722 dederint
3556 1683 3667 1720 uu-

2055 1761 2213 1815 miuis
2243 1761 2554 1831 dignitatem
2585 1781 2602 1812 ι
2664 1761 2860 1830 (Seria,
2895 1762 2948 1815 in
2987 1761 3076 1814 lib.
3107 1776 3198 1815 vm
3246 1758 3490 1828 ιΕηεὶάη
3521 1775 3664 1820 vers.

350 1856 518 1910 fusius
547 1856 614 1908 ab
641 1855 777 1908 Lilio
805 1853 1023 1907 Giraldo
1057 1851 1309 1919 peculiari
1331 1849 1397 1902 de
1427 1847 1590 1901 Musis
1614 1857 1952 1916 syntagniate
1981 1842 2030 1902 Β
2060 1853 2179 1918 187,
2219 1872 2337 1924 pag,
2371 1855 2518 1921 .498),

352 1958 608 2003 tractatur
660 1946 917 2018 (Girald.,
967 1955 1221 2014 sgntagm.
1253 1945 1315 1995 de
1365 1940 1550 2003 Musis,
1601 1957 1719 2010 pag.
1761 1939 1858 1993 551
1909 1949 1956 1992 et

350 2042 536 2112 seqq)
567 2042 670 2097 Nos
697 2055 824 2094 vero
850 2041 915 2094 de
947 2040 1010 2092 iis
1037 2037 1146 2107 jam
1173 2036 1370 2106 aliquid
1394 2034 1520 2088 alibi
1548 2035 1854 2102 adtigimus.
1887 2034 1958 2086 At

349 2147 497 2191 certe
540 2135 688 2188 vides
735 2141 992 2202 quantum
1023 2130 1090 2184 de
1143 2123 1330 2183 liaru't'n
1378 2114 1952 2190 Musarum'numero,

353 2235 688 2306 parentibus,
719 2245 771 2287 et
795 2232 1101 2285 conditione
1126 2243 1231 2282 non
1264 2226 1454 2288 intimi,
1483 2225 1576 2279 sed
1606 2224 1824 2293 majoris
1854 2225 1954 2277 uti-

353 2344 456 2397 que
484 2325 716 2380 nominis
757 2325 1049 2391 scriptores
1095 2319 1293 2391 ethnici
1343 2319 1480 2370 inter
1506 2331 1566 2370 se
1593 2314 1953 2381 digladiaren-

352 2422 600 2488 tur(tont.
629 2432 646 2470 ι
688 2419 964 2484 Αρραιάι.,
997 2429 1113 2482 pag.
1132 2409 1570 2479 890).,Quouiatn
1605 2407 1765 2476 igitur
1797 2407 1955 2461 modo

354 2513 404 2565 lii
435 2510 630 2578 aliique
656 2522 769 2572 eas,
799 2506 899 2560 sibi
932 2520 1036 2558 non
1066 2505 1198 2556 satis
1225 2503 1487 2571 cognitas,
1513 2510 1566 2554 et
1596 2499 1723 2554 deas
1748 2498 1950 2566 dicere,

351 2614 404 2658 et
434 2601 556 2656 illas
585 2602 840 2654 invocare
869 2596 1149 2667 poterant?

423 2699 606 2766 Neque
627 2697 801 2750 minor
829 2693 1068 2763 profecto
1105 2699 1223 2744 erat
1247 2690 1458 2744 illorum
1488 2687 1553 2742 de
1572 2687 1955 2743 Novensilibus

353 2797 473 2857 diis,
505 2806 801 2860 eorumque
845 2787 1272 2842 uomenclatione
1300 2793 1353 2840 et
1380 2797 1623 2846 numero,
1654 2798 1715 2836 ac
1734 2781 1956 2850 proinde

351 2891 417 2944 de
458 2887 667 2942 illorum
715 2882 994 2936 divinitate
1039 2877 1428 2934 controversia.
1458 2874 1684 2940 Quidam
1735 2875 1877 2928 enim
1924 2888 1956 2927 a

355 2979 645 3034 novenario
684 2989 932 3040 numero,
963 2974 1052 3043 qui
1095 2981 1155 3026 ut
1184 2971 1375 3024 citatus
1398 2968 1466 3022 ab
1498 2967 1736 3022 Arnobio
1781 2965 1956 3019 Varro

357 3072 571 3127 tradidit
599 3073 837 3134 (Aruob.,
873 3069 959 3120 lib.
1005 3083 1090 3131 ιιι,
1126 3082 1242 3136 pag.
1277 3063 1423 3132 122),
1461 3064 1514 3115 in
1546 3059 1824 3114 movendis
1872 3075 1956 3114 re-

355 3166 452 3219 bus
501 3163 908 3233 potentissimus
937 3160 1186 3224 habetur,
1213 3160 1289 3212 sic
1315 3155 1721 3227 cognominatos
1763 3169 1954 3208 cense-

355 3257 507 3318 bant,
533 3255 621 3308 alii
645 3270 671 3305 a
692 3253 928 3306 novitate
951 3267 1152 3312 rerum,
1183 3249 1376 3318 quibus
1397 3264 1490 3301 eos
1520 3260 1748 3315 praeesse
1773 3246 1958 3313 opina-
1985 3219 2029 3280 (ἶ

355 3348 583 3410 bantur;
616 3345 708 3399 alii
740 3344 808 3398 ab
837 3344 942 3396 alio
967 3341 1217 3396 novitatis
1243 3355 1464 3408 genere,
1497 3354 1603 3407 quo
1634 3338 1886 3391 videlicet
1927 3353 1956 3390 a

353 3441 664 3505 victoribus,
698 3450 818 3509 puta
851 3439 1127 3501 Romanis,
1161 3436 1234 3489 uti
1280 3435 1405 3488 alibi
1437 3434 1666 3487 vidimus
1697 3432 1956 3502 (liisserl.

352 3538 404 3590 in
436 3536 656 3600 Minuc.,
701 3551 816 3603 cap.
865 3532 952 3597 16,
982 3543 1080 3584 art.
1112 3530 1194 3601 ‘2).
1226 3530 1277 3583 in
1319 3529 1480 3583 urbes
1521 3542 1648 3580 suas
1670 3542 1730 3580 ac
1760 3526 1959 3594 templa

354 3631 686 3702 adsportari,
739 3644 873 3684 nova
921 3627 1307 3682 dedicabantur
1364 3623 1792 3678 consecratione.
1851 3620 1957 3675 Sed

357 3726 504 3794 plura
531 3725 598 3778 de
623 3724 778 3793 hujus
802 3722 1036 3776 nominis
1057 3721 1378 3791 etymologia
1406 3716 1632 3772 Vossius
1653 3727 1706 3770 et
1735 3717 1821 3769 alii
1849 3716 1960 3770 dis-

358 3826 546 3887 putant
576 3816 781 3889 (νοω,
809 3818 860 3868 in
889 3813 1208 3884 Etymolog.,
1241 3811 1306 3863 ad
1329 3811 1462 3864 verb.
1491 3809 1677 3865 Novem
1702 3811 1739 3877 ).

428 3910 560 3964 Tam
586 3908 918 3963 diversarum
948 3891 1126 3960 a'utem
1157 3905 1467 3973 opinionum
1491 3904 1666 3957 varios
1689 3902 1959 3956 Arnobius

360 4004 578 4074 protulit
598 4001 856 4066 fautores,
879 4016 941 4054 ac
963 4001 1192 4070 primum
1215 3996 1426 4066 quidem
1451 3995 1717 4058 Pisonem,
1743 3996 1829 4064 qui
1861 3994 1958 4048 bos

363 4118 381 4149 ι
419 4114 538 4153 esse
565 4096 735 4151 credit
760 4111 979 4158 novem,
1020 4113 1037 4145 ι
1074 4095 1143 4146 ita
1185 4092 1273 4146 ille
1312 4091 1576 4160 loquitur,
1610 4109 1627 4141 ‹
1665 4091 1716 4143 in
1749 4089 1958 4145 Sabinis

358 4191 496 4260 apud
523 4189 771 4244 Trebiam
796 4187 1116 4240 constitutos
1151 4205 1169 4236 ι
1200 4184 1451 4258 (Arnob.,
1477 4183 1576 4236 loc.
1601 4182 1735 4252 cit.).
1766 4180 1958 4236 Trebia

361 4292 540 4336 autem
564 4280 756 4334 ﬂuvius
777 4287 859 4332 est
881 4295 984 4333 non
1015 4278 1246 4348 procula
1270 4277 1564 4338 Placentia,
1590 4277 1676 4344 qui
1702 4291 1765 4329 ex
1790 4277 1960 4344 Apen-

361 4379 509 4437 nino,
535 4384 591 4428 ut
621 4374 834 4442 scripsit
864 4371 1078 4433 Strabo,
1127 4371 1196 4424 in-
1217 4369 1419 4424 Padum
1463 4369 1667 4422 incidit.
1697 4367 1774 4421 Ad
1820 4368 1959 4422 hunc

361 4484 523 4538 porro
556 4468 772 4522 ﬂuvium
800 4466 1028 4521 Annibal
1059 4464 1367 4535 Scipionem
1397 4462 1673 4516 Consulem
1697 4503 1709 4525 ,
1742 4471 1799 4514 ut
1832 4477 1955 4513 nar-

360 4572 440 4615 rat
472 4561 742 4632 Polybius,
769 4559 920 4614 clade
950 4560 1176 4612 maxima
1209 4558 1511 4626 proﬂigavit
1540 4555 1778 4626 (Slrab.,
1808 4554 1894 4610 lib.
1924 4542 1956 4607 v

361 4655 569 4726 Geogr.,
609 4671 726 4726 pag.
750 4653 887 4717 217;
924 4652 1127 4722 Polyb,
1150 4652 1239 4706 lib.
1268 4666 1326 4704 ιιι
1359 4648 1580 4716 Histor.,
1617 4666 1737 4719 pag.
1767 4647 1893 4712 220,
1916 4655 1962 4700 et

357 4746 541 4819 seqq.)
575 4746 725 4802 Unde
764 4747 845 4800 llic
891 4745 1091 4804 Lucani
1119 4755 1304 4798 cantus
1331 4743 1577 4815 (Lucam,
1606 4743 1695 4795 lib.
1731 4759 1787 4807 ιι,
1833 4757 1962 4796 vers.

357 4843 426 4896 48
458 4851 504 4894 et
524 4842 686 4910 seqq.)
719 4857 733 4894 :

453 4956 492 5005 Ο
519 4959 707 5006 miserae
733 4958 896 5020 sortis.
923 4955 1048 5020 quod
1075 4967 1171 5003 non
1195 4956 1273 5020 in_
1266 4954 1446 5020 Punica
1473 4957 1573 5004 nati

451 5020 695 5082 Tempora
721 5016 988 5069 Cannarum
1013 5019 1208 5077 luimus,
1237 5017 1552 5080 Trebiaque,
1576 5016 1825 5079 juventus.

431 5130 506 5183 De
532 5127 908 5182 Novensilibus
935 5141 1061 5179 vero
1089 5124 1188 5177 diis
1213 5124 1406 5177 citatus
1435 5123 1501 5178 ab
1522 5135 1739 5177 auctore
1767 5131 1954 5176 nostro

361 5223 530 5276 Varro
555 5223 668 5276 liatc
693 5221 1008 5275 brevissime
1038 5219 1251 5287 scripsit
1286 5236 1298 5270 :
1335 5236 1351 5267 ι
1391 5216 1663 5282 Ferrouia,
1695 5216 1950 5280 Minerva,

361 5316 674 5371 Novensiles
701 5331 727 5367 a
759 5312 971 5368 Sabinis
1006 5330 1024 5364 ι
1058 5309 1268 5380 (Varr.,
1314 5310 1403 5364 lib.
1435 5325 1484 5363 tv
1529 5310 1590 5362 de
1636 5308 1786 5379 Ling.
1837 5308 1954 5373 lat.,

361 5424 480 5477 pag.
510 5408 604 5470 16;
635 5405 970 5469 Arnob.,loc.
996 5403 1107 5468 cit.,
1157 5419 1274 5473 pag.
1328 5400 1480 5469 122).
1529 5404 1598 5454 At
1639 5399 1809 5454 zﬁlius
1835 5412 1960 5470 post

361 5500 619 5553 Granium
653 5500 746 5552 ilOS
793 5497 965 5552 Musas
1017 5511 1136 5551 esse
1185 5495 1433 5565 opinatus
1477 5506 1590 5561 est;
1642 5493 1960 5551 Cornilicius

365 5611 486 5649 vero
533 5593 824 5647 novitatum
857 5591 1133 5661 praesides,
1168 5590 1387 5645 Cincius
1416 5605 1510 5644 eos
1551 5604 1757 5653 omnes,
1787 5590 1875 5659 qui
1930 5605 1960 5644 a

366 5687 674 5751 victoribus,
702 5687 774 5739 uti
801 5687 958 5754 paulo
983 5695 1106 5740 ante
1151 5687 1478 5747 monuimus,
1523 5683 1574 5736 in
1629 5683 1785 5738 urbes
1837 5699 1962 5739 suas

369 5788 698 5837 transvectos
726 5779 971 5834 solebant
1001 5777 1303 5847 compendii
1333 5792 1518 5834 causa.
1547 5789 1611 5829 ac
1638 5793 1702 5829 ne
1728 5773 1850 5846 quis
1897 5779 1962 5830 il-

371 5874 540 5927 lorum
565 5873 921 5941 omitteretur,
957 5871 1057 5926 boc
1081 5870 1443 5927 Novensilium
1471 5869 1687 5924 nomine
1706 5870 1962 5926 invocari.

2128 1947 2281 2012 Quod
2325 1964 2454 2001 vero
2496 1947 2562 2002 ad
2606 1959 2934 2004 memoratos
2980 1949 3054 2004 ibi
3094 1949 3162 2005 ab
3205 1959 3430 2004 auctore
3463 1956 3667 2004 nostro

2059 2039 2368 2106 Romulum,
2405 2038 2782 2110 Esculapium
2812 2052 2866 2097 et
2892 2042 3148 2097 Liberum
3188 2050 3436 2112 spectat,
3475 2041 3544 2097 de
3597 2041 3669 2096 iis

2057 2148 2215 2200 supra
2249 2134 2625 2188 disseruimus.
2660 2134 2733 2189 De
2753 2133 2855 2190 deo
2873 2145 3052 2190 autem
3080 2151 3212 2189 sane
3242 2134 3505 2204 pra‘claro
3527 2133 3670 2188 ﬂer-

2058 2227 2177 2280 cule
2210 2225 2324 2280 lizec
2351 2226 2545 2282 Cicero
2575 2228 2802 2282 tradidit
2826 2246 2838 2280 :
2882 2246 2899 2278 ι
2934 2228 3086 2295 Quos
3108 2229 3176 2282 ab
3197 2227 3512 2282 hominibus
3541 2240 3671 2296 per-

2059 2319 2270 2373 venisse
2301 2319 2434 2373 dicis
2458 2319 2523 2373 ad
2555 2321 2721 2388 deos,
2755 2329 2810 2374 tu
2855 2319 3056 2375 reddes
3097 2321 3364 2376 rationem
3391 2317 3669 2390 quemad-

2060 2414 2277 2467 modum
2310 2415 2450 2468 idem
2482 2414 2595 2469 lieri
2630 2416 2894 2485 potuerit,
2923 2427 3016 2469 aut
3047 2431 3143 2470 cur
3170 2414 3286 2470 ﬁeri
3325 2414 3583 2479 desierit,
3614 2420 3672 2467 et

2057 2522 2159 2578 ego
2186 2507 2393 2563 discam
2419 2508 2676 2564 libenter.
2703 2509 2987 2579 Quomodo
3005 2525 3149 2563 nunc
3175 2508 3396 2579 quidem
3419 2516 3524 2573 est,
3557 2521 3672 2562 non

2057 2600 2214 2654 video
2243 2616 2349 2670 quo
2383 2612 2543 2671 pacto
2587 2602 2710 2668 ille,
2757 2603 2970 2657 scilicet
3015 2602 3308 2668 Hercules,
3355 2601 3408 2656 in
3441 2601 3671 2656 domum

2058 2703 2318 2746 aeternam
2368 2693 2535 2762 patris
2578 2694 2658 2747 sui
2707 2693 3022 2764 pervenerit
3057 2713 3074 2745 ι
3134 2691 3310 2764 (Cia,
3356 2693 3445 2746 lib.
3497 2709 3553 2747 ιιι
3608 2693 3673 2746 de

2060 2783 2252 2838 Natur.
2284 2787 2451 2849 dear.,
2486 2803 2603 2856 pag.
2636 2785 2759 2853 265,
2796 2787 2888 2840 lin.
2921 2787 3049 2857 38).
3084 2786 3191 2840 Sed
3230 2789 3299 2841 de
3330 2786 3424 2840 illo
3455 2785 3671 2855 hacque

2061 2879 2298 2944 itinesta,
2329 2879 2539 2950 deoque
2564 2879 2934 2949 indignissima
2959 2881 3078 2950 ejus
3101 2891 3276 2935 morte
3304 2894 3469 2950 supra
3495 2879 3673 2934 disse-

2060 2973 2268 3026 ruimus
2303 2972 2517 3041 (Supr.,
2547 2989 2664 3042 cap.
2696 2972 2780 3035 12,
2808 2984 2907 3026 art.
2933 2972 3024 3043 ἓ).

2133 3065 2396 3133 Superest
2433 3067 2653 3136 quintus
2689 3066 2756 3119 ad
2796 3065 3041 3121 Arnobio
3075 3066 3383 3136 appellatus
3420 3064 3668 3132 IEneas,

2061 3173 2222 3227 quem
2253 3157 2584 3227 Augustinus
2611 3157 2784 3213 tribus
2811 3159 2970 3212 anuis
3000 3159 3052 3212 iu
3081 3159 3236 3213 Latio
3269 3173 3528 3230 regnasse
3557 3168 3672 3214 tes-

2067 3253 2300 3306 tiﬁcatur
2331 3272 2342 3305 :
2380 3253 2475 3307 sed
2502 3269 2620 3306 cum
2649 3262 2834 3323 postea
2868 3255 2921 3307 in
2965 3253 3176 3322 prmlio,
3205 3258 3346 3309 sicut
3376 3255 3670 3324 Dionysius

2069 3345 2544 3407 Halicarnasseus,
2590 3345 2805 3411 Livius,
2853 3355 3041 3400 auctor
3067 3361 3374 3417 anonymus
3395 3389 3410 3412 ,
3443 3347 3669 3402 Servius

2065 3447 2304 3504 narrant,
2350 3439 2661 3500 cecidisset,
2712 3455 2811 3494 nec
2852 3440 3128 3493 inventum
3164 3439 3357 3495 fuisset
3391 3444 3512 3510 ejus
3547 3457 3670 3497 cor-

2064 3545 2180 3599 pus,
2214 3530 2532 3599 jactitarunt
2578 3531 2729 3585 illum
2777 3531 2842 3585 ad
2877 3531 3010 3586 deos
3052 3532 3284 3600 abiisse,
3321 3534 3518 3604 ac'ipsi
3550 3543 3668 3589 tan-

2061 3641 2222 3694 quam
2253 3624 2356 3680 deo
2398 3624 2464 3678 ad
2495 3624 2708 3679 Numici
2756 3626 2994 3680 ﬂuminis
3039 3627 3217 3696 ripas,
3267 3627 3358 3681 ubi
3399 3629 3456 3680 in
3494 3642 3670 3696 pugna

2062 3723 2277 3776 occisus
2302 3720 2510 3784 fuerat,
2545 3725 2802 3792 templum
2830 3723 3239 3778 aediﬁcaverunt
3268 3740 3389 3779 cum
3419 3724 3521 3780 bac
3550 3726 3667 3781 ins-

2062 3816 2371 3884 criptione:
2412 3834 2429 3866 ‹
2475 3814 2622 3870 Patri
2671 3817 2773 3872 deo
2803 3817 3053 3887 lndigeti,
3093 3820 3186 3888 qui
3232 3818 3444 3874 Numici
3493 3821 3668 3874 amnis

2062 3906 2235 3962 undas
2281 3917 2550 3976 temperat
2589 3926 2606 3958 ι
2639 3908 2912 3979 (August.,
2947 3909 3035 3962 lib.
3067 3925 3203 3964 xvnt
3235 3910 3299 3964 de
3323 3909 3476 3965 Cioit.
3497 3956 3511 3977 ,
3547 3929 3660 3982 cap.

2071 4002 2138 4056 19
2169 4010 2215 4054 et
2261 4001 2368 4066 21,
2403 4017 2524 4072 pag.
2572 3999 2680 4056 502
2738 4011 2781 4055 et
2825 4001 2961 4066 503;
3013 4000 3235 4074 Dionys.
3283 4002 3493 4070 Halic.,
3529 4006 3616 4059 lib.
3648 4020 3669 4060 ι

2064 4098 2234 4168 Antig.
2290 4097 2540 4164 Romam,
2582 4115 2699 4170 pag.
2749 4098 2854 4164 52;
2885 4098 3021 4169 Liv.,
3071 4101 3160 4154 lib.
3208 4117 3225 4157 ι
3269 4100 3497 4170 Histor.,
3528 4104 3668 4170 init.;

2025 4227 2031 4231 -
2062 4203 2285 4259 auctor.,
2319 4191 2409 4246 lib.
2445 4192 2509 4245 de
2547 4193 2692 4263 Orig.
2722 4203 2858 4263 gent.
2895 4211 3023 4246 rom.
3053 4235 3067 4258 ,
3100 4210 3221 4265 pag.
3263 4195 3402 4260 598;
3437 4195 3582 4251 Serv.
3612 4197 3668 4250 in

2063 4284 2150 4338 lib.
2184 4300 2288 4349 xii;
2321 4283 2561 4348 ιεηεὶάη
2605 4301 2726 4356 pag.
2757 4285 2919 4357 702).
2946 4287 3018 4341 Ea
3047 4297 3275 4358 propter
3302 4288 3549 4345 Tibullus
3578 4302 3671 4344 ce-

2063 4379 2196 4434 cinit
2227 4396 2239 4432 .

2157 4493 2374 4557 Impiger
2399 4493 2574 4551 Enea,
2600 4495 2850 4557 volitantis
2870 4497 3024 4546 frater
3048 4496 3246 4557 amoris,

2219 4555 2391 4607 Troica
2415 4560 2500 4619 qui
2529 4555 2743 4620 profugis
2765 4572 2899 4609 sacra
2926 4560 3066 4608 vehis
3089 4555 3291 4610 ratibus.

2157 4618 2267 4685 Jam
2292 4622 2380 4670 tibi
2407 4618 2690 4670 Laurentes
2709 4623 2926 4682 aSsignat
2948 4621 3143 4684 Jupiter
3167 4636 3332 4685 agros,

2223 4680 2328 4748 Jam
2356 4692 2493 4733 vocat
2518 4693 2745 4748 errantes
2768 4680 2959 4748 hospita
2985 4680 3116 4734 terra
3145 4680 3314 4735 Lares.

2161 4742 2269 4792 lllic
2287 4754 2484 4794 sanctus
2509 4747 2628 4805 eris,
2653 4760 2761 4795 cum
2786 4756 2835 4796 te
2859 4742 3137 4796 i'eneranda
3162 4748 3356 4800 Numici

2225 4806 2362 4856 Unda
2385 4809 2532 4859 deum
2557 4808 2682 4858 cutio
2703 4808 2900 4860 'niiserit
2924 4809 3217 4872 Indigetem.

2880 4893 3108 4957 (Tabuit,
3135 4891 3222 4945 lib.
3250 4909 3303 4956 ιι,
3329 4893 3464 4960 Elcg.
3493 4893 3564 4957 δ.)

2066 4999 2278 5055 Tibullo
2317 4999 2558 5055 concinit
2595 4997 2818 5055 Ovidius
2839 5043 2854 5066 ,
2900 5001 2992 5070 qui
3022 5000 3094 5057 de
3127 5001 3320 5058 eodem
3350 5001 3519 5059 Enea
3546 4999 3662 5058 hinc

2067 5093 2286 5147 metrice
2303 5094 2466 5147 etiam
2489 5093 2797 5147 decantavit
2827 5112 2839 5147 :

2159 5204 2433 5270 gustatum
2460 5208 2679 5268 genttrix
2704 5207 2868 5258 divino
2891 5223 3069 5270 corpus
3093 5210 3245 5259 odore

2161 5266 2331 5329 Unxit,
2363 5277 2415 5318 et
2439 5266 2700 5328 ambrosia,
2725 5284 2833 5320 cum
2857 5266 2990 5322 dulci
3014 5282 3216 5322 nectare
3242 5274 3414 5328 mixta,

2159 5331 2373 5398 Contigit
2418 5345 2490 5398 o_s,
2516 5334 2750 5398 _lecitque
2783 5335 2929 5398 deum
2957 5349 3136 5398 :quem
3164 5337 3303 5384 turba
3327 5334 3514 5394 Quirini

2161 5392 2417 5458 Nuncupat
2443 5392 2738 5458 Indigetem,
2768 5392 3051 5461 temploque
3077 5399 3270 5460 arisque
3298 5392 3505 5461 recepit.

2738 5480 2934 5545 (0vid.,-
2955 5480 3040 5532 lib.
3068 5497 3150 5533 xiv
3175 5486 3393 5545 ιιαωπ..
3417 5485 3440 5546 §
3467 5482 3560 5543 ιδ.)

2144 5587 2342 5643 Verum
2376 5589 2445 5642 ibi
2473 5587 2677 5642 Encas
2708 5605 2738 5642 a
2769 5589 2985 5644 Tibullo
3007 5602 3060 5645 et
3084 5590 3299 5656 Ovidio,
3323 5588 3656 5661 quemadmo-

2071 5683 2196 5737 dum
2237 5699 2263 5735 a
2307 5683 2534 5752 Virgilio
2576 5681 2776 5753 (Virg.,
2823 5685 2912 5738 lib.
2948 5700 3020 5738 xu
3065 5683 3308 5752 Eadd,
3361 5701 3467 5740 vers
3508 5680 3652 5746 ιθι).

2072 5777 2318 5845 aliisque,
2348 5777 2458 5847 jam
2491 5793 2520 5830 a
2550 5776 2705 5830 nobis
2730 5777 2911 5831 citatis
2939 5778 3317 5847 scriptoribus,
3343 5794 3446 5834 non
3475 5779 3526 5832 iu
3550 5774 3655 5830 No-

2075 5871 2384 5938 vensilium,
2415 5870 2513 5926 sed
2555 5869 2854 5941 ludigetum
2895 5872 3125 5929 deorum
3157 5888 3382 5930 numero
3421 5871 3652 5942 ponitur.
3730 5895 3736 5897 ’
