3872 6358
176 342 270 401 581

1418 358 1485 417 1N
1523 358 1902 432 ARNOBIUM,
1944 363 2095 422 cae.
2140 342 2302 423 Xvn.

3372 378 3476 436 58?.

177 464 404 519 Atcerte
428 465 704 523 Arnobius
731 467 815 525 his
841 469 970 526 alibi
1009 471 1353 545 subscripsit,
1383 473 1474 531 ubi
1513 478 1768 535 eumdem
1796 492 1849 550 Α
1881 501 1899 535 t
1932 483 2074 540 Sane
2105 483 2211 539 hoc
2238 484 2359 540 loco
2386 485 2664 559 Virgilius,
2712 500 2930 547 secutus
2972 499 3215 549 veternm
3259 494 3473 565 Opinio-

178 556 420 626 Encam,
444 574 742 632 suppresso
765 572 947 621 tamen
972 566 1089 637 ejus
1117 568 1360 636 nomine,
1393 582 1446 625 ct
1466 571 1604 625 alios
1633 573 1767 628 deos

175 650 253 725 sic
276 650 502 708 irridet:
543 673 561 706 t
596 655 865 728 Indigetes
893 660 1003 725 illi,
1034 661 1125 732 qui
1154 662 1354 719 [lumen
1384 677 1600 737 repunt,
1633 678 1686 723 et
1712 669 1766 723 in

174 742 334 800 alveis
362 746 579 804 Numici
610 765 729 805 cum
764 754 931 812 ramis
959 765 1015 810 et
1054 756 1333 827 pisciculis
1360 758 1563 832 degunt
1597 782 1616 815 ι
1645 761 1768 835 (Ar-

174 838 309 905 nob.,
332 839 419 893 lib.
451 857 489 907 ι,
524 858 644 915 pag.
672 843 789 917 20).
1232 856 1237 859 ’

236 929 419 1001 Neque
436 934 527 988 alii
552 938 909 1006 proculdubio
935 941 1009 996 illi
1034 940 1321 1016 Indigetes,
1352 961 1513 1016 quam
1546 947 1764 1004 Noven-

171 1024 290 1080 siles
319 1026 393 1081 dii
428 1044 555 1085 esse
586 1031 855 1089 videntur.
887 1034 1020 1091 Nam
1051 1038 1209 1093 sicuti
1236 1039 1310 1094 ait
1341 1040 1591 1105 Servius,
1621 1062 1640 1094 t
1677 1044 1764 1099 ln—

170 1117 369 1189 digetes
399 1123 623 1192 proprie
643 1136 770 1180 sunt
790 1110 862 1180 dii
885 1144 953 1183 ex
981 1127 1296 1186 hominibus
1325 1130 1453 1189 facti
1473 1174 1489 1199 ,
1523 1136 1678 1209 quasi
1707 1136 1761 1191 in

172 1210 268 1268 diis
310 1225 535 1285 agentes
572 1237 589 1270 ι
632 1217 809 1292 (Serv.
851 1222 905 1275 in
932 1222 1022 1277 tib.
1056 1240 1072 1278 ι
1114 1212 1409 1299 σεονρηῂ.
1448 1228 1564 1302 at).
1600 1230 1763 1287 Tales

171 1314 341 1359 autem
381 1318 542 1364 erant
578 1309 917 1384 Novensiles,
962 1315 1031 1372 de
1069 1318 1263 1388 quibus
1312 1328 1541 1393 egimus.
1598 1325 1764 1380 Addit

172 1397 416 1467 Servius,
466 1420 486 1455 ι
530 1405 772 1462 Abusive
809 1424 1001 1466 omnes
1038 1411 1113 1468 dii
1158 1417 1490 1485 generaliter
1534 1430 1764 1490 possunt

170 1492 265 1548 dici
286 1493 578 1567 Indigetes,
613 1510 868 1575 tanquam
907 1506 1105 1561 nullius
1132 1510 1211 1563 rei
1240 1522 1458 1581 egentes
1496 1532 1515 1565 ι
1548 1511 1755 1586 (Idem,
1789 1577 1793 1581 ,

170 1583 219 1637 in
245 1585 331 1640 tib.
359 1604 435 1643 ιιι
480 1589 726 1658 Αῑηεεά..
762 1612 883 1668 pag.
918 1597 1199 1670 702).Sed
1244 1603 1363 1659 haec
1405 1583 1626 1675 quidem
1668 1607 1761 1664 ille

172 1679 381 1735 uberius
406 1682 540 1738 alibi
568 1685 841 1743 edisserit.
885 1689 1193 1757 Macrobius
1222 1697 1385 1750 etiam
1421 1697 1655 1767 priorem
1697 1700 1760 1752 il—

170 1769 265 1825 lius
306 1776 728 1843 explicationem
777 1780 1001 1838 Hesiodi
1048 1787 1370 1842 auctoritate
1423 1791 1757 1847 conﬁrmat:

1875 593 2033 645 nem,
2078 578 2381 649 Neptunum
2420 591 2666 648 tantum,
2721 594 2775 638 et
2819 586 3118 656 Apollinem
3152 590 3469 644 nominavit.

1872 663 2131 720 Dicuntur
2155 672 2296 725 enim
2322 671 2375 726 hi
2402 674 2473 728 tlii
2506 673 2730 729 Penates
2762 675 2955 742 fuisse,
2997 695 3132 749 quos
3168 695 3347 737 secum
3376 682 3471 736 atl—

1872 758 2021 810 vexit
2059 756 2260 815 [Encas
2282 804 2295 827 ,
2326 765 2576 833 quamvis
2605 767 2833 823 diversis
2866 769 2999 824 locis
3029 770 3161 826 alias
3188 771 3472 843 opiniones

1868 850 2096 906 aliorum
2144 865 2366 913 secutus
2426 871 2586 930 poeta
2613 902 2627 926 ,
2668 860 2737 917 dc
2779 862 2882 917 diis
2922 863 3213 921 Penatibus
3257 866 3471 923 diversa

1867 942 2062 999 dixerit
2098 965 2117 997 ι
2152 947 2385 1017 (Servius
2410 994 2424 1017 ,
2455 969 2574 1024 pag.
2603 947 2711 1007 979.
2733 956 2771 1023 ).
2813 953 3027 1011 Videsis
3056 959 3306 1013 eumdem
3346 958 3470 1016 Ser-

1866 1036 2013 1090 vium
2041 1037 2146 1092 alia
2185 1040 2338 1111 plura
2381 1042 2507 1097 alibi
2543 1043 2820 1099 deiisdem
2867 1046 3148 1103 Penatibus
3186 1048 3469 1135 disputan-

1867 1137 1975 1182 tem
2036 1128 2233 1200 (ldem,
2266 1134 2321 1187 in
2352 1135 2445 1190 lib.
2484 1154 2538 1205 ι,
2568 1153 2739 1194 versus
2768 1138 2914 1207 384;
2949 1152 2995 1196 ct
3026 1142 3081 1196 in
3103 1142 3191 1197 lib.
3223 1128 3323 1211 ut,
3355 1162 3469 1201 ver-

1863 1236 1949 1274 sus
1982 1222 2082 1277 M8
2109 1234 2156 1277 et
2187 1226 2339 1296 168).

1936 1318 2120 1371 Altera
2149 1317 2345 1390 Nigidii
2387 1321 2456 1377 de
2496 1321 2577 1377 his
2614 1324 2719 1381 diis
2755 1326 3029 1397 opinatio,
3076 1344 3237 1399 quam
3279 1339 3471 1387 auctor

1863 1416 2053 1462 noster
2082 1407 2516 1481 inexplicabilem
2543 1408 2697 1482 dixit,
2723 1432 2786 1471 ea
2817 1419 2935 1484 fuit,
2959 1435 3063 1490 qua
3094 1430 3327 1491 quatuor
3346 1436 3472 1480 esse

1862 1499 2084 1555 deorum
2134 1501 2413 1559 Penatium
2453 1523 2674 1577 genera,
2725 1519 2887 1579 atque
2934 1512 3073 1569 alios
3120 1512 3289 1583 Jovis,
3330 1516 3472 1573 alios

1860 1590 2127 1663 Neptuni,
2156 1596 2294 1651 alios
2322 1598 2636 1665 inferorum,
2664 1616 2724 1661 et
2752 1606 3056 1660 mortalium
3087 1606 3366 1662 hominum
3397 1609 3472 1663 ul-

1864 1685 2023 1740 timos
2055 1702 2175 1743 esse
2202 1691 2465 1760 garribat.
2490 1694 2845 1762 Quantumvis
2882 1709 3063 1755 autem
3101 1702 3344 1759 Arnobio
3368 1703 3469 1758 οι».

1860 1795 2019 1836 scura
2044 1783 2290 1838 videatur
2319 1786 2432 1842 haec
2451 1787 2643 1859 Nigidii
2665 1795 2963 1858 sententia;
2990 1793 3268 1851 videamus
3290 1805 3469 1851 tamen

176 1878 194 1911 t
225 1861 487 1921 Hesiodus
516 1867 736 1936 divinas,
766 1889 792 1923 ι
817 1872 990 1945 inquit
1021 1874 1305 1947 (Μασνοιιη
1335 1880 1463 1935 mm
1491 1882 1545 1935 ξη
1569 1882 1752 1938 Somn,
1787 1872 1834 1935 B
1864 1884 2040 1933 utrum
2090 1877 2181 1932 lux
2227 1878 2407 1952 aliqua
2448 1884 2498 1937 ei
2550 1894 2783 1954 nequeat
2822 1885 3028 1941 afferri.
3081 1887 3157 1943 De
3186 1887 3469 1944 Penatibus

172 1954 329 2039 βοέῃ..
361 1978 480 2031 cap.
509 1964 563 2025 8.
594 1982 716 2037 pag.
748 1952 863 2033 52),
906 1970 1112 2026 sobolis
1144 1984 1406 2045 assertor,
1438 1979 1651 2048 priscos
1674 1994 1759 2033 re-

167 2062 254 2116 ges
279 2065 398 2106 cum
428 2053 537 2109 diis
563 2070 913 2127 aunumcrat;
942 2064 1133 2134 hisque
1154 2069 1403 2137 exemplo
1432 2071 1635 2125 veteris
1662 2074 1759 2141 po-

171 2144 369 2198 testatis
390 2147 559 2202 etiam
597 2150 650 2204 in
680 2152 821 2208 ctelo
849 2157 1071 2227 regendi
1102 2174 1193 2215 res
1221 2160 1488 2219 humanas
1513 2165 1781 2236 assignat

168 2230 411 2292 ofﬁcium.
445 2240 515 2297 Et
545 2258 615 2297 ne
652 2247 739 2299 cui
772 2247 1113 2307 fastidiosum
1146 2254 1239 2322 sit,
1277 2258 1323 2310 si
1354 2274 1542 2317 versus
1573 2260 1756 2330 ipsos,

170 2333 221 2378 ut
241 2338 393 2397 poeta
416 2330 643 2390 Gnaeus
667 2340 916 2407 protulit,
944 2343 1266 2403 inseramus.
1298 2349 1615 2408 Beferemus
1637 2368 1753 2422 eos,

170 2430 219 2475 ut
238 2437 305 2477 es
333 2428 513 2483 verbis
542 2430 662 2500 ejus
687 2432 742 2487 ia
772 2433 938 2490 latina
967 2440 1131 2495 verba
1151 2457 1413 2500 conversa
1439 2455 1565 2501 sunt
1596 2465 1607 2501 :

248 2534 502 2617 ipdigetes
525 2542 627 2617 divi
649 2544 746 2617 fato
768 2549 947 2617 summi
967 2550 1104 2603 Iovis
1124 2554 1177 2605 bi
1198 2563 1331 2617 sunt,

250 2600 495 2681 Quo-ldum
533 2606 781 2681 homines,
804 2614 943 2662 modo
966 2600 1526 2681 cum'superi—s-humana
1553 2629 1756 2675 tuentes

247 2659 388 2725 Largi
411 2679 470 2716 ac
491 2670 709 2722 munitici
728 2712 742 2732 ,
762 2659 846 2736 'jus
862 2659 1631 2747 tegaﬁi'hitﬁ'é'qifolitia"na'éti3

166 2770 421 2828 Arnobius
470 2792 603 2832 vero
639 2790 825 2837 noster
857 2784 954 2839 hos
986 2785 1157 2845 fuisse
1194 2803 1474 2848 asseverat
1511 2796 1753 2853 crudelia

166 2869 283 2928 tate,
313 2870 545 2937 stupris,
568 2871 877 2944 adulteriis,
912 2878 1235 2951 sacrilegiis,
1264 2892 1320 2937 et
1343 2885 1583 2942 caedibus
1610 2889 1753 2942 inla-

165 2966 266 3007 mes
292 2952 533 3027 (Arnab.,
557 2961 644 3016 tib.
674 2980 733 3031 tt,
766 2982 887 3037 pag.
911 2968 1025 3041 39).
1056 2970 1270 3027 Videsis
1295 2972 1596 3046 Giraldum,
1619 2979 1755 3036 Vos-

162 3046 307 3112 siutn,
333 3049 794 3125 Lescal0pierium
825 3071 880 3115 et
901 3061 1037 3117 alios
1087 3064 1343 3133 (Girald.,
1388 3068 1663 3143 Sgatagm.
1696 3090 1748 3139 ι,

164 3156 211 3208 ρ.
241 3144 344 3211 15;
397 3145 573 3213 Voss.,
602 3151 655 3203 in
683 3150 1005 3227 Etymolag.;
1046 3157 1274 3228 Lescal.,
1318 3164 1372 3217 in
1397 3161 1564 3219 Cicer.
1596 3168 1685 3223 tib.
1732 3185 1752 3224 ι

162 3233 217 3286 de
236 3233 425 3293 Natur.
447 3240 613 3309 deor.,
642 3242 670 3315 §
697 3243 812 3315 62).

164 3332 237 3379 tos
260 3329 324 3382 ab
347 3330 659 3389 hominibus
681 3336 831 3404 deos,
857 3356 1086 3410 quorum
1112 3360 1210 3400 nec
1231 3360 1631 3417 parentes,th
1650 3357 1753 3410 ori~

160 3418 343 3490 ginem,
375 3440 480 3480 nec
500 3441 787 3486 numerum
814 3440 1231 3505 compererant?
1258 3440 1530 3514 Numquid
1557 3446 1610 3502 in
1650 3464 1749 3517 po-

163 3521 337 3580 testate
362 3520 645 3580 hominum
667 3536 751 3582 cst
770 3530 891 3584 aliis
914 3531 1149 3589 tribuere
1175 3534 1549 3596 divinitatem?

754 3662 1049 3705 ARTICULUS
1088 3668 1144 3707 11.

316 3782 465 3855 varia:
490 3781 674 3855 fuerint
696 3785 954 3855 gentilium
984 3788 1047 3855 de
1067 3790 1163 3840 diis
1183 3769 1473 3855 Penatibus,
1499 3796 1745 3850 Penetra-

210 3840 346 3924 libus,
368 3840 753 3924 pauentibus}.
770 3857 820 3923 et
844 3842 1189 3924 'Compllcibus'
1206 3840 1604 3920 opiniones',—a-c'

212 3907 345 3956 modo
368 3908 487 3957 inde
512 3920 681 3959 eorum
704 3912 934 3962 divinitas
958 3907 1229 3968 evertatur.

220 4008 297 4063 Ad
345 4010 477 4065 deos
521 4026 742 4083 penates
769 4019 815 4073 si
844 4020 1071 4090 gradum
1121 4038 1243 4079 cum
1288 4040 1509 4086 auctore
1555 4045 1742 4091 nostro

156 4096 404 4157 iaciamus
434 4104 673 4176 (Arnob.,
699 4110 787 4164 lib.
818 4128 899 4179 ut,
926 4130 1047 4184 pag.
1082 4115 1228 4188 125),
1281 4137 1389 4176 non
1412 4125 1652 4182 minores
1672 4128 1742 4185 de

158 4194 249 4251 illis
267 4212 551 4256 occurrent
572 4204 917 4262 ethnicorum
943 4210 1094 4276 rixae,
1124 4227 1189 4268 ac
1207 4219 1605 4275 contentiones.
1633 4221 1740 4277 No-

158 4286 229 4343 bis
250 4292 511 4362 siquidem
540 4300 780 4352 ostendit
815 4302 986 4357 levem
1018 4320 1241 4373 prorsus
1283 4324 1437 4376 esse,
1469 4322 1523 4368 et
1554 4315 1740 4369 incon-

156 4394 368 4442 stantem
402 4388 597 4460 Nigidii
634 4393 703 4448 de
730 4394 835 4449 illis
866 4402 1211 4457 sententiam.
1248 4404 1480 4462 Etcerte
1503 4413 1737 4479 primum

156 4480 236 4535 ille
263 4487 470 4539 censuit
507 4485 729 4543 Penates
755 4491 885 4547 deos
916 4495 1079 4551 fuisse
1109 4496 1413 4569 Neptunum
1441 4514 1498 4559 et
1534 4507 1737 4576 Apolli-

155 4588 285 4639 nem,
315 4578 401 4648 qui
434 4590 587 4649 pacta
614 4584 941 4655 conditione,
980 4598 1037 4643 ut
1074 4593 1200 4647 alibi
1244 4595 1471 4654 vidimus
1506 4600 1731 4671 (Supr.,

154 4683 257 4737 cap.
279 4672 344 4739 4,
371 4684 472 4728 art.
508 4677 601 4745 1),
636 4676 812 4749 Trojie
834 4696 1016 4737 muros
1044 4684 1303 4743 fecerunt.
1340 4690 1411 4746 At
1432 4693 1735 4753 Macrobius

154 4766 327 4821 asserit
354 4768 493 4823 hanc
520 4786 626 4825 non
663 4774 822 4829 modo
847 4776 1062 4847 Nigidii,
1089 4782 1186 4836 sed
1218 4782 1453 4841 Cornelii
1493 4807 1729 4861 quoque,

154 4852 420 4925 Labeonis,
449 4877 513 4917 ac
542 4862 750 4936 Virgilii
777 4868 940 4925 fuisse
964 4873 1293 4941 opinionem.
1324 4878 1427 4934 Ubi
1449 4882 1730 4940 enimvero

154 4948 215 5005 de
238 4952 332 5008 diis
362 4953 647 5012 Penatibus
672 5000 688 5025 ,
721 4975 848 5026 seu,
881 4974 936 5018 ut
968 4965 1059 5021 ille
1084 4967 1177 5030 ait,
1211 4968 1577 5031 Romanorum
1606 4993 1726 5047 pro-

156 5043 287 5109 priis,
321 5046 578 5119 disputat,
614 5051 732 5106 haec
760 5056 946 5111 scribit
978 5075 993 5113 :
1032 5077 1051 5109 ι
1084 5059 1325 5131 Nigidius
1360 5066 1426 5120 de
1453 5067 1558 5125 diis
1587 5043 1727 5126 libro

154 5132 343 5193 decimo
384 5157 528 5197 nono
560 5144 806 5213 requirit,
842 5164 967 5203 num
1005 5150 1078 5205 dii
1119 5150 1372 5223 Penates,
1401 5158 1509 5213 sint
1536 5161 1724 5232 Troja-

156 5240 323 5284 norum
352 5234 545 5302 Apollo
570 5247 625 5290 et
645 5235 944 5309 Neptunus,
972 5244 1060 5312 qui
1096 5262 1280 5301 muros
1302 5248 1380 5303 eis
1409 5250 1602 5309 fecisse
1642 5255 1727 5309 di-

155 5332 356 5383 cuntur:
384 5337 439 5381 et
464 5345 592 5383 num
617 5345 714 5387 eos
738 5332 791 5386 in
812 5332 1016 5390 Italiam
1043 5336 1247 5395 Encas
1269 5344 1565 5401 advexerit.
1590 5348 1727 5403 Cor-

158 5413 308 5471 nelius
344 5435 557 5493 quoque
602 5423 784 5481 Labeo
812 5426 949 5482 libro
985 5429 1051 5485 de
1093 5432 1158 5486 iis
1205 5433 1494 5493 Penatibus
1536 5441 1723 5497 eadem

156 5508 420 5569 existimat.
450 5516 599 5574 Hanc
629 5520 939 5590 opinionem
972 5526 1215 5596 sequitur
1238 5528 1383 5583 Maro
1407 5549 1529 5587 cum
1560 5534 1719 5590 dicit:

242 5622 358 5703 ξ,
374 5626 516 5703 fatus,
540 5636 746 5703 meritos
766 5636 867 5684 aris
888 5640 1129 5690 mactabat
1152 5641 1382 5703 honores,

236 5682 435 5742 Taurum
457 5682 1492 5770 ΝἐριυορεςςᾶυῂςαἧῗῃῖὑῖἶιῖξξῆξῖιξῦὀιΙο.
1519 5726 1541 5754 »

658 5758 887 5826 (νίψει,
913 5760 995 5811 lib.
1031 5758 1082 5815 ui
1105 5768 1323 5831 Αςηεέα..
1346 5758 1473 5822 'vers.
1500 5774 1633 5834 118.)

158 5854 212 5909 .tt
238 5856 325 5915 ista
351 5879 565 5939 quoque
584 5874 672 5922 est
690 5866 868 5924 Servii
890 5869 945 5925 in
965 5870 1065 5929 hos
1084 5890 1272 5934 versus
1291 5874 1688 5939 animadversio
1711 5901 1724 5937 :

1773 5286 1776 5290 Α
1832 5235 1999 5289 tinam
2035 5252 2220 5293 vocem
2252 5255 2426 5310 graece
2456 5243 2809 5302 reddiderunt
2844 5248 2945 5305 bos
2980 5250 3115 5308 deos

1835 5328 1901 5382 lis
1926 5335 2228 5402 Πατρὼους,
2278 5334 2347 5388 ab
2376 5335 2497 5389 aliis
2525 5340 2803 5402 γενεθλίους
2826 5383 2842 5402 ,
2888 5342 2919 5398 ὲ
2960 5270 3187 5402 auibuZtl

1866 1981 1996 2022 vero
2029 1968 2143 2025 haec
2170 1980 2295 2025 sunt
2326 1971 2530 2044 Virgilii
2554 1976 2716 2045 paulo
2738 1988 2861 2033 ante
2877 1979 3024 2033 citati
3052 1983 3291 2037 carmina
3317 2000 3333 2037 :

2737 2090 2889 2143 Feror
2917 2094 3059 2144 exsul
3087 2097 3133 2144 iu
3159 2096 3313 2147 altum

1954 2144 2074 2195 Cum
2095 2147 2259 2207 sociis,
2284 2154 2518 2211 natoque,
2543 2150 2835 2215 Penatibus,
2862 2166 2914 2206 et
2936 2159 3127 2221 magnis
3148 2144 3264 2209 diis.

2433 2237 2662 2305 (Virgit.,
2688 2238 2772 2292 lib.
2798 2255 2851 2291 ιιι
2875 2242 3090 2305 dinem,
3117 2257 3242 2297 vers:
3272 2247 3375 2309 12.)
3400 2298 3406 2305 ,
3433 2303 3440 2311 ,

1857 2343 2067 2413 Atquid
2095 2346 2148 2399 in
2180 2344 2279 2401 bos
2304 2362 2489 2403 versus
2516 2350 2898 2406 animadvertit
2926 2351 3177 2423 Servius,
3200 2356 3462 2423 animum,

1857 2438 1900 2491 si
1932 2437 2107 2507 placet
2134 2482 2148 2504 ,
2206 2441 2481 2512 paulisper
2522 2442 2911 2500 advertamus:
2951 2465 2970 2499 t
3008 2447 3143 2515 Alii,
3183 2468 3203 2502 ι
3252 2450 3465 2522 inquit,

1864 2548 1884 2580 t
1923 2546 2146 2601 magnos
2162 2531 2293 2587 deos
2311 2533 2546 2601 Caelum,
2573 2552 2635 2589 ac
2658 2536 2881 2612 Terram
2904 2549 3115 2609 putant,
3148 2556 3211 2595 ac
3240 2557 3336 2612 per
3362 2541 3468 2598 hoc

1855 2622 2042 2678 Jovem
2073 2633 2126 2678 et
2154 2622 2445 2681 lunonem.
2485 2627 2577 2682 Dei
2621 2628 2853 2685 Penates
2875 2648 2905 2685 a
2928 2632 3301 2689 Samothracia
3331 2636 3466 2690 sub-

1857 2714 1949 2769 lati
1976 2714 2045 2769 ab
2080 2714 2255 2771 fEnea
2277 2758 2292 2781 ,
2328 2719 2381 2772 in
2410 2720 2617 2774 ltaliam
2646 2722 2855 2777 advecti
2889 2734 3014 2777 sunt
3047 2744 3059 2780 :
3094 2726 3235 2782 unde
3269 2726 3464 2783 Samo-

1858 2807 2073 2862 thraces
2099 2812 2311 2879 cognati
2350 2810 2716 2868 Romanorunt
2747 2830 2867 2871 esse
2894 2814 3180 2885 dieuntur;
3216 2835 3353 2893 quos
3382 2823 3465 2876 in-

1859 2909 1940 2954 ter
1969 2912 2165 2956 caetera
2210 2903 2331 2959 ideo
2361 2921 2584 2977 magnos
2618 2909 2930 2978 appellant,
2960 2913 3106 2982 quod
3134 2913 3200 2968 de
3235 2913 3464 2972 Lavinio

1857 2996 2101 3050 translati
2128 2997 2377 3065 Romam,
2407 3001 2491 3055 bis
2522 3002 2572 3054 in
2607 3002 2781 3057 locum
2806 3019 2962 3059 suum
2990 3005 3285 3075 redierint;
3318 3011 3464 3080 quod

1856 3084 2219 3154 imperatores
2242 3089 2295 3143 in
2324 3091 2791 3159 provinciasitui'i,
2823 3096 2962 3164 apud
2988 3112 3082 3152 eos
3106 3101 3336 3169 primum
3362 3103 3465 3156 ini-

1855 3178 2163 3247 molabant,
2208 3184 2350 3252 quod
2382 3199 2570 3239 eorum
2604 3188 2818 3241 noinina
2851 3206 3013 3245 nemo
3052 3195 3278 3263 nesciat,
3317 3198 3464 3268 quod

2226 3247 2240 3252 _
3103 3247 3111 3248 κ
3162 3247 3176 3250 -
3210 3247 3278 3263 η
3322 3247 3461 3268 τη-

841 3247 971 3315 Quis
997 3265 1126 3321 ergo
1150 3254 1285 3308 lerat
1310 3254 1619 3326 bujusmodi
1644 3260 1750 3318 fac-
1781 3261 1827 3323 C
1862 3280 2161 3338 praesentes
2187 3278 2561 3333 sentiantur...
2584 3296 2719 3348 quos
2747 3283 2965 3339 immani
2992 3288 3207 3355 penitus
3236 3290 3287 3344 in
3314 3291 3461 3347 cultu

1857 3363 2092 3431 habent,
2124 3385 2260 3439 quos
2290 3372 2392 3426 nisi
2426 3374 2698 3431 sacerdoti
2727 3377 2914 3433 videre
2942 3378 3024 3435 fas
3053 3382 3186 3438 nulli
3216 3382 3346 3454 fuit,
3371 3388 3461 3458 qui
3488 3394 3495 3407 '

1852 3457 1977 3513 ideo
2000 3460 2230 3518 Penates
2248 3466 2610 3535 appellantur,
2632 3472 2775 3540 quod
2795 3471 2846 3524 in
2878 3476 3244 3542 penetralibus
3261 3457 3459 3535 aedium

1850 3553 1972 3608 coeli
2000 3554 2249 3631 sedeant.
2288 3557 2420 3612 Nam
2454 3570 2507 3614 et
2535 3561 2708 3631 ipsum
2735 3568 2975 3635 penetral
3009 3570 3457 3636 penusdicitur...

1851 3642 2023 3701 Varro
2056 3663 2244 3703 eorum
2277 3651 2405 3706 dicit
2431 3652 2661 3709 Penates
2697 3666 2753 3711 et
2788 3673 3013 3729 magnos
3040 3662 3195 3718 deos.
3222 3662 3358 3720 Nam
3402 3677 3459 3724 et

1850 3736 1900 3791 in
1922 3737 2045 3794 basi
2067 3742 2405 3798 scribebatur
2433 3764 2445 3799 :
2479 3746 2685 3802 MAGNIS
2708 3765 2832 3805 ous.
2865 3750 3051 3808 Petest
3080 3765 3257 3811 tamen
3284 3759 3386 3815 hoc
3403 3770 3459 3816 et

1823 3845 1947 3899 pro
1974 3830 2181 3889 honore
2209 3835 2332 3891 dici.
2363 3836 2497 3892 Nam
2524 3849 2580 3893 et
2605 3840 2676 3894 dii
2703 3847 2880 3913 magni
2911 3857 3035 3901 sunt
3055 3889 3069 3913 ,
3102 3847 3334 3920 Iupiter,
3362 3852 3457 3907 Ju-

1848 3938 1941 3990 no,
1976 3923 2238 3993 Minerva,
2272 3928 2567 3987 Mercurius
2588 3974 2604 3999 ,
2632 3934 2724 4004 qui
2753 3934 2939 3990 Roma:
2966 3940 3316 4009 colebantur;
3350 3944 3449 4000 Pc-

1846 4026 2001 4071 nates
2017 4033 2148 4073 vero
2174 4022 2315 4091 apud
2338 4020 2574 4079 Laurum
2597 4024 2902 4098 Lavinium,
2928 4031 3070 4088 unde
3095 4048 3322 4105 apparet
3346 4054 3454 4095 non

1844 4126 1966 4168 esse
1993 4126 2180 4168 unum.
2211 4134 2230 4167 ι

1916 4206 2110 4263 Totum
2134 4206 2278 4266 hunc
2305 4210 2481 4268 locum
2507 4218 2608 4269 etsl
2640 4215 2802 4285 paulo
2828 4218 3130 4289 longiorem
3158 4221 3281 4279 idco
3304 4233 3453 4281 tran-

1844 4300 2193 4370 scripsimus,
2229 4306 2352 4375 quia
2388 4306 2516 4362 inde
2553 4318 2701 4377 patet
2730 4319 2990 4380 quantum
3029 4314 3172 4371 inter
3204 4318 3453 4376 ethnicos

1844 4396 2137 4463 scriptores
2165 4396 2235 4451 de
2279 4398 2383 4452 diis
2428 4400 2726 4457 Penatibus
2765 4405 3019 4461 varietur.
3068 4410 3272 4467 Deinde
3318 4430 3453 4473 vero

1841 4488 2087 4557 quaedam
2122 4491 2189 4547 ab
2226 4494 2469 4550 Arnobio
2507 4496 2703 4553 tradita
2734 4498 2936 4556 diserte
2980 4503 3067 4559 hic
3106 4520 3447 4569 asseruntur.

1841 4581 2192 4637 Communior
2218 4601 2398 4641 autem
2432 4592 2724 4656 sententia,
2758 4593 2846 4648 cui
2874 4611 2977 4649 non
3012 4605 3221 4655 tantum
3256 4601 3447 4670 Varro,

1842 4675 1939 4729 sed
1979 4676 2142 4731 etiam
2180 4678 2468 4751 Dionysius
2507 4683 2986 4757 llalicarnassens,
3018 4694 3353 4764 Augustinus
3395 4706 3452 4754 et

1842 4768 1932 4822 alii
1972 4771 2357 4841 Subscribunt,
2411 4774 2514 4832 fuit
2552 4779 2686 4833 deos
2726 4780 2955 4838 Penates
2996 4799 3092 4840 cos
3120 4801 3242 4842 esse
3266 4831 3282 4856 ,
3311 4805 3449 4860 quos

1840 4860 2041 4917 Aiaces
2064 4880 2245 4919 secum
2278 4866 2329 4921 in
2377 4868 2580 4924 Italiam
2605 4873 2938 4942 adsportavit
2964 4876 3142 4948 (Van,
3174 4881 3263 4937 lib.
3306 4899 3359 4938 IV
3385 4884 3449 4939 de

1836 4952 1993 5028 Ling.
2020 4958 2137 5025 lat.,
2173 4977 2293 5031 pag.
2327 4960 2396 5017 '55
2423 4979 2440 5026 ;
2470 4963 2689 5036 Dionys.
2740 4967 2920 5024 "alio.
2944 5014 2959 5038 ,
2996 4971 3087 5029 lib.
3132 4990 3151 5030 ι
3189 4975 3445 5049 Antiguit.

1835 5064 1993 5115 rom.,
2028 5068 2148 5123 pag.
2185 5054 2295 5117 54;
2335 5054 2555 5127 August.
2586 5100 2602 5124 ,
2647 5059 2736 5113 lib.
2786 5078 2817 5116 χ
2864 5064 2928 5118 de
2958 5063 3112 5120 Civit.
3140 5110 3153 5134 ,
3184 5086 3303 5141 cap.
3339 5073 3445 5140 16,

1833 5158 1955 5214 pag.
1983 5143 2090 5199 ‘252
2116 5144 2160 5214 ).
2195 5145 2355 5201 Addit
2385 5148 2605 5219 insuper
2634 5152 2921 5227 Dionysius
2950 5173 2980 5212 a
3012 5162 3226 5231 graecis,
3251 5165 3343 5235 qui
3368 5167 3446 5220 la-

3212 5259 3446 5313 nonnul-

1835 5328 1901 5382 lis
1926 5335 2228 5407 Πατρώους,
2278 5334 2347 5388 ab
2376 5335 2497 5389 aliis
2525 5340 2803 5410 γενεθλίους
2826 5383 2842 5409 ,
2888 5342 2919 5398 ὲ
2960 5328 3286 5416 quibusdam
3315 5374 3442 5412 κτη-

1838 5425 1985 5484 σίους
2008 5464 2023 5490 ,
2059 5426 2128 5481 ab
2151 5427 2267 5482 aliis
2286 5432 2517 5501 μυχίους
2540 5472 2554 5495 ,
2588 5444 2678 5486 aut
2704 5437 2921 5510 ἐρχίους·
2940 5439 3260 5508 appellatos.
3290 5444 3443 5501 Prae-

1831 5519 1982 5565 terea
2030 5514 2412 5583 veroﬁassins
2455 5516 2682 5573 Hemina
2708 5561 2722 5585 ,
2768 5540 2796 5575 a
2836 5524 3104 5583 Macrobio
3150 5529 3396 5587 laudatus
3421 5574 3440 5601 ,

1834 5603 2081 5669 perhibet
2116 5606 2333 5661 eosdem
2379 5608 2745 5665 Romanorum
2792 5614 3020 5672 Penates
3064 5622 3281 5690 proprie
3331 5625 3443 5681 dici

1832 5698 1976 5758 θεοὺς
2004 5700 2278 5772 μεγάλους,
2312 5706 2454 5765 θεοὺς
2493 5711 2790 5781 χρηστοὺς,
2816 5712 2961 5770 θεοὺς
2991 5710 3240 5774 δυνατούς
3268 5719 3286 5783 (
3317 5716 3439 5772 Μα-

1833 5792 2010 5857 croh.,
2040 5794 2123 5849 lib.
2160 5811 2217 5849 tu
2249 5796 2547 5865 Saturnal.,
2572 5817 2689 5866 cap.
2715 5802 2770 5866 4,
2807 5817 2926 5871 pag.
2953 5802 3056 5859 521
3091 5804 3133 5876 ).

1907 5884 2037 5952 Quis
2063 5897 2245 5944 autem
2272 5904 2338 5945 ex
2366 5891 2528 5947 dictis
2554 5893 2710 5950 facile
2738 5908 2846 5949 non
2875 5893 3146 5970 intelligat
3172 5913 3269 5955 cur
3294 5900 3460 5976 Nigi-'
