3872 6388
391 378 496 435 583

1642 375 2087 440 ιιιεειιιιτιιτιο
2123 377 2402 439 ΡΒᾹΞἫΛ
3565 389 3655 448 581

391 495 531 562 dius,
555 494 623 551 ab
649 493 889 552 Arnobio
911 494 1106 552 citatos
1137 495 1366 568 (Arnob.
1391 537 1406 563 ,
1436 495 1523 551 lib.
1555 511 1648 561 nt,
1680 515 1798 567 pag.
1831 495 1982 567 125),
2013 499 2067 558 Α
2092 512 2190 550 nos
2214 513 2440 564 quorum
2471 496 2735 569 imagines
2752 497 2819 555 ad
2849 499 3023 558 forum
3045 510 3251 560 auratae
3277 512 3426 561 stant
3446 519 3533 562 sex
3552 523 3652 562 ma-

391 589 656 658 putaverit
682 587 869 643 Jovem
900 603 989 642 aut
1031 587 1333 657 Neptunum
1379 588 1509 643 deos
1548 603 1668 643 esse
1713 589 1980 645 Penates?

389 682 520 750 Quis
542 682 685 736 enim
722 698 827 738 n0u
859 683 1000 738 videt
1037 682 1134 736 bos
1164 699 1191 736 a
1226 682 1417 737 Servio
1456 681 1587 736 deos
1627 697 1848 752 magnos
1879 698 1976 736 vo-

387 775 533 829 Cari?
561 774 700 831 Nulli
724 787 901 830 autem
935 775 1129 828 mirum
1165 776 1330 829 videri
1360 774 1538 840 debet,
1575 775 1714 844 quod
1747 776 1976 830 subnec-

387 871 449 922 tit
486 868 628 923 idem
672 868 928 939 Nigidius,
961 868 1093 922 alios
1139 883 1259 924 esse
1305 869 1530 923 Penates
1581 869 1874 922 inferorum
1919 876 1977 923 et

387 961 691 1015 mortalium
717 960 1012 1024 hominum,
1050 959 1257 1015 tametsi
1290 961 1338 1014 id
1363 961 1500 1015 adeo
1527 960 1824 1014 luculenter
1852 974 1974 1028 pro-

382 1055 493 1109 bari
531 1064 781 1125 nequeat.
812 1054 943 1108 Nam
977 1054 1197 1109 Servius
1227 1064 1410 1124 aperte
1446 1052 1688 1108 declarat
1719 1051 1972 1106 Penatntn

381 1147 596 1201 nomina
640 1148 839 1202 nemini
885 1147 1049 1202 fuisse
1095 1148 1252 1216 plane
1292 1146 1523 1216 cognita.
1569 1146 1636 1200 Et
1679 1161 1807 1200 vero
1851 1145 1972 1215 quis

2085 604 2192 654 res,
2241 602 2295 644 et
2344 605 2435 645 sex
2483 589 2733 656 feminae;
2781 595 2877 649 sed
2911 595 3031 651 illos
3070 597 3352 653 duodecim
3383 600 3539 665 deos,
3576 600 3655 669 qui

2084 683 2316 737 maxime
2342 681 2700 752 agricolarum
2729 685 2893 742 duces
2918 699 3077 742 sunt»
3109 688 3293 761 (l'arr.
3315 732 3329 754 ,
3360 691 3450 746 lib.
3479 695 3572 747 ide
3590 691 3655 746 Re

2079 776 2256 828 rustic.
2281 817 2296 839 ,
2345 790 2463 845 cap.
2498 778 2518 830 1
2553 775 2597 846 ).
2629 777 2739 831 Hos
2767 794 2897 834 vero
2937 780 3249 850 singulatim
3286 799 3387 838 suo
3414 800 3656 857 quemque

2079 866 2296 920 nomine
2322 867 2590 935 appellat;
2633 868 2843 933 Jovem,
2875 871 3172 937 Tellurem,
3206 874 3416 942 Solem,
3446 875 3651 942 Lunam,

2077 954 2369 1020 Cererem,
2401 957 2654 1014 Liberum
2683 1002 2698 1026 ,
2731 961 2994 1033 Robigutn
3019 1006 3033 1026 ,
3069 964 3316 1031 Floram,
3347 968 3651 1032 Minervam,

2077 1045 2344 1103 Venerem
2369 1090 2384 1114 ,
2417 1050 2711 1121 Lymphato
2738 1063 2794 1108 et
2820 1054 3026 1110 Bonum
3061 1057 3348 1113 Eventum.
3381 1059 3450 1114 At
3472 1077 3532 1116 ex
3563 1060 3654 1118 hac

2074 1140 2192 1193 sola
2220 1142 2499 1197 neminnm
2530 1145 2847 1201 recitatione
2877 1147 3035 1204 facile
3064 1150 3335 1222 colligitur
3373 1152 3652 1208 Arnobium

378 1239 600 1296 deorum
624 1283 638 1308 ,
665 1258 801 1312 quos
823 1257 1007 1297 secum
1030 1240 1230 1296 jEneas
1254 1242 1444 1296 detulit
1466 1284 1479 1304 ,
1509 1244 1647 1297 scire
1678 1241 1845 1312 potuit
1871 1255 1969 1294 no-
2070 1233 2140 1289 de
2169 1235 2438 1304 prioribus
2476 1240 2655 1308 potius
2675 1280 2692 1305 ,
2741 1256 2901 1310 quam
2938 1245 3005 1297 de
3044 1243 3440 1314 pOsleriOI‘iblls
3478 1245 3653 1304 fecisse

376 1349 500 1388 men
530 1344 582 1389 et
607 1333 930 1388 numerum?
955 1333 1068 1387 llnc
1087 1332 1320 1397 accedit,
1351 1333 1492 1403 quod
1517 1335 1632 1403 ipso
1654 1331 1828 1386 adhuc
1849 1331 1968 1388 Ser-

374 1426 462 1481 vio
490 1436 781 1483 attestante
802 1470 815 1492 ,
860 1428 1060 1483 nemini
1093 1427 1194 1482 nisi
1237 1428 1508 1482 sacerdoti
1551 1443 1646 1483 eos
1674 1427 1858 1482 videre
1888 1428 1966 1480 fas

374 1519 492 1575 fttit.
521 1521 715 1576 Paucis
743 1537 871 1592 ergo
897 1521 1159 1591 comperti
1190 1537 1310 1576 esse
1341 1529 1606 1591 poterant.

442 1618 636 1672 Postea
670 1633 798 1674 vero
829 1617 1052 1673 Servius
1092 1633 1197 1672 non
1242 1618 1494 1673 admonet
1525 1630 1619 1672 eos
1663 1615 1962 1671 Penelrales

371 1710 583 1772 vocari,
615 1711 756 1779 quod
787 1712 839 1764 in
875 1710 1240 1777 penetralibus
1264 1710 1386 1765 cadi
1419 1711 1662 1765 sedeant.
1698 1710 1811 1777 Qua
1841 1711 1960 1779 qui-

368 1806 491 1861 dem
523 1805 590 1860 de
618 1805 945 1877 etymologia
988 1805 1064 1860 sic
1095 1806 1261 1880 sentit
1303 1805 1491 1860 Cicero
1518 1821 1531 1856 :
1572 1824 1591 1856 ι
1625 1804 1734 1859 Nec
1767 1805 1955 1875 longe,

2069 1339 2403 1383 sermonem.
2442 1329 2520 1384 llli
2551 1345 2683 1385 vero
2712 1328 2870 1402 primi
2909 1334 2984 1390 dii
3021 1334 3296 1391 Consentes
3321 1379 3338 1404 ,
3377 1353 3408 1392 a
3443 1339 3648 1410 quibus-

2066 1417 2189 1472 dam
2216 1420 2289 1473 dii
2326 1421 2488 1475 etiam
2521 1422 2776 1479 dicuntur
2813 1426 3080 1495 majorum
3109 1430 3386 1499 gentium,
3428 1447 3643 1500 quorum

2067 1515 2281 1569 nomina
2308 1515 2518 1572 duobus
2553 1519 2636 1573 his
2667 1520 2825 1575 Ennii
2852 1523 3096 1578 versibus
3122 1524 3498 1593 esprimuntur
3526 1542 3539 1580 :

2156 1628 2304 1701 ._l_uno,
2333 1630 2502 1701 Yesta,
2529 1632 2765 1701 Minerva,
2789 1635 3158 1701 Ceres,ADiana,
3188 1637 3377 1701 Venus,
3406 1639 3549 1701 Mars,

2158 1691 2448 1755 Mercurius,
2474 1693 2616 1754 Jove,
2640 1691 2915 1760 Neptunus,
2941 1691 3206 1762 Vulcanus,
3232 1691 3427 1764 Apollo.

2059 1795 2279 1868 Legesis
2304 1799 2580 1857 Giraldum
2607 1813 2661 1858 et
2684 1803 2955 1870 Vossiutn,
2983 1806 3074 1875 qni
3102 1806 3250 1875 plura
3276 1807 3342 1864 de
3375 1807 3479 1863 diis
3528 1809 3652 1864 Con-

367 1897 581 1969 inquit,
625 1899 823 1952 absunt
866 1898 933 1951 ab
974 1897 1070 1952 hac
1094 1899 1145 1951 vi
1175 1897 1246 1952 dii
1298 1898 1525 1952 Penates
1547 1939 1562 1962 ,
1616 1899 1730 1952 sive
1764 1914 1790 1950 a
1825 1913 1963 1966 penu
1993 1886 2040 1946 Β
2066 1891 2291 1946 ﬂentibus
2312 1893 2711 1956 adnotaverunt
2740 1895 2759 1968 (
2785 1894 3015 1964 Girald.,
3043 1908 3300 1969 synlagm.
3338 1899 3391 1962 7,
3423 1917 3536 1970 cap.
3564 1903 3646 1968 t8;

367 1991 530 2046 ducto
563 1993 805 2055 nomine,
835 2001 918 2046 est
943 1993 1086 2046 enim
1111 2008 1269 2046 omne
1289 2034 1302 2057 ,
1332 2009 1438 2063 quo
1461 2004 1752 2048 usecnntur
1783 1993 1974 2047 ltomi-.

366 2099 483 2148 nes,
511 2099 713 2153 penus:
741 2084 853 2138 sive
882 2085 950 2138 ab
971 2100 1036 2138 eo
1064 2085 1203 2153 quod
1235 2085 1447 2154 penitus
1473 2086 1726 2150 insident,
1758 2103 1823 2140 ex
1854 2101 1962 2156 quo

362 2179 522 2233 etiam
555 2177 868 2233 Penetrales
919 2195 948 2232 a
979 2181 1153 2248 poetis
1189 2191 1452 2234 vocantur
1489 2199 1506 2230 ι
1554 2181 1765 2252 ((Iicer.,
1801 2182 1892 2234 lib.
1924 2197 1959 2236 ιι

364 2270 426 2323 de
457 2270 648 2324 Nalur.
686 2271 828 2324 deor.
855 2316 870 2336 ,
906 2290 1026 2343 pug.
1063 2273 1187 2334 2924,
1221 2275 1313 2326 lin.
1348 2273 1470 2341 t5).
1505 2273 1640 2339 Quid
1670 2282 1846 2328 autem
1879 2275 1960 2327 his

362 2365 519 2419 dictis
545 2366 725 2435 aptius
757 2375 809 2421 et
833 2367 1247 2420 convenientins
1275 2367 1338 2419 ad
1359 2383 1420 2419 ea
1451 2367 1768 2436 explicanda
1798 2377 1958 2437 atque

359 2456 703 2522 stabilienda,
730 2473 849 2528 qute
879 2458 1222 2527 postmodum
1255 2458 1474 2513 tradidit
1496 2462 1702 2513 Auctor
1733 2471 1952 2514 noster:

366 2569 383 2600 ι
427 2549 627 2617 Varro,
661 2552 749 2620 qui
782 2561 908 2605 sunt
939 2552 1236 2616 introrsus,
1284 2559 1445 2621 atque
1478 2551 1527 2606 in
1555 2551 1759 2606 intimis
1795 2567 1956 2621 pene-

359 2644 585 2699 tralibus
619 2645 742 2701 cceli
771 2647 903 2702 deos
934 2660 1054 2701 esse
1081 2655 1300 2713 censet,
1347 2661 1481 2715 quos
1519 2645 1824 2716 loquimur;
1856 2662 1957 2702 nec

358 2747 543 2790 ceruut
572 2753 877 2803 numerum,
906 2754 1004 2793 nec
1033 2739 1255 2793 nomina
1278 2739 1426 2793 sciri.
1445 2757 1463 2789 ι
1492 2737 1732 2810 (Arnob.,
1759 2739 1848 2794 lib.
1872 2756 1952 2806 ut,

357 2848 477 2901 pag.
516 2831 619 2886 123
649 2830 669 2902 )

427 2926 507 2980 Ad
538 2924 656 2980 hanc
684 2941 814 2980 vero
841 2926 932 2982 ille
965 2926 1156 2981 scribit
1188 2919 1296 2982 non
1327 2925 1595 2992 defuisse,
1639 2928 1730 2999 qui
1769 2928 1954 2984 existi-

356 3023 624 3076 maverint
661 3021 885 3100 Jovem,
929 3021 1230 3084 lunonem,
1277 3021 1607 3085 Minervam,
1657 3021 1790 3076 deos
1831 3037 1954 3078 esse

355 3112 613 3182 Penates,
645 3115 763 3170 sine
789 3113 982 3184 quibus
1013 3129 1112 3169 nec
1139 3115 1322 3169 vivere
1354 3129 1638 3183 possumus
1660 3155 1675 3180 ,
1711 3129 1809 3169 nec
1843 3117 1953 3184 spi-

353 3223 512 3272 rare;
543 3218 598 3261 ut
628 3217 753 3278 pote
780 3208 871 3278 qni
901 3212 1107 3262 ratione
1128 3249 1142 3273 ,
1176 3207 1388 3271 calore,
1420 3224 1482 3262 ac
1512 3209 1702 3278 spiritu
1734 3225 1829 3264 nos
1859 3225 1947 3262 re-

2074 1981 2243 2051 Voss.,
2269 1986 2358 2040 lib.
2391 2003 2410 2041 ι
2435 1989 2498 2042 de
2531 1985 2692 2060 Orig.
2727 2000 2775 2043 et
2800 1988 2990 2060 Progr.
3041 1991 3193 2056 irlol.,
3225 2008 3342 2062 cap.
3380 1994 3449 2048 ib
3473 2004 3518 2047 et
3543 1994 3649 2062 17).

2134 2080 2238 2143 Αι,
2271 2078 2480 2150 inquies
2506 2120 2523 2147 ,
2565 2098 2662 2137 cur
2697 2081 2965 2138 Arnobius
3007 2082 3143 2138 dixit
3183 2083 3284 2139 hos
3325 2100 3434 2140 non
3476 2087 3640 2142 solum

2061 2170 2374 2236 Consenles,
2422 2173 2518 2227 sed
2565 2174 2724 2229 etiam
2774 2173 3057 2245 Complices
3105 2178 3414 2244 nominart,
3469 2178 3649 2236 Nonne

2061 2273 2210 2318 recte
2245 2262 2512 2320 Hcraldus
2559 2266 2866 2337 suspicatur
2899 2269 3000 2323 hoc
3034 2269 3280 2324 ultimum
3313 2286 3510 2327 nomen
3539 2288 3652 2331 esse

2058 2357 2332 2426 glossema
2363 2359 2719 2428 superfluum,
2751 2377 2858 2432 quo
2892 2363 3171 2432 imperitus
3191 2364 3390 2433 aliquis
3421 2366 3649 2436 priorem

2057 2465 2245 2505 vocem
2296 2449 2570 2507 Consentes
2617 2454 2889 2522 explicare
2933 2453 3140 2508 voluit?
3188 2456 3294 2512 Sed
3343 2456 3438 2512 ille
3481 2468 3653 2514 tamen

2058 2542 2265 2597 addidit
2293 2560 2493 2598 nomen
2533 2543 2820 2616 Complices
2849 2546 3086 2614 potuisse
3117 2547 3185 2602 ab
3227 2547 3476 2603 Arnohio
3504 2549 3650 2604 adbi-

2061 2633 2176 2688 beri
2205 2675 2220 2700 ,
2254 2646 2313 2689 ut
2346 2637 2672 2706 -igniticaret
2701 2638 2866 2694 hosce
2895 2638 3029 2693 deos
3049 2681 3064 2704 ,
3095 2640 3185 2708 qui
3217 2641 3376 2695 simul
3406 2641 3648 2697 oriuntur

2056 2736 2110 2780 et
2136 2728 2426 2794 occidunt,
2472 2730 2793 2800 conjunctos
2841 2746 2983 2797 esse,
3037 2743 3090 2787 et
3132 2735 3457 2790 arctissimis
3495 2735 3648 2794 nodis

2055 2819 2360 2889 colligatos.
2408 2820 2555 2876 Bene
2592 2824 2834 2891 quidem.
2876 2822 2994 2878 Non
3034 2823 3267 2880 obscure
3311 2826 3457 2880 enim
3486 2827 3656 2883 Arno-

2057 2912 2178 2967 bius
2208 2915 2383 2968 innuit
2409 2914 2546 2980 hanc
2572 2915 2742 2985 ipsam
2771 2932 2893 2972 esse
2922 2918 3211 2986 rationem,
3241 2931 3468 2992 propter
3495 2938 3656 2990 quant

2056 3006 2112 3060 hi
2153 3007 2225 3062 dii
2256 3009 2322 3062 ab
2355 3007 2598 3082 Etruscis
2643 3009 2929 3074 Complices
2965 3013 3327 3084 cognominati
3377 3025 3521 3069 sunt.
3567 3015 3652 3071 Eo

2056 3117 2219 3171 porro
2262 3118 2428 3158 sensu
2475 3118 2669 3158 nomen
2715 3104 2844 3158 illud
2891 3104 2959 3158 ab
3005 3104 3296 3160 Ambrosio
3346 3108 3649 3177 accipitur,

2058 3197 2145 3250 ubi
2174 3196 2426 3267 scripsit:
2462 3215 2482 3249 ι
2531 3195 2791 3268 Complex
2833 3197 3132 3254 honestatis
3171 3208 3255 3254 est
3294 3215 3509 3270 semper
3540 3203 3654 3256 uti-

352 3311 477 3372 gant
501 3267 537 3374 ⁷(
572 3267 709 3357 Ibid.
745 3267 891 3374 )..At
919 3303 969 3356 in
1005 3267 1228 3371 hujusce
1260 3267 1944 3371 opinionis-defensionem

2075 3292 2174 3343 itas
2194 3328 2209 3352 ,
2239 3296 2293 3342 et
2323 3288 2566 3343 utilitatis
2593 3267 2868 3345 honestas.
2927 3310 2945 3343 ι
2997 3292 3015 3356 (
3044 3288 3279 3346 Ambros.
3309 3335 3324 3358 ,
3365 3267 3456 3346 lib.
3489 3309 3546 3349 ιιι
3590 3294 3663 3349 de

352 3395 443 3449 illa
475 3405 620 3451 recte
651 3396 878 3465 proferri
917 3407 1180 3466 possunt,
1212 3411 1332 3465 quin
1366 3412 1395 3449 a
1428 3396 1701 3450 Macrobio
1743 3410 1948 3452 memo-

351 3488 448 3542 riae
487 3491 567 3544 sic
599 3489 810 3559 prodita
844 3488 1071 3559 legimus
1105 3507 1117 3540 :
1153 3506 1171 3538 ι
1207 3488 1306 3556 Qui
1348 3488 1658 3559 diligentius
1699 3471 1949 3560 quaerunt

351 3580 633 3635 veritatem
653 3623 667 3646 ,
701 3580 930 3638 Penates
959 3595 1078 3636 e~se
1109 3579 1396 3644 dixerunt,
1435 3597 1528 3650 per
1558 3596 1594 3653 q
1617 3596 1692 3635 IOS
1734 3584 1948 3652 penitus

353 3675 641 3743 Spiramus,
667 3689 761 3744 per
787 3690 922 3746 quos
953 3675 1213 3729 habemus
1237 3690 1455 3744 corpus,
1492 3690 1586 3745 per
1614 3691 1750 3745 quos
1780 3670 1950 3730 ratio-4

354 3781 476 3820 nem
503 3766 784 3821 habemus.
824 3785 843 3818 ι
873 3766 892 3840 (
923 3765 1155 3819 Macrob.
1181 3807 1196 3830 ,
1247 3767 1336 3821 lib.
1369 3783 1426 3821 ιιι
1458 3767 1672 3822 Saturn.
1693 3809 1708 3833 ,
1741 3785 1855 3838 cap.
1887 3769 1942 3835 4,

355 3877 478 3930 pag.
505 3858 628 3914 521.
660 3858 680 3929 )
1239 3883 1259 3920 \

425 3954 507 4009 Ab
533 3954 598 4007 iis
635 3962 812 4009 tamen
853 3953 1213 4022 scriptoribus
1242 3953 1400 4023 plane
1431 3969 1758 4025 prorsusque
1784 3956 1946 4012 dissi-

352 4048 484 4104 dere
520 4048 730 4104 videtur
768 4051 962 4104 citatus
1002 4052 1241 4118 postlnec
1271 4049 1339 4103 ab
1364 4060 1586 4105 auctore
1623 4063 1806 4107 nostro
1835 4053 1949 4107 Ca:-

354 4139 508 4212 sius(
537 4139 728 4195 Arnob.
755 4182 768 4206 ,
803 4141 888 4194 lib.
920 4157 976 4196 ιιι
1001 4183 1015 4206 ,
1044 4158 1164 4213 pag.
1199 4141 1302 4197 1ἳὸ
1319 4141 1370 4213 .).
1407 4141 1624 4197 Penates
1652 4143 1792 4198 enim
1826 4159 1948 4200 esse

355 4233 521 4290 voluit
552 4233 870 4298 Fortunam,
891 4232 1168 4300 Cererem,
1203 4235 1432 4291 Genium
1453 4235 1738 4304 Jovialem,
1769 4249 1821 4293 et
1849 4239 1948 4294 P-a--

357 4328 460 4382 lem
507 4327 812 4397 quemdam,
865 4326 1012 4383 Jovis
1061 4329 1402 4394 ministrum,
1451 4347 1514 4386 ac
1555 4332 1821 4387 villicum.
1873 4335 1947 4388 De

355 4421 481 4476 l’ale
503 4435 685 4477 autem
716 4423 965 4493 superius
993 4423 1222 4494 egimus.
1253 4425 1393 4491 Quid
1420 4437 1598 4481 autem
1635 4429 1827 4481 mirum
1852 4467 1870 4495 ,
1902 4429 1946 4482 si

353 4514 576 4571 Penates
595 4531 892 4588 eorurnqne
916 4519 1136 4572 nomina
1160 4520 1385 4580 nemini.
1407 4532 1464 4573 ut
1483 4519 1943 4591 diximns(Snpr.,

354 4626 470 4678 cap.
504 4608 590 4671 14,
624 4618 723 4661 art.
752 4609 787 4662 Ξ
814 4608 866 4680 ),
900 4611 1146 4680 cognita,
1184 4611 1400 4678 quidam
1433 4612 1660 4665 aliorum
1693 4616 1942 4668 testimo-

355 4703 446 4756 nio
485 4701 600 4755 fulti
629 4742 643 4762 ,
695 4717 912 4770 quoquo
951 4702 1114 4758 modo
1156 4703 1396 4758 iudicare
1447 4706 1807 4772 tentaverint,
1853 4715 1947 4762 aut

353 4794 610 4849 finxerint
631 4793 697 4848 ad
732 4793 981 4850 libitum?
1631 4807 1648 4821 ‘

423 4885 587 4941 Docet
615 4886 845 4957 denique
876 4887 1149 4942 Arnobius
1187 4887 1410 4943 Penates
1449 4890 1576 4945 deos
1603 4891 1669 4946 ab
1698 4890 1942 4946 Etruscis

351 4981 626 5034 Consenles
670 4989 722 5034 et
781 4979 1063 5046 Complices
1120 4982 1390 5035 nominari
1447 4981 1676 5055 (Ibid.),
1733 4999 1940 5055 sexque

351 5088 473 5128 esse
523 5086 700 5127 mares
750 5073 1084 5143 t0tidemque
1132 5075 1394 5138 feminas,
1449 5078 1540 5132 sed
1598 5079 1795 5148 ignotis
1848 5093 1942 5133 no-

351 5167 616 5230 minibus;
669 5166 761 5236 qui
804 5175 979 5220 tamen
1029 5167 1179 5222 Jovis
1221 5182 1344 5224 sunt
1392 5171 1716 5234 consiliarii,
1759 5186 1822 5226 ac
1867 5171 1939 5226 si-

348 5259 456 5314 mul
488 5270 542 5314 et
567 5261 815 5316 oriuntur
855 5272 909 5318 et
952 5263 1261 5317 concidunt.
1305 5263 1494 5317 Postea
1526 5278 1652 5318 vero
1686 5264 1937 5336 Angusti-

348 5370 448 5408 nus
483 5373 540 5408 τι
577 5355 716 5409 Deos
740 5354 1062 5420 Consentes,
1100 5375 1120 5408 ι
1156 5358 1363 5427 inquit,
1417 5376 1435 5408 ι
1466 5357 1652 5410 dicont
1677 5357 1728 5411 in
1759 5360 1938 5412 consi-

347 5449 474 5504 lium
521 5448 670 5504 Jovis
705 5449 950 5504 adhiberi
993 5469 1009 5499 ι
1065 5450 1325 5522 (August.
1357 5494 1370 5516 ,
1420 5451 1513 5506 lib.
1555 5467 1604 5505 tv
1650 5455 1712 5504 de
1758 5452 1932 5518 Civit.,

343 5560 458 5616 cap.
495 5543 564 5600 52
589 5586 603 5611 ,
655 5562 774 5616 pag.
826 5545 930 5600 104
960 5542 1001 5608 ).
1037 5543 1207 5597 Varro
1248 5553 1421 5600 autem
1456 5545 1612 5599 initio
1648 5543 1729 5598 sui
1758 5545 1824 5599 de
1855 5546 1933 5600 Re

342 5639 542 5694 rustica
580 5637 758 5707 operis
792 5637 921 5704 hos,
958 5636 1203 5704 aliosque
1246 5635 1374 5690 deos
1403 5639 1480 5692 sic
1512 5638 1722 5690 invocat
1756 5655 1769 5691 :
1800 5641 1824 5688 ἰ
1868 5639 1935 5691 Et

341 5731 625 5800 quoniam,
668 5741 724 5786 ut
755 5731 944 5795 aiunt,
978 5730 1050 5784 dii
1078 5729 1340 5785 facientes
1371 5729 1646 5797 adjuvant,
1678 5732 1827 5800 prius
1851 5730 1933 5784 in-

343 5825 544 5878 vocabo
571 5840 698 5889 eos;
745 5840 844 5879 nec
874 5834 930 5878 ut
962 5824 1226 5878 Homerus
1254 5832 1308 5877 et
1338 5823 1540 5879 Ennius
1583 5825 1794 5892 Musas,
1836 5825 1931 5881 sed

339 5913 623 5971 duodecim
653 5917 783 5973 deos
809 5915 1110 5971 Consentes
1138 5957 1151 5980 ,
1201 5931 1375 5986 neque
1410 5925 1587 5970 temeti
1632 5931 1725 5972 cos
1769 5918 1932 5972 urba-

2055 3378 2212 3450 Ofﬁc.
2249 3380 2440 3434 minist.
2466 3422 2481 3447 ,
2508 3398 2622 3452 cap.
2656 3383 2724 3438 14
2745 3425 2760 3447 ,
2792 3399 2912 3454 pag.
2949 3381 3071 3438 150.
3098 3383 3117 3453 )
3157 3382 3347 3440 Nonne
3377 3401 3508 3455 ergo
3538 3384 3664 3442 btet:

2051 3473 2284 3529 Heraldo
2304 3516 2318 3537 ,
2347 3475 2414 3529 ad
2441 3475 2818 3544 deponendam
2841 3476 2909 3531 de
2930 3491 3188 3545 corrupto
3213 3479 3452 3533 auctoris
3477 3479 3658 3534 nostri

2051 3577 2197 3625 textu
2230 3570 2591 3639 suspicionem
2618 3572 2867 3626 sufficere
2895 3569 3212 3625 debebant?

2118 3659 2387 3716 Cxterum
2431 3661 2628 3732 ingenii
2675 3661 2811 3716 adeo
2845 3660 2982 3716 tardi
3025 3671 3275 3732 putamus
3313 3679 3437 3721 esse
3477 3667 3667 3722 nemi-

2048 3771 2171 3811 nem
2196 3796 2212 3822 ,
2264 3755 2353 3826 qni
2376 3755 2488 3825 jam
2521 3755 2660 3810 haud
2701 3754 2994 3811 dilllciliter
3034 3757 3354 3826 perspiciat,
3405 3759 3535 3827 quid
3575 3777 3654 3816 ex

2051 3861 2155 3904 tam
2187 3849 2350 3904 variis
2388 3864 2452 3904 ac
2491 3849 2780 3903 contrartis
2826 3849 3167 3905 ethnicorum
3216 3851 3366 3907 hisce
3418 3852 3488 3908 de
3539 3853 3658 3910 diis

2047 3942 2392 4012 opinionibus
2417 3941 2852 3997 concludendum
2882 3943 2972 3996 sit.
3017 3942 3146 4009 Quis
3172 3945 3317 3998 enim
3351 3959 3459 3998 non
3495 3945 3655 4002 videt

2048 4053 2209 4092 unam
2241 4037 2310 4092 ab
2349 4036 2514 4092 altera
2551 4034 2792 4091 funditus
2817 4036 3032 4091 everti?
3077 4036 3281 4092 Deinde
3312 4053 3466 4103 vero,
3511 4049 3660 4093 taru-

2047 4129 2147 4185 etsi
2180 4131 2231 4184 in
2261 4145 2364 4183 una
2404 4129 2601 4200 aliquid
2645 4139 2790 4184 esset
2828 4128 2982 4196 veri,
3027 4129 3080 4184 id
3111 4145 3139 4182 a
3181 4131 3399 4187 nemine
3440 4132 3664 4204 depre-

2049 4223 2209 4277 hendi
2243 4238 2493 4292 ttmquam
2531 4222 2744 4292 poterit.
2775 4220 2966 4278 Nullus
2995 4238 3126 4294 ergo
3163 4224 3297 4279 deos
3333 4225 3455 4281 illos
3514 4226 3670 4282 Con-

2047 4327 2229 4370 semcs
2255 4325 2308 4369 et
2338 4314 2567 4369 Penates
2594 4313 2790 4367 divinis
2819 4313 3109 4370 honoribus
3137 4315 3328 4387 dignos
3351 4318 3621 4373 censebit
3648 4336 3665 4386 ;

2047 4406 2479 4477 quandoquidem
2511 4420 2704 4461 omnes
2735 4405 2963 4476 ingenue
2993 4404 3146 4462 fateri
3175 4409 3520 4478 cogebantur
3551 4411 3669 4466 sibi

2049 4499 2206 4567 plane
2246 4500 2576 4568 exploratum
2627 4514 2731 4552 non
2777 4513 2900 4553 esse
2939 4499 3127 4568 quales
3181 4499 3257 4553 illi
3309 4501 3439 4568 sint,
3485 4517 3666 4573 quam

2048 4591 2362 4647 mortalibus
2387 4606 2542 4656 opem
2575 4591 2715 4645 ferre
2747 4590 2996 4656 valeant,
3027 4603 3076 4646 et
3106 4591 3236 4662 quid
3268 4593 3320 4648 in
3351 4593 3431 4648 eis
3464 4609 3646 4661 verte,

1971 4653 2024 4713 D
2048 4699 2168 4754 quae
2195 4683 2347 4739 unica
2372 4653 2492 4739 esse
2520 4690 2725 4754 potest,
2770 4681 2839 4735 sit
2861 4653 3172 4738 divinitatis.

2645 4827 2935 4868 ARTICULUS
2975 4828 3052 4869 Ill.

2045 4952 2229 5012 Quanta
2273 4949 2421 4999 fuerit
2459 4948 2717 5011 gentilium
2752 4948 2816 4996 de
2831 4946 2946 5012 Adiis
2995 4946 3202 5000 Laribus
3237 4950 3509 5010 dissensio,
3567 4964 3670 5001 cur

2110 5013 2389 5064 Grundnles
2413 5009 2722 5066 vocarentur,
2752 5020 2803 5060 et
2826 5009 3117 5075 Summanus
3153 5015 3229 5062 eis
3264 5009 3552 5075 ιιι-εἴξεως.
3604 5028 3672 5064 ac

2108 5090 2251 5140 quam
2276 5075 2538 5124 evidenter
2557 5073 3139 5140 demettstretur__null_am
3181 5073 3296 5125 esse
3326 5079 3506 5126 horum
3531 5077 3672 5126 alio-

2107 5134 2316 5201 ιῖιιιιιιιιιε
2341 5145 2485 5186 antea
2509 5145 2889 5186 mettioratorutn
2911 5134 3238 5186 divinitatem.

2118 5267 2232 5322 Non
2267 5269 2436 5339 major
2477 5267 2571 5322 fuit
2593 5269 2928 5324 ethnicorum
2959 5269 3024 5324 de
3054 5265 3292 5325 Laribus,
3324 5279 3485 5336 quam
3525 5260 3673 5316 aliis

2043 5364 2144 5420 diis
2174 5365 2283 5419 suis
2304 5380 2620 5420 consensus.
2659 5364 2901 5435 angaris
2921 5362 3160 5433 quidem,
3191 5372 3242 5415 ut
3271 5362 3346 5414 ait
3372 5357 3671 5413 Arnobius

2040 5456 2282 5527 (Arnob.,
2309 5457 2346 5509 l.
2377 5472 2453 5519 ιιι,
2491 5473 2542 5525 ρ.
2582 5455 2729 5526 121),
2772 5454 2954 5525 Opinio
2999 5464 3114 5509 erat
3159 5454 3275 5507 illos
3320 5454 3567 5506 vicorum
3601 5455 3670 5501 et

2038 5548 2290 5603 itinerum
2323 5564 2443 5602 esse
2470 5548 2601 5602 deos
2629 5568 2642 5613 ;
2674 5550 2795 5619 quia
2831 5548 2978 5602 vicus
3003 5562 3176 5617 grzece
3215 5548 3396 5620 Δαύρα
3451 5537 3670 5610 appel-

2038 5641 2202 5695 latur.
2228 5640 2294 5695 Et
2335 5643 2471 5694 hanc
2502 5639 2715 5711 quidem
2769 5655 2960 5712 grates:
3012 5641 3157 5694 vocis
3193 5635 3666 5707 significationem

2037 5731 2387 5790 CaSaubonus
2433 5734 2629 5804 aliique
2678 5735 2984 5804 complures
3027 5733 3158 5786 satis
3188 5729 3478 5800 probavere
3505 5721 3663 5795 (Ca-

2039 5827 2252 5881 saubon.
2281 5832 2336 5880 in
2380 5829 2416 5882 l.
2450 5844 2526 5882 xu
2554 5845 2567 5892 ;
2594 5829 2803 5894 Alliam,
2835 5844 2884 5881 c.
2920 5826 3035 5895 10).
3067 5825 3290 5880 Vossius
3321 5833 3496 5878 tamen
3534 5830 3662 5870 no-

2041 5936 2162 5974 men
2199 5918 2355 5974 Lares
2382 5921 2448 5976 ab
2479 5920 2700 5976 Etrusca
2732 5935 2884 5984 voce,
2936 5918 3060 5983 Lar,
3093 5917 3308 5974 ductum
3353 5915 3514 5970 fuisse
3544 5923 3659 5963 su-
