3872 6370
148 385 238 442 585
1326 382 1391 438 ΙΝ
1429 377 1677 439 ARNOBI

1894 377 2012 435 IAP.
2046 377 2206 436 XVII.
3316 378 3423 435 586

149 501 381 568 spicatur.
415 497 552 556 Utut
577 499 671 564 sit,
710 502 916 554 constat
941 508 1072 554 sane
1096 497 1216 553 illos
1245 499 1516 554 communi
1544 497 1719 553 ethni-
1746 497 1800 559 Α
1821 493 1928 551 295
1979 505 2026 549 et
2068 490 2255 565 καφ),
2280 494 2350 550 ibi
2392 494 2550 550 nobis
2578 491 2878 548 luculenter
2899 492 3121 564 exponit
3147 493 3414 565 quosdam

148 607 308 648 corum
333 592 593 662 opinione
623 589 860 646 vicorum
879 590 1009 647 deos
1037 591 1266 647 censeri.
1290 591 1363 646 De
1394 589 1527 645 Lara
1555 588 1721 659 siqui-
1821 585 2212 643 existimavisse
2256 587 2491 641 animum
2531 585 2761 642 hominis
2805 593 2928 655 post
2971 597 3200 641 mortem
3227 595 3413 643 vetere

149 684 275 750 dent,
303 682 522 739 Larium
569 692 759 749 matre,
787 683 856 738 ab
877 682 1068 738 Ovidio
1111 682 1451 737 decantatum
1493 681 1722 751 legimus
1823 677 1984 734 latina
2021 680 2202 750 lingua
2251 678 2536 735 Lemurem
2590 678 2897 733 dictitatum
2931 691 2946 729 :
2982 693 3050 732 ex
3096 677 3418 734 Lenturihus

149 776 296 844 illam,
319 790 444 831 cum
476 775 626 830 lovis
651 774 804 844 jussu
851 774 916 828 ad
961 789 1146 829 manes
1174 773 1480 836 duceretur,
1508 771 1576 826 ab
1607 773 1723 841 ipso
1831 783 2012 827 autem
2044 788 2190 837 eum,
2223 775 2312 844 qui
2343 782 2532 844 pacato
2579 782 2633 826 et
2661 771 2845 842 quieto
2870 774 3113 837 numine,
3149 771 3290 826 haud
3318 770 3418 826 du-

154 866 271 923 duce
306 882 430 931 suo,
460 876 746 938 postquam
793 873 941 920 muta
969 875 1027 922 et
1067 865 1294 937 elinguis
1343 865 1481 920 facta
1513 863 1719 930 fuisset,
1826 869 1916 925 hie
1945 878 2169 939 propter
2197 877 2477 924 transacta:
2506 868 2627 922 vita:
2655 866 2868 933 merita,
2900 867 3119 922 domum
3161 867 3421 937 possidet,

148 974 510 1030 compressam,
536 967 592 1014 et
621 951 754 1013 inde
770 958 982 1028 inquit:
1828 963 2147 1020 familiarem
2179 963 2368 1019 Larem
2395 981 2410 1028 ;
2442 962 2582 1017 male
2613 975 2745 1017 vero
2765 962 2811 1016 si
2831 961 3044 1025 vixerit,
3071 960 3298 1016 Larvam
3330 979 3344 1027 ;
3378 963 3425 1016 si

230 1073 404 1138 ﬁtque
423 1073 605 1138 gravis,
621 1073 950 1136 geminosque
967 1073 1110 1138 parit,
1122 1073 1426 1138 quiicolnpila
1440 1078 1656 1131 servant,
1828 1068 2010 1114 autem
2034 1056 2198 1113 dubia
2227 1057 2337 1112 sint
2366 1055 2485 1127 ejus
2517 1055 2735 1124 merita,
2767 1055 3002 1110 Manium
3032 1053 3192 1110 deum
3220 1070 3424 1110 nuncu-

341 1135 409 1186 Et
432 1135 636 1198 vigilant
659 1141 823 1185 nostra
846 1135 1048 1198 semper
1070 1137 1123 1185 in
1140 1135 1256 1186 aede
1273 1135 1445 1185 Lares.
1829 1152 1966 1222 pari.

585 1217 1476 1285 (Ovid-:“b~“FW°aW‘-7°3'l
1831 1217 1847 1222 -
1901 1242 1979 1298 De
2033 1242 2127 1298 illo
2177 1257 2340 1312 porro
2388 1257 2615 1307 errore,
2659 1255 2767 1312 quo
2826 1242 3102 1296 daemones
3144 1239 3423 1295 hominum

152 1325 372 1382 Tibullus
413 1339 627 1397 quoque
675 1339 771 1380 eos
809 1338 1060 1396 agrorum
1107 1323 1358 1381 custodes
1409 1337 1529 1380 esse
1584 1336 1681 1376 ass.

1898 1343 2166 1390 ortuorum
2219 1335 2429 1390 animas
2484 1348 2605 1390 esse
2630 1333 3000 1397 venditabant,
3029 1348 3137 1388 non
3181 1334 3347 1388 semel
3396 1349 3427 1387 a

155 1431 322 1476 verat:
1832 1426 1990 1481 nobis
2017 1425 2366 1495 disputatum.
2401 1424 2476 1480 De
2502 1425 2729 1481 Laribus
2750 1441 2882 1480 vero
2910 1424 3102 1480 Lilium
3149 1424 3430 1479 Giraldum

235 1533 549 1597 Vos_quoque
573 1532 733 1597 felicis
748 1533 1010 1597 quondam,
1036 1545 1166 1582 nunc
1185 1531 1420 1597 pauperis
1441 1531 1548 1594 agri
1835 1518 2176 1587 Salmasium,
2201 1520 2444 1575 Natalem
2466 1517 2728 1576 Comitem
2744 1562 2758 1584 ,
2792 1519 3066 1585 Vossium,
3094 1528 3149 1573 et
3171 1519 3237 1574 de
3264 1518 3434 1573 Mani-

317 1594 577 1655 Ctistottes,
605 1596 746 1646 fertis
764 1594 969 1646 munera
993 1594 1368 1656 vestra,1ares.
1836 1611 1846 1665 ι

1902 1629 1937 1666 ts
1963 1612 2212 1667 Servium
2244 1613 2421 1684 legere
2451 1602 2655 1682 poteris
2700 1609 2849 1684 (tom.
2878 1628 2893 1666 ι
2933 1611 3216 1680 Apparat.,
3242 1630 3293 1681 p.
3327 1611 3431 1665 557

447 1678 679 1742 (Tibull.,
700 1678 782 1731 lib.
807 1696 842 1740 ι,
864 1679 985 1745 eleg.
1012 1681 1058 1743 1,
1084 1691 1209 1731 vers.
1235 1679 1298 1730 25
1327 1679 1546 1743 etseqq.)
1838 1713 1886 1758 ει
1933 1705 1976 1760 91

1933 1705 2071 1772 995;
2102 1678 2327 1769 Girald;
2373 1678 2513 1759 Hist.
2559 1678 2726 1771 ileon,
2765 1678 3023 1774 syntagm.
3059 1703 3148 1767 i5,
3176 1678 3359 1773 p.1i80
3389 1711 3435 1757 et

217 1785 396 1858 Magna
412 1795 589 1841 tamen
603 1787 657 1841 in
675 1785 903 1858 Nigidio,
917 1787 1189 1841 aitauctor
1206 1793 1395 1841 noster
1416 1784 1512 1840 fuit
1534 1783 1604 1840 de
1630 1783 1736 1838 illis

1906 1812 1976 1867 ιιι.
2009 1812 2024 1858 ;
2056 1795 2284 1851 Salutat.
2322 1797 2377 1850 in
2419 1796 2614 1859 Solin.,
2659 1815 2711 1867 p.
2764 1797 2854 1862 64,
2896 1795 3005 1850 412
3039 1806 3086 1849 et
3139 1793 3435 1859 915;Nat.

157 1876 247 1934 diis
258 1879 485 1935 varietas
498 1889 553 1935 et
571 1879 1188 1935 inconstantia.Primum
1213 1878 1360 1935 enim
1386 1878 1618 1934 asseruit
1639 1878 1686 1931 ιιι

1904 1904 2011 1950 νιιι..
2041 1887 2078 1942 Ι.
2111 1903 2162 1942 tv
2193 1887 2442 1959 Mytltol.,
2489 1904 2536 1941 ο.
2581 1887 2628 1940 2.
2646 1897 2692 1941 et
2718 1887 2752 1941 4
2783 1902 2798 1952 ;
2837 1885 3010 1954 Vorm,
3042 1886 3081 1941 ι.
3115 1904 3130 1941 ι
3183 1886 3259 1940 de
3284 1886 3433 1958 Orig.

156 1987 264 2027 esse
284 1981 548 2028 tectorum
572 1971 960 2041 domorumque
981 1970 1252 2026 custodes.
1289 1973 1358 2025 At
1388 1969 1492 2025 hoc
1519 1968 1736 2038 quidem
1843 1987 1889 2031 ιι
1915 1976 2102 2049 Progr.
2145 1977 2299 2043 idol.,
2330 1994 2377 2033 c.
2403 1978 2492 2046 11,
2527 1996 2577 2049 p.
2611 1979 2681 2034 45
2724 1988 2771 2032 et
2819 1993 2992 2050 θαι(ιά
3026 1978 3200 2044 δεῖν..
3222 1979 3276 2033 in
3306 1977 3343 2032 Ι.
3380 1993 3440 2033 ιιι

160 2067 220 2121 ab
248 2065 436 2122 Ovidio
483 2081 799 2136 expressum
829 2065 1100 2130 vidimus;
1148 2064 1235 2120 cui
1265 2078 1456 2120 rursus
1506 2059 1742 2118 concinit
1803 2060 1807 2070 '
1844 2069 2085 2137 ﬁnem“
2113 2088 2166 2141 ρ,
2198 2069 2343 2141 166),

166 2156 239 2212 his
268 2157 442 2213 verbis
489 2156 734 2213 Tibullus
763 2175 776 2209 :
1917 2161 2060 2229 Quid
2086 2178 2236 2227 vero,
2266 2162 2474 2235 inquiet
2494 2162 2708 2232 aliquis,
2734 2162 2834 2218 sibi
2871 2163 2985 2218 vult
3005 2163 3296 2230 Arnobius,
3319 2179 3442 2219 cum

247 2272 342 2322 Sed
367 2273 510 2332 patrii
533 2279 734 2321 servate
753 2250 925 2329 Lares,
953 2270 1146 2320 aluistis
1163 2277 1217 2320 et
1236 2269 1404 2328 iidem,
1847 2255 2084 2311 ethnicis
2129 2254 2266 2311 vitio
2297 2257 2479 2319 vertit,
2509 2255 2652 2326 quod
2681 2253 2975 2310 Grundules
3003 2254 3124 2327 (Ms.
3154 2256 3325 2312 codex
3353 2269 3444 2311 re-

250 2333 572 2446 Νὲιυιξέἓὲξί
590 2341 1236 2446 ζξξὲἔοοδνὲιτὲςέὲῑξξῶξξξξ
1847 2349 1969 2420 gius
2017 2345 2321 2419 Grunulios)
2351 2346 2510 2402 Lares
2555 2350 2847 2428 adorarent
2869 2349 2891 2401 ?
2913 2348 3018 2404 Sed
3051 2350 3097 2402 is
3129 2349 3444 2404 meminisse

248 2409 352 2445 aeu
384 2409 572 2459 puaeat
594 2409 754 2457 prisco
774 2409 858 2446 vos
883 2409 996 2445 esse
1019 2409 1048 2443 a
1070 2409 1432 2457 sttpue_tacws:
1629 2438 1640 2446 ,
1849 2409 1878 2420 ν
2223 2441 2232 2450 .
2302 2409 2314 2419 ’
2367 2439 2381 2450 .
2658 2423 2663 2428 ι
2927 2441 2936 2450 .

301 2457 383 2508 δίε
402 2459 594 2508 veteris
615 2459 765 2507 sedes
798 2458 1069 2507 incoluistis
1088 2458 1185 2506 avi,
1849 2439 2014 2496 debet
2043 2455 2072 2494 a
2096 2439 2344 2510 pluribus
2360 2455 2472 2509 jam
2501 2439 2845 2494 observatum
2865 2437 3036 2494 fuisse
3061 2438 3226 2495 Lares
3248 2455 3452 2510 cogno—

494 2541 626 2606 (ιὼ,
650 2539 846 2601 ibidem,
869 2541 992 2605 eleg.
1022 2542 1241 2599 lt,vers.
1262 2541 1321 2592 15
1337 2547 1384 2591 et
1401 2540 1561 2606 seqq.)
1855 2537 2048 2591 minari
2095 2536 2411 2603 Grundnles,
2441 2535 2510 2589 ab
2540 2536 2763 2606 antiquo
2792 2537 2960 2591 verbo
2987 2539 3231 2608 grundio,
3262 2553 3327 2592 ac
3354 2554 3455 2608 po-

227 2647 428 2705 Deinde
459 2664 592 2704 vero
625 2648 763 2703 idem
787 2648 1048 2717 Nigidius,
1080 2657 1333 2703 narrante
1355 2647 1595 2702 Arnobio
1623 2649 1747 2715 (Ar-

1920 2644 1965 2682 :a
2017 2630 2263 2700 grunnio,
2297 2628 2592 2698 fanumque
2642 2627 2750 2682 illis
2801 2629 2852 2681 in
2885 2629 3154 2699 scrapltm,
3206 2645 3327 2700 qua:
3380 2630 3449 2685 30

163 2743 294 2810 ηοω,
326 2744 363 2796 ι⁸
385 2757 466 2806 ιη,
495 2760 549 2812 ρ,
577 2742 729 2811 ης),
753 2741 887 2795 δίκη
917 2741 1038 2796 mos
1062 2758 1184 2798 esse
1209 2743 1457 2807 Curetas.
1492 2743 1581 2812 qui
1615 2758 1750 2812 puc_
1855 2736 2052 2790 porcos
2109 2731 2428 2793 pepererat,
2488 2723 2811 2776 memoriam
2861 2731 3261 2781 constructum.
3295 2724 3453 2790 Quod

163 2850 271 2888 rum
311 2834 498 2890 Jovem
527 2834 888 2889 occultarunt.
939 2833 1179 2904 Denique
1209 2833 1498 2904 aliquando
1533 2833 1692 2888 tradit

1918 2812 2075 2869 tidem
2104 2817 2430 2869 auctoritate
2461 2815 2691 2884 probant
2719 2815 3013 2882 Diomedis,
3043 2816 3134 2886 qui
3168 2817 3219 2870 in
3244 2820 3447 2888 Opinio-

172 2927 264 2983 hos
290 2928 432 2999 ipsos
451 2930 620 2983 Lares
647 2943 766 2983 esse
793 2926 1035 2994 eosdem,
1052 2938 1215 2998 atque
1240 2927 1410 2982 “$03
1438 2926 1751 2982 Samothm-
1863 2910 1946 2963 nis
1983 2923 2095 2963 sua:
2151 2908 2621 2964 confirmationem
2667 2909 2911 2963 Cassium
2957 2909 3240 2964 lleminam
3270 2912 3456 2966 citavit

169 3022 295 3086 cius,
319 3022 360 3075 si
378 3036 433 3076 1e
478 3020 648 3076 ldmos
676 3020 946 3091 Dactylos,
978 3019 1046 3074 de
1077 3019 1272 3089 quibus
1300 3017 1428 3074 alibi
1457 3018 1698 3087 disputav

1922 3003 2102 3068 rnatu,
2138 3001 2176 3054 ι.
2212 3018 2250 3067 ι,
2285 3019 2339 3070 p.
2391 3001 2458 3056 15
2485 3017 2499 3065 ;
2526 2999 2792 3064 Diomed.,
2823 3001 2862 3054 Ι.
2908 3017 2944 3054 ιι
2996 3001 3059 3055 de
3085 3000 3222 3055 Dub.
3254 3003 3451 3057 verbor.

163 3127 278 3166 mus
309 3113 452 3182 (toni.
489 3127 506 3166 ι
559 3112 808 3182 Apparet.
864 3112 902 3166 l.
939 3128 1015 3178 ιιι,
1047 3111 1249 3166 dissert.
1282 3111 1338 3177 2,
1368 3129 1415 3165 ο.
1448 3110 1537 3176 i9,
1570 3121 1667 3164 art.

1928 3097 2044 3166 mir.
2077 3113 2095 3161 ;
2128 3094 2308 3162 Hem.,
2349 3095 2387 3148 l.
2419 3111 2458 3149 ιι
2501 3093 2754 3164 Histor.).
2790 3093 3005 3150 Videsis
3037 3095 3214 3150 Vossii
3243 3108 3457 3168 etymo-

167 3223 218 3275 ρ.
253 3204 386 3259 uss
414 3214 464 3258 et
492 3205 646 3273 δρψ).
679 3206 745 3257 At
775 3203 820 3258 si
849 3219 973 3257 vera
1003 3212 1087 3258 est
1114 3203 1213 3257 ista
1242 3203 1464 3257 Arnohii
1493 3203 1756 3267 narratio,
1798 3266 1832 3275 Α
1864 3189 2075 3260 ιυείοοη
2107 3189 2174 3243 ad
2208 3190 2370 3244 verba
2401 3189 2626 3259 grunnio
2654 3197 2701 3242 ει
2728 3189 3048 3260 suggrunda-

168 3266 286 3350 ltinc
311 3266 577 3366 colligitur
603 3266 870 3365 Nigidium
897 3311 963 3350 ex
995 3295 1080 3349 his
1112 3295 1278 3350 fuisse
1305 3311 1493 3361 unum,
1527 3295 1616 3366 qui
1648 3294 1697 3350 Cl

1934 3281 2201 3350 Quorsum
2228 3295 2379 3345 vero,
2411 3279 2622 3349 rogabit
2667 3280 2826 3347 alius,
2860 3281 3002 3336 inter
3025 3281 3189 3337 hosce
3214 3282 3348 3338 deos
3375 3283 3460 3338 iu-

170 3395 309 3442 retas
355 3389 422 3441 ab
472 3386 628 3442 Idais
657 3386 889 3458 Dactylis
930 3387 1354 3458 distinguebant,
1383 3403 1484 3443 nec
1510 3403 1760 3458 comper-
1864 3377 2088 3447 terjecta
2108 3391 2136 3428 a
2166 3383 2354 3429 DOSII'O
2375 3383 2598 3428 auctore
2629 3373 2908 3429 Sumtnani
2939 3373 3023 3428 dei
3054 3390 3457 3430 commemora-

173 3487 280 3533 tum
311 3479 498 3533 habuit
523 3480 610 3549 qui
642 3478 808 3534 Lares
830 3480 1050 3535 fuerint.
1865 3473 1983 3529 tio?
2008 3471 2204 3526 Facilis
2248 3470 2514 3538 obviaque
2535 3479 2618 3523 est
2645 3468 2944 3536 responsio.
2976 3468 3304 3526 Summanus
3319 3471 3464 3526 enim

242 3565 438 3620 Similis
463 3564 565 3619 fuit
597 3563 854 3620 Varronis
885 3566 1170 3621 haesitatio.
1203 3567 1368 3623 Nobis
1395 3567 1537 3622 enim
1573 3576 1761 3623 auctor
1865 3580 1959 3620 rex
2008 3562 2236 3617 Manium
2295 3576 2536 3616 sunnuus
2587 3561 2902 3614 habebatur.
2945 3561 3208 3626 Quocirca
3237 3562 3466 3630 ipsemet

173 3670 347 3714 noster
371 3659 611 3715 declarat
635 3675 756 3714 eum
799 3660 994 3716 alicubi
1041 3662 1321 3730 scripsisse
1343 3662 1464 3716 illos
1491 3677 1611 3718 esse
1652 3661 1764 3717 Ma~
1865 3650 2152 3724 Arnobius,
2185 3655 2275 3710 ubi
2325 3665 2511 3726 postea
2555 3653 2623 3710 de
2650 3654 2970 3726 Proserpina
2996 3671 3028 3709 a
3058 3657 3282 3711 Plutone
3313 3670 3466 3727 raptt

176 3767 287 3817 nes,
308 3764 361 3808 et
406 3752 528 3808 ideo
560 3762 784 3809 matrem
812 3770 997 3808 eorum
1046 3753 1299 3810 Maniam.
1334 3755 1400 3810 Et
1444 3771 1503 3810 re
1546 3756 1762 3826 quidem
1865 3751 2083 3805 disserit
2113 3767 2128 3804 :
2159 3749 2274 3803 Rea:
2299 3749 2569 3816 prosiliens
2617 3746 2873 3812 Manium,
2907 3748 3100 3817 inquit,
3134 3759 3337 3818 raptam
3363 3751 3466 3802 uir-

178 3861 302 3900 vera
333 3848 382 3899 in
407 3844 638 3915 quodam
671 3846 789 3916 ejus
824 3846 960 3901 libro
988 3846 1104 3901 lucc
1129 3845 1354 3918 legimus
1385 3847 1606 3902 totidem
1651 3847 1765 3916 ejus
1867 3843 2036 3914 ginem
2068 3858 2239 3896 secum
2265 3841 2416 3896 venit.
2451 3840 2595 3896 Alibi
2626 3840 2786 3908 hujus
2816 3840 2903 3895 ille
2931 3841 3136 3908 templi,
3168 3857 3231 3896 ac
3275 3843 3470 3899 Cicero

178 3939 334 3994 verba
367 3957 381 3994 :
410 3937 698 3994 «Videmus
727 3938 954 3993 Manium
983 3947 1208 3994 matrem
1237 3939 1763 4005 Larutn,etLuciam
1868 3935 2050 3990 fictilis
2089 3935 2206 4004 ejus
2249 3933 2543 3997 simulacri,
2578 3930 2829 3986 fecerunt
2875 3933 3226 3988 mentionem.
3263 3934 3470 3992 Plinius

179 4029 512 4088 Volumniam
538 4029 806 4087 Saliorum
847 4031 1172 4085 carminibus
1202 4031 1462 4101 appellari
1501 4051 1519 4083 ι
1555 4029 1760 4102 (Vana,
1869 4044 1998 4083 vero
2034 4027 2194 4082 docet
2236 4027 2489 4082 attributa
2545 4025 2617 4077 illi
2670 4024 2835 4080 fuisse
2882 4036 3140 4080 nocturna
3197 4028 3418 4083 fulmina
3451 4048 3465 4084 :

178 4128 216 4178 ι.
258 4142 335 4180 vtn
387 4128 448 4180 de
487 4125 642 4194 Ling.
688 4124 805 4190 lat.,
840 4142 891 4195 p.
946 4123 1091 4192 126).
1124 4121 1235 4178 Nec
1264 4123 1409 4178 illius
1438 4133 1643 4178 tantum
1672 4124 1769 4178 fuit
1870 4123 2172 4187 Tuscorum,
2199 4121 2388 4191 inquit,
2415 4119 2596 4172 littera:
2621 4136 2798 4173 novem
2829 4119 2951 4172 deos
2995 4121 3221 4174 emittere
3245 4123 3469 4189 fulmina

182 4216 296 4272 hzec
317 4217 514 4287 opinio,
539 4231 723 4271 verum
755 4216 916 4269 etiam
936 4212 1205 4280 Cecinnaz,
1232 4229 1298 4269 ex
1327 4229 1434 4285 quo
1467 4219 1581 4270 haec
1607 4217 1770 4270 refert
1871 4217 2279 4271 existimant.....
2329 4212 2550 4266 Romani
2580 4212 2708 4266 duos
2737 4222 2932 4266 tantum
2963 4229 3025 4266 ea:
3052 4215 3124 4268 eis
3174 4231 3460 4282 servavere,

183 4309 503 4364 Macrobius:
539 4327 558 4360 ι
591 4306 936 4378 Aliquamdiu
983 4307 1351 4372 observatum,
1383 4316 1441 4360 ut
1473 4323 1570 4375 pro
1609 4306 1771 4362 fami-
1872 4314 2057 4368 diurna
2112 4308 2638 4373 attribuentes-Jovi,
2676 4322 2926 4364 nocturna
2985 4313 3292 4368 Summano.
3327 4315 3462 4370 Eam

185 4403 408 4468 liarium,
437 4418 532 4457 seu
559 4400 904 4466 familiarum,
934 4400 1194 4470 sospitate
1227 4399 1375 4469 pueri
1405 4410 1770 4455 mactarentur
1872 4420 2016 4474 smpe
2045 4404 2114 4458 ob
2143 4418 2358 4458 causam
2412 4401 2644 4471 majores
2695 4400 2816 4456 huic
2841 4402 3096 4468 honores,
3127 4421 3287 4475 quam
3318 4405 3459 4471 Jovi,

187 4495 364 4551 Manis:
387 4492 523 4557 dere.
550 4495 708 4549 matri
747 4494 960 4548 Larium
997 4512 1014 4543 ι
1051 4493 1334 4566 (Macrob.,
1372 4492 1410 4546 ι.
1469 4510 1486 4546 ι
1529 4493 1767 4562 Saturn.,
1874 4507 2013 4552 teste
2032 4495 2351 4566 Augustino,
2380 4492 2583 4549 ethnici
2611 4495 2882 4564 quondam
2907 4496 3236 4551 detulerunt.
3267 4498 3463 4554 Postea

189 4603 236 4638 ε.
265 4588 309 4651 7,
341 4586 546 4657 p.207)
581 4585 718 4651 ;sed
765 4585 868 4640 hoc
918 4585 1241 4640 sacrificium
1301 4594 1487 4654 postea
1545 4589 1596 4639 iu
1623 4587 1766 4642 aliud
1878 4601 2055 4646 tamen
2089 4591 2166 4644 sic
2214 4588 2523 4643 imminutus
2569 4587 2734 4643 fuisse
2787 4591 3054 4658 perhibet,
3089 4601 3143 4645 nt
3174 4594 3266 4662 qui
3304 4595 3471 4649 Sunt-

192 4687 562 4733 commutatum
594 4692 716 4732 esse
764 4675 1052 4747 significat.
1800 4684 2022 4745 Dmani
2076 4697 2272 4736 nomen
2325 4697 2385 4736 se
2432 4681 2627 4750 lcgiSse
2679 4682 3004 4746 meminerit,
3052 4685 3140 4737 vix
3193 4687 3328 4741 ullus
3357 4703 3474 4742 am-

265 4772 449 4828 Verum
484 4771 602 4826 huic
629 4771 894 4825 sententia
942 4787 1063 4825 cum
1092 4771 1266 4826 eidem
1294 4772 1520 4828 Varroni
1551 4775 1774 4830 omnino
1884 4775 2020 4844 plius
2048 4774 2379 4828 inveniretur
2412 4774 2591 4827 homo.
2621 4772 2688 4827 At
2721 4776 2862 4828 hunc
2892 4775 3243 4831 nihilominus
3272 4779 3478 4836 ethnici

199 4881 292 4918 non
319 4865 604 4930 arrisisset,
632 4862 759 4917 alibi
792 4863 1032 4918 definivit
1066 4863 1233 4919 Lares
1262 4868 1439 4922 aerios
1465 4883 1588 4924 esse
1619 4868 1771 4935 deos,
1883 4869 2064 4928 deum,
2098 4865 2174 4918 uti
2197 4865 2369 4919 Varro
2419 4875 2665 4930 testatur,
2699 4881 2819 4920 esse
2851 4867 3223 4923 autumabant.
3261 4873 3328 4924 At
3359 4874 3480 4942 quis

202 4966 251 5010 et
274 4958 452 5012 heroas
480 4973 494 5008 :
533 4955 659 5010 alibi
707 4970 836 5009 vero
872 4956 1210 5025 antiquorum
1243 4958 1549 5029 opinionem
1599 4963 1778 5030 sequi-
1886 4961 2027 5025 inde,
2061 4971 2219 5031 atque
2248 4977 2315 5015 ex
2345 4959 2410 5015 iis
2456 4961 2727 5023 omnibus,
2761 4978 2880 5030 qua:
2909 4972 3022 5018 toto
3072 4964 3174 5020 hoc
3207 4967 3256 5020 in
3307 4972 3484 5038 capite

206 5058 298 5114 tur,
324 5061 375 5104 et
400 5065 491 5104 eos
538 5047 756 5110 Larvas,
783 5048 934 5116 quasi
964 5048 1226 5118 quosdam
1257 5051 1470 5119 genios,
1498 5061 1552 5106 et
1581 5053 1776 5108 defun-
1888 5055 2161 5124 disputata
2213 5065 2380 5119 sunt,
2439 5055 2692 5110 facillime
2758 5071 2861 5110 non
2918 5058 3182 5130 intelligat
3239 5064 3487 5122 ethnicos

207 5149 395 5196 ctorum
423 5143 630 5196 animas
675 5137 838 5193 fuisse
883 5140 1213 5208 pronuntiat.
1239 5141 1323 5196 Ab
1369 5145 1666 5213 Augustino
1688 5162 1780 5200 au-
1892 5149 2022 5202 nihil
2051 5149 2120 5204 de
2151 5148 2398 5215 Laribus,
2446 5148 2759 5212 Penatibus,
2808 5149 3209 5222 Noveusuhbus,
3258 5157 3486 5227 aliisque

212 5242 304 5287 tem
331 5233 582 5289 discimus
609 5231 903 5296 Plotinum,
930 5232 1018 5300 qui
1043 5232 1322 5288 Plutonem
1366 5236 1576 5290 caeteris
1601 5239 1783 5292 excel-
1891 5241 1994 5295 diis
2025 5242 2278 5297 habuisSc
2308 5253 2516 5296 certum
2550 5253 2602 5296 et
2651 5243 3027 5312 exploratum?
3055 5245 3185 5313 Quis
3237 5266 3367 5319 ergo
3394 5267 3489 5306 eos

212 5322 390 5380 lentius
439 5325 777 5380 intellexisse
828 5322 1014 5389 fertur,
1064 5323 1313 5380 docuisse
1345 5325 1621 5382 du‘mones
1667 5343 1787 5384 esse
1897 5336 2054 5406 plane
2077 5335 2240 5390 falsos
2267 5334 2775 5405 commentitiosque
2815 5353 2935 5391 esse
2978 5338 3334 5394 diffitebitur?
3363 5345 3490 5414 (Ar-

215 5415 472 5472 ltominum
526 5417 754 5484 animas,
805 5427 966 5486 atque
1012 5432 1077 5471 ex
1125 5418 1318 5474 iisdem
1378 5419 1707 5489 hominibus,
1745 5423 1789 5477 si
1899 5430 2040 5493 nob.,
2076 5429 2112 5482 l.
2149 5444 2226 5494 lll,
2253 5448 2303 5499 p.
2336 5429 2476 5493 125;
2521 5425 2699 5494 Varia,
2728 5429 2764 5481 ι.
2803 5445 2856 5482 tv
2911 5433 2972 5482 de
3015 5429 3163 5500 Ling.
3197 5432 3388 5502 lat.,p.
3427 5437 3493 5489 18

216 5513 342 5567 bene
389 5512 701 5575 meruerint,
736 5511 847 5565 fieri
891 5510 1175 5577 Lares;.si
1231 5513 1390 5577 male.
1428 5516 1723 5580 Lemures;

1997 5521 2353 5586 19;Λιήοὺ.,
2389 5520 2426 5572 ι.
2459 5536 2511 5586 v,
2541 5540 2592 5590 p.
2626 5522 2730 5576 175
2777 5533 2821 5573 at
2877 5522 3014 5588 185,
3070 5524 3106 5575 Ι.
3141 5540 3216 5587 γι,
3273 5545 3323 5594 p.
3360 5527 3495 5592 19l;

219 5604 460 5660 incertum
496 5605 624 5676 quid
655 5617 1011 5672 mererentur,
1043 5606 1224 5663 Manes
1248 5609 1477 5667 evadere
1525 5610 1790 5682 (Angust.,
1904 5612 2035 5679 Cic.,
2061 5614 2149 5668 lib.
2200 5630 2215 5666 ι
2251 5614 2313 5667 de
2345 5611 2602 5676 Divinat.,
2635 5630 2686 5677 ρ.
2731 5612 2858 5674 257,
2891 5613 2982 5668 lin.
3017 5608 3123 5678 ll";
3161 5614 3328 5680 Plin.,
3373 5619 3409 5670 ι.
3466 5636 3499 5673 ιι

220 5700 253 5752 l.
284 5718 333 5756 IX
351 5703 411 5754 de
439 5700 610 5768 cura,
636 5718 682 5757 ε.
715 5701 799 5765 l0,
830 5721 880 5771 p.
912 5701 1063 5773 seu).

1974 5721 2102 5763 atnr.
2134 5712 2276 5777 Itist.,
2320 5727 2368 5763 c.
2404 5689 2496 5773 Pri,
2525 5727 2579 5777 p.
2614 5708 2721 5762 ς206
2753 5724 2766 5769 ;
2805 5708 3051 5776 Angust.,
3078 5710 3115 5761 ι.
3149 5727 3195 5762 tv
3239 5713 3299 5764 de
3325 5711 3503 5782 Cirin,

291 5793 538 5863 Apuleius
569 5809 806 5864 quoque,
839 5795 924 5847 ubi
957 5795 1024 5849 de
1051 5797 1292 5852 Socratis
1315 5797 1414 5854 deo
1429 5808 1481 5853 et
1508 5800 1657 5853 vario
1683 5798 1796 5854 dm-
1904 5819 1952 5854 c.
1980 5802 2073 5868 95,
2096 5820 2148 5872 p.
2173 5800 2323 5871 105.)

225 5902 427 5944 menum
459 5901 658 5956 genere
712 5884 944 5955 disputat
972 5885 1219 5958 (Apulei,
1253 5890 1314 5943 de
1349 5889 1454 5944 Deo
1505 5889 1711 5947 Socrat.
1745 5911 1796 5960 ν.
1911 5936 1913 5940 .
1981 5895 2091 5952 Sed
2144 5904 2298 5958 urget
2334 5895 2644 5961 Arnobius,
2698 5896 2948 5962 huncquc
3000 5907 3409 5967 argumentatur
3464 5904 3518 5960 in

817 5979 1087 6040 PATROL.
1135 5981 1188 6038 ν
2977 5987 3052 6049 19
