3872 6376
495 384 599 442 587

1745 370 2200 433 DISSEBTATIO
2231 371 2511 432 Pii/EVM
3640 382 3712 441 388

490 497 708 553 modum
731 496 759 550 τ’
778 494 1015 569 (Arnob.,
1053 495 1090 548 ι.
1120 507 1199 559 ιιι,
1230 508 1282 562 p.
1308 492 1455 563 £23.)
1480 490 1732 561 Quisquis
1760 492 1921 547 alicui
1950 504 2075 559 sup-
2102 487 2157 549 Α
2180 491 2291 547 ris:
2323 492 2460 548 alter
2508 490 2802 562 Hiperionc
2828 508 2842 546 :
2879 491 3069 547 tertius
3097 493 3340 551 Vulcano
3383 494 3492 552 Nili
3536 496 3709 556 ﬁlio.....

489 592 655 660 plicat
697 589 823 656 deo,
851 588 939 644 vel
981 586 1097 657 ejus
1146 586 1396 656 implorat
1446 584 1726 651 auxilium,
1772 585 1858 641 vel
1891 583 2077 638 morbo

495 685 676 752 aliquo
705 698 765 736 sc
791 681 861 735 ab
892 680 984 735 illo
1015 678 1181 734 levari
1213 678 1369 747 plane
1400 678 1652 746 postulat,
1686 678 1731 732 is
1761 679 1901 733 scire
1930 678 2077 743 prius

500 778 682 842 debet,
704 778 825 845 quis
862 775 953 829 ille
982 774 1112 828 deus
1143 772 1228 835 sit,
1262 780 1315 825 et
1346 779 1521 825 utrum
1549 771 1617 827 ab
1642 770 1863 837 illo,aut
1888 773 1957 827 ab
1974 771 2080 826 alio

507 867 676 936 possit
701 882 787 927 ea.
821 881 941 935 quae
964 871 1133 934 rogat,
1160 864 1468 932 impetrare.
1497 861 1609 917 Nec
1629 863 1805 916 minus
1828 864 1927 932 ipsi
1960 878 2079 932 per-

493 963 737 1028 spicuum
769 974 889 1013 esse
914 957 1075 1013 debet
1103 957 1296 1026 quibus
1342 956 1522 1010 verbis
1550 956 1600 1011 ei
1644 954 2077 1025 supplicandum.

500 1070 677 1124 quove
724 1050 1131 1106 sacrificandum
1164 1050 1291 1103 ritu.
1335 1050 1495 1118 Atqui
1546 1065 1669 1103 cum
1703 1057 1846 1103 tanta
1893 1050 1962 1103 sit
2015 1048 2082 1105 de

495 1162 604 1199 uno
630 1144 733 1197 deo
780 1142 1092 1212 Opinionum
1142 1141 1377 1195 varietas
1403 1150 1458 1196 et
1491 1141 1867 1210 repugnantia,
1902 1141 2082 1195 nullus

493 1237 735 1306 profecto
785 1235 837 1289 id
876 1234 1018 1290 scire
1074 1250 1329 1304 umquam
1378 1234 1692 1303 potest.Qui
1727 1250 1855 1301 ergo
1898 1235 1949 1287 in
1982 1234 2083 1288 hac

490 1328 827 1400 ignoratione
853 1334 1119 1388 versatur,
1146 1326 1237 1380 ille
1270 1336 1475 1381 temere
1514 1325 1674 1380 deum
1718 1327 1973 1395 aliquem,
2003 1335 2084 1377 at—

489 1436 595 1487 que
622 1435 787 1475 unum
836 1433 980 1487 saepe
1015 1419 1212 1485 saepius
1260 1432 1361 1486 pro
1409 1418 1538 1484 alio,
1583 1416 1931 1473 Summanum
1983 1432 2083 1487 pro

488 1513 646 1575 Jano,
676 1511 982 1581 Neptunum
1015 1525 1112 1579 pro
1142 1510 1410 1579 Apolline,
1445 1525 1542 1580 pro
1578 1510 1802 1564 Laribus
1834 1510 2080 1578 Curetes,

489 1613 583 1657 aut
604 1603 835 1657 Penates
867 1602 1157 1657 invocabit.
1189 1602 1416 1656 Tantum
1456 1603 1615 1672 igitur
1632 1602 1806 1668 abest,
1837 1610 1894 1654 ut
1919 1603 2086 1683 sacri-

492 1694 649 1759 liciis,
698 1704 752 1747 et
793 1694 1041 1763 precibus
1084 1709 1167 1757 ea,
1213 1710 1332 1764 qua:
1374 1695 1440 1747 ab
1472 1694 1565 1747 illo
1608 1696 1757 1763 petit,
1814 1705 2002 1750 exoret
2029 1706 2085 1751 et

490 1797 850 1856 consequatur
879 1802 893 1849 ;
922 1796 981 1840 ut
1030 1787 1331 1840 obstructas
1370 1787 1751 1856 obturatasque
1780 1802 1940 1843 aures
1965 1788 2084 1857 ejus

2180 594 2404 651 quartus
2430 586 2495 651 is,
2513 597 2674 654 quem
2700 583 2931 640 heroicis
2961 586 3299 656 temporibus
3327 589 3565 645 Aehanto
3584 590 3713 649 Rhodi

2180 680 2454 748 peperisse
2506 677 2725 743 dicitur,
2773 694 2930 733 avum
2968 678 3179 750 Jalysi,
3232 678 3435 735 Camiri
3483 693 3535 738 et
3561 683 3712 740 Lindi:

2180 770 2525 841 quintus,qui
2551 768 2767 825 Colchis
2782 767 2951 827 fertur
2978 771 3188 828 A‘Zetam
3215 788 3272 829 et
3299 774 3491 831 Circen
3522 793 3715 844 procrea-

2180 868 2323 921 visse
2357 884 2377 915 ι
2428 863 2643 937 (Cicer.,
2673 864 2711 919 ι.
2760 881 2818 921 ιιι
2864 867 2929 919 de
2975 865 3166 921 Natur.
3198 868 3368 934 deor.,
3421 886 3475 938 ρ.
3512 869 3621 935 247,
3648 873 3716 926 tiu.

2183 959 2298 1026 45).
2332 956 2513 1027 Neque
2542 958 2767 1028 ohjicias
2795 958 3091 1015 Arnobium
3120 961 3190 1015 ibi
3247 963 3519 1032 paululum
3548 980 3576 1019 a
3605 965 3719 1020 Cice-

2182 1064 2313 1103 rone
2345 1049 2582 1104 variasse
2607 1064 2621 1113 ;
2646 1049 2842 1119 quippe
2881 1051 2971 1120 qui
3000 1054 3294 1109 secundum
3342 1054 3523 1112 Solem
3548 1072 3606 1112 ex
3623 1056 3719 1111 Jove

2183 1148 2236 1193 et
2268 1139 2588 1209 lliperione,
2644 1138 2835 1196 Cicero
2879 1157 3010 1197 vero
3064 1160 3131 1199 ex
3175 1145 3467 1216 Hiperione
3495 1149 3720 1205 dumtaxat

2184 1238 2367 1285 natum
2392 1232 2604 1289 dixerit
2617 1232 2748 1287 Nam
2777 1235 2987 1289 tametsi
3018 1237 3338 1306 responderi
3372 1240 3537 1309 possit
3564 1240 3718 1296 lectum

2183 1328 2413 1383 fortasse
2442 1329 2510 1383 ab
2540 1330 2780 1384 Arnobio
2808 1331 2860 1385 in
2889 1330 3169 1387 Ciceronis
3197 1341 3348 1389 textu
3376 1349 3563 1391 nomen
3589 1336 3717 1397 Jovis,

2184 1436 2246 1475 ea
2285 1420 2559 1475 levissima
2592 1420 2980 1491 discrepantia,
3012 1440 3112 1494 qua
3144 1424 3337 1481 Cicero
3365 1428 3613 1497 Apollinis
3636 1438 3722 1483 tan.

2192 1522 2301 1565 tum
2344 1522 2592 1578 matrem,
2623 1524 2677 1566 et
2708 1513 2982 1570 Arnobius
3008 1523 3211 1584 patrem
3262 1526 3319 1571 et
3347 1528 3565 1573 matrem
3592 1520 3725 1573 nomi-

2187 1615 2299 1666 nat,
2331 1605 2462 1659 nulli
2504 1605 2853 1674 persuadebit
2892 1606 3031 1662 hunc
3057 1607 3336 1664 Ciceronis
3364 1609 3535 1666 locum
3560 1612 3618 1667 ab
3646 1615 3723 1665 Ar-

2187 1698 2349 1751 nobio
2378 1713 2483 1751 non
2516 1698 2684 1755 fuisse
2705 1699 3074 1769 compilatum.

2260 1790 2488 1861 Urgebis
2513 1799 2759 1860 quartum
2791 1791 2973 1852 Solem
3001 1794 3070 1847 ab
3099 1795 3337 1850 Arnobio
3355 1795 3518 1869 Jalysi
3538 1805 3720 1865 patrem,

495 1878 751 1941 inveniat,
803 1887 892 1931 aut
940 1877 991 1931 in
1048 1878 1191 1931 iHins
1245 1879 1480 1933 incurrat
1530 1879 1884 1935 offensionem
1912 1890 2076 1950 atque
2106 1866 2154 1927 B
2180 1895 2234 1938 et
2262 1898 2291 1936 a
2321 1881 2583 1939 Cicerone
2635 1900 2792 1940 avum
2836 1887 3039 1942 vocari.
3071 1889 3137 1941 At
3168 1890 3425 1959 numquid
3474 1890 3625 1960 patris
3649 1905 3721 1943 no-

488 1968 688 2023 odium.

1048 2094 1344 2135 ARTICULUS
1384 2097 1454 2135 IV.

481 2192 808 2260 Pet-penditur
830 2192 957 2241 aliud
980 2193 1187 2260 Arnobii
1203 2202 1370 2244 contra
1410 2199 1633 2259 gentium
1658 2198 1779 2247 deos
1808 2210 2074 2260 argumen-

542 2263 663 2311 tum,
689 2256 888 2320 ductum
905 2269 967 2304 ex
982 2256 1302 2320 multiplicato
1314 2256 1599 2307 eorumdem
1615 2260 1820 2309 deorum
1846 2256 2071 2320 n'umero,

546 2320 701 2382 tribus
728 2317 960 2382 videlicet
983 2317 1207 2382 Jovibus.
1231 2322 1449 2382 quinque
1473 2321 1687 2377 Solibus,
1720 2323 1922 2372 totidem
1948 2317 2077 2373 Mer-

543 2381 693 2427 curiis
715 2392 771 2427 ac
798 2379 1048 2439 Minervis,
1076 2387 1283 2441 quatuor
1326 2379 1573 2441 Vit‘lcauis,
1622 2386 1781 2433 tribus
1817 2383 1983 2435 Dianis
2023 2394 2077 2436 et

539 2440 846 2501 Alsculapiis,
871 2454 961 2506 sex
987 2440 1304 2503 Herculibus,
1342 2440 1597 2506 tribusque
1622 2445 1873 2496 Castorum
1894 2456 1945 2497 et
1965 2448 2071 2499 Mu-

538 2517 703 2552 sarum
722 2504 1009 2566 generibus.

551 2634 721 2701 Quam
752 2632 868 2686 falsi
917 2634 1025 2687 sint
1050 2634 1323 2703 gentilium
1358 2636 1429 2689 dii
1461 2638 1865 2695 evidentissimc
1894 2641 2069 2698 adhuc

486 2726 679 2793 probat
700 2723 837 2778 facta
868 2740 976 2778 non
1017 2726 1194 2779 solum
1225 2726 1291 2779 ab
1318 2727 1578 2793 imperitis
1611 2731 1953 2799 quibusdam,
1973 2736 2065 2789 sed

481 2818 549 2871 ab
588 2817 821 2886 antiquis
850 2817 1010 2871 etiam
1065 2833 1129 2871 ac
1170 2820 1513 2886 peritioribus
1562 2822 1772 2877 illorum
1804 2824 2067 2895 theologis

477 2912 634 2963 unius
664 2909 1010 2980 ejusdemque
1053 2910 1137 2965 dei
1170 2912 1565 2981 multiplicatio.
1607 2915 1712 2971 Sed
1763 2918 1949 2973 audias
1976 2936 2067 2974 ve-

477 3007 569 3059 lim
610 3006 881 3075 quomodo
923 3006 1193 3060 Arnobius
1236 3008 1337 3062 hoc
1386 3010 1718 3068 demonstret
1750 3032 1855 3070 non
1888 3018 2064 3072 mino-

475 3113 593 3149 rum
624 3097 864 3166 quidem,
916 3099 1011 3149 sed
1041 3097 1305 3165 majorum
1348 3116 1582 3171 quoque,
1615 3107 1688 3157 uti
1718 3105 2061 3174 jactitabant,

471 3191 692 3243 deorum
734 3190 1019 3257 exemplis.
1058 3190 1148 3244 Sic
1194 3199 1371 3245 autem
1407 3192 1494 3247 illc
1526 3212 1538 3245 :
1570 3213 1587 3244 ‹
1619 3196 1784 3249 Aiunt
1828 3197 2060 3269 theologi

470 3283 655 3346 vestri,
675 3292 726 3335 et
755 3282 1032 3335 vetustatis
1055 3282 1382 3336 abscondita:
1406 3285 1733 3349 conditores,
1753 3299 1861 3344 tres
1890 3290 1940 3343 in
1972 3306 2056 3344 re-

469 3392 585 3427 rum
622 3383 807 3427 natura
840 3373 1001 3427 Joves
1033 3388 1173 3435 esse,
1226 3389 1292 3428 ex
1324 3375 1517 3443 quibus
1550 3393 1686 3430 unus
1730 3379 1958 3436 Ethere
1989 3384 2059 3436 sit

468 3481 621 3539 patre
655 3468 988 3538 progenitus.
1016 3468 1153 3522 alter
1178 3469 1336 3529 cmlo,
1390 3471 1578 3525 tertius
1626 3487 1754 3525 vero
1800 3474 2051 3540 Saturno,

465 3564 602 3633 apud
634 3562 861 3615 insulam
914 3561 1148 3623 Cretam,
1180 3571 1235 3615 et
1267 3564 1557 3631 sepultura:
1588 3564 1815 3619 traditus
1844 3576 1899 3621 et
1932 3586 2057 3636 pro-

462 3670 674 3713 creatus
713 3678 731 3709 ι
768 3656 1007 3728 (Arnob,
1040 3658 1077 3709 Ι.
1137 3657 1178 3719 ἲ,
1212 3675 1262 3724 ῃ.
1297 3658 1443 3725 ιῦὅ).
1479 3657 1557 3710 Ex
1584 3656 1845 3713 Cicerone
1876 3670 2053 3715 autem

467 3749 658 3803 istlttec
696 3748 947 3816 decerpta
990 3748 1152 3798 fuisse
1188 3746 1317 3799 satis
1350 3747 1578 3815 probant
1619 3748 1733 3803 lure
1760 3751 1870 3818 ipsa
1903 3753 2053 3807 latini

463 3840 707 3893 Oratoris
734 3837 896 3892 verba
933 3854 945 3889 :
984 3855 1001 3885 ‹
1033 3836 1303 3903 Principio
1336 3836 1491 3891 loves
1522 3848 1632 3893 tres
1664 3854 1948 3897 munerant
1994 3847 2051 3911 ii,

464 3934 555 4001 qni
608 3932 843 4001 theologi
894 3929 1282 3992 nominantur;
1317 3946 1382 3983 ex
1410 3933 1603 3999 quibus
1636 3936 1862 4004 primmn
1886 3946 1941 3992 ct
1970 3952 2055 3993 se-

460 4025 692 4081 cundum
723 4032 879 4077 natos
902 4022 954 4074 in
987 4021 1237 4081 Arcadia.
1266 4022 1494 4076 alterum
1526 4036 1675 4093 patre
1706 4028 2048 4087 Emere...”

460 4122 688 4176 alterum
719 4127 873 4186 patre
903 4115 1172 4170 (ληίου...
1205 4117 1421 4169 tertium
1470 4117 1783 4175 Cretensem
1832 4123 2051 4178 Saturni

460 4215 645 4275 filium,
680 4210 836 4279 cujus
892 4210 942 4261 in
998 4208 1170 4261 insula
1224 4208 1312 4263 illa
1356 4210 1663 4279 sepulcrum
1696 4216 1996 4269 ostenditur
2026 4236 2044 4268 ι

462 4307 669 4379 (Cicera,
702 4305 740 4357 ι.
798 4318 849 4356 ιιι
885 4302 947 4353 de
980 4299 1172 4352 Natur.
1224 4301 1393 4364 deor.,
1441 4320 1495 4370 p.
1544 4301 1795 4365 947,11'11.
1849 4308 2053 4375 54).At

462 4411 759 4466 grzecorum
786 4403 1027 4448 veterum
1057 4409 1117 4447 ea
1149 4391 1313 4445 fuisse
1355 4406 1665 4449 commenta
1697 4413 1761 4450 ex
1806 4401 2047 4466 superio-

459 4493 611 4546 ribus
636 4488 914 4544 Ciceronis
960 4486 1139 4540 verbis
1180 4486 1335 4541 facile
1392 4488 1571 4558 colligi
1613 4499 1828 4558 potest:
1869 4512 1885 4543 ι
1918 4494 2047 4547 Nam

2182 1978 2347 2044 mine,
2406 1994 2537 2033 avus
2576 1995 2863 2049 numquam
2911 1980 3198 2051 signiﬁcori
3230 1984 3447 2053 potest?
3471 1982 3610 2051 Quod
3636 1993 3725 2036 tan-

2183 2070 2305 2124 dem
2334 2071 2557 2140 quintus
2586 2070 2676 2127 Sol
2712 2089 2741 2127 a
2769 2074 3031 2129 Cicerone
3084 2074 3260 2131 .‘Eeta:
3302 2087 3355 2131 et
3384 2075 3579 2141 Circes,
3607 2076 3727 2131 etab

2180 2164 2419 2218 Aruobio
2449 2164 2686 2234 Scythici
2728 2167 2868 2235 regis
2896 2176 2949 2221 et
2978 2166 3149 2222 Circa:
3178 2168 3319 2223 filius
3349 2169 3573 2236 dicatur,
3598 2168 3726 2223 ambo

2181 2258 2361 2312 verbis
2394 2266 2600 2311 tantum
2633 2260 2977 2315 dissentiunt.
3002 2261 3139 2328 Quid
3187 2265 3331 2317 enim
3363 2273 3505 2319 vetat
3556 2264 3727 2334 quomi-

2178 2365 2275 2403 nus
2316 2350 2555 2419 Scytbici
2601 2352 2742 2421 regis
2789 2354 3006 2409 nomine
3052 2353 3239 2410 [Eetas
3284 2354 3728 2426 Colchorum,qui

2181 2427 2402 2511 Scythis
2429 2443 2559 2495 olim
2592 2446 3037 2512 aceensebantur,
3066 2462 3163 2502 rex
3187 2448 3552 2518 intelligatur?

2248 2536 2302 2588 In
2333 2535 2553 2590 dubium
2582 2547 2761 2592 autem
2806 2541 2981 2593 nullus
3016 2556 3268 2610 umquam
3296 2544 3531 2607 vocabit,
3553 2559 3659 2613 qua:
3674 2541 3727 2596 de

2172 2629 2409 2696 quinque
2435 2628 2715 2685 Mercuriis
2746 2631 3021 2703 subjungit
3052 2633 3344 2697 Arnobius,
3375 2650 3439 2690 ea
3469 2651 3533 2690 ex
3565 2634 3727 2690 eodem

2172 2720 2432 2775 Cicerone
2483 2720 2648 2776 fuisse
2703 2722 2959 2778 delibata.
2992 2725 3118 2779 Sola
3171 2725 3438 2796 siquidem
3470 2727 3727 2781 verborum

2170 2817 2463 2885 descriptio
2508 2817 3002 2872 manifestissimum
3051 2818 3179 2872 illud
3210 2820 3462 2875 omnibus
3489 2820 3622 2875 facit.
3647 2820 3728 2875 Ar-

2171 2907 2313 2962 nobii
2360 2916 2536 2962 autem
2572 2908 2686 2962 haec
2732 2919 2861 2963 sunt
2893 2930 2906 2962 :
2946 2928 2965 2958 ι
3002 2910 3295 2965 Mercurius
3321 2913 3544 2982 primus,
3580 2912 3727 2981 quiin

2171 2997 2552 3068 Proserpinam
2586 3000 2782 3054 dicitur
2806 3002 3130 3069 genitalibus
3169 3001 3535 3058 adhinnivisse
3562 3005 3726 3058 subre-

2168 3090 2290 3155 etis,
2325 3092 2562 3160 supremi
2589 3091 2874 3160 progenies
2903 3092 3040 3146 Caeli
3068 3102 3172 3146 est.
3198 3092 3311 3148 Sub
3335 3103 3478 3149 terra
3497 3102 3576 3149 est
3592 3093 3723 3153 alter,

2166 3182 2507 3251 Tr0phonius
2529 3184 2617 3252 qui
2662 3199 2782 3238 esse
2806 3187 3058 3252 jactatur.
3091 3184 3227 3240 Maia
3262 3187 3454 3241 tertius
3481 3194 3657 3251 matre,
3686 3192 3729 3239 et

2162 3274 2293 3330 Jove
2350 3286 2661 3345 procreatus
2711 3279 2890 3333 tertio.
2946 3278 3178 3345 Quartus
3235 3282 3453 3335 soboles
3502 3280 3598 3335 Nili
3639 3289 3725 3343 est,

2167 3369 2320 3438 Cujus
2349 3385 2544 3424 nomen
2578 3370 2824 3441 .‘Egyptia
2862 3386 2994 3441 gens
3024 3371 3207 3426 horret
3236 3382 3291 3427 et
3336 3382 3609 3429 reveretur
3645 3387 3725 3426 ex-

2162 3478 2429 3533 promere.
2456 3463 2684 3529 Quintus
2714 3465 2840 3533 Argi
2878 3475 2959 3519 est
2989 3466 3364 3534 interemptor,
3400 3465 3637 3535 fugitivus
3660 3474 3725 3517 at-

2163 3571 2267 3623 que
2297 3556 2467 3621 exsul,
2500 3568 2554 3610 et
2611 3557 2853 3626 proditor
2902 3559 3040 3628 apud
3072 3558 3364 3631 {Egyptum
3399 3563 3675 3616 litterarum
3702 3578 3718 3610 ι

2161 3649 2402 3718 (Ανηοὸ.,
2437 3650 2476 3703 Ι.
2511 3666 2583 3712 tv,
2618 3668 2671 3719 p.
2707 3650 2854 3722 155).
2882 3652 3071 3707 Cicero
3104 3670 3230 3708 vero
3253 3655 3399 3710 hunc
3435 3656 3655 3726 loquitur
3680 3655 3721 3707 in

2160 3743 2376 3796 modum
2409 3762 2422 3796 :
2456 3742 2754 3798 Mercurius
2783 3761 2919 3799 unus
2962 3748 3112 3803 Caelo
3146 3757 3315 3817 patre,
3344 3750 3439 3804 Die
3467 3759 3627 3805 matre
3643 3762 3722 3802 na-

2160 3846 2261 3891 tus.
2290 3835 2444 3901 cujus
2473 3835 2762 3891 obscenius
2790 3839 3024 3891 excitata
3077 3850 3266 3894 natura
3299 3841 3552 3904 traditur;
3595 3838 3722 3911 quod

2157 3936 2376 3995 aspectu
2434 3927 2773 3997 Proserpina:
2818 3939 3121 3986 commotus
3186 3934 3275 3986 sit.
3326 3933 3477 3988 Alter
3506 3933 3721 3987 Valentis

2157 4030 2209 4075 et
2237 4021 2588 4075 Pbronoridis
2621 4021 2781 4084 filius,
2817 4024 2862 4076 is
2889 4024 2978 4093 qui
3008 4025 3108 4079 sub
3140 4025 3300 4079 terris
3328 4026 3571 4093 habetur,
3594 4026 3717 4080 idem

2158 4112 2526 4180 Trotihonius.
2571 4114 2783 4181 Tertius
2839 4114 2971 4170 Jove
3030 4117 3185 4171 tertio
3214 4126 3372 4173 natus
3407 4127 3461 4173 et
3488 4118 3717 4173 Maia.....

2156 4205 2388 4270 Quartus
2417 4205 2535 4258 Nilo
2563 4216 2732 4274 pitrc,
2760 4220 2919 4274 quem
2954 4203 3190 4276 [Egyptii
3238 4206 3391 4262 nefas
3416 4208 3606 4263 habent
3631 4223 3717 4261 no-

2157 4298 2380 4352 minare.
2408 4298 2656 4363 Quintus,
2687 4314 2844 4367 quem
2869 4300 3052 4353 colunt
3085 4301 3391 4367 PitCn'.‘t'.-‘C,
3417 4303 3505 4372 qui
3536 4304 3717 4369 Argum

2154 4390 2350 4443 dicitur
2377 4392 2733 4451 interemisse.
2756 4391 2825 4445 ob
2846 4407 3072 4461 eamque
3095 4408 3311 4447 causam
3339 4392 3569 4463 {Egypto
3592 4405 3713 4461 prte-

2164 4482 2352 4547 fuisse,
2400 4494 2559 4553 atque
2587 4483 2854 4554 [Egyptiis
2900 4485 3044 4554 leges
3070 4493 3124 4539 et
3153 4486 3358 4540 litteras
3389 4473 3661 4541 tradidisse
3694 4502 3709 4534 ι

458 4584 619 4639 Joch
662 4593 876 4651 quoque
932 4579 1133 4647 plureS.
1177 4579 1249 4631 ait
1296 4580 1403 4645 illc,
1436 4582 1487 4635 in
1518 4583 1707 4663 priscis
1748 4601 2045 4653 grzeeorum
2071 4623 2126 4682 Β
2153 4573 2363 4646 (Civem,
2393 4574 2424 4627 Ι.
2463 4592 2517 4629 ιιι
2560 4577 2622 4629 de
2653 4574 2845 4628 Natur.
2873 4580 3042 4642 deor.,
3092 4596 3144 4647 p.
3175 4577 3302 4644 248,
3332 4578 3430 4633 fin.
3461 4578 3535 4649 4).
3566 4576 3712 4633 Vides

462 4674 657 4729 litteris
702 4670 1006 4725 invenimus
1044 4688 1063 4720 ι
1122 4668 1305 4732 (Ibid.,
1352 4690 1404 4741 p.
1457 4662 1739 4735 9.45,!in.
1791 4676 1905 4748 45).
1940 4678 2049 4733 Nos

458 4784 589 4825 vero
609 4767 675 4820 de
718 4764 863 4818 hisce
916 4770 1077 4830 atque
1123 4761 1240 4814 aliis
1292 4764 1463 4818 adhuc
1497 4764 1719 4821 Jovibus
1758 4767 1886 4822 alibi
1931 4772 2048 4841 egi.

460 4877 579 4917 mus
605 4860 752 4929 (tom.
780 4872 794 4909 ι
825 4856 1101 4923 Apparat.,
1135 4870 1187 4920 ι).
1215 4852 1362 4922 752).

528 4957 662 5011 Tum
710 4950 901 5005 deinde
933 4946 1201 5001 Arnobius
1248 4946 1433 5015 objicit
1462 4950 1696 5019 quinque
1739 4954 1806 5007 ab
1852 4954 2040 5012 iisdem

456 5052 686 5111 ethnicis
712 5046 865 5102 Soles
905 5041 1150 5111 Produci,
1182 5056 1409 5109 quorum
1448 5060 1465 5092 ι
1508 5044 1731 5112 primus,
1757 5046 1925 5114 Jovis,
1961 5052 2041 5104 in-

455 5150 587 5221 quit,
620 5143 758 5197 filius
805 5138 1023 5201 dicitur,
1056 5146 1108 5189 et
1139 5134 1378 5188 fEtberis
1438 5134 1663 5191 habetur
1695 5156 1861 5209 nepos
1890 5160 1903 5207 ;
1952 5159 2037 5199 se-

454 5242 669 5300 cundus
723 5249 879 5303 atque
942 5230 1089 5284 Jovis
1142 5228 1304 5293 filius,
1354 5235 1409 5282 et
1463 5227 1745 5297 Ηίρετίυητ,
1796 5235 2037 5302 proditus

452 5336 751 5409 genitrice:
789 5328 978 5383 tertius
1000 5323 1263 5388 Vulcano,
1285 5337 1389 5375 non
1419 5320 1665 5388 Lemnio,
1696 5327 1788 5379 sed
1821 5327 1922 5381 Nili
1946 5332 2037 5399 qui

448 5429 610 5486 fuerit
643 5423 784 5478 mins
812 5437 826 5485 ;
858 5426 1078 5487 quartus
1126 5413 1289 5484 Ialysi
1344 5423 1515 5482 pater,
1550 5432 1705 5482 quem
1738 5418 1909 5473 llltmli
1943 5437 2037 5490 pe-

445 5526 586 5596 perit
607 5515 840 5575 heroicis
866 5510 1197 5576 temporibus
1229 5508 1473 5561 Acbanto
1510 5524 1521 5557 :
1554 5509 1769 5576 quintus
1793 5512 2029 5584 Scythici

442 5620 599 5685 regis.
629 5623 682 5668 cl
712 5605 1010 5675 νυνδῖεηιιιίε
1045 5603 1266 5656 habetur
1294 5601 1495 5654 Circaei
1525 5602 1765 5667 (.lrnoln,
1801 5607 1893 5658 [λιν
1929 5651 1942 5671 ,
1970 5628 2023 5676 p.

444 5714 589 5781 1'55).
624 5712 690 5764 At
733 5707 847 5759 lure
903 5702 1063 5753 «tiam
1112 5698 1294 5749 hausta
1353 5706 1475 5748 sunt
1519 5711 1581 5749 ex
1632 5698 2024 5771 Ciceroneqni

440 5813 582 5878 prius
637 5806 886 5860 ὤχει-ηις
928 5816 944 5846 ι
985 5794 1140 5850 εμιρς
1175 5792 1271 5857 ipsi
1306 5805 1462 5859 quam
1518 5793 1670 5843 multi
1702 5810 1730 5845 a
1759 5795 2018 5866 theologis

437 5901 800 5970 proferuntur.
836 5893 983 5947 Unus
1039 5903 1222 5945 eorum
1256 5886 1388 5939 .love
1418 5896 1595 5953 natus,
1640 5902 1804 5956 nepos
1830 5889 2011 5944 {Ethe—

2152 4685 2280 4724 sane
2324 4670 2439 4723 hmo
2490 4670 2838 4737 proculdubio
2879 4672 2946 4725 ab
2992 4686 3058 4723 au
3099 4681 3131 4719 ιι
3159 4687 3213 4725 re
3241 4683 3427 4727 nostro
3453 4672 3711 4740 desumpta

2151 4766 2336 4825 fuisse,
2367 4779 2484 4832 quae
2513 4766 2625 4817 suis
2651 4764 2852 4830 verbis,
2886 4773 2941 4819 et
2984 4764 3059 4819 bl't
3093 4766 3134 4816 σί
3159 4781 3202 4819 ts
3240 4766 3479 4837 quidem,
3505 4765 3591 4821 sed
3618 4765 3708 4819 tui-

2151 4875 2250 4912 nus
2274 4859 2547 4927 eleganter
2579 4856 2828 4911 reddidit.

2221 4952 2572 5022 Prosequitur
2619 4952 2728 5016 ille,
2757 4968 2821 5005 ac
2860 4952 3095 5023 quinque
3144 4954 3303 5008 etiam
3354 4954 3610 5009 Minervas
3648 4951 3707 5005 ab

2148 5046 2436 5115 gentilibus
2463 5046 2766 5100 vcnditatas
2793 5046 2864 5099 ita
2895 5046 3407 5102 recensuitthrima
3433 5062 3533 5102 non
3553 5046 3705 5115 virgo,

2144 5143 2237 5197 sed
2258 5158 2323 5197 ex
2351 5142 2589 5195 Vulcano
2617 5140 2875 5210 Apollinis
2904 5142 3379 5210 procreatrix.Nili
3405 5145 3561 5198 altera
3590 5154 3702 5210 pro-

2146 5235 2245 5297 les,
2280 5244 2332 5285 et
2360 5250 2478 5303 qua:
2503 5247 2624 5286 esse
2656 5232 2967 5301 perhibetur
2995 5233 3268 5305 Egyptia.
3305 5235 3480 5306 Stirps
3506 5230 3701 5290 Saturni

2141 5339 2222 5383 est
2255 5329 2432 5389 tertia,
2464 5338 2517 5379 et
2544 5342 2663 5396 qua:
2707 5340 2857 5380 usum
2890 5328 3215 5397 excogitavit
3256 5343 3545 5383 armorum.
3569 5327 3698 5383 Jovis

2140 5432 2327 5493 quarta
2368 5420 2671 5490 progenies,
2702 5434 2859 5488 quam
2894 5420 3141 5475 Messenii
3170 5421 3544 5493 Coryphasiam
3570 5435 3694 5475 nuu-

2137 5527 2353 5586 eupaut.
2390 5515 2454 5568 Et
2499 5528 2616 5580 qurc
2649 5513 2939 5569 Pallantem
2978 5513 3176 5569 occidit
3223 5525 3448 5583 patrem,
3482 5516 3696 5569 incesto-

2133 5627 2249 5664 rum
2274 5608 2648 5677 appetitorem.
2673 5615 2753 5660 est
2776 5608 2955 5675 quinta
2993 5626 3011 5657 ι
3045 5605 3286 5679 (Arnob.,
3320 5611 3355 5661 ι.
3390 5624 3461 5671 tv,
3493 5604 3689 5677 p.l35).

2132 5704 2340 5759 Tullius
2370 5717 2497 5755 vero
2534 5717 2551 5754 :
2588 5719 2605 5751 ι
2646 5700 2877 5755 Minerva
2907 5701 3097 5769 prima.
3126 5715 3284 5770 quam
3312 5701 3565 5771 Apollinis
3590 5714 3690 5753 ma-

2130 5808 2265 5853 trem
2299 5812 2457 5866 supra
2486 5795 2740 5849 diximus.
2771 5793 3014 5850 Secunda
3044 5805 3160 5849 orta
3192 5794 3333 5855 Nilo.
3368 5811 3519 5865 quam
3542 5792 3689 5861 Egy-

2130 5892 2221 5961 ptii
2254 5889 2414 5947 Saita:
2459 5889 2660 5946 colunt.
2690 5886 2889 5953 Tertia,
2924 5888 3009 5942 illa
3053 5903 3212 5957 quam
3242 5887 3378 5944 Jove
3405 5893 3685 5958 generatam
