3872 6348
154 381 254 436 589

153 588 281 652 lilia,
318 607 485 662 quam
524 595 800 653 Aracades
848 595 1062 667 Cariam
1098 601 1189 668 (al.
1216 601 1753 678 Coryphasiam)fno-

151 681 365 739 minent
386 727 403 753 ,
435 687 914 761 et‘quadrigarum
949 692 1293 752 inventricem
1326 696 1524 754 ferunt.
1557 699 1754 767 Quinta

154 773 446 843 Pallantis,
475 795 597 849 quae
622 789 828 851 patrem
851 783 1048 840 dicitur
1075 786 1437 855 interemisse,
1466 790 1748 862 virginita-

155 872 260 922 tem
312 885 474 927 suam
506 873 710 931 violare
746 888 1053 947 conantem,
1086 883 1170 937 cui
1222 884 1506 953 pinnarum
1561 887 1749 943 talaria

147 960 375 1031 afﬁgunt
412 984 430 1016 ι
469 965 679 1039 (Cicer.,
709 969 808 1024 loc.
838 973 949 1036 cit.,
976 973 1068 1028 lin.
1100 974 1215 1047 51).

212 1052 479 1112 Clemens
509 1060 671 1116 etiam
699 1064 1096 1125 Alexandrinus
1125 1069 1343 1133 totidem
1372 1071 1640 1132 Minervas
1665 1075 1749 1132 di-

152 1158 411 1203 numerat
438 1148 684 1222 (Admon.
716 1156 786 1209 ad
815 1157 988 1222 Gent.,
1019 1179 1072 1232 p.
1104 1161 1212 1234 i7),
1250 1164 1319 1219 ita
1347 1176 1404 1220 ut
1434 1183 1540 1222 non
1573 1168 1750 1224 minus

149 1248 342 1294 auctor
374 1252 561 1299 noster
590 1246 656 1300 ad
675 1247 1020 1320 illum,quam
1053 1253 1118 1309 ad
1147 1253 1462 1314 Ciceronem
1491 1260 1750 1316 accedere

141 1331 394 1388 videatur
424 1353 436 1388 :
466 1339 583 1392 Εἰσὶ
603 1337 656 1394 δέ
683 1340 729 1394 οἱ
757 1344 904 1399 πέντε
934 1343 1136 1409 Ἀθηνᾶς
1171 1349 1514 1417 ὑποτίθενται,
1546 1359 1634 1413 τήν
1658 1358 1748 1427 μὲν

138 1422 441 1498 Ἡφαίστου,
482 1435 571 1489 τὴν
603 1429 874 1492 Ἀθηναίαν.
907 1443 998 1497 τὴν
1026 1437 1080 1494 δὲ
1105 1441 1300 1509 Νείλου,
1331 1448 1419 1502 τήν
1445 1446 1745 1518 Αἰγυπτίαν.

136 1521 313 1592 τρίτην
343 1528 440 1576 τοῦ
468 1524 680 1600 Κρόνου,
704 1532 797 1586 τήν
823 1531 1045 1604 πολέμου
1094 1534 1320 1612 εὑρέτην.
1364 1539 1607 1614 τετάρτην
1660 1545 1748 1598 τήν

141 1614 268 1676 Διὸς,
317 1615 380 1673 ἣν
419 1623 707 1678 Macerino:
732 1628 1081 1699 Κορυφασίαν,
1113 1629 1215 1683 ἀπὸ
1241 1637 1333 1690 τῆς
1361 1633 1553 1707 μητρὸς
1580 1634 1746 1688 ἐπικε-

139 1704 414 1778 κλήκασιγ.
449 1708 558 1764 Ἐπὶ
583 1719 734 1780 πᾶσι,
766 1721 855 1775 τήν
898 1719 1176 1782 Παλλάντος
1219 1726 1302 1778 καὶ
1352 1724 1611 1786 Τιτανίδος
1656 1736 1750 1788 τῆς

137 1798 401 1866 Ὠκεανοῦ,
433 1801 464 1859 ἢ
491 1803 572 1856 τὸν
596 1807 800 1882 πατέρα
821 1805 1130 1871 δυασσεϐὧς
1156 1815 1518 1882 καταθύσασα,
1550 1825 1623 1891 τῷ
1642 1840 1744 1873 πα·

138 1893 288 1965 τρῲῳ
319 1892 638 1968 κεκόσμηται
662 1895 866 1971 δέματι,
899 1903 1076 1973 ὥσπερ
1112 1903 1278 1978 κωδίῳ
1307 1922 1320 1958 :
1350 1925 1369 1958 ι
1407 1907 1546 1963 Sunt
1581 1919 1637 1964 et
1657 1910 1746 1980 qui

143 1980 353 2054 lingunt
383 1988 622 2058 quinque
653 1991 948 2060 Minervas,
983 2011 1144 2052 unam
1173 1998 1390 2068 quidem
1425 2000 1651 2060 Vulcani
1681 2004 1742 2059 fi-

142 2073 287 2141 liam,
322 2078 986 2141 Atheniensem:alteram
1008 2103 1138 2144 vero
1169 2090 1271 2146 Nili
1304 2112 1324 2146 »
1349 2092 1439 2164 [de
1464 2111 1566 2165 qua
1597 2097 1745 2153 Plato

143 2165 207 2220 ab
236 2168 473 2240 ipsemet
505 2174 745 2231 Arnobio
778 2177 1017 2251 (Arnob.,
1042 2183 1080 2235 ι.
1116 2200 1190 2250 tv,
1221 2187 1404 2254 p.137
1433 2205 1449 2255 ;
1485 2188 1657 2258 Plato,
1694 2193 1746 2247 in

147 2256 362 2330 Timaro,
411 2276 448 2320 t.
485 2285 577 2335 ιιι,
628 2287 682 2336 p.
711 2271 805 2342 2t)
838 2284 1020 2342 postea
1077 2277 1295 2352 citatus]
1332 2299 1351 2332 ι
1390 2256 1696 2354 ιλΕεγριὶειιη
1728 2304 1742 2339 :

145 2356 362 2411 tertiam
395 2358 632 2427 Saturni,
669 2361 799 2418 belli
839 2365 1236 2434 inventricem:
1279 2383 1526 2443 quartam
1574 2378 1744 2447 Jovis,

145 2461 300 2516 quam
347 2448 605 2506 Messenii
651 2452 1041 2525 Coryphasiam
1085 2476 1117 2515 a
1163 2473 1337 2519 matre
1403 2471 1747 2538 cognomina-

145 2552 269 2594 runt
298 2557 314 2594 :
344 2555 697 2614 postremam,
732 2549 896 2605 filiam
940 2553 1196 2612 Pallantis
1225 2568 1280 2635 et
1305 2560 1590 2634 Titanidis,
1623 2567 1748 2623 ﬁliae

145 2630 367 2703 Oceani,
398 2653 518 2708 quae
551 2650 701 2709 patre
730 2643 896 2714 impie
950 2648 1017 2703 ab
1059 2650 1173 2720 ipsa
1205 2632 1529 2725 sacriﬁcate,
1559 2630 1747 2717 ornata

143 2724 242 2780 fuit
273 2729 417 2797 pelle
438 2733 609 2800 patris
652 2745 922 2807 tamquam
955 2741 1176 2800 vellere.
1205 2746 1504 2819 Utrumque
1525 2752 1746 2810 Cicero-

145 2817 228 2872 nis
247 2829 301 2874 et
331 2821 634 2882 Clementis
659 2828 1014 2888 Alexandrini
1042 2837 1220 2892 locum
1265 2817 1532 2914 integrum
1560 2847 1747 2903 retuli-

143 2925 284 2979 mus,
313 2915 441 2984 quia
481 2927 724 2975 mutuam
753 2923 855 2978 sibi
887 2935 941 2981 et
989 2928 1234 2987 Arnobio
1265 2933 1437 2990 lucem
1487 2938 1741 3008 afferunt,

142 3016 203 3058 ac
247 3003 464 3062 facilius
491 3012 667 3080 quivis
688 3013 952 3084 judicabit
1000 3030 1182 3078 utrum
1230 3023 1346 3096 ipse
1375 3031 1650 3088 Arnobius
1676 3003 1742 3089 ad

141 3110 302 3150 unum
354 3101 532 3168 potius
583 3109 926 3177 respexerit,
979 3127 1139 3182 quam
1173 3116 1239 3170 ad
1270 3119 1527 3188 alterum,
1558 3132 1652 3177 aut
1676 3125 1742 3180 ad

138 3197 449 3261 utrumque,
484 3204 578 3250 aut
603 3196 808 3269 aliquid
850 3202 919 3257 ab
969 3220 1098 3273 uno,
1129 3219 1182 3263 et
1211 3210 1358 3278 aliud
1396 3214 1465 3271 ab
1493 3217 1600 3272 alio
1625 3234 1744 3274 mu-

141 3288 321 3338 tuatus
346 3283 438 3339 sit.

208 3374 379 3431 Porro
402 3387 584 3434 autem
616 3381 826 3438 etiamsi
854 3385 940 3441 ille
967 3402 1090 3443 cum
1121 3402 1368 3465 utroque,
1393 3396 1657 3456 Cicerone
1686 3411 1741 3458 et

136 3464 416 3525 Clemente
443 3471 832 3544 Alexandrino,
864 3492 1071 3535 asserat
1096 3464 1350 3543 Minervae
1379 3487 1734 3563 Coryp/tasiw,

139 3575 335 3618 nomen
377 3580 404 3617 a
448 3577 621 3624 matre
664 3569 779 3639 ejus
832 3571 1084 3644 Coryphe
1143 3578 1427 3636 formatum
1474 3585 1731 3655 (Arnob.,

140 3653 228 3707 lib.
260 3672 332 3721 tv,
367 3675 484 3730 pag.
528 3661 684 3732 157);
719 3674 901 3734 postea
953 3676 1131 3724 tamen
1179 3673 1294 3741 ipse
1339 3691 1437 3731 nos
1481 3653 1738 3736 admonet

135 3750 261 3807 inde
287 3753 446 3807 etiam
488 3755 617 3811 illud
647 3762 885 3826 potuisse
909 3762 1166 3832 derivari,
1198 3768 1320 3838 quia
1347 3785 1414 3824 ex
1441 3769 1590 3826 Jovis
1615 3789 1736 3830 ver-

135 3843 239 3899 tice
267 3857 471 3901 armata
500 3848 765 3918 prodiisse
791 3850 1087 3910 ferebatur.
1116 3856 1226 3913 Nec
1255 3859 1477 3915 forsitan
1511 3879 1732 3933 prorsus

132 3934 423 3994 immerito.
474 3941 521 3994 A
571 3942 843 3998 nonnullis
901 3947 1178 4004 enimvero
1241 3951 1587 4010 observatum
1650 3967 1734 4013 est

129 4045 308 4100 graeco
351 4035 591 4099 nomine,
622 4043 842 4112 Κορυφὴ,
870 4040 1155 4109 signiﬁcari
1204 4047 1482 4114 verticem,
1513 4059 1567 4104 et
1606 4067 1730 4121 par-

131 4132 240 4178 tem
271 4127 459 4195 capitis
484 4129 625 4183 inter
650 4131 883 4200 sinciput
913 4144 967 4188 et
995 4136 1208 4207 oceiput
1238 4139 1470 4196 mediam
1503 4153 1558 4198 et
1583 4160 1729 4200 sum-

131 4230 293 4270 mam.
323 4217 439 4272 Non
484 4219 681 4276 desunt
710 4232 889 4281 tamen
911 4267 926 4292 ,
959 4226 1051 4296 qui
1077 4243 1140 4282 ex
1171 4227 1506 4302 Coryphasio
1545 4250 1728 4294 monte

131 4309 209 4365 sic
234 4312 551 4382 appellatam
580 4315 767 4371 velint.

199 4405 272 4457 At
307 4419 371 4460 ex
400 4405 663 4462 Cicerone
707 4423 768 4463 ea
814 4410 1062 4468 similiter
1108 4415 1375 4472 Arnobius
1417 4420 1724 4492 decerpsit,

129 4511 250 4566 qua:
277 4497 342 4553 de
366 4498 484 4555 aliis
513 4501 635 4567 diis,
667 4501 762 4557 sed
792 4505 970 4559 verbis
1011 4508 1196 4562 retulit
1226 4512 1589 4579 paucioribus.
1623 4516 1724 4573 Tot

126 4605 358 4660 namque
388 4591 620 4648 insulsas
663 4593 730 4649 de
775 4595 880 4650 illis
921 4598 1259 4656 ethnicorum
1302 4604 1508 4662 fabulas
1551 4608 1721 4665 fusius

129 4696 377 4738 enarrare
421 4695 709 4752 pertaesus,
743 4696 939 4744 caetera
978 4690 1054 4744 sic
1097 4695 1334 4751 scrictim
1365 4701 1672 4770 perstringit
1704 4720 1716 4756 :
1744 4693 1799 4758 D
1824 4715 1883 4755 es

135 4791 154 4824 ι
189 4774 346 4830 Aiunt
371 4775 530 4832 iidem
557 4777 789 4850 theologi
816 4789 1047 4851 quatuor
1069 4799 1189 4840 esse
1216 4786 1502 4858 Vulcanos,
1531 4802 1584 4846 et
1611 4802 1721 4849 tres

130 4865 345 4932 Dianas,
376 4867 716 4939 Esculapios
761 4872 984 4927 totidem
1004 4917 1018 4940 ,
1052 4887 1106 4930 et
1139 4877 1420 4950 Dionysios
1447 4885 1713 4955 quinque,

129 4967 210 5014 ter
251 4957 398 5017 binos
425 4961 681 5017 Hercules
702 5005 718 5029 ,
752 4973 807 5019 et
833 4976 1061 5034 quatuor
1098 4969 1357 5038 Veneres,
1394 4975 1490 5030 tria
1519 4993 1716 5048 genera

127 5048 421 5116 Castorum,
445 5053 776 5124 totidemque
804 5055 1095 5127 Musarum,
1131 5062 1471 5132 pinnatornm
1498 5068 1718 5139 Cupidi-

129 5156 255 5194 num
285 5143 468 5214 trigas,
513 5153 566 5199 et
612 5146 897 5218 quadrigas
937 5149 1328 5220 Apollinarium
1380 5161 1655 5217 nominum
1688 5184 1705 5215 ι

129 5231 358 5301 (Arnob.
384 5235 470 5290 lib.
498 5251 570 5302 1v,
598 5253 717 5308 pag.
745 5239 892 5311 156).
918 5239 988 5296 At
1009 5245 1198 5302 Cicero
1218 5263 1312 5304 eos
1338 5264 1550 5319 omnes,
1576 5255 1714 5311 sicut

128 5335 182 5378 et
208 5325 331 5382 alios
351 5328 558 5398 priores
579 5329 889 5401 singillatim
916 5347 1179 5394 recenset.
1207 5341 1359 5413 Apud
1386 5361 1508 5400 eum
1534 5348 1711 5419 itaque

1401 390 1464 446 IN
1503 392 1884 464 ARNOBIUM,
1926 395 2078 453 CAP.
2122 399 2305 458 XVIII.

153 511 317 565 supra
349 497 615 557 diximus.
659 502 866 571 Quarta
895 501 1025 560 Jove
1054 514 1176 561 nata
1207 515 1261 563 et
1285 508 1537 580 Coryphe
1558 512 1755 567 Oceani
1785 515 1838 575 Λ
1861 514 1940 568 cia
1992 528 2170 575 vetere
2225 533 2350 579 sunt
2406 529 2632 585 collecta
2657 574 2670 599 ,
2724 533 2883 602 plane
2935 538 3293 596 resistendum
3322 585 3335 608 ,

3373 425 3477 482 $.90

3393 560 3462 599 ne

1860 611 2240 676 perturbentur
2288 620 2592 691 religiones.
2653 627 2892 684 Ateerte
2949 633 3214 690 Arnobius
3272 649 3459 694 noster

1826 697 1830 699 “
1855 705 2135 774 perspicue
2161 713 2395 767 ostendit
2422 731 2651 785 quonam
2685 722 2968 792 religiones
2997 729 3155 784 modo
3184 729 3268 784 his
3294 732 3457 801 plane

1858 799 2254 863 perturbentur.
2281 803 2414 860 Nam
2443 809 2487 864 si
2513 810 2694 882 plures
2715 814 2840 880 sint,
2867 817 3062 889 inquit,
3087 799 3330 890 ejusdem
3358 840 3455 881 no-

1855 891 2013 950 minis
2038 894 2133 965 dii,
2158 913 2185 952 a
2211 916 2270 955 se
2297 901 2524 961 invicem
2553 907 2812 975 distincti,
2836 915 3155 969 conturbata
3182 915 3454 975 haesitabit

1853 985 2039 1057 religio
2065 989 2340 1049 hominum
2362 1039 2376 1064 ,
2408 999 2499 1068 qui
2526 1015 2656 1056 sane
2700 1003 2766 1056 ad
2808 1020 2966 1075 quem
3009 1019 3130 1063 vota
3159 1026 3454 1082 precesque

1853 1079 2103 1151 dirigant,
2129 1087 2268 1143 scire
2291 1104 2396 1145 non
2425 1102 2693 1162 poterunt.
2720 1096 2856 1163 Quid
2881 1114 3027 1166 vero,
3054 1103 3097 1155 si
3127 1105 3451 1160 sacrificium

1853 1173 2072 1244 aliquod
2117 1179 2408 1250 Minervae,
2457 1195 2550 1242 aut
2578 1188 2729 1255 Jovi,
2773 1201 2866 1246 aut
2909 1193 3061 1250 alteri
3098 1195 3224 1263 ﬁat,
3271 1216 3452 1257 nonne

1854 1271 2216 1343 unusquisque
2237 1291 2305 1332 ex
2328 1279 2389 1332 iis
2411 1281 2512 1335 sibi
2535 1283 2635 1338 soli
2653 1283 2852 1340 factum
2879 1288 3207 1348 existimabit
3222 1294 3246 1348 ?
3261 1293 3453 1351 Nonne

1851 1376 1972 1416 cum
1995 1364 2118 1431 alio,
2143 1369 2186 1421 si
2210 1371 2308 1424 sibi
2333 1371 2446 1427 ﬁeri
2469 1377 2780 1447 contendat,
2808 1380 2954 1438 illico
2979 1385 3260 1457 rixabitur,
3289 1399 3451 1461 atque

1849 1455 2009 1511 ambo
2041 1457 2178 1515 inter
2205 1478 2264 1518 se
2293 1463 2764 1534 digladiabuntur?

1922 1548 2038 1605 Non
2076 1553 2277 1622 patitur
2302 1566 2482 1614 autem
2506 1562 2774 1619 Arnobius
2800 1567 2900 1623 sibi
2928 1569 2996 1626 ab
3023 1571 3200 1642 aliquo
3222 1590 3448 1647 respon-

1851 1640 1966 1696 deri
1998 1642 2390 1716 incompertum
2419 1667 2560 1722 esse,
2595 1669 2661 1710 an
2690 1657 2922 1732 theologi
2953 1666 3182 1733 gentiles
3220 1681 3365 1724 certa
3396 1681 3452 1726 et

1849 1736 2146 1806 explorata.
2187 1751 2279 1796 aut
2305 1742 2425 1799 ﬁcta
2453 1756 2507 1801 et
2537 1747 2668 1803 falsa
2710 1766 2807 1822 pro
2851 1755 3072 1813 libidine
3111 1763 3446 1832 scripserint.

1850 1827 1991 1884 Satis
2031 1832 2306 1890 enimvero
2335 1837 2489 1894 nobis
2517 1851 2633 1910 est,
2667 1845 2870 1916 inquit,
2901 1851 3202 1908 ostendisse
3229 1854 3350 1910 illos
3380 1858 3449 1913 de

1779 1914 1826 1974 B
1853 1921 2021 1977 rebus
2042 1925 2270 1995 publicis
2307 1941 2360 1984 et
2401 1933 2710 2004 vulgaribus
2736 1914 2912 2010 loqui,
2941 1959 3164 2014 quarum
3198 1965 3451 2022 unaquze-

1850 2030 1953 2084 que
1992 2030 2052 2072 se
2092 2020 2262 2089 ipsam
2310 2026 2506 2094 prodit,
2550 2039 2606 2085 et
2649 2033 2897 2092 omnibus
2937 2041 3219 2099 manifesta
3248 2020 3349 2101 est.
3391 2048 3451 2105 Si

1848 2119 1977 2160 vero
2024 2109 2076 2163 Ιιί
2123 2112 2363 2186 theologi
2405 2121 2620 2176 mentiti
2651 2133 2796 2192 sunt,
2830 2127 2898 2183 ab
2928 2130 3161 2190 ethnicis
3191 2135 3449 2195 demons-

1851 2201 2096 2256 trandum
2128 2214 2233 2269 est,
2278 2209 2418 2264 unde
2466 2214 2598 2268 certi
2636 2215 2704 2272 de
2733 2217 2836 2273 diis
2865 2224 2978 2278 suis
3007 2225 3208 2298 aliquid
3250 2230 3454 2289 didice-

1849 2293 1975 2349 rint.
2006 2298 2074 2350 At
2097 2303 2369 2369 quomodo
2398 2305 2500 2362 hoc
2530 2308 2997 2386 demonstrabunt,
3023 2322 3126 2377 nisi
3150 2339 3217 2378 ex.
3240 2341 3455 2383 eorum-

1850 2386 1969 2441 dem
2039 2389 2415 2465 theologorum
2491 2417 2710 2460 suorum
2784 2411 2997 2482 scriptis
3037 2456 3051 2480 ,
3119 2433 3185 2473 ex
3257 2422 3455 2492 quibus

1849 2495 2173 2554 acceperunt
2219 2492 2344 2558 quid
2387 2494 2456 2551 de
2500 2497 2604 2554 diis
2651 2500 2957 2577 divinisque
2983 2505 3150 2567 rebus
3193 2522 3456 2576 statutum

1850 2574 2118 2635 factumve
2148 2583 2277 2638 olim
2307 2585 2506 2643 fuerit?
2538 2592 2774 2665 Denique
2813 2598 2860 2653 si
2891 2601 3012 2657 libri
3055 2607 3453 2683 theologorum,

1851 2670 2185 2742 pontificum,
2222 2677 2308 2732 vel
2353 2681 2794 2754 philosophorum
2826 2695 3121 2754 mendaciis
3151 2670 3454 2776 fabiilisque

1850 2772 2117 2831 scateant,
2141 2768 2416 2856 rejiciendi
2441 2790 2663 2844 prorsus
2684 2791 2826 2850 sunt,
2856 2801 2918 2842 ac
2943 2791 3154 2858 penitus
3176 2795 3451 2869 abolendi,

1850 2865 2148 2927 omnesque
2179 2875 2366 2919 eorum
2389 2851 2685 2938 [religiones
2714 2880 3162 2940 exterminandas.

2421 2977 2648 3060 CAPUT
2679 3007 2864 3067 xvm.

1852 3100 2018 3165 Quam
2059 3108 2324 3176 perspicue
2357 3113 2612 3171 Arnobius
2643 3134 2707 3173 ea:
2735 3124 2881 3178 seriis
2909 3127 3248 3202 gravibusque
3287 3139 3456 3194 ethni-

1918 3212 2096 3252 corum
2125 3201 2373 3270 historiis,
2395 3223 2612 3277 quarum
2633 3217 2880 3270 memoria
2900 3223 3087 3278 annuis
3114 3226 3288 3284 diebus
3311 3235 3455 3303 festis

1915 3291 2284 3364 celebrabatur,
2305 3298 2551 3356 absurdos
2571 3303 2776 3361 illorum
2791 3309 2854 3363 de
2871 3311 2968 3367 diis
2986 3330 3184 3374 errores
3203 3291 3452 3381 destruat.

2371 3477 2673 3522 ARTICULUS
2712 3485 2920 3528 PRIMUS.

1841 3585 2162 3642 Examinatur
2172 3595 2340 3703 1prima
2379 3598 2598 3661 historia,
2637 3616 2730 3666 qua
2764 3606 2921 3659 Numa
2959 3610 3278 3677 Pompiliusa
3302 3621 3448 3686 Jove,

1899 3650 2056 3702 Fauni
2092 3661 2144 3703 et
2217 3657 2279 3703 ἱ(τί
2305 3661 2494 3703 artibus.
2517 3673 2724 3703 numam
2790 3669 3007 3703 fulmtnts
3049 3687 3384 3703 ..........__.:-__

1899 3650 2056 3739 fauni
2092 3650 2494 3739 et.Pi‘ciAaLrt-ibus
2517 3650 2742 3739 evocate,
2767 3650 3448 3739 _fulminiswpi‘loet‘iaiibhbhi

1899 3713 2129 3801 didicisse
2143 3719 2486 3794 jactitabatur;
2514 3733 2565 3801 et
2584 3713 2689 3801 alia
2699 3713 3448 3801 iivnb—e'ﬂtlatl

1900 3775 1976 3865 dis
1991 3775 2229 3848 ‘historia,
2257 3786 2430 3832 annuis
2466 3775 3130 3865 celebratavi'estisviii‘eb‘tis:
3131 3775 3445 3862 1:555:53;

1900 3847 2230 3865 ,πη-..Μυη-
2258 3850 2456 3865 -.--_-__
2495 3856 2532 3865 -.
2565 3852 2575 3862 .
2627 3864 2630 3865 ,
2706 3855 2715 3864 .

1898 3837 2233 3891 deritanorum
2257 3850 2461 3909 stupore
2487 3856 2538 3898 et
2562 3837 2766 3904 insania.

1908 3960 2078 4027 Quam
2106 3963 2240 4020 falsa
2267 3968 2338 4022 sit
2364 3973 2743 4040 superstitiosa
2781 3984 3059 4051 gentilium
3091 3995 3301 4067 religio,
3335 4001 3440 4056 alio

1834 4050 2106 4109 Arnobius
2152 4072 2474 4128 argumento
2514 4069 2952 4132 manifestissime
2995 4050 3269 4156 convin‘eit
3313 4092 3435 4166 (Αν-

1835 4143 1929 4166 ---Ι-
2007 4147 2065 4166 In,
2116 4165 2143 4166 η
2353 4154 2465 4166 ...ιι
2526 4156 2581 4166 ι..
2643 4160 2656 4166 -

1833 4143 1976 4209 nob.,
2001 4147 2088 4200 lib.
2115 4165 2165 4213 v,
2194 4167 2314 4222 pag.
2346 4154 2493 4226 154).
2524 4156 2660 4214 Illud
2698 4174 2877 4221 autem
2907 4172 3041 4239 petit
3078 4190 3146 4230 ex
3181 4143 3435 4249 g;aV'ibus

1831 4237 2096 4308 seriisque
2126 4240 2342 4298 illorum
2374 4246 2642 4317 historiis,
2684 4270 2816 4324 quas
2857 4237 3016 4318 veras
3062 4237 3282 4328 essevita
3311 4292 3434 4346 per-

1829 4343 2048 4384 suasum
2101 4334 2367 4404 habuere;
2422 4351 2478 4395 ut
2525 4360 2616 4399 eas
2661 4351 2976 4418 quotidiano
3000 4374 3101 4415 usu
3142 4334 3428 4442 probatas,

1827 4425 2020 4478 annuis
2049 4428 2386 4486 celebrarent
2411 4433 2583 4503 festis,
2614 4441 2879 4516 variisque
2906 4450 3207 4511 simulacris
3228 4425 3429 4533 repraz:

1825 4528 1918 4569 seu
1929 4525 2126 4573 tarent.

1896 4608 2131 4665 Primam
2163 4614 2344 4686 itaque
2368 4619 2635 4678 Arnobius
2661 4641 2725 4681 ex
2771 4636 3011 4691 secundo
3037 4641 3290 4716 Antiatis,
3322 4651 3426 4710 hoc

1887 4711 1923 4767 t,
1958 4705 2097 4760 illius
2123 4708 2409 4766 Annalium
2439 4715 2576 4771 libro
2604 4729 2893 4792 excerpsit.
2924 4727 3000 4785 lbi
3031 4747 3160 4791 vero
3183 4737 3273 4796 ille
3297 4758 3422 4799 nar-

1824 4793 1976 4849 rabat
2007 4796 2256 4868 Numam,
2291 4814 2351 4857 ut
2380 4812 2705 4874 procurandi
2737 4814 2977 4876 fulminis
2999 4827 3227 4886 scientia
3254 4834 3420 4893 infor-

1822 4899 2092 4956 maretur,
2142 4894 2348 4964 Egeria:
2409 4902 2610 4957 monitu
2659 4905 2902 4966 Faunum
2951 4926 3005 4970 et
3050 4919 3237 4980 Picum
3287 4929 3421 4988 deos

1820 4993 2100 5052 agrestes,
2147 5003 2268 5043 cum
2321 4997 2695 5066 extinguendre
2744 5003 2859 5060 sitis
2907 5023 3068 5066 causa
3117 5017 3182 5071 ad
3214 5020 3419 5084 fontem

1818 5075 2104 5142 quemdam
2154 5084 2463 5153 venissent,
2539 5089 2666 5145 dolo
2717 5104 2769 5148 et
2815 5108 2929 5153 arte
2979 5103 3307 5182 inebriatos,
3357 5134 3422 5173 ac

1819 5176 2003 5234 postea
2038 5173 2262 5240 sopitos,
2296 5191 2325 5230 a
2356 5175 2665 5250 duodecim,
2695 5201 2832 5256 quos
2858 5190 3030 5249 Numa
3062 5199 3177 5270 ipse
3204 5206 3254 5260 in
3286 5209 3418 5266 insi—

1816 5261 1918 5315 diis
1961 5280 2245 5337 posuerat,
2288 5272 2575 5342 juvenibus
2621 5288 2942 5346 constrictos
2975 5293 3137 5354 fuisse
3165 5304 3414 5365 vinculis.

1813 5352 1930 5408 Non
1961 5360 2106 5426 prius
2145 5374 2322 5420 autem
2358 5369 2477 5426 illos
2521 5374 2652 5429 solvi
2698 5381 2884 5447 voluit,
2928 5403 3084 5457 quam
3114 5409 3142 5447 a
3172 5395 3325 5471 Jove,
3359 5404 3414 5461 in

1817 5455 1988 5506 terras
2019 5469 2262 5527 evocato,
2295 5470 2351 5516 et
2382 5466 2541 5522 variis
2570 5471 2856 5531 verborum
2886 5482 3196 5554 ambagibus
3223 5455 3413 5552 delitso

1811 5545 2182 5612 extorsissent,
2216 5568 2372 5621 quam
2417 5574 2510 5613 rex
2539 5561 2709 5618 Numa
2743 5569 2881 5625 scire
2926 5575 3161 5648 volebat,
3191 5585 3411 5657 fulguris

1811 5641 2238 5707 procurationem,
2267 5660 2362 5701 seu
2393 5653 2772 5720 expiationem.
2801 5661 3098 5725 Procurare
3126 5641 3294 5732 enimv
3312 5680 3409 5736 lul-

1809 5740 1931 5781 men
1964 5730 2101 5785 idem
2143 5744 2262 5802 est,
2297 5754 2359 5794 ac
2389 5743 2616 5802 solemni
2647 5753 2862 5822 expiare
2892 5756 2985 5812 illo
3029 5762 3130 5817 ritu
3162 5777 3214 5822 et
3239 5776 3407 5830 sacri-

1807 5817 1951 5884 licio,
1983 5839 2088 5891 quo
2115 5827 2244 5883 illud
2275 5833 2592 5895 credebatur
2615 5847 2786 5901 arceri
2830 5857 2884 5903 et
2929 5862 3212 5915 removeri.
3253 5863 3405 5924 Unde

1808 5911 2012 5971 Seneca
2038 5934 2052 5970 :
2093 5939 2110 5971 ι
2141 5921 2483 5984 Procuranda
2504 5974 2517 6000 ,
2554 5952 2572 5986 ›
2603 5935 2794 6009 inquit,
2842 5962 2860 5995 ι
2892 5947 3199 6010 existimant
3229 5956 3403 6016 fulmi-

126 5420 352 5487 reperies
392 5421 583 5478 horum
613 5426 852 5481 omnium
897 5439 952 5484 et
989 5436 1380 5503 expositionem
1419 5450 1473 5494 et
1521 5442 1709 5511 proba-

128 5513 336 5570 tionem.
367 5515 475 5572 Nos
506 5533 638 5573 vero
678 5520 804 5575 alibi
833 5521 898 5577 de
926 5525 1244 5594 quibusdam
1284 5533 1486 5603 aliquid
1533 5537 1710 5607 attigi-

125 5618 248 5658 mus
272 5606 470 5676 (Cicer.,
518 5611 608 5666 lib.
641 5627 695 5666 ιιι
739 5613 802 5667 de
832 5613 1022 5670 Natur.
1066 5621 1232 5688 deor.,
1266 5641 1386 5696 pag.
1439 5627 1567 5693 245,
1599 5606 1703 5683 247

125 5705 171 5748 et
200 5695 321 5763 248;
352 5709 470 5754 tom.
504 5717 521 5756 ι
574 5704 850 5774 Apparat.,
876 5725 997 5780 pag.
1023 5709 1171 5782 85I).

191 5787 335 5845 Cotta
362 5804 561 5862 autem,
595 5797 748 5867 cujus
775 5800 990 5857 nemine
1010 5802 1201 5861 Cicero
1232 5823 1294 5864 ea
1323 5811 1503 5866 omnia
1530 5815 1702 5884 expli-

122 5889 228 5944 cat,
255 5879 363 5941 inde
385 5886 529 5944 haud
559 5887 870 5949 dubitanter
899 5896 1167 5953 concludit
1198 5899 1284 5969 iis,
1310 5919 1429 5973 quae
1452 5919 1519 5960 ex
1543 5879 1698 5963 eia»,—
