3872 6346
439 386 535 442 591

1678 372 2127 439 ιιιδδιειιΤΑΤιο
2166 380 2326 438 ΡΚΔΕ
2337 381 2446 437 VIA

3602 383 3684 440 ΒΜ

438 522 541 571 na,
572 512 628 559 et
652 501 983 573 expiationes
1019 513 1125 555 non
1147 498 1392 556 dubitant
1417 498 1674 567 prodesse
1702 497 2020 569 aliquando,
2051 497 2105 556 Α
2128 511 2281 553 suum
2325 499 2616 554 maximum
2665 504 2722 553 et
2764 498 3190 565 omnipotentem
3238 498 3450 568 penitus
3492 497 3681 555 infama-

437 596 508 651 ad
537 592 907 653 submovenda
942 592 1199 662 pericula,
1226 590 1511 660 aliquando
1539 589 1607 644 ad
1653 591 1899 657 levanda,
1932 588 2035 645 ali-

438 685 659 758 quando
708 684 775 739 ad
822 682 1134 739 differenda.
1176 702 1195 734 ι
1250 681 1484 753 (Senec.,
1530 680 1619 736 lib.
1667 697 1703 735 ιι
1746 680 1875 736 Ναι.
1924 697 2031 751 qu.,

443 795 561 849 cap.
597 778 686 844 56,
719 792 838 848 pag.
869 774 1024 845 4‘22.)

514 870 665 925 Hanc
691 883 853 939 porro
874 865 1150 921 historiam
1173 880 1281 920 non
1303 867 1475 920 solum
1505 866 1769 929 Antiates,
1795 864 1891 921 sed
1914 864 2037 920 Ovi-

439 964 563 1020 dius
592 978 805 1034 quoqne
830 970 885 1016 et
911 960 1253 1026 Plutarchus,
1279 970 1438 1030 atque
1457 959 1543 1014 ltic
1568 958 1781 1029 quidem
1800 958 2036 1023 brevius,

436 1057 534 1113 ille
566 1071 692 1111 vero
736 1054 902 1108 fusius
930 1052 1356 1122 descripserunt.
1394 1051 1576 1107 Livius
1607 1061 1786 1107 autem
1828 1052 1945 1106 haec
1971 1051 2041 1106 de

439 1150 613 1205 Numa
643 1149 857 1219 scriptis
903 1147 1159 1203 tradidit:
1198 1165 1217 1199 ‹
1246 1147 1484 1217 Ωυιριιιιθ
1533 1148 1771 1218 prodigia
1804 1146 2040 1203 fulmini-

438 1242 560 1311 bus,
595 1243 771 1298 aliove
800 1257 906 1312 quo
935 1242 1050 1297 viso
1079 1241 1239 1296 missa
1270 1241 1673 1312 susciperentur
1698 1252 1858 1313 atque
1885 1257 2041 1297 cura-

442 1346 679 1391 rentur:
717 1334 784 1389 ad
831 1349 895 1389 ea
939 1334 1200 1389 elicienda
1247 1350 1313 1389 ex
1358 1336 1628 1391 mentibus
1676 1336 1889 1401 divinis,
1921 1334 2040 1390 Jovi

437 1427 612 1484 Elicio
652 1443 801 1483 aram
846 1428 900 1483 in
945 1428 1211 1484 Aventino
1254 1428 1475 1484 dicavit.
1511 1452 1528 1481 ι
1584 1430 1793 1502 (Ovid.
1850 1428 1940 1484 lib.
1984 1445 2041 1485 ιιι

439 1528 648 1595 fusion,
668 1524 694 1596 §
711 1525 765 1588 '5,
784 1541 902 1595 pag.
924 1522 1051 1586 529,
1075 1533 1121 1577 el
1139 1539 1301 1593 seqq.;
1324 1523 1617 1591 Plutarclt.,
1640 1525 1693 1578 in
1720 1521 2038 1589 Vit.Numw,

440 1626 565 1672 (om.
600 1633 659 1681 ιι,
688 1634 808 1688 pug.
834 1617 935 1681 70;
967 1614 1105 1675 Liv..
1139 1616 1225 1669 lib.
1255 1632 1291 1679 ι,
1324 1632 1440 1687 cap.
1474 1615 1594 1687 20.)

515 1709 714 1765 Verum
747 1709 1014 1764 Arnobius
1056 1708 1192 1764 hanc
1224 1709 1498 1763 historiam
1527 1710 1679 1776 nulli,
1711 1710 1848 1765 sicut
1876 1711 2039 1766 etiam

435 1802 635 1857 fatetur
664 1800 983 1855 Plutarchus
1012 1800 1331 1872 (Philan/1.,
1360 1803 1456 1855 loc.
1489 1802 1628 1872 cit.),
1654 1817 1778 1859 esse
1807 1804 2043 1861 credibi-

2138 588 2287 646 bant.
2333 591 2513 647 Palam
2553 591 2697 646 enim
2746 589 3051 647 fatebantur
3091 592 3241 647 illum
3290 592 3504 663 magicis
3528 608 3690 649 evoca-

2138 691 2250 737 tum
2282 698 2404 739 esse
2430 683 2781 748 carminibus,
2817 685 2991 756 iisque
3025 695 3272 742 coactum
3297 683 3506 751 cedere,
3538 702 3592 742 ac
3616 687 3691 743 do-

2142 794 2268 834 cere
2297 777 2538 832 fulminis
2564 778 3021 848 procurationem.

2210 870 2454 927 Secunda
2485 870 2690 943 Magna:
2727 870 2952 928 deorum
2995 872 3181 928 matris
3201 920 3215 941 ,
3246 870 3375 928 'sive
3415 868 3623 943 Cybeles
3654 882 3697 928 et

2141 964 2335 1019 Attidis
2366 963 2590 1019 historia
2621 966 2688 1021 ab
2714 967 2991 1035 Arnobio,
3026 968 3093 1022 ad
3131 968 3515 1037 sempiternum
3550 966 3698 1020 ethni-

2141 1071 2326 1112 corum
2379 1056 2544 1113 decus
2591 1057 2785 1115 deinde
2831 1068 3155 1116 retractatur
3209 1058 3475 1132 (Arnob,
3525 1058 3605 1114 lib.
3645 1076 3699 1123 ν,

2143 1167 2262 1223 pag.
2298 1150 2402 1204 157
2430 1160 2476 1205 et
2499 1151 2683 1224 ιαμ).
2719 1144 2848 1207 Eam
2878 1163 3059 1209 autem
3100 1169 3130 1208 a
3177 1154 3349 1223 prima
3389 1167 3486 1207 sua
3528 1152 3703 1223 origine

2142 1257 2206 1298 ex
2239 1241 2524 1299 Timotheo
2551 1259 2656 1299 non
2685 1245 2909 1315 ignobili
2933 1245 3205 1317 theologo,
3234 1256 3291 1301 et
3317 1245 3437 1301 aliis
3464 1244 3633 1311 etiam,
3656 1260 3705 1300 ac

2142 1337 2435 1393 reconditis
2473 1341 2852 1410 antiquitatum
2893 1340 3077 1407 libris,
3118 1350 3173 1395 et
3222 1340 3429 1395 intimis
3470 1340 3708 1412 mysteriis

2148 1442 2382 1500 erutam,
2415 1435 2495 1491 sic
2522 1434 2610 1489 ille
2638 1433 2926 1506 descripsit
2954 1454 2968 1491 :
2995 1434 3054 1491 In
3083 1434 3331 1507 Phrygia:
3360 1436 3548 1490 ﬁnibus
3584 1444 3706 1507 petra

2147 1536 2264 1581 erat
2302 1526 2556 1582 inauditae
2583 1528 2869 1596 vastitatis,
2898 1528 2986 1583 cui
3013 1527 3082 1582 ab
3117 1528 3354 1600 regionis
3383 1527 3522 1583 illius
3550 1528 3709 1583 incolis

2146 1634 2343 1675 nomen
2385 1620 2570 1691 Agdus
2600 1621 2930 1691 impositum.
2971 1622 3177 1691 Sumpti
3222 1621 3349 1677 inde
3401 1620 3620 1691 lapides,
3657 1636 3709 1676 ex

2145 1713 2340 1784 quibus
2372 1730 2400 1768 a
2433 1714 2758 1771 Deucalione
2787 1724 2843 1772 et
2868 1714 3073 1785 Pyrrha
3102 1714 3380 1770 Themidis
3404 1714 3553 1782 jussu
3571 1714 3710 1785 jacta-

2147 1809 2247 1874 tis,
2291 1824 2482 1879 magna
2512 1808 2682 1865 Mater
2706 1825 2829 1866 cum
2876 1809 3088 1865 caeteris
3132 1808 3441 1864 hominibus
3466 1816 3708 1879 procreata

435 1894 545 1950 lem
577 1893 738 1948 variis
768 1894 955 1964 prohat
986 1894 1251 1949 rationum
1286 1894 1592 1950 momentis.
1625 1895 1722 1950 Cui
1752 1897 1919 1963 enim,
1956 1900 2037 1953 in-
2073 1880 2122 1939 Β
2149 1902 2268 1957 fuit.
2292 1903 2505 1973 Jupiter
2526 1920 2658 1960 vero
2680 1904 2825 1959 illius
2848 1912 3033 1973 postea
3055 1918 3243 1959 amore
3262 1912 3472 1972 captus,
3500 1917 3612 1959 cum
3630 1901 3709 1955 sibi

437 1988 577 2059 quit,
609 2003 860 2057 umquam
893 1986 1208 2057 persuaderi
1237 1989 1438 2058 poterit
1478 1986 1719 2043 Faunum
1748 1998 1803 2045 et
1830 1990 2040 2057 Picum,

438 2079 510 2136 ad
539 2080 765 2146 fontem,
810 2090 869 2135 ut
913 2080 1055 2135 sitim
1105 2081 1394 2149 sedarent,
1432 2084 1666 2147 venisse,
1718 2084 1897 2155 ibique
1938 2085 2044 2141 illis

438 2176 588 2237 vino,
620 2189 717 2245 pro
745 2190 884 2245 aqua
913 2184 1093 2245 potato
1133 2176 1441 2245 inebriatis,
1470 2188 1524 2232 et
1551 2193 1742 2233 somno
1769 2180 2044 2251 oppressis

436 2269 634 2339 injecta
673 2270 881 2323 vincula
901 2312 917 2335 ,
970 2284 1071 2333 nec
1114 2270 1182 2324 ab
1215 2271 1342 2337 alio,
1373 2287 1531 2341 quam
1560 2288 1587 2324 a
1615 2272 1750 2329 Jove
1779 2273 1912 2330 disci
1944 2290 2042 2345 po-

442 2361 612 2419 tuisse
656 2361 891 2416 fulminis
937 2362 1419 2431 procurationem?
1459 2364 1641 2434 Neque
1699 2365 1903 2421 facilius
1952 2368 2043 2422 ulli

436 2451 758 2523 probabitur
774 2452 1023 2508 eumdem
1046 2452 1261 2520 Jovem,
1287 2464 1344 2509 ut
1369 2455 1602 2510 remedia
1624 2468 1809 2512 contra
1832 2458 2033 2514 fulmen

440 2560 600 2599 suum
644 2543 1045 2615 suppeditaret,
1089 2546 1503 2603 incantamentis
1542 2560 1854 2611 evocatum,
1890 2562 1945 2606 et
1988 2554 2043 2606 in

437 2637 689 2689 verricula
708 2677 723 2702 ,
756 2636 831 2691 uti
860 2636 1097 2707 loquitur
1137 2637 1404 2693 Arnobius
1426 2679 1441 2703 ,
1469 2655 1563 2696 seu
1594 2656 1752 2710 parva
1783 2657 2005 2698 verruca
2024 2686 2039 2711 ,

440 2727 495 2783 id
526 2739 628 2795 est,
664 2729 783 2784 loco
830 2729 973 2783 edito
1018 2738 1072 2784 et
1113 2745 1327 2799 aspero,
1365 2733 1502 2787 sicut
1548 2747 1614 2787 ex
1643 2734 1847 2790 Catone
1884 2734 2045 2792 docet

440 2820 665 2885 Gellius,
698 2838 820 2877 cum
852 2823 1195 2878 homunculis
1225 2835 1601 2881 conversatum
1624 2869 1639 2894 ,
1672 2838 1833 2900 atque
1874 2829 2046 2883 ambi-

443 2916 565 2985 guis
607 2916 822 2971 illorum
854 2918 1033 2972 verbis
1069 2916 1353 2989 deceptum
1388 2919 1554 2975 fuisse
1613 2920 1771 2993 (Gell.
1794 2963 1809 2988 ,
1852 2923 1942 2978 lib.
1986 2939 2044 2978 ιιι

445 3009 605 3063 Noct.
655 3009 833 3075 .4uic.,
879 3027 995 3081 cap.
1026 3010 1081 3076 8,
1115 3028 1233 3081 pag.
1266 3011 1419 3083 εει).
1450 3011 1676 3070 Omnem
1708 3014 1940 3086 deniqtte
1985 3015 2050 3069 ti-

446 3102 567 3159 dem
616 3112 838 3172 superat
878 3102 1092 3166 Jovem,
1125 3104 1283 3158 sicuti
1328 3104 1564 3169 aiebant,
1595 3108 1798 3162 crudeli
1833 3109 2050 3163 humani

446 3196 637 3266 capitis
655 3195 940 3259 sacrificio,
960 3196 1028 3251 de
1044 3212 1151 3267 quo
1172 3213 1271 3252 nos
1287 3213 1447 3267 supra
1467 3198 1817 3254 disseruimus
1836 3201 2049 3271 (Supr.,

445 3306 565 3361 cap.
595 3291 649 3353 .i,
678 3299 777 3344 art.
811 3288 890 3358 l),
917 3298 1026 3345 tttm
1056 3290 1293 3346 voluisse
1323 3292 1524 3347 fulmen
1553 3294 1777 3361 expiari.

523 3384 689 3439 Porro
710 3392 889 3439 autem
918 3392 1068 3438 notat
1097 3384 1369 3439 Arnobius
1402 3385 1595 3440 factam
1631 3386 2050 3445 inrantationem

448 3475 592 3531 illam
623 3477 763 3531 mola
793 3475 945 3543 falsa,
981 3476 1168 3542 thure,
1201 3478 1484 3547 sanguine,
1517 3480 1871 3536 verbenarum
1904 3483 2053 3537 solli—

447 3570 613 3631 tione,
644 3578 697 3625 ct
724 3568 1044 3630 terribilium.
1078 3569 1131 3623 id
1165 3578 1266 3631 est,
1300 3570 1653 3640 magicorum,
1685 3574 1908 3642 fremere
1943 3590 2054 3627 ver-

451 3664 653 3717 borum.
687 3664 753 3716 At
781 3660 1029 3731 quzedam
1054 3677 1120 3717 ex
1151 3661 1235 3717 his
1265 3677 1519 3731 expressa
1549 3662 1759 3720 videbis
1784 3664 1902 3721 istis
1936 3666 2053 3721 Viro

453 3754 568 3826 gilii
598 3754 845 3810 versibus
870 3773 883 3808 :

550 3870 682 3918 Ell'er
708 3882 900 3931 aquam,
927 3867 1125 3931 etgtnolli
1148 3869 1294 3928 cinge
1318 3869 1422 3917 luce
1441 3870 1609 3921 altaria
1632 3873 1771 3927 Vitta.

550 3929 908 3995 Verbcnasque
936 3929 1079 3995 adole
1102 3932 1332 3993 pingues,
1361 3935 1641 3983 etmascula
1660 3938 1805 3985 thura
1833 3952 1844 3985 :

551 3996 782 4055 lionjugts
807 3992 859 4042 tit
878 3992 1082 4054 magicis
1104 3992 1248 4041 Sanos
1269 4001 1501 4043 avertere
1521 3999 1674 4045 sacris

550 4057 797 4118 Experiar
811 4068 1018 4118 sensus;
1046 4055 1165 4118 nihil
1192 4056 1287 4112 hic,
1315 4057 1409 4105 nisi
1433 4062 1644 4107 carmina
1663 4060 1859 4111 desunt.

926 4114 1156 4181 (Virgil.,
1180 4118 1331 4181 eclog.
1353 4121 1403 4177 5,
1424 4132 1547 4170 vers.
1568 4120 1631 4171 64
1652 4128 1694 4171 et
1710 4124 1868 4188 seqq.)

456 4227 565 4285 Sed
596 4225 664 4281 de
691 4223 973 4295 prtestigiis
998 4234 1051 4277 et
1080 4224 1299 4293 magicis
1326 4226 1532 4279 artibus
1556 4226 1668 4295 jam
1700 4227 1904 4297 aliquid
1932 4230 2058 4286 alibi

460 4318 839 4374 annotavimus
885 4317 1029 4384 (tom.
1080 4314 1406 4385 tApparat.,
1459 4332 1581 4385 pag.
1655 4319 1841 4387 1259).
1872 4320 2061 4378 Narrat

462 4423 645 4467 tamen
694 4408 1021 4478 Augustinus
1060 4406 1282 4462 Numam
1332 4408 1709 4480 ltydromantia
1751 4428 1927 4480 usum,
1959 4426 2063 4470 tes-

463 4516 678 4575 temque
708 4503 838 4556 citat
863 4500 1181 4566 Varronem,
1224 4516 1252 4554 a
1290 4518 1395 4572 quo
1425 4502 1513 4556 ille
1540 4504 1737 4558 dicitur
1770 4507 2063 4577 nympham

470 4596 744 4667 Egeriam
765 4594 983 4649 duxisse
1012 4609 1263 4658 uxorem;
1298 4595 1416 4663 quia
1450 4611 1664 4665 aquam,
1695 4599 1837 4653 unde
1867 4600 2065 4671 hydro-

467 4691 725 4747 mantiam
773 4688 998 4755 faceret,
1034 4697 1334 4755 egesserat,
1372 4703 1466 4743 seu
1507 4700 1887 4758 esportaverat
1930 4692 2063 4765 (Au-

466 4794 630 4855 gusL,
670 4783 759 4836 lib.
790 4797 862 4836 \‘tt
890 4781 952 4834 de
972 4780 1145 4842 Civil”
1179 4798 1295 4849 cap.
1336 4780 1424 4841 55,
1462 4800 1577 4852 pag.
1616 4785 1765 4852 188).
1822 4786 2067 4845 Valerius

470 4888 649 4931 autem
681 4875 939 4929 Maximus
962 4916 975 4939 ,
1010 4872 1221 4939 Florus,
1254 4872 1504 4928 Aurelius
1535 4876 1747 4942 Victor,
1782 4879 2067 4952 Dionysius

472 4969 955 5031 Halicarnasseus,
1009 4965 1204 5033 aliique
1262 4966 1627 5024 traduntcum
1676 4972 1959 5029 simulasse
2009 4994 2067 5032 se

473 5064 655 5117 omnia
690 5077 842 5117 sacra
875 5062 1050 5115 facere
1087 5060 1268 5114 uxoris
1294 5076 1404 5115 suae
1434 5061 1640 5132 Egeria:
1670 5068 1919 5138 nympha:
1950 5088 2067 5125 mo-

473 5158 601 5213 nitis
640 5166 693 5211 et
738 5155 977 5209 consiliis
1012 5153 1213 5219 (Valer.
1249 5154 1422 5219 Mar,
1464 5173 1579 5225 cap.
1610 5158 1663 5224 Ξ,
1705 5161 1731 5232 §
1770 5162 1828 5227 ις
1857 5162 2065 5233 Florus,

475 5253 565 5307 lib.
592 5270 627 5311 l,
658 5268 773 5321 cap.
802 5251 866 5314 (ἐς
893 5249 1067 5304 Aurel.
1103 5249 1255 5311 Vict,
1280 5251 1341 5304 (le
1377 5250 1481 5305 Vir.
1506 5254 1668 5309 illusi.
1696 5274 1849 5325 rom.,
1873 5279 1986 5328 cap.
2008 5265 2068 5329 2;

477 5347 693 5415 Dionys.
737 5342 1029 5409 Hulicarn.,
1068 5344 1153 5397 lib.
1188 5360 1223 5397 ll
1281 5345 1529 5415 Antiqui].
1574 5364 1726 5414 rom.,
1761 5370 1879 5425 pag.
1916 5355 2067 5425 122).

474 5443 581 5498 Sed
610 5441 678 5496 de
708 5440 787 5493 his
814 5439 865 5491 in
891 5439 1133 5506 sequenti
1161 5438 1539 5497 dissertatione
1575 5440 1815 5513 (Disserl.
1862 5449 1914 5502 in
1939 5448 2071 5505 Lac-

477 5545 633 5598 tanl.,
657 5551 772 5603 cap.
799 5534 887 5597 50,
919 5542 1019 5585 art.
1052 5532 1133 5601 2).

549 5630 815 5685 Cancrum
859 5624 1011 5679 vides
1056 5640 1212 5695 quam
1255 5627 1440 5682 validis
1483 5635 1749 5689 rationum
1786 5642 2073 5696 momentis

478 5722 748 5778 Arnobius
793 5718 1041 5773 ostendat
1088 5733 1192 5788 qua
1243 5718 1542 5777 insulsitate
1595 5728 1825 5795 gentiles
1880 5734 2073 5788 annuis

481 5816 629 5870 iustis
658 5832 721 5868 ea
755 5811 1120 5875 celebrarent;
1171 5827 1291 5882 qua:
1322 5811 1518 5868 nullam
1553 5832 1774 5885 prorsus
1804 5821 2075 5880 habebant

484 5910 593 5963 Veri
636 5908 886 5978 speciem.
935 5902 990 5959 Si
1036 5912 1212 5960 autem
1262 5919 1385 5962 vera
1411 5920 1530 5964 esse
1560 5921 1841 5980 putarent,
1884 5918 2069 5974 Jovem

2081 3262 2129 3327 C

2146 1997 2410 2068 promissa
2445 1996 2735 2067 impetrare
2777 1997 3128 2066 nequivisset,
3158 1996 3491 2065 voluptatem
3519 1993 3641 2048 fudit
3663 1992 3705 2047 in

2147 2098 2387 2158 petram,
2422 2104 2487 2144 ex
2528 2105 2634 2160 qua
2668 2089 2882 2146 decimo
2915 2097 3036 2159 post
3065 2101 3261 2142 mense
3286 2096 3436 2143 ortus
3465 2096 3545 2165 est
3572 2100 3710 2155 puer,

2146 2182 2396 2252 Agdestis
2420 2183 2849 2254 cognominatus.
2875 2180 3069 2237 invicti
3092 2191 3273 2237 autem
3300 2182 3389 2237 hic
3412 2181 3509 2236 fuit
3535 2178 3712 2235 roboris

2145 2274 2415 2344 animique
2442 2274 2580 2330 adeo
2609 2275 2835 2339 ferocis,
2878 2282 2939 2329 ut
2968 2289 3069 2329 nee
3101 2272 3352 2329 homines
3382 2281 3606 2337 curaret,
3632 2286 3713 2327 nec

2145 2364 2310 2433 deos,
2352 2374 2516 2435 atque
2546 2366 2727 2422 omnia
2762 2382 2859 2437 pro
2899 2365 3127 2421 libidine
3165 2375 3222 2422 et
3259 2366 3439 2421 innata
3468 2362 3715 2421 ferocitate

2144 2470 2351 2531 ageret.
2407 2460 2753 2530 QuaprOpter
2796 2469 3079 2531 postquam
3124 2459 3194 2515 de
3239 2459 3533 2531 frangenda
3578 2459 3715 2529 ipsius

2144 2554 2365 2608 audacia
2395 2554 2467 2609 dii
2497 2554 2913 2620 deliberassent,
2951 2552 3167 2609 tandem
3189 2554 3400 2609 artibus
3425 2553 3617 2617 Liberi,
3638 2549 3712 2622 qui

2144 2646 2194 2702 ei
2239 2648 2422 2703 vinum
2455 2662 2551 2718 pro
2592 2662 2728 2717 aqua
2774 2647 3189 2717 propinaverat,
3216 2645 3473 2701 virilitate
3502 2645 3709 2715 privatus

2147 2738 2266 2794 fuit.
2298 2739 2433 2795 Tum
2479 2756 2544 2795 ex
2578 2740 2878 2811 profluente
2917 2739 3033 2810 ejus
3061 2739 3325 2811 sanguine
3353 2739 3590 2795 nascitur
3621 2752 3713 2794 ma—

2146 2834 2259 2888 lum
2323 2835 2622 2904 punicum;
2687 2834 2841 2904 cujus
2905 2833 3367 2905 pulchritudinem
3416 2832 3594 2901 Nana,
3632 2831 3719 2886 lilia

2152 2926 2393 2998 Sangarii
2419 2928 2582 2998 regis,
2611 2926 2895 2993 admirata,
2925 2942 2989 2981 ex
3017 2942 3190 2995 eoque
3212 2926 3265 2980 in
3288 2925 3465 2980 sinum
3488 2924 3715 2987 admisso,

2151 3033 2469 3088 praegnans,
2510 3028 2761 3089 tanquam
2802 3019 2984 3074 vitiata
3037 3017 3090 3072 iu
3128 3032 3401 3073 carcerem
3445 3018 3580 3073 fame
3612 3030 3720 3071 ene-

2159 3112 2331 3168 canda
2361 3112 2666 3183 conjicitur.
2713 3115 2755 3167 A
2802 3112 2960 3167 deum
3006 3120 3186 3167 autem
3218 3110 3389 3167 Matre
3430 3112 3595 3181 pomis
3620 3122 3720 3164 sus—

2156 3212 2395 3270 tentata,
2432 3204 2710 3273 parvulum
2743 3204 2902 3259 enixa
2931 3211 3046 3269 est,
3085 3218 3245 3275 quem
3286 3204 3575 3274 Sangarius
3595 3201 3724 3271 jubet

2159 3316 2226 3355 ex
2238 3300 2361 3369 poni
2393 3318 2405 3353 :
2436 3299 2531 3354 sed
2561 3314 2591 3353 a
2620 3298 2829 3354 Phorba
2860 3299 2995 3354 lacte
3026 3302 3260 3353 nutritus
3289 3297 3519 3364 hircino,
3550 3297 3723 3353 idcirco

2158 3394 2296 3447 Attis
2319 3393 2624 3463 appellatus
2649 3402 2753 3447 est.
2784 3391 2885 3447 Ubi
2915 3400 3094 3446 autem
3119 3392 3374 3455 adolevit,
3409 3392 3559 3446 illum
3585 3389 3724 3445 Mater

2157 3488 2315 3542 deum
2367 3496 2423 3542 et
2457 3486 2708 3557 Agdestis
2760 3485 2969 3542 nefarie
3010 3500 3073 3541 ac
3108 3485 3391 3557 deperdite
3420 3490 3722 3540 amaverunt.

2156 3580 2323 3635 Midas
2354 3595 2504 3646 vero,
2537 3595 2636 3635 rex
2667 3578 3061 3642 Pessinuntius,
3094 3588 3153 3633 ut
3181 3594 3408 3649 puerum
3441 3586 3544 3633 tam
3572 3572 3725 3631 infami

2157 3689 2344 3729 amore
2372 3673 2646 3734 liberaret,
2674 3671 2836 3727 filiam
2870 3686 3022 3727 suam
3055 3671 3109 3725 in
3138 3671 3543 3726 matrimonium
3567 3668 3613 3725 ei
3638 3665 3729 3722 col-

2159 3766 2442 3822 locaudam
2463 3766 2777 3821 destinavit.
2798 3764 2878 3821 Ne
2898 3764 3023 3833 quid
3047 3778 3211 3833 porro
3234 3763 3433 3820 indicta
3456 3762 3728 3833 nuptiarum

2159 3862 2248 3917 die
2279 3862 2384 3916 illis
2411 3859 2680 3917 accideret
2698 3858 2918 3925 funesti,
2941 3857 3105 3928 jussit
3134 3857 3285 3913 urbis
3318 3866 3500 3925 portas
3527 3850 3729 3910 occludi.

2160 3954 2265 4011 Sed
2300 3956 2467 4010 Deum
2498 3954 2704 4021 Mater,
2735 3951 2904 4007 muris
2945 3951 3177 4006 civitatis
3217 3950 3395 4020 capite
3435 3946 3729 4008 snblevatis,

2160 4050 2354 4106 urbem
2398 4051 2641 4119 ingressa
2671 4056 2774 4103 est.
2819 4044 2955 4100 Tum
3001 4043 3253 4099 omnibus
3296 4042 3366 4098 ab
3390 4040 3633 4112 Agdesti,
3670 4039 3732 4092 ira

2163 4147 2389 4214 percito,
2424 4144 2476 4197 in
2508 4143 2743 4196 furorem
2772 4148 2824 4193 et
2868 4137 3131 4193 insaniam
3163 4135 3297 4190 actis
3331 4153 3345 4189 :
3378 4133 3640 4196 Mammas,
3675 4130 3734 4184 ait

2166 4240 2460 4305 Arnobius,
2486 4238 2582 4292 sibi
2616 4235 2821 4290 demetit
2850 4231 2996 4287 Galli
3027 4232 3138 4301 filia
3165 4230 3387 4302 pellicis,
3416 4239 3472 4285 et
3503 4228 3631 4285 Attis
3654 4224 3735 4281 sub

2169 4333 2292 4401 pinu
2323 4331 2425 4384 sibi
2450 4339 2693 4399 amputat
2720 4326 2919 4390 virilia,
2958 4336 3014 4380 et
3044 4322 3292 4378 moritur.
3338 4323 3417 4377 Ex
3444 4335 3630 4378 cruore
3652 4333 3733 4372 au-

2169 4435 2276 4480 tem
2318 4424 2582 4481 virilium.
2631 4438 2751 4492 qua:
2780 4420 2951 4475 Mater
2979 4418 3136 4473 deum
3169 4426 3322 4474 veste
3352 4416 3589 4473 defuncti
3616 4419 3732 4469 tecta

2170 4521 2221 4573 in
2252 4531 2446 4574 terram
2476 4516 2751 4587 iniecerat,
2798 4513 2939 4569 viola
2970 4512 3225 4567 nascitur.
3263 4511 3475 4580 Sponsa
3507 4524 3627 4564 vero
3651 4506 3733 4559 At-

2173 4610 2328 4676 tidis,
2376 4625 2533 4681 quam
2569 4608 2811 4663 Valerius
2843 4605 3081 4676 pontifex
3110 4602 3220 4657 lam
3263 4611 3455 4669 vocat,
3489 4600 3612 4656 fusis
3637 4610 3735 4653 cum

2172 4704 2388 4775 Agdesti
2420 4702 2687 4771 lacrymis,
2721 4716 2781 4755 se
2811 4700 2980 4769 ipsam
3023 4695 3297 4760 interficit,
3325 4703 3379 4750 et
3405 4692 3618 4761 sanguis
3642 4690 3738 4757 ejus

2172 4796 2397 4853 vertitur
2436 4794 2488 4847 in
2522 4792 2709 4847 violas.
2745 4790 2852 4845 Has
2879 4805 3001 4845 eum
3031 4788 3201 4842 Mater
3225 4785 3387 4841 deum
3426 4782 3737 4843 suﬂ'udisset,

2172 4891 2297 4946 inde
2339 4890 2512 4943 oritur
2555 4883 2893 4957 amygdalus.
2923 4883 3127 4939 Dehinc
3168 4882 3379 4953 pinum,
3411 4880 3565 4950 paulo
3589 4887 3740 4933 antea

2176 4984 2331 5039 nobis
2360 4990 2733 5041 memoratam,
2760 4977 2813 5032 in
2844 4987 3056 5032 antrum
3079 4974 3284 5043 defert,
3312 4986 3474 5045 atque
3504 4972 3571 5028 ibi
3597 4970 3673 5025 illa
3698 4975 3741 5023 et

2176 5076 2427 5147 Agdestis
2467 5074 2855 5142 lacrymantur,
2897 5079 3224 5137 tunsumque
3269 5076 3462 5136 pectus
3509 5063 3738 5121 sauciant.

2177 5170 2370 5225 Postea
2400 5166 2648 5237 Agdesds
2673 5164 2861 5220 Jovem
2895 5173 3069 5231 rogat,
3103 5169 3161 5214 ut
3190 5157 3359 5214 Attim
3392 5158 3460 5213 ad
3490 5158 3640 5211 vitam
3668 5167 3739 5207 rc-

2179 5275 2355 5322 vocet.
2385 5262 2491 5318 Sed
2522 5260 2652 5315 nihil
2693 5258 2835 5313 aliud
2863 5257 2931 5312 ab
2964 5272 3029 5311 eo
3060 5253 3404 5324 impetravit;
3440 5250 3537 5305 nisi
3566 5258 3616 5303 ut
3639 5260 3740 5301 cor-

2179 5379 2280 5433 pus
2308 5361 2451 5415 illius
2479 5374 2582 5411 non
2615 5360 2968 5425 putresceret,
2999 5363 3169 5405 comae
3199 5354 3510 5402 crescerent
3534 5352 3739 5410 semper,

2179 5471 2243 5511 ac
2270 5454 2520 5508 minimus
2549 5448 2747 5521 digitus
2781 5446 3005 5509 viveret,
3037 5451 3408 5514 perpetuoque
3430 5448 3574 5496 motu
3600 5434 3740 5504 agita-

2180 5558 2348 5603 PClllf'.

2254 5641 2335 5697 Ad
2371 5656 2493 5695 eum
2525 5652 2659 5694 sane
2688 5634 2903 5690 modum
2938 5632 3052 5688 lucc
3081 5629 3316 5703 Cybeles
3344 5641 3397 5684 et
3429 5623 3616 5681 Attidis
3652 5614 3741 5672 his

2184 5737 2319 5791 toria
2361 5736 2429 5787 ab
2460 5731 2697 5788 Arnobio
2735 5727 3079 5784 describitur.
3112 5726 3183 5780 At
3211 5731 3361 5778 certe
3385 5716 3624 5791 quamvis
3646 5722 3740 5767 eam

2183 5845 2245 5882 es
2279 5825 2572 5882 reconditis
2620 5831 2783 5894 atque
2806 5819 3005 5875 intimis
3027 5814 3367 5886 antiquitatis
3394 5803 3742 5868 monumentis.

2182 5940 2210 5975 .t
2243 5938 2302 5977 se
2332 5920 2639 5992 decerptam
2684 5928 2806 5973 esse
2837 5912 3133 5984 significet,
3180 5916 3387 5967 certum
3437 5898 3745 5961 nihilominus
3836 5956 3837 5959 η
