3872 6376
155 351 258 409 593

155 562 205 614 in
237 559 461 631 Minima,
503 581 622 634 cap.
654 566 748 633 20,
789 580 890 625 art.
921 570 999 643 2),
1032 575 1190 646 longe
1218 577 1374 634 aliter
1413 584 1644 637 narrari.
1676 583 1756 640 Ne

156 651 272 722 quis
299 661 481 711 tamen
516 657 671 714 illum
710 663 932 719 secretis
972 675 1212 724 veterum
1241 676 1673 747 commentariis,
1701 689 1756 734 et

159 745 442 805 Timotheo
465 750 623 807 dem
652 753 862 811 facilius
887 761 1186 828 pra'buisse
1206 777 1413 836 arguat,
1439 769 1579 824 alius
1599 745 1754 826 testis

158 840 568 909 antiquissimus
597 847 948 915 proferendus
972 864 1055 908 est
1086 855 1397 925 Pausanias,
1428 861 1520 930 qui
1545 863 1610 917 ad
1638 864 1755 934 ejus

157 935 524 993 narrationem
575 945 786 998 caeteris
814 946 1063 1003 omnibus
1094 951 1311 1022 pr0pius
1339 956 1586 1010 accessit.
1614 955 1748 1024 Quia

157 1043 280 1083 vero
326 1029 544 1101 longius
587 1035 726 1091 foret
768 1037 924 1108 hujus
971 1043 1132 1099 verba
1174 1053 1229 1099 et
1274 1060 1450 1116 grmce
1489 1059 1544 1103 et
1591 1049 1756 1107 latine

162 1127 546 1197 transcribere,
574 1130 687 1187 haec
716 1149 833 1204 qua:
859 1136 928 1192 ab
952 1139 1202 1193 omnibus
1234 1141 1602 1213 intelligantur
1628 1161 1754 1215 pro-

155 1217 384 1277 feremus
415 1241 429 1277 :
466 1242 487 1274 ‹
521 1226 692 1293 Alius,
724 1248 743 1280 ι
778 1231 969 1298 inquit,
1007 1251 1024 1283 ‹
1055 1248 1235 1288 sermo
1261 1235 1329 1291 de
1353 1238 1477 1292 Atte
1503 1253 1587 1292 est
1612 1239 1754 1309 apud

156 1311 314 1383 ipsos,
349 1313 368 1364 ἡ
395 1313 556 1370 Gallo
575 1333 780 1387 graecos
806 1320 1145 1378 Pessinuntis
1167 1325 1393 1389 incolas,
1422 1346 1442 1379 ‹
1473 1331 1752 1386 memoriae

157 1415 530 1464 consecratus.
563 1408 750 1466 Jovem
783 1412 1089 1470 fabulantur
1116 1432 1213 1488 per
1243 1420 1510 1475 somnium
1548 1423 1598 1477 in
1640 1434 1754 1480 ter-

155 1511 263 1551 ram
292 1513 483 1556 semen
513 1505 833 1572 profudisse.
862 1506 938 1562 Ex
967 1524 1034 1564 eo
1063 1520 1219 1565 terrae
1240 1523 1503 1583 conceptu
1534 1517 1750 1585 genium

156 1589 384 1646 humana
425 1595 642 1664 quidem
689 1597 855 1670 ﬁgura
877 1642 892 1664 ,
920 1600 1015 1656 sed
1049 1603 1298 1674 ambiguo
1326 1620 1457 1660 sexu
1491 1601 1748 1663 in'lucem

156 1686 438 1754 prodiisse,
469 1690 746 1760 Agdestim
792 1694 1155 1765 appellatum;
1203 1696 1336 1752 deos
1367 1708 1612 1755 monstro
1648 1717 1750 1756 ex-

155 1779 363 1834 territos
385 1781 598 1836 virilem
623 1785 672 1840 ei
704 1797 910 1856 partem
936 1789 1272 1854 exsecuisse;
1307 1806 1374 1846 ex
1404 1807 1467 1847 ea
1493 1792 1751 1864 amygda-

157 1870 254 1926 lam
295 1882 544 1939 enatam,
577 1876 732 1946 cujus
775 1893 896 1933 cum
939 1889 1178 1935 maturos
1219 1880 1424 1938 fructus
1453 1885 1748 1955 appetisset

156 1960 391 2034 Sangarii
422 1967 600 2021 amnis
622 1967 750 2032 lilia,
775 1984 976 2040 eosque
1000 1971 1052 2025 in
1082 1972 1258 2028 sinum
1283 1974 1599 2041 abdidisset,
1625 1993 1750 2033 eva-

155 2058 326 2111 nuisse
357 2057 482 2112 illos
519 2059 768 2130 quidem,
811 2078 997 2118 verum
1037 2066 1268 2134 puellam
1310 2069 1585 2140 gravidam
1633 2070 1750 2127 fac-

156 2156 284 2211 tam,
320 2165 547 2218 puerum
589 2153 842 2208 enixam:
877 2157 1018 2213 hunc
1057 2158 1108 2212 in
1144 2159 1298 2231 sylva
1329 2164 1632 2233 expositum
1657 2207 1672 2232 ,
1718 2181 1749 2220 a

153 2243 348 2311 capella
379 2244 690 2314 educatum,
724 2264 843 2304 cum
876 2250 1218 2319 adolevisset,
1247 2255 1445 2311 eximia
1479 2256 1663 2324 fuisse,
1693 2269 1748 2315 et

155 2335 311 2390 multo
375 2353 537 2409 quam
604 2338 836 2396 humana
887 2346 1267 2403 excellentiore
1317 2348 1735 2418 pulchritudine.

155 2425 407 2494 Quocirca
433 2431 552 2502 ejus
578 2448 765 2490 amore
793 2446 1006 2506 captum
1044 2439 1342 2510 Adgestim,
1370 2457 1490 2496 cum
1519 2442 1587 2498 ad
1613 2444 1742 2499 viri-

155 2519 250 2574 lem
274 2533 488 2580 aetatem
518 2527 876 2595 pervenisset,
902 2530 1276 2587 Pessinuntem
1305 2548 1427 2588 eum
1459 2535 1743 2608 propinqui

153 2613 224 2666 sui
252 2615 536 2672 miserunt.
568 2619 644 2674 Ibi
673 2635 795 2674 cum
829 2621 971 2692 regis
995 2621 1160 2678 ﬁliam
1194 2640 1418 2681 uxorem
1447 2638 1590 2682 esset
1615 2627 1746 2685 duc-

153 2714 327 2773 turus,
370 2717 426 2764 et
461 2710 572 2779 jam
607 2712 844 2782 nuptiale
869 2728 1084 2770 carmen
1121 2725 1448 2782 cantaretur,
1493 2719 1746 2790 Agdestis

159 2796 535 2870 interveniens,
580 2813 785 2860 tantum
820 2806 930 2861 Atti
975 2807 1196 2863 immisit
1239 2807 1509 2876 furorem;
1544 2822 1599 2865 ut
1641 2812 1745 2867 sibi

152 2892 390 2960 pudenda
439 2897 777 2965 praecideret.
827 2898 940 2955 Hoc
971 2901 1099 2956 item
1142 2916 1300 2958 socer
1322 2903 1440 2972 ejus
1469 2903 1613 2959 fecit.
1638 2906 1745 2976 Ag-

152 2985 334 3043 destim
377 2989 504 3046 facti
552 2994 821 3063 paenituit.
868 2994 1098 3063 Quarea
1127 2996 1261 3052 Jove
1292 2999 1632 3069 impetravit,
1674 3017 1744 3057 ne

151 3095 244 3146 qua
271 3087 516 3154 corporis
541 3084 679 3140 Attzn
710 3103 833 3156 pars
863 3099 1214 3158 putresceret,
1241 3100 1333 3146 aut
1362 3082 1681 3149 ta'besceret.
1716 3115 1735 3148 ι

151 3170 396 3247 lntelligis
423 3191 556 3233 sane
586 3178 736 3248 plura
761 3180 829 3236 ibi
859 3182 1081 3237 Arnobii
1128 3185 1423 3238 narrationi
1467 3186 1535 3241 de
1555 3187 1740 3242 Attide

151 3275 200 3320 et
224 3267 439 3338 Agdesti
469 3271 686 3338 similia,
719 3273 963 3341 quaedam
990 3291 1119 3331 vero
1146 3275 1381 3343 diversa,
1412 3294 1477 3334 ac
1508 3297 1738 3351 prmser-
1765 3265 1811 3330 C
1845 3305 1899 3371 7’
1924 3265 1992 3358 αξι
2018 3265 2239 3370 ιωιαέηξ
2269 3320 2316 3364 ει
2366 3312 2455 3368 (ib,

151 3357 234 3411 tim
262 3361 426 3415 altum
474 3360 544 3416 de
585 3361 808 3419 deorum
839 3365 1007 3421 Matre
1033 3368 1327 3424 silentium.
1357 3368 1462 3425 Sed
1490 3388 1607 3441 qua:
1636 3373 1738 3430 sibi

150 3451 365 3507 invicem
397 3455 745 3524 conveniunt,
775 3471 836 3512 ea
877 3467 1024 3514 certe
1055 3460 1284 3530 probant
1307 3461 1606 3518 Arnobium
1636 3481 1736 3521 nec

150 3553 361 3612 temere,
393 3563 494 3604 nec
522 3549 793 3605 immerito
822 3551 1056 3607 ethnicis
1084 3553 1375 3622 Timothei,
1405 3566 1461 3611 et
1485 3559 1731 3629 aliorum,

148 3652 271 3706 quos
293 3649 509 3696 secutus
533 3650 636 3706 est,
669 3643 933 3712 objecisse
957 3647 1352 3703 auctoritatem.

211 3731 285 3787 Ex
319 3736 568 3790 omnibus
601 3746 779 3791 autem
814 3737 972 3808 hujus
1015 3738 1252 3794 historiae
1293 3741 1732 3814 circumstantiis,

148 3839 268 3891 quas
308 3827 398 3883 ille
425 3827 736 3899 singillatim
767 3832 1009 3898 resumit,
1056 3847 1158 3886 nec
1193 3849 1222 3886 a
1253 3835 1408 3889 nobis
1439 3839 1609 3906 repeti
1635 3854 1735 3895 ne-

148 3931 288 3974 cesse
309 3931 409 3984 est,
442 3921 845 3977 evidentissima
875 3924 1213 3980 demonstrat
1242 3922 1374 3981 nihil
1407 3928 1564 3997 plane
1606 3931 1733 4002 ﬁngi

148 4026 292 4080 posse
323 4029 424 4069 non
448 4017 622 4071 solum
652 4017 871 4095 cuilibet
895 4017 1019 4086 deo,
1049 4019 1143 4074 sed
1171 4021 1488 4092 cuicumque
1507 4023 1734 4080 honesto

148 4105 520 4182 moderatoque
553 4110 754 4166 homini
787 4113 954 4182 magis
981 4113 1431 4170 contumeliosum
1453 4157 1469 4182 ,
1503 4132 1603 4172 nec
1624 4135 1731 4189 quo

147 4203 359 4270 proinde
395 4213 500 4258 tota
527 4203 868 4259 ethnicorum
897 4205 1086 4277 religio
1112 4208 1283 4277 magis
1316 4217 1644 4278 proteratur,
1677 4222 1732 4267 et

146 4296 392 4352 radicitus
413 4299 776 4353 convellatur.
800 4298 938 4365 Quin
970 4300 1136 4355 immo
1165 4301 1249 4357 vel
1277 4300 1330 4356 id
1358 4303 1555 4368 Solum,
1586 4304 1728 4373 quod

145 4388 203 4443 de
227 4391 403 4446 Matris
428 4392 650 4447 deorum
675 4401 796 4447 ortu
812 4402 863 4448 et
883 4408 1096 4458 amore,
1133 4404 1186 4449 et
1215 4395 1462 4450 obscenis
1499 4395 1725 4451 aliorum

147 4480 290 4538 factis
318 4483 541 4549 dicitur,
579 4486 776 4540 invicte
805 4487 996 4556 probat
1033 4502 1183 4553 eam,
1214 4497 1550 4559 ceterosque
1571 4491 1722 4557 deos,

147 4583 309 4628 ortum
335 4576 622 4647 aliquando
645 4576 918 4644 habuisse,
943 4586 1000 4633 et
1017 4578 1242 4634 infames
1270 4580 1433 4635 fuisse
1456 4580 1723 4649 homines,

1377 371 1444 428 IN
1467 343 1854 449 SARNOBIUM,
1893 383 2047 442 CAP.
2095 390 2280 450 xvm.
3362 425 3396 474 εί

159 476 237 521 est
262 466 333 521 ab
357 467 480 524 aliis
508 473 867 544 scriptoribus
895 492 926 532 a
957 481 1117 537 nobis
1145 483 1274 540 alibi
1302 483 1481 542 citatis
1509 487 1752 559 (Dissert.
1785 500 1839 558 Α
1863 501 2104 569 stupidus
2131 517 2186 562 et
2206 510 2452 582 insanos,
2483 531 2611 574 num

159 562 204 582 ,μ
244 559 414 582 ..κώ
654 566 725 582 ,η
861 580 868 582 Α
922 570 972 582 η.
1032 575 1044 582 .
1254 577 1285 582 --

1855 591 2025 647 aniles
2057 596 2358 668 hujusmodi
2389 591 2638 678 fabulas,
2669 615 2770 672 diis
2820 591 3239 696 indignissimas,

1856 699 2041 743 eorum
2089 692 2376 754 ludibrium
2426 705 2719 773 cnufictas,
2770 715 2912 781 apud
2943 692 3024 773 se
3083 723 3350 780 venditari
3399 741 3468 781 ac

1856 784 2153 850 praedicari.
2210 791 2274 846 Et
2321 810 2453 851 vero
2494 798 2704 858 Tullius
2760 805 2902 862 haud
2954 826 3178 880 prorsus
3226 819 3467 876 absimili

1857 877 2018 934 modo
2041 893 2160 951 post
2186 889 2510 958 explicatam
2547 895 2839 956 Democriti
2874 877 3018 962 illius
3061 909 3376 968 Abderitani
3410 918 3467 974 in

1856 971 2055 1027 sulsam
2094 976 2160 1032 de
2205 979 2428 1039 deorum
2453 999 2640 1044 natura
2675 1004 2727 1047 et
2763 996 3086 1068 imaginibus
3125 1007 3460 1075 opinionem,

1855 1061 2053 1130 adjecit
2080 1083 2093 1121 :
2144 1087 2164 1119 ι
2193 1070 2323 1138 Quae
2341 1077 2557 1146 quidem
2587 1085 2764 1139 omnia
2793 1061 2920 1142 sunt
2943 1092 3113 1159 patria
3143 1061 3459 1167 ﬁemocriti,

1855 1167 2016 1249 quam
2064 1158 2374 1221 Democrito
2417 1169 2661 1241 digniora
2706 1196 2724 1228 ι
2757 1158 2969 1249 (Cicer.,
3017 1183 3105 1239 lib.
3167 1203 3184 1242 ι
3230 1187 3295 1244 de
3334 1158 3465 1248 Nat:

1856 1245 2024 1314 deor.,
2045 1267 2164 1324 pag.
2189 1254 2342 1330 212).

1927 1337 2035 1396 Nec
2074 1358 2190 1401 erat
2217 1365 2346 1406 sane
2375 1355 2514 1410 ullus
2546 1359 2779 1419 ethnicis
2802 1370 3165 1438 respondendi
3195 1374 3370 1444 locus,
3405 1380 3458 1434 in

1857 1439 1964 1487 tota
1997 1434 2084 1491 illa
2114 1439 2338 1499 historia
2362 1448 2494 1504 nihil
2528 1467 2751 1521 prorsus
2781 1461 3008 1518 subesse
3035 1468 3171 1521 veri.
3200 1467 3465 1526 Christia-

1856 1541 2047 1584 norum
2079 1537 2358 1593 enimvero
2391 1543 2522 1597 nihil
2570 1546 2796 1605 interest
2831 1563 3010 1610 utrum
3045 1558 3160 1614 haec
3207 1561 3333 1617 falsa
3369 1575 3465 1619 aut

1856 1635 1982 1676 vera
2007 1623 2237 1683 dicatur.
2260 1630 2394 1686 Nam
2436 1637 2480 1689 si
2511 1649 2641 1694 vera
2671 1644 2797 1710 sint,
2829 1661 2951 1716 qua:
2975 1649 3114 1704 inea
3143 1665 3459 1724 narrantur,

1857 1711 1928 1766 dii
1970 1725 2117 1771 certe
2163 1721 2324 1777 irasci
2379 1741 2487 1780 non
2515 1727 2716 1786 debent
2769 1735 3116 1806 christianis,
3161 1745 3249 1813 qui
3284 1755 3462 1803 tantas

1857 1805 2074 1863 illorum
2116 1813 2480 1883 turpitudines
2511 1838 2611 1878 nec
2643 1826 2768 1882 ullis
2809 1845 3060 1902 umquam
3088 1837 3307 1906 scriptis
3328 1856 3464 1910 pro-

1782 1885 1828 1944 B
1855 1899 2064 1968 didere,
2097 1919 2198 1960 nec
2221 1908 2370 1964 ullibi
2393 1912 2684 1983 aliquando
2707 1885 3070 1992 divulgalrunt.
3090 1885 3305 1984 sm};
3328 1885 3464 1988 iis

1852 1995 2203 2067 sint,justam
2233 2017 2365 2059 sane
2410 2005 2640 2064 deorum
2669 2012 2805 2068 iram
2849 2017 3053 2073 ethnici
3100 2022 3463 2091 concitarunt,

1852 2090 1940 2158 qui
1965 2089 2083 2146 haec
2117 2093 2170 2147 in
2200 2110 2389 2151 eorum
2421 2103 2773 2169 opprobrium
2803 2107 2998 2164 litteris
3027 2122 3081 2167 et
3112 2107 3460 2183 sempiternm

1851 2185 2130 2239 memorias
2179 2189 2440 2246 mandare
2467 2195 2585 2249 ausi
2627 2209 2774 2252 sunt.
2814 2201 2885 2255 At
2913 2203 3001 2258 dic
3034 2205 3273 2273 tandem,
3298 2209 3462 2264 obse-

1850 2291 1968 2345 cro,
1999 2295 2101 2348 qua
2142 2282 2232 2336 isti
2265 2286 2472 2341 ratione
2520 2303 2766 2348 asserere
2798 2306 3047 2364 poterant
3091 2298 3208 2356 hzec
3244 2301 3461 2373 aliaque

1851 2370 2078 2440 plurima
2105 2375 2185 2430 eis
2221 2378 2416 2434 similia
2458 2396 2578 2438 esse
2620 2385 2786 2455 falsa,
2816 2405 2958 2459 quae,
2997 2393 3156 2449 sicuti
3187 2397 3463 2455 Arnobius

1849 2463 1945 2528 ait,
1971 2477 2024 2520 et
2048 2482 2147 2522 nos
2177 2469 2301 2525 alibi
2326 2477 2727 2546 annotavimus,
2761 2483 2956 2536 annuis
2975 2482 3148 2551 festis,
3181 2497 3236 2542 et
3263 2493 3457 2559 sacris,

1849 2570 1911 2610 ac
1939 2558 2188 2625 solemni,
2225 2563 2298 2616 uti
2319 2566 2601 2636 Apuleius,
2628 2569 2991 2630 Tertullianus
3014 2587 3070 2632 et
3095 2578 3464 2654 Hieronymus

1850 2651 2226 2720 testiﬁcantur,
2276 2657 2519 2714 ciborum
2567 2663 2891 2720 abstinentia
2925 2670 3319 2729 celebrabant?
3345 2676 3458 2732 Sed

1848 2741 1966 2799 huic
1997 2747 2329 2817 AuguSIinus
2358 2750 2529 2808 fusius
2559 2755 2874 2824 insectatur,
2908 2762 3063 2832 cujus
3091 2765 3254 2820 verba
3274 2809 3288 2833 ,
3324 2782 3450 2838 qua

1846 2836 2064 2905 quidem
2093 2840 2251 2911 longe
2282 2844 2431 2913 plura
2464 2857 2610 2915 sunt,
2640 2866 2799 2918 quant
2840 2852 2925 2909 hic
2955 2856 3145 2913 referri
3194 2836 3453 2931 debeant,

1848 2927 1903 2983 in
1932 2923 2051 3000 ejus
2095 2933 2245 2988 libris
2289 2947 2341 2991 te
2372 2938 2567 3010 legisse
2597 2960 2704 2998 non
2735 2948 3035 3014 paenitebit.
3072 2951 3318 3024 (Arnob.,
3364 2923 3456 3012 lib:

1846 3039 1882 3088 t,
1915 3041 2032 3094 pag.
2068 3026 2135 3081 54
2158 3042 2172 3090 ;
2198 3039 2322 3081 tom.
2355 3046 2370 3084 ι
2405 3035 2681 3103 Apparat.,
2711 3055 2830 3109 pag.
2866 3041 2991 3107 759;
3018 3043 3236 3100 Dissert.
3268 3047 3322 3100 in
3346 3047 3457 3101 Mi-

1845 3132 1987 3183 nuc.,
2016 3135 2131 3190 cap.
2164 3121 2256 3184 20,
2289 3136 2388 3178 act.
2415 3123 2666 3196 2;Apul.,
2694 3132 2764 3184 lib
2791 3148 2826 3185 tt
2857 3132 3096 3203 Metam"
3141 3155 3261 3210 pag.
3278 3139 3386 3196 206
3407 3152 3458 3196 ct

1844 3208 1972 3275 209;
1993 3210 2239 3280 Tertull.,
2271 3216 2358 3269 lib.
2390 3218 2453 3272 de
2471 3218 2676 3291 Jejun.,
2707 3240 2823 3295 cap.
2843 3227 2915 3291 2;
2948 3208 3276 3303 Hierangni.,
3297 3237 3451 3303 epist.

2486 3330 2521 3369 tt
2549 3317 2667 3371 adv.
2696 3317 2899 3386 Jouin.,
2932 3341 3054 3396 pag.
3083 3325 3146 3381 91
3169 3343 3182 3392 ;
3209 3328 3453 3401 August,

1845 3397 1932 3452 lib.
1957 3415 2028 3454 vn
2059 3401 2122 3456 de
2150 3400 2326 3472 Civit.,
2349 3422 2468 3475 cap.
2493 3407 2584 3477 26,
2619 3427 2742 3482 pag.
2778 3414 2935 3488 179..)

2455 3563 2751 3608 Αιιτιευωε
2790 3569 2847 3608 ll.

1839 3652 2443 3736 Expendgntunvulgatze
2458 3663 2575 3736 alia;
2619 3664 2839 3717 historias
2863 3669 2931 3736 de_
2952 3669 3119 3722 Fauna
3155 3673 3329 3736 Fatua,
3358 3692 3450 3731 seu

1943 3730 2034 3792 oua
2057 3719 2170 3799 dea,
2195 3719 2402 3785 myrteis
2426 3726 2580 3791 virgis
2619 3741 2762 3791 caesa,
2805 3719 2879 3781 eti
2903 3719 2967 3784 de
2994 3719 3450 3799 turpissimo—Tullii

1898 3783 2038 3842 regis
2061 3790 2188 3833 ortu.

1911 3909 2130 3966 Fatetur
2157 3913 2430 3970 Arnobius
2450 3925 2506 3971 et
2527 3920 2791 3987 materiae,
2820 3937 2849 3975 a
2871 3937 2931 3978 se
2957 3924 3025 3980 de
3051 3942 3178 3983 vera
3206 3944 3269 3986 ac
3300 3931 3437 3990 falsa

1836 4002 2096 4075 religione
2146 4008 2464 4073 tractandae,
2507 4010 2808 4080 rationem,
2839 4025 2893 4070 et
2937 4028 3250 4090 susceptum
3290 4025 3441 4080 chri-

1834 4097 2023 4151 stianie
2074 4099 2351 4169 religionis
2403 4103 2742 4160 vindicanda:
2786 4123 2982 4165 munus
3025 4117 3330 4185 postulare;
3382 4131 3444 4176 ut

1835 4190 1970 4244 alias
1999 4191 2206 4246 similes
2249 4192 2507 4250 historias
2548 4199 2720 4253 sacris
2749 4201 3090 4259 ethnicorum
3139 4211 3438 4281 mysteriis,

1833 4296 1896 4336 ac
1922 4283 2069 4338 festis
2086 4283 2276 4340 diebus
2294 4298 2729 4355 repraesentatas,
2751 4307 3172 4366 prosequeretur
3189 4300 3434 4373 (Arnob.,

1832 4374 1917 4428 lib.
1952 4390 2002 4438 ν,
2033 4393 2151 4447 pag.
2183 4376 2330 4446 168).
2366 4378 2566 4435 Verum
2601 4399 2666 4438 ne
2700 4387 3006 4456 turpissima
3038 4405 3224 4446 earum
3258 4409 3437 4467 expo-

1830 4467 2028 4521 sitione
2051 4469 2165 4538 ipse
2191 4470 2392 4538 aliique
2419 4477 2938 4547 contaminarentur,
2971 4483 3156 4553 plures
3171 4486 3440 4556 judicavit

1828 4561 2080 4632 prudenti
2112 4564 2327 4620 silentio
2354 4583 2477 4622 esse
2506 4574 2927 4638 prmtereundas.
2953 4575 3242 4635 Rhetorica
3274 4582 3439 4653 igitur

147 4671 225 4735 qui
252 4667 446 4724 idcirco
476 4685 575 4725 nec
603 4679 821 4726 aaternae
851 4685 953 4727 nec
991 4670 1186 4728 divina:
1211 4681 1417 4729 natura;
1446 4686 1724 4747 compotes

1851 4656 2000 4728 igura
2041 4673 2102 4712 se
2131 4661 2462 4729 praemittere
2513 4665 2751 4732 simulat,
2802 4669 2945 4738 quod
2999 4671 3270 4734 breviter.
3299 4678 3434 4732 satis

150 4776 383 4832 umquam
415 4780 534 4820 esse
559 4774 868 4834 potuerunt.

207 4853 330 4910 iure
359 4855 519 4927 igitur
548 4856 745 4910 merito
781 4858 1100 4913 exclamavit
1141 4867 1328 4914 auctor
1357 4869 1540 4915 noster
1571 4878 1584 4914 :
1623 4880 1641 4912 ‹
1678 4861 1723 4916 Ο

148 4947 361 5011 Abdera,
408 4949 644 5014 Abdera,
687 4948 843 5004 dares
873 4962 1102 5020 quantas
1130 4952 1246 5007 vias
1284 4953 1604 5008 mortalibus
1645 4955 1721 5008 ir-

148 5038 366 5104 ridendi,
401 5041 521 5096 talis
571 5028 780 5112 si'apud
812 5052 862 5098 te
887 5055 1033 5099 esset
1063 5043 1239 5100 fabula
1278 5045 1349 5099 ita
1396 5047 1660 5103 conﬂata?
1694 5067 1716 5104 ο

152 5132 370 5200 (Αγηοὸη
400 5135 488 5188 lib.
522 5151 577 5200 ν,
627 5153 746 5207 pag.
777 5136 932 5209 164.)
976 5137 1188 5193 Abdera
1214 5148 1405 5192 autem
1451 5141 1578 5195 urbs
1607 5152 1725 5198 erat

147 5222 398 5295 Thracia,
425 5228 714 5282 Demoeriti
739 5228 1062 5299 philosophi,
1093 5241 1145 5286 et
1176 5231 1402 5285 aliorum
1432 5232 1721 5302 insignium

155 5331 362 5374 morum
387 5321 576 5388 patria.
608 5320 713 5377 Sed
733 5321 823 5376 alii
851 5322 968 5392 ejus
989 5311 1134 5379 cives
1159 5327 1532 5395 erantstupori
1560 5337 1722 5397 atque

148 5408 348 5467 insania:
372 5413 612 5467 obnoxii.
649 5412 802 5469 [inde
830 5415 981 5484 illud,
1000 5415 1069 5471 de
1097 5432 1205 5488 quo
1225 5417 1481 5472 Erasmus
1506 5419 1722 5477 disserit

150 5502 367 5577 adagium
399 5524 414 5563 :
447 5508 738 5562 Abderitica
769 5525 910 5563 mens
932 5510 1188 5582 (Emam,
1215 5510 1405 5582 Δάας..
1437 5513 1560 5566 cltil.
1593 5514 1647 5579 4,
1673 5527 1718 5569 et

149 5609 259 5655 cent.
288 5601 339 5666 6,
361 5603 515 5674 adag.
537 5602 630 5669 98,
659 5621 779 5674 pag.
804 5604 952 5676 877);
982 5614 1036 5660 et
1063 5606 1167 5662 hoc
1182 5604 1438 5661 Martialis
1453 5621 1672 5663 carmen
1704 5626 1716 5662 :

341 5718 655 5769 Abderitanae
681 5726 881 5780 pectora
908 5719 1067 5780 plebis
1085 5722 1260 5772 habes.

681 5780 948 5846 (Martial.,
968 5783 1054 5835 tib.
1078 5797 1166 5845 xx,
1185 5782 1472 5851 epigrsﬁﬁ.)

151 5859 328 5922 Sensus
350 5868 528 5940 itaque
553 5867 784 5926 Arnobii
832 5879 916 5926 est
964 5869 1348 5940 Abderitanos,
1379 5871 1726 5943 quantumvis

1829 4758 2008 4804 tamen
2035 4750 2101 4805 ad
2131 4753 2465 4821 propositum
2489 4770 2644 4811 suum
2660 4773 2898 4825 enarrat,
2924 4760 3428 4840 FaunamFatuam,

1830 4861 1924 4901 seu
1955 4846 2159 4901 Bonam
2191 4847 2347 4903 deam
2380 4852 2604 4922 myrteis
2631 4854 2815 4924 virgis,
2851 4865 2988 4911 teste
3006 4857 3183 4915 Sexto
3210 4860 3430 4934 Clodio,

1831 4949 2114 5009 propterea
2154 4954 2349 4996 caesam
2383 4941 2566 5009 fuisse,
2616 4947 2738 5015 quia
2781 4950 2976 5005 marito
3002 4967 3102 5007 suo
3131 4957 3430 5028 nesciente,

1833 5032 2047 5101 plenam
2070 5033 2182 5087 vini
2215 5035 2414 5089 seriam
2463 5037 2708 5094 bibisset.
2752 5039 2920 5113 Cujus
2955 5047 3180 5116 quidem
3212 5051 3267 5105 in
3305 5051 3435 5110 l'acti

1832 5123 2150 5179 memoriam
2207 5129 2470 5197 ampliora
2525 5131 2633 5185 vini
2687 5133 2738 5187 in
2797 5134 2941 5192 illius
2992 5143 3266 5210 mysteriis
3325 5145 3429 5201 ob-

1830 5223 1970 5271 tecta
2022 5220 2402 5289 constituitur,
2438 5237 2539 5279 nec
2568 5225 2660 5280 ulli
2692 5226 2773 5283 fas
2819 5238 2902 5285 est
2946 5231 3012 5287 iis
3053 5232 3256 5293 inferre
3299 5253 3428 5295 vero

1828 5308 2016 5366 benas.

1899 5403 2206 5462 Macrobius
2233 5419 2412 5465 autem
2445 5411 2560 5468 haec
2581 5415 2741 5481 paulo
2770 5418 3076 5484 enodatius,
3109 5437 3218 5478 non
3247 5425 3426 5496 aliquo

1832 5503 2008 5551 tamen
2038 5497 2155 5554 sine
2197 5500 2539 5572 discrimine,
2589 5499 2837 5578 huncquc
2880 5511 2934 5564 in
2977 5512 3198 5569 modum
3244 5519 3429 5577 retulit

1829 5590 2113 5662 (Macrob.,
2145 5594 2260 5648 libr.
2291 5612 2305 5649 ι
2363 5596 2659 5666 Saturnal.,
2694 5618 2811 5672 cap.
2843 5602 2954 5675 1'2).
3000 5605 3204 5672 Fauna,
3229 5608 3422 5680 inquit,

1828 5693 1884 5741 et
1908 5685 2072 5740 Fatua
2102 5704 2132 5742 a
2164 5689 2507 5758 quibusdam,
2555 5707 2618 5748 ac
2657 5695 2995 5762 potissimum
3027 5699 3282 5756 Cornelio
3314 5701 3424 5759 La-

1829 5777 2023 5845 beone,
2051 5788 2106 5835 et
2148 5783 2202 5836 in
2233 5782 2552 5839 Pontificum
2600 5787 2751 5841 libris
2791 5789 2979 5844 eadem
3029 5793 3222 5848 dicitur
3262 5804 3426 5865 atque

1833 5872 1989 5941 Maia,
2035 5874 2182 5933 Bona
2215 5877 2337 5946 dea,
2380 5879 2510 5949 Ops,
2564 5879 2755 5951 Terra,
2784 5893 2837 5940 et
2875 5883 3063 5956 Magna
3114 5894 3304 5954 mater,
3337 5894 3426 5948 cui
