3872 6350
441 320 556 380 595

444 535 568 587 vina
593 532 790 603 agitur.
815 532 898 586 Ab
924 532 1046 586 aliis
1074 543 1251 588 tamen
1270 532 1457 587 eadem
1477 546 1539 585 ac
1566 529 1733 585 Fauni
1768 530 1875 586 filia
1902 545 2026 586 cen-

440 635 614 691 setur,
646 640 765 695 quae
793 640 915 679 cum
944 626 1110 696 patris
1141 624 1252 692 sui,
1285 640 1315 678 a
1346 639 1452 693 quo
1479 624 1688 695 perdite
1722 625 2024 690 amabatur,

436 717 706 772 voluntati
745 715 1070 783 obstitisset,
1099 716 1248 785 virga
1279 725 1484 787 myrtea
1524 715 1593 769 ab
1623 715 1716 769 illo
1744 716 2025 771 verberata

436 818 540 867 est.
571 809 710 866 Tum
740 809 832 866 ille
857 809 1004 865 addit
1036 827 1048 862 :
1083 828 1102 861 ι
1136 808 1338 864 llorum
1357 809 1595 863 omnium
1626 808 1727 864 hoc
1752 810 2028 879 proferunt

431 903 645 971 indicii,
671 902 813 973 quod
843 903 1044 972 virgam
1074 911 1335 973 myrteam
1358 901 1414 955 in
1440 902 1640 971 templo
1662 901 1843 957 haberi
1878 901 2028 958 nefas

439 997 541 1062 sit;
591 993 733 1064 quod
781 1008 943 1063 super
994 1004 1165 1063 caput,
1205 994 1324 1063 ejus
1371 992 1692 1047 extendatur
1744 993 1891 1057 vitis,
1924 1008 2027 1064 qua

434 1089 675 1144 maxime
698 1101 815 1140 eam
848 1095 1000 1155 pater
1037 1085 1154 1155 ejus
1193 1085 1443 1155 decipere
1476 1085 1739 1151 tentavit;
1772 1085 1914 1156 quod
1946 1089 2019 1139 vi-

436 1198 568 1237 num
598 1181 651 1235 in
672 1180 930 1250 templum
954 1178 1073 1248 ejus
1103 1193 1210 1233 non
1243 1194 1340 1233 suo
1371 1179 1591 1232 nomine
1614 1180 1785 1233 soleat
1818 1177 2021 1244 inferri,

434 1274 532 1330 sed
560 1288 654 1328 vas
682 1274 735 1327 in
773 1286 879 1341 quo
908 1270 1092 1326 vinum
1138 1270 1363 1325 inditum
1400 1271 1491 1338 sit,
1521 1271 1823 1326 mellarium
1856 1271 2026 1324 nomi-

434 1375 614 1432 netur,
654 1373 710 1420 et
757 1365 938 1419 vinum
986 1366 1070 1418 lac
1118 1372 1479 1433 nuncupetur,
1532 1372 1923 1434 serpentesque
1970 1363 2024 1416 in

434 1459 641 1529 templo
670 1457 788 1528 ejus
815 1473 917 1515 nec
949 1466 1231 1522 terrentes,
1258 1472 1360 1513 nec
1383 1458 1632 1513 timentes
1654 1455 2025 1513 inditierenter

435 1560 752 1624 appareant.
794 1571 813 1603 ι

506 1643 827 1699 Plutarchus
865 1651 1043 1698 autem
1102 1642 1367 1714 quaerenti
1402 1658 1499 1698 cur
1530 1651 1789 1697 matronae
1832 1640 2023 1697 dome-

434 1739 627 1794 sticum
659 1738 939 1793 muliebris
966 1737 1103 1806 deae,
1126 1753 1284 1808 quam
1312 1738 1515 1792 Bonam
1546 1736 1908 1806 appellavere,
1939 1750 2022 1791 sa-

433 1830 632 1885 cellum
676 1838 931 1885 ornantes
954 1873 967 1897 ,
998 1838 1231 1901 myrtum
1282 1844 1389 1883 non
1423 1829 1679 1895 inserant,
1733 1829 2022 1899 respondet

436 1930 680 1993 apertam
712 1938 815 1976 non
847 1937 967 1978 esse
998 1922 1141 1977 illius
1180 1922 1317 1977 ritus
1343 1922 1640 1987 rationem;
1665 1919 1857 1977 fabulae
1888 1922 2028 1977 nihi-

440 2017 675 2072 lominus
716 2017 761 2071 si
787 2032 891 2088 qua
922 2015 1056 2071 tides
1101 2014 1346 2070 habenda
1373 2013 1478 2083 sit,
1511 2030 1633 2069 eum
1665 2030 1871 2070 morem
1902 2015 2027 2070 inde

434 2108 638 2177 ortum,
670 2109 813 2179 quod
851 2108 1023 2164 Faulii
1052 2108 1213 2181 (forte
1238 2107 1431 2182 Fauni)
1461 2108 1740 2180 cujusdam
1763 2104 2027 2179 aruSpicis

435 2220 698 2269 uxorem,
731 2205 869 2259 clam
923 2216 1049 2274 poto
1095 2205 1242 2271 vino,
1296 2205 1459 2273 virgis
1511 2204 1736 2275 myrteis
1764 2219 1796 2258 a
1833 2205 2027 2259 marito

430 2312 627 2353 caesam
655 2295 820 2352 fuisse
847 2296 1157 2352 existiment
1182 2295 1503 2367 (Plutarch,
1550 2296 1743 2363 Qutecl.
1775 2295 2022 2364 Romam,

431 2401 557 2447 tom.
586 2405 647 2457 ιι,
674 2406 794 2461 pag.
819 2387 971 2461 268).

505 2486 725 2542 Clodius
754 2501 886 2541 vero
911 2485 1051 2556 apud
1077 2485 1417 2541 Lactantium
1448 2485 1615 2541 refert
1642 2484 1879 2540 Faunam
1921 2485 2023 2540 Fa-

433 2590 603 2645 tuam,
651 2578 818 2634 Fauni
870 2595 1094 2635 uxorem
1127 2622 1143 2645 ,
1210 2589 1495 2650 propterea
1535 2580 1678 2650 quod
1726 2580 1885 2634 ollam
1921 2580 2027 2634 viui

432 2682 623 2729 contra
641 2688 849 2729 morem
878 2671 1151 2743 decusque
1179 2672 1385 2742 regium
1416 2672 1554 2727 clam
1585 2672 1864 2739 ehibisset,
1898 2672 2028 2727 fuis-

433 2776 626 2837 setque
658 2765 943 2830 inebriata,
976 2765 1138 2835 virgis
1180 2764 1403 2836 myrteis
1430 2780 1600 2835 usque
1629 2764 1695 2835 ad
1737 2774 1967 2819 mortem
1996 2780 2026 2818 a

431 2859 551 2913 viro
575 2857 911 2913 verberatum
948 2874 959 2909 :
992 2856 1087 2911 sed
1114 2872 1236 2911 cum
1266 2856 1413 2910 illum
1457 2867 1641 2925 postea
1683 2855 1805 2910 facti
1853 2856 2026 2927 pmni-

435 2952 652 3013 tuisset,
688 2965 787 3004 nec
818 2958 1000 3018 posset
1040 2948 1223 3002 uxoris
1248 2946 1391 3002 ferre
1418 2946 1777 3016 desiderium,
1819 2948 2031 3002 divinos

438 3045 675 3098 honores
703 3042 779 3095 illi
810 3041 1089 3106 detulisse,
1118 3050 1169 3094 et
1203 3038 1402 3093 idcirco
1434 3038 1487 3093 in
1515 3041 1633 3107 ejus
1661 3040 1831 3093 sacris
1856 3040 2030 3093 obvo-

433 3136 604 3190 lutam
625 3133 809 3189 offerri
826 3134 930 3186 vini
955 3136 1293 3201 amphoram.
1318 3132 1478 3186 Plura
1500 3132 1567 3186 de
1584 3133 1670 3187 illa
1699 3132 1759 3186 L.
1782 3132 2032 3189 Giraldus

1665 324 2113 381 DlSSERTATlU
2151 324 2427 383 ruam
3456 296 3459 297 ί
3585 333 3669 387 596

437 456 625 497 mense
653 440 818 507 Maio,
854 442 983 511 ipsis
1014 440 1240 512 hujusce
1273 441 1472 496 mensis
1513 438 1787 505 Calendis,
1818 454 1904 494 res
1943 439 2026 493 di-
2053 450 2101 512 Α

2316 440 2415 506 Aut
2434 439 2541 500 fuit,
2566 445 2652 491 aut
2677 443 2779 506 visa
2802 448 2896 503 est,
2922 442 3011 492 sed
3034 440 3128 493 fuit
3151 442 3234 493 illa
3255 445 3428 506 magis.

2223 500 2365 568 Iussa
2384 500 2488 568 foco
2505 506 2693 568 captiva
2716 503 2866 568 fovet,
2883 500 3163 568 conceptus
3183 508 3245 555 ab
3269 500 3353 555 illa

2312 564 2532 630 Servius,
2558 564 2583 613 a
2602 565 2727 616 co:lo
2744 567 2932 616 semina
2954 564 3121 630 gentis
3148 569 3316 618 habet.

2220 626 2371 693 Signa
2391 626 2529 693 dedit
2545 630 2743 693 genitor
2766 634 2886 686 tum,
2907 626 3017 679 cuin
3039 639 3185 693 caput
3206 632 3326 693 igne
3347 643 3535 681 corusco

2318 688 2714 754 Contigit,‘lnque
2733 703 2870 740 coma
2886 688 3141 742 ﬂammeus
3162 688 3283 743 arsit
3303 706 3445 755 apex.

2686 772 2873 841 (om,
2898 775 2982 827 lib.
3005 792 3052 827 VI
3071 776 3464 842 Faster.,§13.)

2128 876 2353 945 Quinam
2383 887 2584 945 autem,
2613 880 2714 934 nisi
2743 880 2890 951 impii
2923 896 3143 952 prorsus
3166 897 3230 936 ac
3256 882 3496 938 scelerati
3526 884 3673 939 homi-

2126 983 2244 1035 nes,
2286 968 2448 1025 hosce
2475 970 2625 1039 deos,
2662 972 2745 1027 vel
2773 975 2949 1043 potius
2979 973 3201 1028 deorum
3246 984 3499 1042 monstra,
3523 976 3677 1032 colere

2128 1065 2451 1131 potuerunt?
2483 1065 2587 1121 Sed
2620 1066 2733 1121 haec
2768 1082 2954 1121 eorum
2980 1068 3229 1138 impietas
3258 1085 3365 1124 non
3392 1070 3551 1125 minus
3577 1087 3676 1125 ma-

2126 1152 2319 1209 nifeste
2351 1158 2568 1226 patebat
2595 1173 2659 1213 ex
2683 1158 3013 1215 solemnibus
3041 1159 3192 1215 festis
3216 1171 3271 1216 et
3292 1163 3677 1235 mysteriis,qu:r.

2126 1244 2182 1300 in
2222 1247 2433 1304 illorum
2464 1250 2744 1318 honorem,
2794 1262 2849 1306 et
2892 1251 3161 1309 facturum
3208 1255 3513 1310 memoriam
3556 1271 3675 1325 quo-

2129 1342 2305 1398 tannis
2358 1358 2520 1415 agere
2563 1357 2995 1413 consueverant,
3052 1363 3172 1417 qua:
3227 1347 3339 1418 jam
3390 1348 3675 1405 excutienda

2126 1448 2271 1492 sunt.

2709 1575 2935 1633 CAPUT
2973 1575 3116 1631 XIX.

2129 1711 2395 1779 Quomodo
2419 1715 2735 1769 ethnicorum
2765 1717 3004 1787 mysteria
3055 1725 3102 1769 et
3137 1716 3268 1785 festa
3296 1716 3350 1770 in
3374 1716 3570 1772 deorum
3597 1717 3677 1771 Ιιοο

2054 1837 2100 1896 Β
2196 1821 2390 1873 norem,
2422 1816 2467 1860 et
2490 1823 2660 1861 rerum
2688 1809 2751 1862 ab
2778 1810 2840 1863 iis
2868 1818 3121 1879 gestarum
3150 1810 3443 1863 memoriam
3479 1809 3681 1864 instituta

2198 1917 2259 1953 ac
2285 1900 2535 1955 celebrata
2575 1904 2763 1971 falsam
2802 1902 3207 1959 demonstrarent
3233 1903 3440 1958 illorum
3469 1904 3681 1958 divinita-

2201 2001 2296 2045 tem
2307 2032 2318 2046 .

2664 2126 2954 2167 ARTICULUS
2980 2126 3188 2168 PRIIUS.

2128 2224 2283 2291 Quam
2320 2225 2604 2291 evidenter;
2626 2225 2961 2291 Bacchanalia,
3002 2240 3091 2291 seu
3140 2227 3471 2291 Omophagla.
3507 2226 3691 2291 Veneris

2189 2286 2376 2352 Cypriae
2399 2289 2555 2345 initia,
2582 2288 3233 2352 Sabazia,f'l‘hesmophoria.
3260 2286 3522 2352 Eleﬁsinia,
3545 2294 3593 2339 et
3606 2286 3689 2338 Ali-

2190 2350 2371 2400 montia
2395 2351 2735 2400 demonstrent
2755 2350 2903 2401 falsos
2925 2364 3037 2401 esse
3048 2350 3317 2415 gentilium
3334 2351 3470 2401 deos.

2199 2477 2317 2532 Non
2350 2477 2589 2533 infimum
2630 2480 2770 2535 inter
2798 2482 3106 2551 turpissima
3152 2481 3431 2552 gentilium
3460 2480 3684 2553 mysteria

2129 2583 2184 2630 et
2211 2573 2345 2629 festa
2371 2574 2546 2628 locum
2590 2573 2905 2631 obtinebant
2931 2574 3196 2638 immania,
3226 2586 3285 2630 ut
3311 2576 3386 2630 ait
3424 2574 3684 2639 Arnobius,

2128 2663 2508 2734 Bacchanalia,
2543 2683 2661 2736 quae
2707 2682 2882 2737 graeco
2913 2669 3131 2723 munine
3162 2667 3477 2739 Omophagia
3506 2682 3687 2722 nuncu-

2129 2758 2414 2829 pabantur.
2455 2759 2662 2827 Quanta
2709 2772 2887 2815 autem
2917 2802 2932 2824 ,
2978 2776 3043 2816 ac
3073 2776 3234 2831 quam
3281 2760 3571 2817 execranda
3598 2770 3696 2814 Iur-

2130 2852 2371 2922 pitudine
2401 2864 2709 2924 agerentur.
2740 2869 2805 2908 ex
2836 2853 2919 2906 his
2940 2852 3161 2922 quilibet
3187 2866 3477 2923 agnoscere
3504 2851 3693 2922 poterit,

2131 2959 2252 3013 qum
2282 2943 2348 2997 de
2378 2944 2481 2998 illis
2510 2946 2561 2998 in
2593 2945 2771 3013 priore
2801 2943 3105 3014 Apparatus
3138 2946 3308 2999 nostri
3348 2954 3494 2999 tomo
3532 2944 3695 3012 dispur

2132 3036 2386 3089 tavimus.
2419 3036 2546 3090 lude
2577 3036 2738 3091 etiam
2759 3035 2912 3091 facile
2935 3036 3198 3106 intelliget
3222 3036 3363 3103 haec,
3386 3053 3503 3107 quae
3518 3039 3697 3090 Auctor

2134 3138 2318 3183 noster
2348 3136 2582 3194 enarrat,
2642 3144 2705 3183 ex
2752 3126 3044 3183 Clementis
3076 3128 3428 3183 Alexandrini
3469 3128 3696 3197 decerpta

434 3238 492 3284 et
518 3228 778 3294 Vossius,
827 3240 963 3297 quos
1006 3224 1155 3280 adire
1184 3226 1422 3294 poteris,
1453 3226 1609 3281 siculi
1637 3226 1772 3281 alios
1799 3242 1829 3281 a
1875 3228 2025 3281 nobis

2137 3236 2252 3276 esse
2277 3221 2430 3276 libris
2483 3220 2657 3291 (Arn.,
2687 3222 2722 3275 ι.
2757 3237 2812 3287 v,
2848 3239 2963 3292 pag.
3008 3220 3141 3285 169;
3197 3232 3319 3276 tom.
3352 3236 3372 3275 ι
3401 3221 3636 3292 Apparat.
3664 3220 3696 3272 ι.

437 3321 600 3393 paulo
640 3330 765 3374 ante
810 3320 1002 3375 citatos
1042 3318 1326 3392 (Lactant.,
1371 3320 1460 3372 lib.
1499 3333 1517 3372 ι
1559 3320 1623 3374 de
1652 3320 1772 3388 falx.
1831 3320 2028 3392 Relig..

438 3430 558 3483 cap.
579 3412 671 3475 22,
700 3430 817 3482 pag.
867 3411 990 3476 127;
1020 3409 1248 3477 Girald.,
1284 3409 1424 3464 Hist.
1458 3411 1623 3473 deor.,
1672 3421 1926 3482 syntagm.
1974 3415 2026 3479 4,

444 3525 566 3580 pag.
602 3508 701 3563 £37
731 3516 785 3562 et
822 3521 962 3576 seq.;
1035 3503 1200 3569 Voss.,
1238 3504 1323 3558 lib.
1378 3520 1395 3557 ι
1440 3505 1503 3558 de
1555 3503 1703 3575 Orig.
1751 3516 1795 3558 et
1840 3505 2027 3575 Progr.

439 3600 645 3665 idolol.,
674 3616 791 3668 cap.
822 3598 925 3664 12;
954 3614 1094 3665 sup.,
1125 3613 1238 3667 cap.
1277 3598 1363 3662 il,
1390 3607 1488 3649 art.
1524 3597 1599 3668 5).

514 3692 684 3746 Porro
732 3702 909 3745 autem
960 3705 1023 3743 ex
1081 3692 1179 3742 hac
1222 3690 1491 3742 variorum
1533 3690 1866 3759 Scriptorum
1916 3707 2030 3746 uar-

441 3782 654 3839 ratione
683 3782 858 3852 quivis
890 3778 1020 3833 illud
1063 3778 1363 3848 intelligere
1414 3779 1628 3848 poterit,
1663 3781 1804 3847 quod
1852 3788 2026 3837 Arno-

438 3878 563 3931 bius
590 3874 837 3930 ethnicos
884 3862 1159 3928 irridendo
1187 3873 1335 3941 prius
1377 3871 1584 3927 dixerat
1618 3893 1630 3928 :
1661 3892 1679 3925 ι
1719 3874 1895 3929 Fauna
1929 3876 2030 3930 Fa-

440 3980 552 4033 tua,
604 3966 773 4021 Fauui
805 3980 961 4031 uxor,
995 3965 1142 4019 Bona
1170 3964 1269 4020 dea
1316 3980 1435 4033 qtae
1466 3963 1681 4030 dicitur,
1714 3967 1807 4021 sed
1839 3969 1890 4022 in
1920 3970 2027 4023 vini

437 4060 630 4116 melior
676 4068 730 4114 et
754 4057 1074 4115 laudabilior
1118 4068 1302 4126 potu.»
1363 4056 1562 4127 (Arn.,
1596 4058 1633 4112 ι.
1670 4074 1707 4122 t,
1736 4076 1854 4131 pag.
1896 4059 2027 4134 20.)

440 4154 573 4220 Quis
602 4168 751 4224 ergo,
790 4152 874 4207 his
903 4150 1115 4215 auditis,
1149 4166 1271 4205 cum
1315 4151 1433 4219 ipso
1463 4165 1571 4205 non
1598 4151 1787 4218 rideat,
1818 4165 1910 4209 aut
1937 4172 2031 4225 po-

438 4250 550 4304 tius
581 4262 688 4301 non
716 4247 962 4317 deploret
986 4247 1230 4301 insanam
1261 4244 1601 4301 ethnicorum
1646 4249 2022 4315 temeritatem,

438 4343 534 4415 qui
557 4342 646 4397 tali
668 4340 899 4408 femium,
917 4341 1144 4411 aliisque
1162 4341 1425 4395 similibus
1447 4341 1776 4397 divinitatem
1795 4345 2027 4401 tribuere

438 4453 551 4495 non
591 4436 1006 4492 dubitaverunt?
1031 4435 1136 4491 Sed
1185 4434 1235 4489 id
1280 4436 1385 4490 alio
1416 4435 1591 4492 adhuc
1634 4439 1882 4512 exemplo
1908 4456 2028 4511 per-

435 4534 628 4605 Spicue
643 4532 997 4587 demonstrat.

2131 3332 2209 3381 Ill,
2238 3316 2436 3370 dissert.
2480 3332 2514 3381 ι,
2548 3332 2665 3383 cap.
2693 3316 2747 3378 9.
2776 3325 2873 3370 art.
2900 3331 2939 3382 ι,
2962 3332 3081 3387 pag.
3117 3314 3260 3378 756;
3292 3312 3519 3370 Clemens
3542 3314 3695 3376 Aleae,

2133 3411 2392 3463 Admonit.
2418 3412 2486 3463 ad
2513 3420 2674 3479 gent.,
2705 3428 2824 3481 pag.
2857 3410 2972 3474 11).

2204 3503 2279 3556 Ex
2326 3500 2515 3556 endem
2548 3485 2901 3571 proculdubio
2932 3500 3078 3555 fonte
3125 3500 3210 3553 illa
3266 3515 3481 3571 quoque
3521 3498 3695 3558 hausit,

2130 3612 2247 3665 «pro
2269 3595 2335 3649 de
2364 3595 2484 3648 aliis
2512 3594 2957 3658 Bacchanalibus,
2983 3595 3069 3649 ubi
3113 3593 3294 3657 Liber,
3327 3609 3424 3649 seu
3454 3591 3691 3655 Bacchus,

2132 3704 2159 3741 a
2188 3688 2484 3749 Titanibus,
2504 3687 2581 3741 uti
2609 3688 2722 3757 ipse
2736 3687 2861 3742 alibi
2882 3687 3189 3750 dixerat,ac
3213 3686 3478 3741 Diodorus
3503 3685 3695 3743 Siculus

2131 3788 2185 3833 et
2217 3780 2518 3833 Macrobius
2547 3789 2864 3843 memorant,
2902 3778 3241 3833 membratim
3271 3788 3452 3833 sectus
3480 3778 3699 3833 celebra-

2131 3872 2288 3927 batur
2325 3872 2500 3941 (Am,
2530 3871 2567 3924 l.
2597 3888 2648 3934 v,
2682 3888 2803 3941 pug.
2834 3870 2958 3937 169,
2987 3882 3033 3924 et
3060 3874 3097 3926 ι.
3127 3887 3161 3935 ι,
3195 3888 3316 3942 pag.
3349 3870 3421 3924 23
3448 3882 3495 3924 et
3532 3884 3700 3936 teqq.;

2132 3964 2351 4022 Diodor.
2396 3966 2580 4031 Sicul.,
2630 3967 2667 4019 l.
2708 3981 2762 4020 ιιι
2801 3964 3066 4029 Bibliotlt.,
3129 3964 3418 4035 pag.157;
3466 3961 3697 4022 Macrob,

2131 4058 2169 4111 l.
2214 4072 2229 4111 ι
2276 4058 2329 4110 in
2362 4056 2539 4112 Somn.
2590 4056 2757 4124 Scip.,
2801 4072 2917 4126 cap.
2969 4055 3077 4126 1‘2).
3141 4056 3214 4109 De
3245 4052 3329 4109 his
3372 4063 3546 4109 autem
3587 4052 3701 4105 Bac-

2130 4151 2445 4206 chanalibus
2492 4160 2545 4205 et
2595 4148 2942 4219 0m0phagiis
2984 4149 3028 4204 si
3072 4148 3223 4218 plura
3250 4188 3264 4209 ,
3312 4163 3472 4217 quam
3510 4161 3539 4200 a
3564 4144 3701 4199 nobis

2129 4242 2271 4297 dicta
2300 4254 2423 4296 sunt
2454 4242 2600 4313 (tom.
2638 4242 2950 4312 tApparat.,
2976 4240 3075 4294 loc.
3129 4237 3267 4310 cit.),
3300 4238 3476 4309 legere
3527 4235 3701 4305 aliquis

2130 4336 2478 4399 desiderabit,
2510 4336 2555 4389 is
2581 4333 2929 4388 adeatTitum
2954 4332 3183 4399 Livium,
3210 4332 3582 4403 Augustinum,
3614 4327 3700 4381 Ca-

2129 4428 2414 4485 stellanum
2437 4468 2452 4493 ,
2482 4444 2543 4481 ac
2572 4426 2869 4482 Iohannem
2909 4425 3114 4480 Nicolai
3133 4467 3147 4488 ,
3186 4434 3240 4479 et
3272 4424 3557 4479 Meursium
3580 4465 3593 4487 ,
3621 4421 3701 4491 qui

2130 4522 2197 4577 de
2218 4522 2322 4576 illis
2354 4522 2520 4575 libros
2547 4519 2835 4575 ediderunt
2860 4517 3020 4589 (Liv.,
3054 4519 3091 4572 Ι.
3124 4532 3314 4583 xxxix,
3336 4515 3363 4588 ᾗ
3386 4517 3447 4572 ll
3472 4527 3518 4570 et
3552 4530 3701 4585 seqq;

446 4634 449 4635 '
514 4625 593 4681 Ad
634 4625 1002 4695 turpissimum
1047 4623 1308 4695 siquidem
1354 4624 1525 4679 Servii
1566 4623 1726 4679 Tullii
1759 4624 2025 4682 Romano-

2137 4616 2369 4686 August.,
2401 4616 2437 4666 ι.
2482 4628 2550 4666 vtt
2577 4614 2637 4666 de
2659 4611 2831 4675 Civit.,
2889 4626 3004 4679 cap.
3032 4610 3123 4675 Ἡ,
3171 4625 3291 4680 pag.
3320 4610 3455 4674 177;
3483 4605 3698 4673 CattelL,

437 4735 560 4777 rum
600 4720 743 4790 regis
785 4728 962 4774 ortum
993 4717 1263 4774 delabitur
1313 4720 1329 4787 (
1365 4719 1514 4783 Arn.,
1546 4720 1582 4773 ι.
1614 4737 1665 4785 v,
1698 4737 1816 4790 pag.
1851 4719 1953 4777 169
1975 4723 2026 4790 );

436 4821 496 4868 et
523 4812 767 4881 quamvis
804 4812 953 4865 illum
979 4826 1037 4865 se
1065 4813 1314 4866 omittere
1353 4812 1488 4866 velle
1524 4811 1807 4882 significet,
1846 4814 2028 4882 paucis

434 4914 617 4961 tamen
660 4904 842 4960 verbis
869 4920 930 4960 ea
958 4904 1236 4968 describit,
1270 4919 1391 4973 quae
1439 4906 1503 4958 ad
1548 4905 2025 4960 demonstrandam

438 4998 605 5068 hujus
647 4997 884 5052 historia:
914 4996 1189 5052 infamiam
1226 4996 1441 5051 abunde
1468 4996 1758 5051 sufﬁciunt.
1789 5002 1858 5052 At
1898 4998 2022 5053 Dio-

434 5092 625 5162 nysius
658 5088 1097 5144 Halicarnasseus
1125 5104 1236 5143 rem
1272 5098 1436 5141 totam
1468 5090 1663 5157 retulit,
1700 5099 1857 5160 prout
1881 5090 2021 5161 apud

432 5184 631 5238 multos
661 5197 897 5241 romanae
933 5181 1178 5236 historia:
1208 5181 1500 5250 scriptores
1531 5183 1801 5237 memoria:
1831 5183 2021 5239 tradita

429 5274 604 5331 fuerat
622 5273 802 5348 (Dion.
830 5273 1028 5340 Ilalic.,
1053 5274 1169 5328 init.
1190 5274 1226 5329 l.
1251 5289 1306 5328 tv
1336 5274 1506 5343 Antig.
1526 5273 1771 5343 Romam,
1798 5295 1847 5347 p.
1869 5277 2021 5348 207).

429 5367 655 5423 Ovidius
700 5382 861 5438 porro
914 5367 1043 5421 illud
1100 5365 1204 5431 his,
1255 5366 1451 5438 quibus
1500 5378 1723 5439 utraque
1778 5372 2020 5439 Arnobii,

431 5470 488 5516 et
518 5456 763 5528 Dionysii
794 5456 1033 5511 narratio
1092 5457 1462 5524 confirmatur,
1498 5460 1741 5515 versibus
1771 5462 1969 5518 cecinit
2004 5481 2017 5518 :

523 5576 743 5635 Namque
772 5569 1347 5635 paterTulliVulcanus,
1367 5572 1571 5623 Ocresia
1597 5582 1773 5635 mater,

610 5632 1022 5697 Praesi'gnisifacie
1042 5634 1358 5684 Corniculana
1384 5635 1491 5684 fuit.

517 5702 657 5763 Hanc
680 5696 847 5763 secum
873 5696 1129 5763 Tanaquil,
1150 5699 1301 5763 sacris
1318 5698 1383 5763 de
1408 5713 1545 5749 more
1568 5702 1766 5763 paratis,

609 5760 765 5809 Jussit
783 5764 827 5809 in
853 5766 1076 5809 ornatum
1100 5759 1309 5808 fundere
1334 5762 1444 5809 vina
1470 5759 1646 5813 l'octim.

517 5825 610 5875 Hic
632 5824 762 5872 inter
784 5822 985 5871 cineres
1001 5822 1200 5873 obsceni
1226 5823 1375 5871 forma
1392 5822 1546 5874 virilis

2129 4708 2196 4760 (td
2222 4706 2333 4760 verb
2343 4746 2354 4757 .
2388 4703 2663 4775 Διονυσία).

2199 4798 2331 4865 Quae
2386 4796 2581 4851 dehinc
2628 4800 2828 4850 Auctor
2876 4804 3058 4850 noster
3110 4792 3294 4849 retulit
3336 4792 3404 4848 de
3456 4791 3700 4849 abstrusis

2130 4888 2338 4963 Cypriae
2375 4888 2597 4943 Veneris
2623 4888 2786 4942 initiis
2816 4898 2869 4943 et
2897 4888 3085 4955 sacris,
3110 4900 3407 4957 eorumque
3444 4886 3702 4940 conditore

2131 4983 2347 5054 Cinyra,
2384 4985 2496 5037 hzec
2518 4997 2732 5053 quoque
2758 4997 2823 5036 ex
2842 4981 3029 5035 eodem
3053 4980 3347 5035 Clementis
3369 4976 3699 5034 Alexandrini

2130 5076 2267 5133 libro
2294 5078 2573 5146 desumpta
2601 5085 2745 5130 sunt.
2767 5074 2936 5129 Julius
2962 5085 3141 5129 autem
3161 5072 3424 5128 Firmicus
3449 5072 3607 5128 dehis
3634 5070 3703 5125 sic

2129 5170 2363 5241 loquitur
2390 5188 2403 5226 :
2434 5190 2453 5222 ‹
2490 5170 2659 5224 Audio
2684 5168 2934 5249 Cypiram
2964 5168 3218 5238 Cyprium
3246 5167 3500 5236 templum
3530 5164 3699 5219 amica:

2131 5266 2397 5319 meretrici
2446 5264 2700 5327 donasse,
2730 5264 2778 5317 ei
2824 5271 2940 5318 erat
2970 5260 3152 5316 Venus
3204 5276 3423 5317 nomen.
3474 5260 3700 5317 [uitiasse

2131 5359 2290 5415 etiam
2318 5356 2529 5429 Cyprias
2557 5356 2751 5412 Veneri
2780 5358 3057 5427 plurimos,
3087 5365 3141 5412 et
3166 5356 3328 5411 variis
3354 5354 3699 5411 consecratio-

2130 5452 2285 5508 nibus
2346 5450 2646 5517 depntasse.
2708 5449 2972 5505 Statnisse
3013 5450 3222 5517 etiam,
3285 5457 3344 5503 ut
3399 5448 3699 5519 quicumque

2128 5543 2326 5599 initiari
2353 5543 2534 5606 vellet,
2560 5551 2771 5597 secreto
2798 5543 2897 5600 sibi
2942 5540 3164 5597 Veneris
3193 5541 3386 5596 tradito
3405 5582 3420 5607 ,
3448 5555 3619 5596 assem
3649 5539 3695 5594 in

2129 5630 2306 5691 manu
2334 5635 2597 5690 mercedis
2647 5636 2861 5690 nomine
2910 5636 3021 5690 decc
3053 5635 3241 5702 daret,
3275 5635 3416 5705 quod
3447 5643 3694 5691 secretum

2129 5729 2286 5800 quale
2310 5730 2397 5793 sit.
2417 5744 2607 5784 omnes
2629 5728 2931 5800 intelligere
2945 5726 3236 5795 debemus;
3268 5728 3389 5799 quia
3418 5728 3520 5783 hoc
3537 5729 3692 5798 ipsum

2133 5830 2355 5892 propter
2386 5821 2769 5891 turpitudinem
2799 5822 3068 5893 explicare
3097 5810 3203 5877 neu
3234 5836 3539 5891 possumus.
3566 5821 3694 5876 Bene
