3872 6368
144 394 236 447 597
1357 394 1418 448 IN
1460 391 1836 459 ARNOBIUM,
1877 393 2031 449 CAP.
2079 392 2219 449 XIX.
3324 394 3430 449 598

146 520 336 565 amator
369 511 606 582 Cyniras
630 511 945 567 meretriciis
967 511 1172 583 legibus
1189 510 1725 575 servit,consecratae
1753 520 1802 580 Α
1830 508 2090 563 sacriﬁcia
2118 551 2132 574 ,
2191 517 2245 562 et
2323 508 2526 562 cultum
2602 518 2869 564 nocturno
2937 518 3145 563 tantum
3188 518 3432 579 tempore

148 602 395 658 Veneria
442 603 819 659 sacerdotibus
869 606 977 657 suis
1032 605 1225 673 stipem
1279 603 1391 656 dari
1433 603 1621 670 jussit,
1679 611 1734 654 nt

146 705 334 750 scorto.
371 715 391 750 ι
427 695 567 767 (Jul.
605 695 745 761 Fin,
784 698 844 750 de
867 696 1048 751 Error.
1079 700 1215 766 prof.
1245 697 1418 764 relig.,
1466 713 1586 766 pag.
1619 693 1731 767 15.)

146 787 520 844 Tlteodoretus
542 802 671 842 vero
694 788 761 841 de
785 788 975 859 Cynira
1006 788 1121 842 haec
1147 786 1340 841 litteris
1360 788 1691 857 eonsignavit
1717 804 1731 840 τ

146 883 232 937 Τήν
265 877 320 933 δὲ
371 901 432 951 γε
460 878 752 953 ’Δφροδίτην
799 879 908 933 οὐἃέ
959 882 1248 952 εὐεργεσίας
1297 880 1430 938 τινὸς
1480 875 1729 952 ἄρξασαν,

143 971 255 1024 ἀλλὰ
281 974 374 1024 καὶ
402 971 681 1031 ἀκολασίας
695 974 1021 1045 ’γεγενημένην
1044 970 1360 1027 διδάσκαλον.
1389 973 1732 1041 χαμαιτύπην

143 1068 230 1138 γὰρ
276 1066 444 1121 αὐτήν
475 1067 561 1118 καὶ
601 1064 807 1141 ἑταίραν
851 1066 1149 1137 γεγενῆσθαὶ
1179 1086 1304 1135 φασι
1348 1067 1434 1115 καὶ
1480 1064 1731 1137 ἐρωμέπν

145 1160 368 1230 Κινύρου,
401 1159 512 1212 θεὰν
533 1161 830 1230 clamitatum.
862 1157 1210 1228 (Theodoret,
1250 1169 1350 1210 tom
1405 1173 1473 1220 tv,
1496 1173 1642 1209 serm.
1677 1158 1729 1219 5,

147 1251 200 1303 de
223 1251 410 1321 Angel.
436 1261 483 1304 et
511 1251 755 1313 dwmon.,
785 1267 883 1320 pag
905 1246 1054 1319 511.)
1093 1267 1111 1298 ι
1149 1251 1215 1301 At
1248 1249 1505 1302 Venerem
1539 1249 1734 1301 nullius

144 1345 386 1399 benelicii
437 1353 736 1405 auctorem,
795 1344 889 1397 sed
949 1343 1377 1411 intemperantia
1423 1343 1730 1412 magistram

146 1440 439 1511 (prostituti
470 1439 734 1509 siquidem
758 1439 1002 1508 corporis
1024 1438 1362 1492 meretricem
1388 1437 1550 1491 fuisse
1563 1437 1729 1500 aiunt,

145 1551 201 1588 ac
228 1532 446 1606 Cyniraa
494 1531 778 1604 amasiam)
827 1532 982 1587 deam
1036 1540 1214 1586 tamen
1267 1531 1621 1601 appellantes.
1659 1531 1733 1586 De

147 1626 329 1698 Cynira
362 1641 556 1694 porro,
597 1642 660 1681 ac
700 1625 910 1680 Venere
943 1624 1190 1678 Vossium
1224 1624 1467 1689 consule,
1502 1624 1546 1678 si
1578 1624 1728 1678 velis.

149 1718 338 1788 (Voss,
367 1720 475 1787 l.,vn
502 1720 566 1772 de
589 1718 734 1789 Orig.
759 1727 806 1771 et
830 1717 1014 1786 Progr.
1039 1715 1198 1780 ldol.,
1218 1732 1332 1785 cap.
1362 1715 1450 1778 17,
1477 1731 1596 1784 pag.
1618 1712 1731 1783 71.)

146 1808 243 1864 Nos
270 1824 404 1864 vero
429 1810 497 1863 de
536 1809 642 1864 illis
669 1810 791 1864 alibi
823 1808 1174 1862 disseruimus
1227 1806 1370 1878 (tom.
1408 1823 1422 1860 ι
1453 1807 1729 1876 Apparat.,

1836 617 1899 655 ac
1929 611 2140 655 secreto
2166 644 2178 666 ,
2215 610 2433 670 propter
2461 616 2648 655 eorum
2701 600 3085 669 turpitudinem
3119 600 3432 654 introduce-

1835 694 1979 747 bant.
2028 693 2179 747 Unde
2221 709 2406 746 rursus
2438 693 2625 746 Cicero
2661 711 2674 746 :
2726 713 2743 743 ι
2782 691 2965 746 Novus
2990 692 3143 758 deos,
3182 711 3201 743 ι
3235 693 3430 761 inquit,

1841 806 1858 836 ο
1882 796 1934 840 et
1950 788 2002 840 in
2024 788 2100 838 liis
2123 787 2357 840 colendis
2375 795 2662 840 nocturnas
2679 786 3207 855 pervigilationessic
3221 785 3431 840 Aristo-

1834 881 2061 950 phanes,
2093 881 2449 934 facetissimus
2481 890 2632 948 poeta
2669 882 2864 934 veteris
2894 877 3230 944 comoedia};
3251 889 3431 944 vexat,

1834 983 1890 1028 ut
1917 976 2056 1042 apud
2101 990 2220 1027 eum
2263 974 2538 1033 Sabasius,
2570 983 2623 1027 et
2653 973 2867 1040 quidam
2908 973 2999 1026 alii
3041 972 3114 1026 dii
3160 974 3431 1042 peregrini

1831 1065 2073 1134 judicati,
2094 1082 2124 1120 e
2147 1067 2356 1121 civitate
2372 1067 2671 1135 ejiciantttr.
2706 1085 2723 1116 ι
2746 1063 2952 1132 (Cicer,
2974 1064 3062 1117 lib.
3081 1081 3116 1117 ιι
3139 1066 3200 1118 de
3227 1063 3430 1132 Legib.,

1836 1175 1954 1228 pag.
2002 1159 2126 1216 5⁸57,
2159 1161 2248 1210 (in.
2298 1158 2415 1229 44.)
2459 1159 2698 1227 Denique
2731 1168 2788 1211 ut
2824 1158 3143 1212 Strabonem
3188 1157 3434 1226 aliosque

1838 1253 2028 1306 missos
2061 1252 2338 1318 faciamus,
2387 1254 2580 1308 Suidas
2628 1263 2811 1322 aperte
2840 1252 3083 1306 declarat
3122 1251 3427 1316 Sebasinnt,

1835 1345 2107 1411 Σαϐἀσιον,
2143 1346 2390 1400 eumdetn
2418 1361 2538 1400 esse
2564 1361 2626 1399 ac
2656 1346 3002 1416 Dionysium,
3032 1361 3127 1398 seu
3161 1343 3429 1398 Bacchum

1841 1437 2060 1506 (Strab,
2091 1439 2179 1491 lib.
2205 1438 2303 1492 XX
2335 1439 2518 1507 Geogr.
2545 1480 2560 1503 ,
2592 1455 2712 1510 pag.
2744 1438 2851 1492 470
2879 1449 2925 1492 et
2950 1454 3115 1508 ειη(ιά
3165 1437 3340 1504 Suid.,
3375 1439 3441 1491 ad

1839 1529 1971 1583 verb.
2001 1530 2267 1598 σεϐάσιος)
2283 1575 2294 1585 .

1909 1622 2086 1692 Neque
2113 1623 2313 1678 dixeris
2339 1626 2388 1678 in
2419 1625 2640 1680 Arnobii
2671 1624 2837 1678 nostri
2870 1633 3016 1678 textu
3043 1624 3228 1678 haberi
3264 1624 3431 1678 Saba-

1837 1714 1966 1779 diis,
2011 1727 2134 1780 aut,
2191 1727 2245 1769 ut
2299 1718 2512 1786 qttidatn
2569 1727 2783 1785 putant,
2835 1716 3091 1772 Sebadiis.
3136 1716 3266 1770 Nam
3295 1717 3433 1783 apud

1837 1809 2118 1878 Apuleium
2154 1810 2378 1879 legimus
2413 1830 2424 1862 :
2462 1811 2682 1865 Sanctus
2739 1809 2995 1864 Sabadius
3025 1852 3040 1875 ,
3089 1809 3227 1863 haud
3273 1809 3435 1863 dubie

150 1918 257 1970 pag.
307 1901 415 1956 79.9
460 1912 506 1955 et
539 1901 714 1965 H76;
745 1900 960 1964 Arnob,
994 1901 1082 1953 lib.
1115 1915 1170 1966 ν,
1202 1917 1303 1971 pag
1333 1898 1481 1970 169).
1520 1899 1589 1953 At
1616 1899 1734 1969 quis
1765 1908 1812 1967 Β
1840 1903 2105 1957 Bacchus.
2143 1903 2296 1971 Apud
2335 1904 2658 1958 lllacrobiuin
2689 1920 2816 1958 vero
2847 1922 2860 1957 :
2895 1922 2912 1954 ‹
2943 1903 3000 1957 lu
3033 1903 3259 1956 Thracia
3281 1918 3433 1956 cum-

149 2008 244 2046 non
266 1993 447 2047 videat
471 1993 556 2047 his
575 1993 896 2060 turpissimis
918 1992 1412 2061 crudelissimisque
1436 1991 1730 2063 mysteriis,

147 2091 196 2138 et
222 2084 372 2140 festis
402 2084 657 2140 radicitus
695 2084 856 2139 evelli
899 2099 1083 2138 eorum
1114 2085 1467 2148 divinitatem,
1502 2098 1728 2152 quorum

147 2178 193 2230 in
232 2178 515 2246 honorem,
563 2177 728 2232 immo
775 2177 1119 2246 ignominiam
1170 2176 1576 2245 sempiternam,
1605 2191 1730 2246 age-

145 2271 350 2326 bantur.

207 2364 446 2420 Breviter
468 2365 686 2434 {deinde
716 2375 902 2420 auctor
951 2375 1135 2419 noster
1166 2365 1339 2434 attigit
1378 2379 1530 2420 sacra
1562 2365 1728 2435 Cory—

143 2455 329 2524 bantia,
359 2458 558 2528 quibus
590 2459 768 2513 fratris
807 2475 836 2511 a
874 2458 1038 2513 fratre
1066 2458 1316 2512 trucidati
1347 2474 1491 2511 mors
1522 2475 1724 2527 reprzc-

147 2553 333 2607 sentari
368 2554 600 2608 solebat.
647 2553 750 2609 Sed
799 2554 865 2608 de
897 2554 978 2608 his
1009 2554 1062 2607 in
1093 2553 1265 2623 primo
1295 2554 1596 2622 Apparatus
1630 2568 1725 2606 no-

145 2646 231 2699 stri
279 2656 427 2702 torno
468 2645 892 2715 disputavimus,
924 2661 986 2700 ac
1029 2647 1073 2700 si
1114 2647 1234 2715 quis
1273 2660 1334 2699 ea
1367 2646 1544 2714 legere
1576 2646 1721 2710 velit,

139 2739 411 2794 confestim
455 2740 753 2809 comperiet
805 2738 1102 2793 Arnobium
1153 2738 1238 2792 hic
1281 2753 1468 2792 rursus
1508 2738 1559 2790 in
1605 2735 1723 2791 Cle-

143 2831 328 2885 mentis
350 2831 701 2886 Alexandrini
724 2831 972 2885 insistere
988 2830 1224 2899 vestigiis
1241 2827 1386 2903 (tom.
1413 2829 1718 2898 tApparat.,

1836 1993 1958 2048 dem
1990 1995 2170 2049 haberi
2199 1995 2380 2050 Solem
2419 2005 2581 2066 atque
2620 1995 2873 2050 Liberum
2920 1996 3244 2064 accipimus;
3275 2010 3433 2062 quem

1834 2089 2120 2147 Sebadium
2197 2101 2566 2159 nuneupantes
2645 2090 2926 2160 magnilica
2976 2090 3236 2156 religione
3283 2089 3431 2143 cele-

1835 2186 1991 2240 lirant
2039 2206 2056 2238 ι
2102 2187 2305 2257 (Apul.,
2340 2187 2428 2240 lib.
2476 2203 2566 2240 vui
2603 2186 2836 2248 Metam,
2887 2204 2940 2254 p.
2981 2184 3121 2247 “0',
3173 2183 3431 2246 Μαι-τοὺ..

1832 2278 1901 2330 lib
1951 2294 2004 2331 Ill
2048 2278 2340 2342 Saturnal.,
2389 2293 2504 2347 cap.
2563 2278 2653 2341 18,
2711 2294 2827 2346 pag.
2875 2274 3030 2345 264).
3064 2274 3229 2328 Vides
3259 2274 3439 2343 itaque

1833 2369 2097 2422 Bacchum
2124 2369 2189 2421 ab
2228 2370 2289 2422 iis
2317 2378 2369 2422 et
2405 2367 2704 2432 Sebadium,
2730 2376 2785 2421 et
2810 2366 3116 2429 Sabadium,
3150 2365 3435 2436 mysteria-

1831 2477 1933 2529 que
1957 2461 2071 2530 ejus
2098 2461 2325 2516 Sabadia
2356 2461 2748 2530 cognominari.
2767 2458 2876 2514 Cur
2896 2473 3046 2529 ergo,
3073 2458 3434 2528 inquies,ipsa

1829 2568 2042 2622 qttoque
2080 2553 2332 2624 mysteria
2358 2594 2372 2616 ,
2400 2553 2591 2621 quibus
2622 2551 2833 2620 Jupiter
2862 2551 3122 2619 imprimis
3152 2549 3431 2604 colebatur

1828 2645 2049 2698 Sabasia
2064 2644 2447 2714 appellantur?
2475 2643 2744 2712 Numquid
2769 2642 2971 2696 ideirco
2990 2643 3110 2711 quia
3128 2641 3245 2695 Jovi
3269 2643 3434 2696 etiam

1829 2734 2052 2790 Sabasio
2091 2749 2389 2805 cognomen
2431 2735 2546 2788 fuit.
2593 2733 2726 2787 Nunt
2763 2731 3434 2788 Grutlterusvariasexhi-

1829 2828 1919 2882 bet
1951 2829 2348 2897 inscriptiones,
2381 2827 2501 2882 Jovr
2534 2829 2778 2882 SABASIO.
2825 2829 2893 2879 At
2942 2827 3209 2890 nonnulli,
3238 2841 3433 2896 quem-

140 2940 249 2993 pag.
281 2922 387 2978 635
431 2933 478 2976 et
523 2922 664 2989 758;
703 2921 943 2992 Clemens
961 2921 1138 2987 Alcm,
1172 2920 1432 2973 Admonit.
1465 2920 1532 2972 ad
1557 2929 1721 2989 genl.,
1827 2923 2112 2978 admodum
2171 2922 2410 2989 Vossius,
2450 2923 2762 2977 existimant
2792 2920 2980 2974 Jovem
3029 2920 3277 2975 eumdem
3312 2935 3433 2974 esse

139 3031 248 3084 pag.
274 3013 385 3087 12).
1826 3032 1888 3070 ac
1929 3016 2196 3070 Bacchum
2240 3031 2333 3070 seu
2379 3015 2631 3070 Liberum
2661 3013 2868 3084 (Voss,
2904 3013 2990 3066 lib.
3039 3030 3076 3068 ιι
3101 3015 3164 3066 de
3193 3012 3340 3082 Orig.
3380 3023 3427 3068 et

207 3104 339 3158 Tum
381 3104 582 3160 deinde
627 3105 923 3161 ftedissima
957 3105 1068 3169 illa,
1097 3105 1291 3174 quibus
1336 3104 1575 3175 Phryges
1615 3103 1720 3156 ini-
1835 3108 2016 3178 Progr.
2073 3108 2276 3173 idolol.,
2301 3124 2416 3175 cap.
2455 3108 2541 3171 l-i,
2584 3123 2702 3176 pag.
2733 3105 2888 3174 241).
2919 3105 3055 3172 Quid
3081 3120 3210 3175 ergo
3231 3106 3427 3158 mirqu

141 3199 402 3253 tiabantur
427 3240 442 3263 ,
490 3199 744 3269 mysteria
786 3197 954 3252 fusius
985 3197 1224 3267 quidem,
1268 3198 1361 3251 sed
1394 3205 1610 3266 propter
1643 3198 1722 3250 in-
1825 3203 1869 3255 si
1911 3200 2214 3269 turpissima
2240 3200 2327 3252 illa
2357 3199 2634 3271 mysteria,
2664 3199 2856 3268 quibus
2885 3199 3080 3269 duplex
3100 3198 3254 3253 Jovis
3280 3200 3432 3252 adul-

137 3294 451 3362 terpositum
473 3291 620 3346 Jovis
652 3308 870 3357 nomen,
905 3291 1100 3345 invitus
1122 3291 1351 3359 explicat
1393 3290 1561 3360 (Am,
1592 3291 1629 3343 ι.
1662 3306 1712 3342 v.
1748 3292 1794 3353 Ο
1827 3294 2018 3349 terium
2060 3293 2458 3356 celebrabatur,
2492 3295 2714 3347 Sabasia
2747 3295 3114 3348 vocarentur?
3143 3293 3257 3348 Huc
3299 3293 3428 3348 illud

138 3402 248 3455 pag.
278 3386 380 3439 170
410 3395 458 3439 et
485 3383 674 3455 καφ).
709 3385 963 3438 Ειῖιιιιροε
992 3384 1152 3453 igitur
1183 3393 1240 3436 ut
1268 3381 1454 3436 Jovem
1484 3383 1725 3450 aliosque

1840 3387 2066 3451 iccedit,
2101 3387 2243 3455 quod
2273 3386 2443 3441 in,his
2474 3388 2768 3458 mysteriis,
2811 3389 2887 3441 uti
2920 3385 3167 3442 Clemens
3199 3387 3432 3442 Alexan-

137 3478 260 3532 dcos
289 3493 417 3532 suos
446 3477 960 3532 obscenissimorum
990 3475 1255 3530 scelerum
1305 3475 1596 3543 ignominia
1639 3475 1721 3527 in-
1828 3481 2014 3534 drinus
2038 3481 2344 3543 annotavit,
2384 3480 2752 3550 Corybantum
2785 3489 2839 3534 et
2871 3480 3067 3535 Bacchi
3107 3482 3309 3534 mentio
3337 3481 3432 3534 tie.

137 3571 335 3627 {amare
366 3571 614 3641 puderet,
669 3570 904 3625 breviter
931 3569 1152 3637 exponit
1180 3567 1452 3638 quomodo
1485 3568 1536 3620 in
1577 3567 1724 3621 hisce
1827 3573 1916 3626 bat
1948 3571 2198 3642 (Clemens
2221 3572 2525 3637 Almanam,
2548 3572 2808 3625 Admonit.
2840 3573 2907 3626 ad
2963 3583 3126 3643 gent.,
3153 3590 3272 3643 pag.
3310 3573 3424 3643 11).

137 3666 401 3738 mysteriis
431 3665 900 3734 repraesentabant
943 3661 1276 3718 ell‘ramatam
1307 3660 1549 3730 ejusdem
1576 3659 1724 3713 lovis

138 3755 430 3824 libidinem,
477 3757 568 3826 qui
625 3756 792 3810 variis
833 3755 1035 3810 artibus
1065 3755 1297 3823 primum
1344 3754 1619 3818 Cererem,
1665 3765 1727 3804 ac

137 3851 325 3908 deinde
370 3852 782 3922 Proserpinam,
833 3867 898 3905 ex
947 3850 1114 3918 ipsius
1161 3864 1283 3903 cum
1333 3848 1423 3902 illa
1463 3847 1726 3902 adulterio

139 3946 462 4016 progenitani
492 3934 883 4014 constupravit.
913 3942 1043 4011 Qua:
1071 3951 1250 3996 autem
1283 3942 1354 3996 ibi
1385 3949 1584 4004 narrat,
1613 3940 1728 3992 haec

139 4040 181 4094 si
209 4054 328 4094 cum
352 4040 464 4109 jam
506 4043 672 4093 citato
711 4038 1006 4094 Clementis
1039 4036 1384 4090 Alexandrini
1435 4034 1574 4088 libro
1603 4049 1728 4086 con-

140 4132 274 4189 ferre
316 4134 581 4197 volueris,
631 4131 754 4186 inde
793 4131 1022 4185 delibata
1070 4144 1191 4182 esse
1223 4127 1378 4181 facile
1435 4126 1728 4196 perspicies

142 4222 382 4298 (Clemens
425 4225 736 4289 Alexandr.,
783 4223 1046 4276 Admonil.
1085 4221 1153 4274 ad
1208 4231 1372 4291 gent.,
1413 4237 1534 4290 pag.
1567 4219 1635 4273 10
1683 4228 1729 4271 et

143 4318 319 4388 seqq).
357 4320 430 4372 De
459 4319 543 4373 liis
570 4333 730 4388 porro
758 4317 1028 4388 mysteriis
1057 4317 1106 4368 in
1130 4315 1395 4385 superiori
1429 4315 1730 4383 Apparatus

144 4411 303 4465 nostri
333 4421 475 4464 tomo
505 4410 859 4465 disseruimus
902 4409 1046 4482 (tom.
1080 4425 1092 4462 l
1125 4410 1372 4477 Apparat.
1393 4451 1407 4474 ,
1451 4424 1570 4478 pag.
1626 4405 1730 4461 759

145 4513 186 4554 et
225 4503 374 4574 δερ),
429 4504 716 4572 pluresque
762 4502 830 4555 ibi
869 4502 1154 4555 citavimus
1184 4501 1504 4570 scriptores,
1537 4499 1626 4569 qui
1668 4515 1728 4554 ea

144 4595 420 4650 enucleare
450 4596 626 4650 conati
658 4605 804 4648 sunt.

1898 3664 2026 3730 Qua:
2053 3679 2180 3718 vero
2211 3664 2279 3718 de
2311 3665 2430 3718 aliis
2463 3665 2736 3734 mysteriis
2762 3706 2777 3728 ,
2810 3680 2931 3734 qua:
2958 3663 3132 3720 δι’ωοὶ
3159 3663 3427 3718 Thesmo-

1830 3757 2015 3826 phoria
2047 3757 2444 3826 nuncupabant,
2480 3755 2751 3810 Arnobius
2772 3766 2954 3825 postea
2984 3754 3316 3820 narrat,h:ec
3341 3755 3433 3809 ille

1830 3865 2018 3904 rursus
2065 3866 2129 3903 ex
2189 3849 2466 3904 Clemente
2514 3849 2877 3904 Alexandrino
2916 3849 3230 3919 deprompta
3259 3889 3276 3916 ,
3321 3850 3433 3904 suis

1828 3943 2006 3997 verbis
2055 3942 2285 3997 reddidit
2347 3942 2586 4014 (Arnob.,
2635 3943 2727 3996 lib.
2756 3960 2809 4007 ν,
2865 3961 2984 4012 pag.
3018 3945 3163 4009 175;
3197 3943 3431 3998 Clemens

1830 4036 2134 4100 Alexandra,
2167 4035 2262 4088 loc.
2297 4037 2434 4104 cit.).
2470 4036 2644 4092 Pauca
2676 4036 3214 4105 tamen'fillisadjecit,
3236 4037 3431 4106 quibus

1830 4128 2202 4198 exagitandam
2228 4143 2349 4182 esse
2379 4131 2582 4196 putavit
2611 4130 2870 4184 horumce
2903 4131 3284 4201 mysteriorum
3320 4141 3432 4191 tur-

1833 4222 2150 4290 pitudinem,
2185 4230 2239 4275 et
2264 4222 2604 4276 ethnicorum
2634 4239 2695 4276 ea
2723 4222 3111 4277 celebrantium
3125 4224 3429 4278 caecitatem

1830 4326 1990 4385 atque
2042 4314 2450 4385 impudentiam.
2489 4315 2597 4370 Nos
2633 4331 2762 4371 vero
2801 4317 2854 4370 in
2901 4317 3075 4384 primo
3126 4319 3432 4387 Apparatus

1832 4409 1998 4462 nostri
2030 4417 2177 4462 tomo
2210 4407 2279 4462 de
2305 4408 2410 4462 illis
2435 4408 2825 4479 disputavimus
2879 4407 3052 4479 (Tom.
3079 4425 3092 4462 ι
3121 4410 3375 4480 Apparat.
3412 4452 3426 4477 ,

1831 4503 1920 4556 lib.
1949 4517 2024 4566 ιιι,
2058 4501 2260 4555 dissert.
2287 4519 2322 4567 I,
2347 4518 2460 4570 cap.
2481 4501 2532 4567 9,
2557 4513 2658 4555 art.
2683 4502 2737 4566 2,
2772 4519 2891 4573 pag.
2928 4503 3031 4558 759
3044 4513 3090 4557 et
3112 4503 3297 4575 θείη).
3316 4504 3438 4560 Suf—

1833 4593 1975 4647 ticiat
2021 4595 2200 4662 itaque
2232 4593 2794 4668 anitnadvertissc‘ibi
2844 4595 2995 4648 citari
3032 4595 3278 4666 quaedam
3307 4611 3432 4651 car-

211 4687 325 4741 Non
351 4691 466 4743 sine
487 4690 666 4758 aliqua
700 4699 878 4743 tamen
901 4687 1282 4742 observatione
1307 4685 1725 4755 praetermitten.
1754 4681 1808 4740 D
1833 4688 1976 4742 mina
2020 4688 2179 4757 graeci
2219 4696 2391 4756 poeta:
2411 4729 2424 4751 ,
2456 4703 2614 4757 quem
2637 4687 2889 4742 Clemens
2918 4689 3316 4744 Alexandrinus
3338 4690 3440 4746 Or—

147 4777 266 4832 dum
288 4789 366 4833 est
390 4780 471 4833 his
491 4780 767 4851 mysteriis
784 4781 965 4834 datutn
998 4798 1026 4832 a
1058 4779 1338 4833 Clemente
1367 4778 1732 4832 Alexandrino

147 4871 390 4935 Σαϐαζίων
413 4876 714 4944 μυστηρίων
743 4885 957 4936 nomen,
987 4871 1348 4925 etabauctore
1375 4879 1560 4923 nostro
1589 4870 1688 4923 dici
1718 4887 1732 4922 :

151 4979 170 5012 ε
201 4963 396 5028 Quibus
423 4964 669 5019 Sabatliis
698 4979 890 5017 nomen
920 4976 999 5018 est
1037 4983 1056 5015 ι
1082 4963 1254 5035 (Arn.,
1281 4965 1314 5016 ι.
1350 4979 1406 5020 v.
1434 4981 1551 5033 pag.
1579 4962 1731 5033 171).

149 5052 191 5106 Α
223 5054 449 5120 pluribus
493 5064 674 5108 autem
719 5065 1032 5108 annotatum
1081 5052 1180 5108 fuit
1231 5054 1501 5108 Bacchum
1553 5056 1731 5108 vocari

149 5147 434 5213 Sabasium,
465 5165 526 5203 ac
549 5149 802 5219 mysteria
823 5149 939 5218 ejus
966 5148 1206 5204 Sabasia.
1245 5152 1279 5201 Α
1294 5151 1393 5217 pud
1418 5149 1731 5202 Ciceronem

153 5240 338 5308 quippe
363 5240 619 5310 scriptum
649 5242 875 5310 legimus
902 5257 914 5292 :
951 5260 968 5291 (
1003 5240 1242 5294 Tertium
1276 5241 1613 5311 Dionysium,
1639 5255 1735 5294 seu

157 5330 434 5399 Bacchum,
458 5331 658 5401 Caprio
688 5344 841 5403 patre
879 5343 1084 5397 natum,
1120 5349 1348 5392 eumque
1380 5349 1560 5403 regem
1595 5335 1735 5388 Asiae

156 5425 415 5491 puduisse
428 5428 629 5492 dicunt,
653 5427 805 5495 cujus
819 5426 1036 5490 Sabasia
1053 5436 1175 5487 sunt
1193 5427 1454 5480 instituta.
1482 5445 1499 5477 ι
1522 5423 1733 5497 (Cicer.,

155 5516 191 5566 ι.
223 5531 255 5569 ιι
288 5517 344 5570 de
382 5517 573 5581 Natur,
603 5521 768 5584 ileon,
813 5535 932 5587 pag.
960 5501 1088 5579 eis,
1122 5519 1159 5571 ι.
1191 5518 1305 5587 es.)
1337 5516 1534 5572 Scribit
1572 5516 1732 5572 etiam

158 5605 399 5665 Diodorus
437 5611 649 5667 Siculus
693 5609 958 5680 (Dioclen,
993 5612 1030 5666 ι.
1064 5627 1141 5676 ιιι,
1185 5628 1302 5682 pag.
1338 5611 1462 5676 1-18)
1505 5610 1731 5662 alterum

159 5700 368 5766 proferri
399 5703 732 5776 Dionysium,
781 5704 896 5758 sive
941 5701 1230 5768 Bacchum,
1263 5702 1395 5757 Jove
1425 5712 1479 5756 et
1512 5702 1735 5754 Proser-

161 5792 274 5861 pina
323 5807 510 5863 ortum,
543 5801 628 5855 τὸν
677 5801 780 5854 ὑπὸ
846 5821 991 5853 τινων
1046 5798 1293 5853 Σαϐἀσιον
1345 5797 1731 5869 ὀνομαζόμενον,

164 5904 298 5954 lluem
322 5893 544 5949 nonnulli
573 5893 852 5950 Sabasium
880 5891 1163 5962 appellant,
1194 5906 1255 5947 ac
1308 5890 1460 5960 cujus
1513 5897 1689 5946 ortum
1721 5928 1736 5956 ,

1836 4781 2068 4851 pheum,
2111 4790 2165 4834 et
2204 4781 2409 4836 Auctor
2443 4790 2627 4837 noster
2653 4781 2924 4851 Calliopes
2954 4782 3125 4836 filium
3158 4783 3434 4854 appellat,

1841 4873 1978 4927 haud
2020 4873 2180 4928 dubie
2220 4875 2342 4942 quia
2384 4872 2630 4942 Orpheus
2655 4915 2668 4940 ,
2705 4882 2761 4926 ut
2807 4874 2950 4928 canit
2992 4874 3247 4944 Virgilius
3273 4917 3288 4939 ,
3322 4875 3442 4931 Cal-

1839 4967 1980 5035 liope
2012 4980 2162 5018 musa
2189 4975 2346 5019 natus
2375 4965 2642 5020 ferebatur
2667 4963 2904 5036 (Virgil.,
2926 4965 3108 5037 Eclog.
3134 4969 3188 5030 4,
3213 4967 3266 5020 in
3294 4967 3438 5036 lim).

1845 5059 1913 5112 Ea
1946 5067 2123 5111 autem
2173 5057 2240 5112 ab
2297 5057 2387 5111 illo
2432 5073 2605 5127 grzece
2634 5056 2977 5123 exhibentur,
3009 5067 3062 5112 et
3095 5058 3162 5113 ab
3193 5060 3438 5116 Arnobio

1842 5151 2003 5206 latine
2034 5159 2237 5202 tantum
2266 5165 2282 5205 :
2314 5159 2490 5203 utrum
2520 5157 2699 5202 autem
2731 5165 2796 5203 eo
2827 5149 2944 5217 ipso
2971 5150 3286 5219 interprete,
3315 5152 3437 5222 quis

1841 5245 2066 5298 delinire
2097 5243 2355 5299 audebit?
2387 5246 2456 5297 At
2482 5253 2688 5298 certum
2719 5253 2800 5297 est
2826 5243 2878 5296 in
2913 5243 3063 5313 regio
3093 5244 3278 5299 codice
3324 5261 3440 5298 ma-

1844 5337 2118 5407 nuscripto
2146 5337 2402 5393 mendose
2430 5339 2686 5406 scriptum
2717 5338 3070 5407 sanguinibur,
3097 5338 3288 5392 melius
3314 5354 3442 5395 vero

1842 5431 1895 5483 in
1923 5429 2083 5484 editis
2103 5430 2412 5500 inguinibus,
2445 5429 2540 5486 sed
2565 5432 2740 5484 minus
2766 5431 3013 5495 honeste,
3032 5445 3192 5499 quam
3224 5431 3279 5486 in
3306 5447 3444 5502 grae-

1842 5523 1921 5575 cis
1943 5521 2271 5576 carminibus
2295 5537 2307 5573 :
2342 5520 2457 5576 οὐδέ
2482 5525 2748 5598 πρέποντα
2768 5524 2954 5578 τύπον.

1915 5613 2120 5667 Rursus
2148 5627 2274 5667 vero
2307 5613 2574 5668 Arnobius
2612 5629 2677 5668 ex
2709 5613 2900 5667 eodem
2926 5610 3204 5667 Clemente
3230 5627 3294 5666 ea
3324 5627 3446 5666 mu-

1846 5716 2019 5760 tuatus
2077 5716 2154 5761 cst
2231 5721 2348 5777 qua:
2395 5708 2462 5760 de
2506 5705 2798 5760 Eleusiniis
2844 5701 3116 5774 mysteriis
3171 5703 3449 5771 subjumtit

1848 5799 2088 5868 (Arnob.,
2121 5797 2277 5866 lib.v,
2312 5815 2432 5868 pag.
2467 5799 2608 5864 175;
2639 5797 2868 5851 Clemens
2911 5793 3217 5860 Almanam,
3251 5793 3445 5846 Admo-

1850 5895 1941 5948 nit.
1975 5894 2041 5946 ad
2076 5902 2238 5963 gcnl.,
2273 5909 2391 5964 pag.
2425 5893 2534 5963 l5).
2568 5894 2636 5948 At
2669 5889 2714 5946 si
2741 5889 2904 5960 quisa
2929 5884 3081 5942 nobis
3098 5885 3330 5957 inquirat
3350 5899 3452 5941 cur
