3872 6342
368 332 472 389 5599

1588 339 2037 399 DlSSERTA'l‘IO
2075 342 2236 400 PRE
2245 344 2357 401 VIA

3564 358 3667 414 600

361 445 438 500 ibi
483 454 705 517 uterque
743 448 1190 508 Erechthidarum
1223 454 1413 509 iecerit
1444 458 1804 524 mentionem;
1833 458 1957 515 huic
1987 478 2041 536 Α
2062 462 2336 519 naturales
2360 505 2376 531 ,
2407 478 2541 536 quas
2571 464 2783 522 illorum
2814 477 3086 538 auctores,
3138 482 3298 544 atque
3335 490 3402 532 ex
3436 476 3503 532 iis
3528 487 3668 548 post-

366 547 487 606 post
540 537 832 594 Diodorum
885 540 1124 597 Siculum
1173 545 1619 616 respondebimus
1675 549 1954 605 advectam

359 629 779 687 Atheniensibus
807 633 1102 690 sterilitatis
1131 644 1372 708 tempore
1398 638 1675 710 ingentem
1711 644 1954 700 frumen-

353 725 394 778 ti
447 727 658 794 c0piam
706 727 775 781 ab
822 728 1130 785 Erechtheo
1183 730 1471 802 Egyptio,
1531 750 1688 803 quem
1749 746 1953 792 tantum

355 827 579 887 propter
606 816 925 874 beneﬁcium
957 835 1133 891 regem
1157 835 1479 878 creaverunt
1506 824 1948 895 (Diodor.Sicul.,

355 909 447 962 lib.
496 925 511 964 l
563 910 833 980 Bibli'ot/t.,
859 930 978 984 pag.
1016 915 1130 985 l7).
1160 914 1380 971 Summa
1409 933 1590 975 autem
1645 936 1824 976 rerum
1853 938 1951 993 po-

349 1004 503 1070 titus,
531 1006 821 1071 Eleusinia,
848 1009 962 1063 sive
995 1005 1209 1066 Cereris
1237 1015 1489 1084 mysteria
1510 1058 1527 1080 ,
1555 1015 1746 1072 ritibus
1769 1035 1834 1073 ex
1859 1017 1953 1073 ΑΞ·

357 1107 523 1166 gypto
565 1099 824 1154 traductis
853 1141 868 1166 ,
923 1101 1175 1157 instituit.
1205 1103 1546 1175 Quaprojiter
1593 1109 1953 1169 Athenienses

355 1188 719 1257 Erechthida,
752 1208 848 1248 seu
869 1195 1314 1254 Erechthidarum
1352 1203 1553 1271 pepuli,
1579 1205 1646 1260 ab
1675 1203 1952 1264 Clemente

353 1287 743 1351 Alexandrino.
775 1291 1011 1347 Arnobio
1039 1301 1094 1347 et
1123 1294 1243 1349 aliis
1268 1306 1550 1352 vocantur.
1599 1301 1671 1354 De
1702 1301 1810 1355 illis
1853 1318 1947 1357 au-

353 1388 463 1434 tem
497 1380 784 1436 Eleusiniis
813 1385 1085 1454 mysteriis
1114 1402 1143 1440 a
1168 1389 1319 1443 nobis
1366 1391 1418 1444 in
1449 1393 1729 1462 superiore
1769 1398 1951 1465 Appa-

345 1483 494 1528 ratus
542 1477 712 1531 nostri
773 1487 918 1533 tonio
959 1490 1138 1535 actum
1193 1492 1276 1539 est
1307 1482 1433 1555 (tom
1480 1486 1801 1554 tApparat.,
1858 1488 1948 1544 lib.

351 1575 467 1639 cit.,
494 1593 616 1647 pag.
643 1576 793 1649 760).

419 1667 732 1722 Execranda
769 1671 1015 1738 tandem,
1062 1689 1161 1729 nec
1190 1677 1322 1731 satis
1366 1693 1598 1748 unquam
1628 1679 1951 1736 detestanda

355 1759 645 1816 Alimentia
669 1765 921 1836 mysteria
951 1767 1240 1836 Arnobius,
1273 1769 1562 1825 Cletnentis
1594 1772 1946 1828 Alexandrini

2059 552 2279 610 modum
2333 555 2538 616 Natalis
2588 554 2786 614 Comes
2811 569 2866 614 et
2897 561 3122 620 Vossius
3159 566 3446 622 enucleare
3475 570 3665 625 conati

2057 652 2203 700 sunt.
2223 645 2290 700 Et
2320 658 2466 703 certe
2487 663 2554 703 ex
2580 647 2842 708 Cicerone
2853 651 3114 711 discimus
3132 657 3268 714 hanc
3292 659 3464 730 ipsam
3493 660 3662 717 fuisse

2057 736 2341 811 Chrysippi
2361 741 2696 813 aliorumque
2713 745 3179 818 philosophorum,
3210 753 3298 823 qui
3330 752 3540 825 physici
3569 769 3664 810 vo-

2059 831 2339 897 cabantur,
2377 833 2686 902 opinionem
2714 852 2777 892 ac
2804 854 3150 910 responsum.
3181 844 3236 898 In
3276 847 3517 901 secundo
3543 857 3662 904 ete-

2059 923 2168 976 nim
2198 923 2340 979 illius
2370 924 2438 981 de
2455 924 2654 981 Natura
2681 927 2909 985 deorum
2939 932 3077 988 libro
3097 934 3315 1002 Balbus,
3348 936 3662 994 Stoicorum

2059 1019 2307 1087 nomine,
2340 1019 2591 1076 latentem
2619 1022 2672 1077 in
2705 1022 2946 1080 historiis
2975 1027 3105 1096 illis,
3134 1039 3190 1084 et
3217 1031 3488 1103 mysteriis
3519 1033 3659 1105 phy-

2058 1110 2225 1164 sicum
2253 1111 2713 1185 allegoricumque
2759 1132 2974 1172 sensum
3035 1136 3228 1178 eruere
3264 1135 3320 1179 et
3364 1125 3664 1194 explanare

2055 1202 2258 1256 nititur.
2295 1204 2580 1275 Postquam
2610 1223 2740 1262 vero
2763 1210 2982 1280 planum
3009 1212 3080 1267 ibi
3107 1215 3248 1280 fecit,
3280 1216 3406 1287 quid
3435 1216 3659 1274 Saturni

2053 1307 2084 1346 a
2111 1293 2244 1349 Jove
2275 1297 2438 1351 vincti
2466 1339 2481 1362 ,
2525 1307 2580 1352 et
2607 1299 2835 1356 aliorum
2866 1303 3107 1371 ejusdem
3147 1308 3362 1377 generis
3390 1307 3658 1364 facturum

2055 1386 2358 1442 nominibus
2393 1388 2614 1462 physice
2641 1403 2696 1447 et
2723 1393 3014 1462 allegorice
3049 1397 3404 1468 signiﬁcetur,
3436 1400 3579 1457 hunc
3605 1403 3659 1458 in

2053 1477 2270 1532 modum
2311 1481 2612 1562 concludit:
2647 1502 2666 1535 α
2691 1483 2968 1542 Videtisne
2987 1488 3148 1558 igitur
3169 1498 3276 1544 uta
3296 1490 3533 1562 physicis
3563 1509 3656 1548 re-

2052 1568 2314 1637 bus,bene
2328 1583 2488 1644 atque
2508 1561 2706 1630 utiliter
2730 1576 3159 1647 inventis,tracta
3176 1583 3313 1637 ratio
3331 1584 3401 1638 sit
3420 1584 3486 1638 ad
3501 1599 3658 1640 com-

2055 1662 2331 1716 mentitios
2357 1672 2414 1718 et
2459 1662 2614 1720 fictos
2659 1666 2825 1722 deos?
2854 1667 2986 1736 Quae
3014 1687 3100 1728 res
3125 1674 3307 1743 genuit
3334 1676 3496 1732 falsas
3537 1678 3655 1748 opi-

2055 1754 2266 1821 niones,
2323 1772 2651 1831 erroresque
2705 1764 3080 1830 turbulentos,
3138 1779 3194 1823 et
3233 1773 3652 1841 superstitiones

351 1862 630 1922 sequester
661 1854 836 1911 adhuc
866 1867 920 1912 et
962 1859 1250 1929 interpres,
1281 1877 1377 1931 pro
1411 1864 1609 1918 merito
1653 1864 1948 1921 insectatur

2062 1859 2189 1915 pene
2209 1847 2400 1903 aniles.
2437 1868 2458 1902 ι
2506 1851 2718 1922 (Ciam,
2759 1854 2848 1908 lib.
2905 1871 2923 1909 ι
2965 1857 3029 1912 de
3077 1856 3268 1914 Nalur.
3308 1863 3472 1926 deor.,
3531 1882 3656 1937 pag.

352 1944 596 2014 (Arnob.,
632 1947 720 2002 lib.
749 1965 802 2013 v,
833 1967 950 2021 pag.
989 1951 1092 2007 176
1112 1962 1160 2006 et
1183 1971 1286 2020 seq.
1311 1972 1331 2018 ;
1386 1955 1617 2011 Clemens
1646 1957 1948 2023 Alexandr.,

349 2037 612 2092 Admonit.
648 2041 716 2092 ad
745 2052 883 2112 gent.
911 2085 925 2106 ,
956 2061 1076 2115 pag.
1106 2046 1171 2100 ‘31
1204 2057 1251 2100 et
1271 2047 1388 2118 Ξῖ).
1417 2048 1526 2104 Nos
1557 2065 1685 2105 vero
1705 2051 1774 2106 de
1803 2052 1953 2109 hisce

352 2129 522 2182 sacris
548 2129 864 2188 fmdissimis
892 2145 948 2189 et
976 2145 1177 2192 interna
1202 2139 1494 2199 oblivione.
1525 2142 1626 2198 nisi
1669 2144 1734 2198 ad
1759 2144 1952 2204 confu—

349 2219 546 2275 tandos
559 2223 788 2290 gentiles
810 2266 826 2289 ,
857 2241 1060 2296 eosque
1089 2244 1117 2280 a
1147 2233 1524 2298 superstitioso
1551 2234 1777 2290 deorum
1807 2238 1953 2294 cultu

351 2309 418 2363 ad
467 2327 649 2367 veram
703 2315 1017 2386 religionem
1068 2320 1433 2390 adducendas,
1468 2325 1825 2397 damnandis,
1855 2346 1953 2386 nos

349 2404 476 2462 alibi
504 2406 892 2476 disputavimus
920 2409 1081 2484 (Eod.
1135 2423 1257 2470 tom.
1304 2433 1322 2470 ι
1357 2419 1631 2490 Apparat.,
1656 2439 1776 2495 pag.
1805 2425 1910 2480 774
1932 2468 1946 2491 ,

359 2506 406 2549 et
435 2499 621 2570 seqq).

427 2590 598 2647 Porro
617 2603 796 2650 autem
822 2599 940 2668 quis
956 2613 1105 2654 sana:
1135 2603 1332 2657 mentis
1355 2603 1516 2661 homo
1540 2607 1684 2662 illam
1715 2619 1793 2665 tot
1818 2620 1954 2666 tam-

358 2695 466 2751 que
505 2682 896 2742 horrendorum
933 2692 1315 2760 mysteriorum
1337 2698 1734 2754 enarrationem
1769 2702 1953 2759 audire

352 2785 551 2844 potest,
599 2780 724 2848 quin
775 2785 954 2836 statim
983 2798 1104 2839 cum
1155 2789 1388 2844 Auctore
1430 2800 1616 2846 nostro
1666 2796 1954 2854 concludat

353 2881 619 2924 summam
653 2886 773 2927 esse
799 2875 1139 2932 ethnicorum
1172 2879 1506 2951 iniquitatem
1521 2900 1584 2940 ac
1598 2885 1950 2955 dementiam.

362 2961 449 3024 qui
481 2960 547 3014 ad
576 2961 711 3016 deos
752 2966 912 3019 tantis
959 2968 1202 3040 adeoque
1232 2971 1478 3028 nefandis
1500 2976 1796 3034 sceleribus
1819 2981 1956 3035 infa-

358 3065 477 3105 mes
504 3055 761 3110 colendos
781 3099 795 3118 .
828 3069 988 3128 atque
1015 3061 1084 3115 ad
1137 3071 1244 3117 tam
1275 3065 1505 3121 obscena
1540 3084 1601 3124 ac
1620 3070 1955 3129 detestabilia

353 3146 611 3214 mysteria
639 3150 940 3219 peragenda
971 3155 1114 3208 omni
1140 3157 1527 3227 suppliciorum
1550 3177 1750 3231 genere
1775 3167 1951 3223 chris-

2055 1935 2162 1992 223
2185 1951 2234 1992 et
2259 1955 2392 2011 seq.;
2419 1951 2466 1996 et
2493 1943 2582 2000 lib.
2615 1961 2632 1999 ι
2689 1963 2809 2018 pag.
2838 1946 2990 2020 20L)
3021 1948 3307 2008 Contendit
3342 1955 3524 2026 itaque
3553 1935 3645 2013 res

2054 2029 2304 2102 physicas
2347 2043 2403 2089 et
2433 2039 2728 2103 naturales,
2767 2055 2975 2095 summa
3003 2056 3280 2113 poetarum
3322 2048 3661 2122 aliorumque

2055 2121 2270 2178 licentia
2298 2167 2312 2191 ,
2344 2127 2412 2182 ad
2455 2128 2590 2184 deos
2626 2130 2788 2186 falsos
2836 2143 2894 2187 et
2935 2139 3340 2195 commentitios
3369 2121 3662 2200 translatas

2057 2211 2243 2282 fuisse,
2266 2225 2426 2288 atque
2447 2219 2499 2274 in
2522 2235 2617 2276 eos
2644 2233 2971 2294 praepostere
3001 2228 3427 2289 transformatas.
3455 2234 3660 2291 Contra

2059 2315 2237 2362 tamen
2271 2309 2532 2368 Eusebius
2555 2313 2793 2385 (Each,
2841 2319 2929 2372 lib.
2965 2337 3000 2375 ιι
3026 2319 3265 2393 Pmpar.
3296 2343 3505 2399 evang.,
3535 2347 3656 2400 cap.

2058 2397 2108 2464 6,
2141 2416 2262 2472 pag.
2299 2402 2416 2473 74),
2445 2403 2666 2461 Diodori
2695 2407 2865 2465 Siculi
2887 2422 2942 2466 et
2970 2406 3263 2471 Clementis
3303 2397 3660 2478 Alexandrini

2056 2494 2378 2550 auctoritate
2426 2495 2622 2564 fretus,
2671 2502 2949 2558 contendit
2986 2507 3134 2574 prius
3165 2508 3234 2563 ab
3270 2511 3662 2581 antiquissimis

2056 2585 2349 2654 gentilibus
2377 2586 2762 2647 dissentiuatas
2789 2593 2956 2651 fuisse
2984 2599 3321 2667 turpissintas
3338 2601 3455 2657 illas
3473 2603 3539 2659 de
3553 2606 3662 2662 diis

2058 2678 2170 2732 suis
2185 2679 2486 2749 opiniones.
2519 2684 2603 2738 vel
2636 2685 2812 2754 potius
2841 2688 3156 2756 opinionum
3187 2705 3431 2749 monstra
3453 2711 3516 2751 ac
3529 2712 3664 2767 por-

2061 2779 2226 2827 tenta.
2261 2772 2510 2829 Posthac
2539 2791 2668 2832 vero
2697 2794 2817 2833 cum
2847 2784 3180 2839 recentiores
3214 2796 3484 2843 tantarum
3514 2832 3530 2856 ,
3574 2792 3666 2846 in-

2058 2865 2195 2935 quit,
2229 2867 2673 2939 obscmnitatum,
2707 2872 2759 2926 in
2780 2872 2862 2927 his
2890 2882 2999 2929 tam
3031 2878 3260 2946 turpiter
3285 2895 3666 2950 expressarum

2061 2962 2303 3031 puderet,
2335 2981 2436 3020 nec
2464 2980 2526 3020 ea
2551 2977 2732 3023 tanien
2757 2980 2981 3038 possent
3007 2974 3232 3029 omnino
3262 2987 3356 3030 aut
3387 2977 3619 3048 rejicere
3650 3024 3666 3046 ,

2061 3065 2152 3109 aut
2197 3057 2421 3112 inliciari
2453 3100 2468 3125 ,
2520 3060 2587 3114 ad
2636 3060 2916 3133 physicum
2948 3065 3413 3141 allegoricumque
3443 3087 3668 3131 sensum

2064 3149 2360 3220 confugere
2378 3155 2551 3208 coacti
2579 3165 2724 3209 sunt.

350 3236 529 3291 tianos
554 3241 884 3310 compellere
911 3247 1292 3302 conabantur?
1321 3251 1457 3318 Quid
1484 3256 1629 3310 enim
1661 3261 1830 3330 magis
1851 3261 1951 3316 ini-

2133 3243 2354 3313 Verum,
2371 3256 2660 3318 utcumque
2681 3264 2768 3306 res
2783 3266 2842 3305 se
2860 3251 3128 3318 habuerit,
3158 3268 3373 3314 constat
3394 3276 3524 3318 sane
3539 3261 3664 3320 haec

354 3342 540 3395 quum,
591 3345 753 3400 quam
814 3349 909 3388 eos
972 3336 1175 3392 idcirco
1225 3342 1624 3414 condemnare,
1681 3359 1954 3421 tamquam

360 3420 610 3476 atheismi
641 3425 955 3482 convictos?
1006 3429 1194 3486 Nonne
1239 3434 1336 3503 ipsi
1364 3439 1591 3505 gentiles
1621 3420 1958 3515 petiorijure

358 3511 503 3566 athei
533 3513 744 3572 dicendi
776 3529 963 3585 erant,
1017 3524 1128 3592 qui,
1158 3525 1361 3594 rejecto
1388 3530 1498 3584 veri
1531 3530 1626 3586 Dei
1658 3511 1959 3607 cultu,ipu-

361 3601 517 3657 blicis
543 3605 593 3659 in
621 3606 774 3663 festis
798 3621 851 3664 et
880 3615 1150 3683 mysteriis
1178 3617 1397 3674 actinos
1421 3622 1671 3678 colebant
1691 3625 1844 3695 deos,
1864 3601 1955 3700 qui

355 3700 658 3756 execranda
705 3717 801 3758 sua
828 3706 898 3759 ob
927 3705 1123 3777 ﬂagitia
1165 3725 1264 3766 nec
1309 3712 1583 3772 hominum
1613 3717 1760 3791 digni
1802 3734 1955 3780 erant

358 3792 617 3846 nomine?

970 3975 1268 4020 ARTICULUS
1301 3980 1351 4020 ll.

361 4089 613 4170 Quomodo
633 4096 940 4170 ethnicorum
962 4103 1235 4170 responsio,
1264 4118 1360 4170 qua
1380 4111 1625 4170 mysteria
1648 4110 1728 4160 illa
1753 4125 1810 4161 ac
1849 4119 1954 4164 tur-

420 4157 646 4214 pissimos
667 4158 872 4233 deorum
889 4157 1086 4233 suorum
1108 4157 1334 4233 historias
1349 4157 1617 4233 allegorice
1645 4157 1957 4233 explicandas

424 4230 537 4266 ess:e
563 4222 948 4281 contendebant,
973 4224 1035 4274 ab
1052 4225 1269 4276 Arnobio
1285 4222 1503 4280 funditus
1526 4222 1796 4287 evertatur.

436 4368 548 4423 Non
591 4385 780 4440 magna
822 4374 939 4427 sine
975 4375 1137 4430 animi
1164 4382 1525 4437 commotione
1557 4389 1958 4453 persentiebant

360 4461 581 4528 ethnici,
615 4479 773 4532 quam
805 4465 1083 4522 evidenter
1110 4469 1331 4526 deorum
1362 4489 1583 4530 suorum
1628 4478 1781 4543 festa,
1809 4497 1955 4553 mys-

361 4557 522 4619 teria,
555 4566 717 4626 atque
746 4560 908 4612 etiam
943 4559 1201 4629 historiae,
1235 4583 1369 4636 quas
1398 4569 1448 4623 in
1490 4573 1753 4640 superiori
1783 4577 1955 4646 capite

2060 3337 2397 3394 ethnicorum
2416 3355 2696 3410 responsa,
2738 3359 3014 3418 vanasque
3045 3350 3437 3419 explicationes
3465 3355 3531 3410 ab
3557 3359 3668 3413 Ar-

2059 3432 2224 3488 nobio
2248 3446 2434 3489 nostro
2464 3436 2694 3508 aliisque
2722 3437 2978 3495 Ecclesiae
3008 3441 3258 3499 Patribus
3300 3448 3537 3516 stirpitus
3568 3465 3670 3505 ex-

2060 3525 2221 3578 trahi.
2250 3525 2369 3594 Quo
2397 3527 2541 3581 enim
2573 3539 2728 3596 pacto
2757 3572 2771 3594 ,
2821 3532 2897 3585 ait
2924 3542 3115 3587 auctor
3133 3545 3340 3603 noster,
3375 3539 3455 3592 lite
3489 3539 3668 3596 inter-

2058 3620 2386 3688 pretationes
2407 3621 2695 3690 prohibere
2719 3634 2943 3692 possunt
2964 3625 3202 3697 (Arnob.,
3227 3629 3316 3684 lib.
3335 3647 3388 3697 v,
3413 3650 3533 3704 pag.
3553 3635 3670 3691 180

2059 3722 2106 3765 et
2155 3713 2320 3784 seqq.)
2365 3714 2495 3784 quin
2539 3729 2638 3780 ea,
2685 3731 2803 3786 quae
2855 3717 2923 3772 de
2979 3717 3080 3773 diis
3127 3722 3323 3792 scripta
3382 3725 3619 3793 legimus
3649 3771 3664 3796 ,

2059 3817 2219 3878 prout
2249 3809 2408 3864 verba
2427 3821 2643 3878 sonant,
2673 3817 2781 3867 sint
2806 3812 3068 3885 ﬂagitiosa
3116 3833 3178 3872 ac
3204 3821 3422 3876 omnino
3445 3823 3615 3894 impia
3639 3827 3665 3878 ?

2057 3902 2190 3971 Quis
2219 3920 2350 3961 vero
2369 3921 2430 3961 ea
2457 3907 2746 3979 allegorice
2763 3920 2968 3965 tantum
2999 3927 3162 3968 sensu
3181 3915 3494 3984 explicanda
3517 3933 3657 3976 esse

2059 3997 2296 4065 probare
2339 3999 2576 4070 poterit?
2599 3999 2654 4055 Si
2685 4001 2770 4056 hic
2800 4003 3078 4058 enimvero
3105 4021 3326 4074 sensus,
3360 4009 3512 4063 sicuti
3541 4012 3666 4067 aie-

2057 4087 2222 4153 bant,
2283 4090 2526 4145 occttltus
2565 4101 2647 4147 est
2672 4135 2689 4161 ,
2718 4094 2838 4162 quis
2865 4095 3012 4149 illum
3042 4099 3328 4166 gentilibus
3362 4101 3670 4169 patefecit?

2057 4181 2247 4239 Nonne
2275 4185 2436 4239 etiam
2469 4187 2652 4256 plures
2678 4186 2859 4243 atlerri
2883 4202 3110 4259 possunt
3132 4194 3288 4246 unius
3315 4206 3367 4248 et
3407 4195 3668 4265 ejusdem

2059 4273 2298 4330 historize
2328 4317 2343 4342 ,
2387 4278 2538 4333 verbi
2570 4282 2760 4350 gratia,
2792 4281 2860 4337 de
2885 4281 3018 4338 Jove
3046 4295 3101 4338 et
3129 4283 3327 4341 Cerere
3345 4289 3666 4359 explicatio-

2062 4373 2196 4426 nes?
2225 4371 2356 4440 Quis
2384 4389 2516 4445 ergo
2543 4392 2702 4432 unam
2727 4379 2928 4448 potius,
2958 4396 3116 4449 quam
3148 4383 3330 4450 aliam,
3363 4399 3541 4439 veram
3575 4403 3672 4457 ge-

2061 4465 2395 4535 nuinamque
2422 4482 2546 4523 esse
2576 4479 2727 4523 certo
2758 4471 2915 4527 nobis
2944 4474 3228 4542 probabit?

2129 4559 2248 4628 Age
2277 4574 2436 4624 vero;
2478 4562 2735 4632 numquid
2773 4578 2964 4619 omnes
2993 4565 3234 4634 ejusdem
3264 4567 3500 4625 historiae
3534 4586 3671 4641 par-

359 4649 734 4703 recensuimus
759 4693 771 4714 ,
825 4651 1015 4707 falsam
1041 4670 1226 4711 eorum
1258 4659 1590 4717 divinitatem
1613 4664 1951 4724 demonstra-

2062 4657 2138 4705 tes
2168 4665 2329 4709 sensu
2353 4652 2644 4722 allegorico
2674 4656 3034 4727 intelligenda!
3063 4668 3189 4713 sunt
3208 4658 3230 4708 ν
3252 4659 3440 4731 (lbid.,
3465 4681 3514 4724 ρ.
3534 4636 3570 4718 ’1
3586 4666 3664 4721 89

360 4753 484 4798 rent
536 4744 774 4814 (Arnob.,
827 4746 916 4802 lib.
948 4764 1000 4815 v,
1032 4767 1152 4821 pag.
1188 4753 1333 4825 179).
1385 4756 1743 4823 Quamobrem
1797 4777 1956 4834 argu-

354 4849 537 4892 menta
558 4855 630 4916 ex
681 4842 745 4894 iis
771 4842 929 4897 ducta
953 4887 967 4910 ,
1000 4861 1216 4916 quoquo
1243 4849 1458 4904 tandem
1492 4852 1651 4905 modo
1681 4853 1956 4913 infirmare

353 4913 789 4988 connitehantur.
822 4913 1442 5009 Itaqueres‘pondebant
1467 4957 1527 4997 ea
1582 4959 1702 5012 quae
1728 4947 1828 5001 sibi
1860 4948 1954 5003 ob-

345 5022 694 5092 jiciebuntur,
729 5041 828 5081 nec
853 5043 1051 5100 negare
1068 5041 1160 5085 aut
1185 5032 1522 5090 dissimulare
1543 5045 1810 5106 poterant,
1842 5050 1952 5096 tur-

356 5121 442 5189 pia
467 5117 690 5174 deorum
710 5135 926 5176 suorum
947 5127 1147 5202 scelera
1167 5127 1218 5180 in
1251 5129 1522 5198 mysteriis
1545 5145 1948 5202 repraesentata,

352 5210 666 5279 neutiquam
695 5198 1042 5270 debnissc‘ad
1075 5217 1325 5280 litteram,
1360 5220 1453 5274 sed
1482 5221 1770 5292 allegorico
1797 5226 1950 5280 altio-

350 5307 506 5371 riqne
553 5319 713 5357 sensu
748 5306 990 5377 intelligi.
1025 5309 1312 5365 Peritiores
1349 5313 1547 5367 etenim
1584 5315 1851 5372 docebant
1894 5317 1945 5373 in

347 5397 417 5451 iis
453 5398 708 5453 omnibus
731 5441 744 5462 ,
782 5404 1172 5470 quantumlibet
1218 5405 1389 5475 turpia
1440 5407 1776 5478 obscenaque
1800 5411 1948 5466 vide-

349 5497 570 5551 rentur,
623 5491 887 5547 contineri
936 5494 1202 5564 physicas,
1235 5498 1518 5569 mysticas,
1567 5500 1834 5557 mirabiles
1883 5519 1945 5559 ac

351 5582 536 5650 paucis
567 5584 807 5652 cognitas
839 5585 1096 5642 rationes.
1125 5587 1255 5642 Nam
1269 5588 1444 5655 Jovis,
1475 5591 1800 5660 inquiebant,
1821 5609 1940 5650 cum

336 5667 568 5737 ,Cerei‘e,
602 5684 693 5727 aut
727 5674 830 5729 lilia
873 5692 968 5731 sua
1000 5679 1340 5748 concubitus,
1373 5691 1557 5749 raptus
1585 5680 1937 5755 Proserpinae,

395 5805 398 5808 .
427 5764 534 5817 alia
562 5766 812 5834 qurelibet
858 5768 939 5822 his
965 5771 1157 5825 similia
1185 5773 1320 5827 nihil
1348 5772 1722 5843 significabant
1751 5777 1891 5834 aliud
1922 5825 1937 5847 ,

342 5855 446 5911 nisi
471 5853 728 5931 pluviam,
758 5861 1026 5932 tellurem,
1058 5867 1309 5936 imbrem,
1338 5870 1564 5937 semina,
1595 5870 1835 5944 aliasque
1855 5889 1943 5931 res

2061 4754 2105 4797 et
2129 4743 2292 4814 seqq.)
2323 4743 2428 4800 Sed
2462 4747 2581 4815 quis
2610 4748 2765 4804 nobis
2797 4765 3049 4820 umquam
3079 4751 3371 4808 cdisseruit
3389 4767 3475 4809 aut
3508 4758 3670 4814 edis-

2060 4850 2244 4892 serere
2287 4837 2460 4908 potuit
2487 4839 2614 4908 quid
2661 4841 2862 4904 b‘rimo,
2893 4844 3020 4913 quid
3052 4836 3259 4911 Baubo,
3291 4847 3420 4915 quid
3452 4846 3672 4906 Hennae

2059 4946 2246 4986 nemus
2267 4941 2330 4986 et
2353 4931 2533 5000 flores,
2565 4935 2691 5004 quid
2734 4935 2912 4992 {Etnze
2954 4937 3090 5007 ignis
3120 4950 3175 4993 et
3203 4941 3369 5005 faces,
3403 4942 3523 5013 quid
3561 4946 3675 5001 At-

2059 5022 2164 5077 tica
2193 5024 2362 5095 regio,
2389 5025 2518 5095 quid
2551 5041 2716 5097 pagus
2746 5027 3076 5092 Eleusinius.
3105 5039 3159 5084 et
3188 5032 3290 5087 alia
3323 5034 3669 5103 ejuscemodi

2059 5119 2447 5186 propemodum
2472 5121 2675 5175 infinita
2703 5121 2991 5192 allegorice
3017 5124 3360 5194 signiﬁcent?

2129 5214 2196 5266 At
2223 5213 2350 5268 illud
2380 5214 2624 5283 inprimis
2669 5218 2968 5279 attentian
2987 5217 3226 5288 dignum,
3267 5221 3408 5290 quod
3437 5221 3489 5276 in
3517 5223 3665 5282 illo-

2057 5323 2174 5362 rum
2207 5309 2520 5364 memoriam
2554 5311 2682 5364 festa
2745 5321 2799 5365 et
2841 5315 3113 5384 mysteria,
3147 5316 3341 5369 annuis
3384 5331 3444 5370 ac
3489 5325 3667 5378 statis

2055 5399 2377 5468 quibusdam
2410 5399 2602 5455 diebus
2628 5443 2643 5467 ,
2677 5403 2745 5456 ab
2771 5404 3023 5458 omnibus
3050 5406 3281 5461 ethnicis
3313 5408 3664 5479 perageban-

2054 5509 2139 5551 tur
2170 5497 2373 5568 (Ibid.,n
2419 5515 2539 5569 pag.
2584 5499 2684 5553 184
2731 5509 2776 5553 et
2820 5500 2970 5570 δρψ).
2999 5500 3464 5568 Quemadmodum
3512 5519 3663 5578 ergo

2051 5599 2196 5644 certa
2228 5602 2281 5646 et
2305 5601 2578 5657 constans,
2613 5605 2674 5646 ac
2701 5593 2892 5662 insigni
2926 5589 3069 5647 facto
3099 5593 3280 5663 aliquo
3308 5594 3523 5650 fundata
3559 5614 3660 5657 es-

2048 5699 2108 5739 se
2135 5683 2362 5740 debebat
2390 5686 2647 5740 horumce
2679 5685 2938 5742 festorum
2959 5686 3167 5741 dierum
3197 5688 3348 5758 origo
3380 5707 3393 5743 :
3425 5691 3494 5743 ita
3522 5708 3659 5762 qua:

2048 5779 2296 5835 solelnct
2332 5780 2385 5835 in
2430 5781 2510 5835 eis
2541 5779 2807 5847 exhiberi,
2832 5780 3032 5852 aliquid
3065 5797 3256 5853 reapse
3279 5793 3438 5839 antea
3462 5797 3660 5847 actum

2047 5872 2528 5944 reprtesentabant.
2557 5873 2788 5931 Necesse
2810 5875 2968 5946 igitur
2989 5874 3160 5932 fuitut
3179 5879 3423 5950 quaedam
3447 5879 3656 5942 saltem
