3872 6344
192 383 283 442 GM

1409 370 1476 426 IN
1515 361 1891 429 ARNOBIUM,
1933 359 2086 417 CAP.
2127 359 2272 417 XIX.

3397 347 3503 402 60‘2

194 497 546 554 historiarum
569 496 786 552 illarum
816 501 997 566 partes
1029 489 1325 546 naturalem
1356 497 1411 542 et
1439 484 1662 540 minime
1717 480 1792 534 al-
1821 483 1874 541 Α
1900 482 2052 548 tiani,
2089 494 2199 536 tum
2238 478 2461 547 ethnici,
2487 476 2609 534 illos
2639 491 2705 533 ex
2728 476 2828 532 hac
2867 473 3147 531 levissima
3178 469 3500 527 defensione

212 595 489 664 egoricum
548 605 772 646 sensum
812 586 1118 643 habuerint.
1148 586 1216 638 At
1244 582 1290 636 si
1326 578 1571 651 quadam
1608 584 1793 646 partes

195 685 426 745 naturali
467 694 526 740 et
575 684 699 738 alia:
743 680 1036 748 allegorice
1067 691 1230 732 sensu
1261 682 1387 729 sunt
1411 667 1737 738 accipiendas
1767 705 1782 730 ,

195 777 316 846 quis
342 791 438 832 eas
468 785 618 831 recte
646 771 956 830 discernet?
984 769 1140 824 Nulla
1171 766 1448 822 enimvero
1479 770 1636 829 nota,
1676 757 1793 813 nul-

199 868 418 937 lumque
443 870 656 937 signum
688 875 774 920 est
793 879 900 934 quo
933 877 1036 916 una
1063 862 1130 915 ab
1155 858 1258 912 alia
1281 865 1619 912 secernatur.

269 961 380 1016 Sed
420 959 671 1016 ethnicos
705 956 879 1012 adhuc
899 954 1076 1010 acrius
1106 958 1258 1020 urget
1294 946 1582 1002 Arnobius.
1617 940 1797 996 Gratis

198 1058 347 1113 enim
374 1055 737 1111 etliberaliter
763 1052 869 1107 illis
896 1045 1144 1103 concedit
1171 1044 1267 1098 has
1299 1041 1575 1104 historias,
1594 1047 1649 1092 et
1676 1050 1796 1103 qua:

196 1151 254 1204 in
280 1147 556 1218 mysteriis
586 1145 823 1210 fiebant,
863 1140 1174 1208 neutiquam
1202 1132 1442 1195 litterali,
1473 1129 1567 1185 sed
1597 1129 1798 1197 allego-

197 1243 318 1298 rieo
349 1252 554 1296 tantum
596 1255 759 1294 sensu
793 1250 951 1307 posse
981 1231 1262 1303 explicari.
1293 1230 1361 1283 At
1391 1240 1497 1280 non
1523 1223 1648 1277 inde
1678 1234 1800 1290 pro.

197 1333 366 1401 fecto,
397 1334 575 1404 arguit
606 1330 716 1397 ille,
762 1329 942 1383 minor
974 1327 1027 1380 in
1078 1323 1209 1378 deos
1255 1317 1520 1375 redundat
1557 1312 1797 1368 infamia.

200 1422 324 1492 Quo
345 1426 486 1479 enim
509 1421 744 1493 graviori
774 1417 1020 1474 convicio
1046 1412 1319 1470 verberari
1353 1416 1620 1480 pcterant,
1640 1417 1799 1475 quam

199 1518 325 1573 illos
361 1517 563 1572 ideirco
609 1512 920 1569 nominibus
966 1508 1240 1580 appellare
1279 1502 1476 1574 flagitia
1517 1510 1570 1554 et
1595 1499 1802 1553 scelera

196 1611 544 1682 apertissime
572 1603 1023 1680 signiﬁcantibus.
1053 1600 1177 1670 quia
1201 1599 1383 1669 plures
1413 1585 1802 1664 garriebantiis

193 1719 294 1764 res
313 1703 591 1758 naturales
616 1700 846 1772 mystico
876 1710 1038 1752 sensu
1066 1692 1288 1748 indicari
1316 1690 1338 1744 Τ

272 1799 408 1867 Quid
449 1797 639 1852 iisdem
669 1796 772 1851 diis
799 1795 968 1864 magis
997 1787 1448 1847 contumeliosum
1497 1796 1658 1852 quam
1691 1789 1824 1833 tur-.

1897 573 2229 644 deiecerunt.

1966 686 2158 740 Cicero
2186 684 2447 754 siquidem
2473 685 2524 738 in
2553 685 2712 739 tertio
2744 682 2812 738 de
2851 681 3052 738 Natura
3087 681 3318 736 deorum
3361 677 3502 734 libro

1897 776 2121 831 Balbum
2149 819 2163 842 ,
2227 776 2311 831 his
2359 776 2807 846 explicationibus
2849 776 3132 846 Opiniones
3201 773 3500 828 stoicorum

1903 881 2354 944 propugnantem,
2379 871 2547 925 Cottae
2567 869 2874 925 Academici
2901 869 3142 934 nomine,
3162 867 3242 922 sic
3261 864 3462 922 refellit
3485 883 3498 920 :

1906 983 1924 1016 ί
1954 964 2070 1019 Jam
2111 980 2238 1019 vero
2276 965 2400 1034 quid
2431 979 2559 1028 vos,
2600 983 2618 1015 ι
2653 964 2846 1035 inquit,
2877 981 2895 1014 ι
2933 963 3020 1016 illa
3051 961 3287 1017 delectat
3311 958 3488 1032 expli-

1899 1060 2040 1112 catio
2071 1058 2406 1124 fabularum,
2449 1069 2505 1113 et
2539 1058 2795 1113 enodatio
2819 1057 3217 1112 nominum.....
3252 1053 3500 1125 Magnam

1901 1148 2204 1204 molestiam
2235 1154 2504 1218 suscepit,
2556 1160 2608 1203 et
2638 1150 2858 1203 minime
2887 1148 3257 1204 necessariam
3288 1147 3499 1220 primus

1902 1243 2068 1303 Zeno,
2102 1254 2222 1312 post
2263 1242 2570 1307 Cleanthes,
2597 1243 2790 1297 deinde
2817 1228 3152 1313 Chrysippus
3178 1283 3192 1308 ,
3222 1241 3504 1296 commen-

1907 1337 2141 1391 titiarum
2174 1337 2474 1392 fabularum
2500 1337 2727 1393 reddere
2751 1338 3015 1392 rationem
3046 1356 3061 1405 ;
3089 1335 3497 1406 vocabulorum,

1904 1447 2001 1487 cur
2045 1434 2278 1503 quidque
2329 1434 2398 1487 ita
2453 1433 2775 1502 explicatum
2819 1432 2925 1497 sit,
2965 1446 3158 1487 causas
3204 1431 3502 1497 explicare.

1905 1526 2056 1593 Quod
2090 1541 2211 1581 cum
2245 1525 2421 1580 facitis
2445 1568 2458 1590 ,
2518 1527 2646 1580 illud
2695 1528 2935 1595 profecm
2962 1525 3295 1580 confitemini
3335 1526 3502 1597 longe

1905 1621 2058 1674 aliter
2075 1636 2131 1673 se
2164 1636 2275 1674 rem
2310 1618 2509 1673 habere
2535 1628 2694 1687 atque
2720 1618 3000 1672 hominum
3029 1617 3214 1685 Opinio
3239 1615 3308 1670 sit
3332 1631 3347 1680 ;
3399 1629 3494 1670 eos

1906 1713 2070 1776 enim,
2103 1712 2192 1781 qui
2220 1712 2292 1765 dii
2344 1711 2705 1780 appellantur,
2743 1726 2923 1765 rerum
2953 1722 3172 1764 naturas
3198 1723 3321 1764 esse
3348 1750 3363 1776 ,
3395 1724 3503 1763 non

1911 1805 2106 1876 ﬁguras
2127 1806 2372 1858 deorum.
2406 1804 2505 1871 Qui
2536 1813 2714 1858 tantus
2748 1819 2903 1858 error
2933 1803 3073 1867 fuit;
3094 1811 3151 1856 ut
3187 1801 3506 1872 perniciosis

188 1895 426 1966 pissima
459 1893 676 1947 illorum
705 1891 839 1945 fama
869 1888 1040 1959 Palam
1070 1895 1125 1941 ει
1145 1883 1340 1954 ιιι)ίῆυο
1361 1890 1416 1934 ει
1439 1873 1801 1948 Ρτεεάίθδηδθο
1833 1866 1882 1926 Β
1908 1866 2068 1953 etiam
2105 1899 2263 1951 rebus
2293 1913 2399 1951 non
2433 1897 2592 1951 modo
2626 1913 2822 1952 nomen
2856 1903 3081 1951 deorum
3130 1895 3459 1951 tribueretur
3488 1939 3504 1963 ,

192 1999 257 2044 et
301 1984 768 2058 repraesentanda,
817 1997 905 2037 res
954 1980 1094 2035 velle
1142 1975 1432 2048 significari
1480 1984 1673 2043 graves
1707 1983 1809 2022 nec

191 2080 558 2135 inhonestas?
608 2077 688 2132 Eo
735 2061 940 2146 quippe
986 2071 1221 2127 absurdo
1282 2067 1495 2137 penitus
1552 2060 1808 2132 loquendi

187 2172 362 2228 modo
389 2171 670 2243 turpitudo
689 2172 837 2240 prius
866 2168 1124 2228 animum,
1162 2179 1319 2235 quam
1349 2175 1538 2216 sensus
1568 2159 1712 2212 illius
1731 2159 1809 2210 al-

189 2265 498 2337 legoricus,
553 2273 607 2319 et
664 2261 937 2334 religionis
963 2259 1251 2314 auctoritas
1303 2254 1632 2326 perstringit.
1676 2251 1809 2317 Quis

197 2360 369 2416 etiam
423 2357 633 2415 inﬁcias
685 2358 766 2412 ire
825 2355 1021 2410 audeat
1075 2353 1234 2423 longe
1282 2351 1448 2404 satius
1487 2348 1650 2402 fuisse
1694 2359 1807 2399 rem

189 2453 498 2525 quamlibet
529 2451 764 2507 naturali
789 2466 911 2517 suo,
953 2462 1112 2519 quam
1147 2447 1304 2500 ullius
1326 2444 1546 2499 obsceni
1579 2449 1669 2495 aut
1689 2455 1810 2493 cru-

191 2531 336 2605 deliis
360 2546 594 2604 deorum
624 2546 880 2601 facinoris
917 2543 1135 2599 nomine
1164 2540 1345 2594 vocari
1360 2540 1384 2591 ’ἐ
1409 2536 1546 2591 Tum
1578 2535 1718 2589 enim
1746 2548 1810 2588 ea

193 2653 258 2696 et
295 2642 515 2712 cognitu
571 2640 764 2704 facilis,
806 2647 861 2695 et
899 2637 1069 2692 illaesa
1127 2642 1338 2690 servata
1381 2631 1572 2686 fuisset
1615 2627 1810 2682 creles-

191 2736 333 2790 tium
362 2734 646 2788 numinum
673 2731 932 2802 dignitas.

268 2828 384 2884 Non
439 2829 624 2898 itaque
671 2826 924 2880 audiendi
957 2823 1186 2892 amplius
1212 2820 1445 2892 gentiles
1471 2862 1485 2883 ,
1513 2818 1605 2889 qui
1634 2816 1811 2870 adhuc

189 2921 550 2992 obiectabant
574 2921 705 2975 deos
745 2919 891 2974 nolle
920 2933 1016 2972 sua
1055 2917 1178 2971 sciri
1223 2917 1476 2986 mysteria
1499 2955 1512 2978 ,
1545 2923 1706 2981 atque
1736 2925 1800 2966 ea

187 3017 398 3071 idcirco
424 3057 441 3080 ,
503 3024 558 3069 et
607 3014 820 3068 illorum
866 3010 1122 3066 historias
1148 3007 1449 3077 allegoricis
1482 3014 1650 3058 tectas
1689 3017 1809 3058 esse

192 3109 522 3178 ambagibus
574 3105 735 3178 (Ibid.
769 3146 782 3169 ,
839 3121 960 3174 pag.
997 3100 1144 3171 187).
1174 3099 1303 3166 Quis
1333 3098 1609 3152 enimvero
1650 3109 1811 3149 nosse

192 3204 372 3272 potuit
428 3201 502 3254 ita
529 3198 632 3253 diis
670 3198 837 3252 fuisse
874 3195 1177 3267 placitum?
1216 3191 1378 3247 Certo
1419 3201 1596 3245 autem
1653 3189 1807 3243 nobis

191 3303 540 3364 compertum
570 3301 653 3347 est
677 3292 810 3347 deos
839 3305 1130 3359 numquam
1163 3287 1402 3342 voluisse
1442 3289 1618 3356 turpia
1647 3285 1715 3339 de
1745 3299 1806 3339 se

190 3387 297 3442 dici
319 3397 376 3442 et
404 3385 706 3456 przedicari.
733 3383 872 3450 Quid
901 3383 1045 3437 enim
1089 3383 1193 3445 sol,
1221 3381 1371 3434 verbi
1397 3396 1556 3435 causa
1579 3425 1592 3445 ,
1621 3378 1802 3443 tellus,

194 3477 434 3548 aliaeque
461 3492 550 3531 res
573 3476 870 3541 naturales,
904 3477 946 3528 si
997 3474 1242 3543 qumdam
1273 3475 1380 3527 sint
1412 3473 1654 3538 numina,
1690 3487 1806 3527 me-

194 3581 426 3625 ruerunt
460 3579 517 3623 ut
541 3569 609 3622 ab
634 3568 888 3633 ethnicis,
931 3565 1130 3622 Attidis
1153 3608 1167 3631 ,
1199 3567 1251 3619 id
1281 3575 1385 3631 est,
1418 3566 1654 3621 hominis
1687 3579 1800 3620 cas-

196 3664 321 3719 trati
349 3674 410 3719 et
431 3663 692 3726 semiviri,
739 3663 1078 3731 aliorumque
1109 3659 1498 3714 sceleratorum
1531 3659 1810 3714 hominum

198 3759 516 3814 nominibus
567 3757 1042 3828 nuncuparentur?
1089 3755 1335 3825 Denique
1380 3768 1486 3808 non
1537 3755 1711 3813 solum
1735 3752 1808 3810 dii

203 3853 308 3924 ipsi
335 3853 578 3917 colendi,
608 3852 705 3908 sed
751 3853 964 3908 illorum
995 3851 1155 3905 etiam
1197 3849 1413 3903 nomina
1464 3849 1810 3902 veneratione

204 3958 263 4003 et
290 3947 500 4003 honore
546 3945 704 4016 digna
759 3954 902 4008 sunt,
947 3960 1120 4014 neque
1162 3943 1251 3995 illa
1296 3941 1418 3994 aliis
1459 3939 1810 4009 proculdubio

203 4040 440 4094 terrenis
464 4049 517 4092 et
547 4037 791 4106 abiectis,
813 4036 1090 4105 multoque
1113 4035 1290 4087 minus
1309 4032 1553 4100 turpibus
1574 4047 1636 4085 ac
1655 4031 1812 4086 fmdis

203 4133 370 4188 rebus
395 4130 743 4200 imponenda.
775 4129 908 4197 Quis
935 4144 1063 4198 ergo
1094 4127 1176 4181 his
1223 4127 1520 4180 rationibus
1560 4126 1661 4178 rite
1691 4140 1810 4193 per-

203 4227 411 4295 pensis,
439 4239 545 4278 non
577 4224 724 4278 videt
750 4238 909 4292 quam
939 4232 1085 4275 recte
1126 4220 1393 4274 Arnobius
1417 4219 1726 4287 probaverit
1745 4218 1813 4271 ab

203 4317 298 4380 iis,
325 4318 415 4387 qui
439 4316 663 4370 deorum
707 4330 929 4370 suorum
964 4314 1218 4366 historias
1247 4323 1301 4367 et
1328 4310 1584 4383 mysteria
1614 4310 1813 4381 allego-
1882 4350 1888 4355 .

202 4413 324 4464 rico
368 4411 706 4479 mysticoque
732 4423 892 4462 sensu
926 4407 1270 4476 explicabant
1297 4445 1310 4470 ,
1358 4420 1461 4459 non
1493 4408 1662 4474 magis
1683 4404 1814 4459 reli—

201 4504 459 4574 gionibus
485 4506 599 4558 suis
631 4503 796 4558 fuisse
818 4503 1146 4565 consultum,
1172 4516 1329 4571 quam
1361 4501 1429 4554 ab
1448 4498 1588 4563 aliis,
1609 4500 1699 4569 qui
1720 4514 1814 4554 eas

200 4598 428 4652 litterali
451 4599 717 4667 obvioque
746 4613 909 4652 sensu
943 4595 1316 4666 intelligendas
1358 4609 1480 4647 esse
1515 4592 1811 4662 opinaban-

203 4689 346 4744 tur?
376 4689 563 4744 Parem
593 4691 868 4744 enimvero
917 4690 1133 4757 utrique
1160 4687 1261 4741 diis
1296 4687 1410 4741 suis
1437 4685 1640 4741 faciunt
1666 4687 1809 4756 inju-

201 4783 386 4849 riam,
427 4798 754 4854 omnemque
790 4783 1157 4853 imprudentes
1183 4785 1263 4837 eis
1290 4782 1533 4836 adimunt
1564 4781 1814 4837 divinita-

203 4885 345 4929 tem.

813 4985 1101 5025 ARTICULUS
1135 4986 1212 5024 Ill.

203 5082 461 5141 Quomodo
484 5085 658 5134 eadem
683 5085 945 5148 gentilium
971 5088 1230 5148 responsio
1254 5086 1317 5134 ab
1342 5085 1462 5134 'aliis
1494 5085 1817 5146 scriptoribus

555 5149 756 5210 penitus
780 5147 1070 5198 iufirmetur’
1095 5157 1146 5198 et
1166 5149 1469 5199 destruatur.

294 5253 648 5323 Exposnimus
691 5270 848 5324 quant
896 5257 1115 5311 brevius
1143 5255 1448 5323 clariusque
1479 5253 1817 5308 fierianobis

207 5347 419 5417 potuit,
448 5350 627 5400 omnia
662 5348 888 5402 Arnobii
921 5357 1108 5401 contra
1141 5348 1298 5401 datas
1322 5348 1390 5400 ab
1421 5349 1711 5417 gentilibus
1741 5350 1817 5402 al—

209 5439 481 5505 legoricas
519 5454 573 5495 et
607 5444 861 5511 mysticus
893 5441 1114 5494 deorum
1159 5441 1650 5511 mysteriorumque
1691 5457 1816 5495 suo-

211 5545 345 5586 rum
379 5529 868 5602 interpretationes,
901 5541 1215 5601 argumenta
1245 5550 1258 5595 ;
1296 5542 1350 5584 ut
1381 5547 1569 5585 omnes
1604 5533 1812 5588 facilius

211 5620 513 5691 intelligant
548 5624 666 5676 illas
701 5633 848 5677 tanto
877 5624 1086 5693 planius
1115 5623 1181 5676 ab
1210 5639 1274 5689 eo
1307 5622 1599 5687 confutari,
1631 5640 1806 5694 quau-

215 5729 278 5771 to
314 5716 499 5782 s-erius
527 5717 730 5771 ethnici
761 5718 826 5770 ad
856 5733 946 5771 cas
980 5727 1231 5786 tanquam
1261 5717 1326 5770 ad
1357 5718 1650 5771 maximum
1683 5718 1812 5772 reli-

212 5805 400 5878 gionis
441 5823 544 5863 sua:
576 5812 1032 5882 propugnaculum
1064 5810 1461 5880 confugiebant.
1504 5809 1619 5864 Non
1663 5810 1811 5865 solus

213 5912 408 5957 tamen
436 5900 717 5967 Arnobius,
743 5901 838 5958 sed
870 5903 957 5958 alii
979 5903 1139 5960 etiam
1167 5903 1459 5973 scriptores
1485 5916 1606 5956 eum
1644 5901 1815 5958 chris-

1908 1990 2002 2045 sed
2028 1996 2188 2044 etiam
2216 2005 2366 2044 sacra
2393 1992 2870 2045 constituerentur.
2907 1988 3099 2044 Febris
3139 1992 3286 2042 enim
3316 1988 3504 2043 fanum

1911 2083 1963 2136 in
1995 2085 2309 2152 palatio.....
2335 2083 2521 2138 Omnis
2561 2085 2723 2154 igitur
2752 2083 2874 2138 talis
2904 2099 2932 2136 a
2965 2082 3508 2154 philosop‘hiapella-

1911 2187 1997 2230 tur
2017 2192 2204 2240 error;
2236 2186 2291 2229 ut
2313 2192 2434 2230 cum
2455 2177 2521 2230 de
2542 2175 2642 2231 diis
2669 2176 3025 2246 disputamus,
3057 2177 3301 2232 dicamus
3331 2177 3500 2247 digna

1911 2268 2013 2323 diis
2046 2269 2434 2324 immortalibus
2468 2288 2481 2323 :
2510 2269 2578 2324 de
2618 2271 2814 2340 quibus
2865 2271 3040 2324 habeo
3068 2270 3196 2341 quid
3224 2271 3456 2326 sentiam
3488 2312 3504 2337 ,

1914 2378 2020 2416 non
2061 2361 2234 2416 habeo
2287 2372 2462 2416 autem
2489 2362 2631 2432 quod
2689 2363 2782 2417 tibi
2813 2363 3080 2417 assentiar
3118 2382 3136 2414 ι
3164 2362 3375 2432 (Cicera.
3411 2361 3502 2417 lib.

1913 2472 1948 2511 tt
1980 2456 2041 2510 de
2074 2455 2266 2508 Natur.
2323 2457 2489 2521 dcam,
2516 2474 2635 2526 pag.
2661 2456 2764 2511 248
2795 2466 2844 2511 et
2873 2457 3024 2527 ιαμ).
3081 2457 3319 2512 Audisne
3348 2472 3511 2528 quam

1913 2561 2060 2605 recte
2085 2550 2292 2606 Tullius
2339 2551 2435 2605 has
2472 2552 2769 2605 stoicorum
2821 2551 3294 2621 interpretationes
3322 2591 3338 2616 ,
3370 2560 3512 2605 tam-

1913 2661 2072 2715 quam
2102 2645 2395 2699 absurdum
2426 2644 2639 2714 penitus
2661 2659 2928 2709 errorem,
2968 2659 2996 2697 a
3043 2644 3380 2714 philosophia
3423 2661 3510 2702 re-

1917 2741 2247 2809 pellendum,
2277 2738 2568 2808 explodat?
2594 2737 2704 2792 Nec
2731 2739 2938 2792 minore
2977 2736 3231 2792 facilitate
3265 2739 3514 2793 animad-

1913 2835 2122 2898 vertisti
2150 2843 2349 2904 quanta
2404 2833 3050 2917 evidentiaddemonstret
3101 2833 3165 2887 iis
3206 2833 3380 2897 nihil,
3436 2834 3513 2889 uti

1914 2930 2074 2983 etiam
2118 2929 2389 2983 Arnobius
2423 2909 2736 2994 contendit",
2782 2926 2893 2983 Deo
2942 2926 3239 2981 immortali
3290 2926 3512 2998 dignum

1914 3022 2163 3092 proferri.

1988 3156 2249 3211 Eusebius
2299 3171 2458 3220 vero,
2500 3165 2555 3211 et
2592 3165 2714 3227 post
2754 3170 2877 3209 eum
2935 3154 3339 3220 Theodoretus,
3372 3162 3518 3210 tran-

1837 3252 1883 3315 C
1914 3251 2129 3322 scriptis
2173 3252 2409 3305 Platonis
2436 3266 2504 3306 ex
2532 3251 2698 3320 ipsius
2740 3249 2946 3305 Timaeo
2997 3249 3176 3304 verbis
3224 3249 3518 3305 ostendunt

1912 3346 2064 3400 illum
2115 3345 2316 3400 diserte
2345 3355 2399 3399 et
2433 3345 2697 3414 explicate
2743 3344 2993 3399 docuisse
3024 3344 3271 3413 vulgares
3300 3343 3420 3397 illas
3450 3342 3517 3398 de

1911 3437 2013 3492 diis
2042 3428 2266 3504 fabulas,
2301 3439 2412 3493 sive
2439 3438 2705 3501 historias,
2745 3449 3039 3506 omnesque
3064 3435 3385 3506 allegoricos
3409 3451 3504 3490 ea-

1912 3547 2028 3586 rum
2053 3545 2265 3598 sensus,
2285 3547 2416 3600 quos
2446 3531 2659 3585 Ethnici
2688 3530 2753 3584 ad
2786 3528 3180 3600 philosophiam
3212 3544 3519 3584 accommo-

1912 3624 2065 3678 datos
2119 3637 2237 3677 esse
2295 3624 2582 3690 rebantur,
2636 3621 3002 3678 excludendos
3048 3635 3169 3675 esse
3209 3636 3434 3692 prorsus
3463 3633 3519 3676 et

1912 3717 2242 3772 coercendos
2287 3715 2523 3786 (Euseb,
2585 3716 2673 3770 lib.
2704 3733 2738 3770 ll
2794 3714 3032 3780 Prwpar.
3059 3730 3272 3783 evang.,
3301 3729 3416 3785 cap.
3450 3715 3482 3767 7
3503 3757 3515 3780 ,

1915 3825 2034 3878 pag.
2066 3808 2135 3863 76
2163 3818 2207 3861 et
2235 3823 2376 3875 seg.;
2417 3806 2668 3861 Theodor.
2693 3848 2706 3871 ,
2749 3823 2901 3860 δεῖνι.
2932 3808 2997 3872 '5,
3043 3805 3104 3858 de
3131 3804 3310 3875 Auget.
3344 3815 3389 3859 et
3413 3804 3521 3859 dte-

1915 3916 2080 3965 mon.,
2115 3909 2237 3952 tom.
2272 3915 2346 3961 tv,
2376 3915 2497 3969 pag.
2528 3897 2634 3953 512
2653 3908 2697 3951 et
2728 3895 2879 3969 τεῳ).
2941 3896 3022 3951 Ad
3066 3896 3180 3950 haec
3213 3911 3344 3950 vero
3375 3894 3517 3951 idem

1916 3992 2202 4056 Eusebius,
2244 3991 2483 4063 Dionysii
2513 3991 2910 4045 llaliearnassei
2941 3989 3153 4055 verbis,
3188 4004 3254 4044 ex
3281 3989 3520 4044 secundo

1917 4085 2060 4139 illius
2116 4085 2505 4153 Antiquitalum
2579 4098 2921 4137 romanarum
2982 4083 3120 4137 libro
3172 4081 3517 4152 desumptis,

1919 4177 2154 4243 probata
2176 4177 2364 4244 priscis
2391 4177 2649 4231 Romanis
2676 4185 2930 4230 statutum
2962 4175 3145 4239 luisse,
3185 4185 3242 4230 ut
3269 4177 3520 4232 universa

1917 4268 2005 4321 illa
2055 4268 2364 4323 Grtecorum
2419 4268 2772 4340 physiologia,
2827 4278 3078 4338 tanquam
3111 4268 3266 4338 plane
3295 4270 3520 4339 inutilis,

1918 4377 2018 4416 nec
2046 4361 2147 4415 sibi
2179 4360 2496 4427 cohaerens,
2550 4363 2618 4416 ab
2672 4360 2938 4416 universis
2994 4361 3280 4432 theologia:
3328 4362 3524 4418 finibus

1918 4456 2204 4526 ejiceretur
2235 4457 2810 4527 exterminareturque.

1989 4593 2105 4648 Non
2135 4594 2326 4648 mirum
2359 4594 2558 4665 itaque,
2591 4595 2636 4648 si
2662 4593 3021 4665 antiquissimi
3049 4593 3304 4649 Euelesiae
3332 4603 3516 4665 patres

1922 4699 2067 4744 tanto
2096 4689 2262 4743 animi
2291 4689 2483 4743 ardore
2513 4688 2731 4744 eosdem
2772 4689 3089 4767 allegoricos
3120 4704 3311 4744 sensus
3343 4691 3520 4746 insee-

1923 4785 2013 4837 tati
2059 4793 2201 4837 sunt.
2249 4782 2381 4837 Nam
2414 4794 2472 4837 ut
2501 4783 2944 4854 Recognitionum
2973 4782 3268 4838 Clementis
3306 4786 3525 4841 nomine

1922 4875 2297 4944 inseriptarum
2321 4884 2376 4930 et
2399 4875 2854 4930 (llementinarum
2897 4885 3172 4930 auctorem
3204 4877 3294 4946 qui
3326 4892 3417 4932 eas
3450 4879 3526 4933 si-

1921 4968 2138 5022 milibus
2164 4976 2324 5036 atque
2353 4970 2621 5023 Arnobius
2650 4979 2834 5024 noster
2870 4969 3168 5023 rationibus
3212 4970 3523 5040 impugnat,

1925 5066 2149 5116 missum
2174 5062 2450 5128 faciamus,
2486 5064 2856 5133 Athenagoras
2882 5064 3160 5120 evidenter
3188 5064 3525 5119 demonstrat

1927 5156 2194 5219 ethnicos,
2227 5171 2288 5209 ac
2321 5155 2639 5211 nominatim
2693 5159 2890 5213 stoicos
2942 5159 3088 5213 hisce
3136 5159 3408 5229 allegoriis
3460 5174 3528 5214 ne

1927 5251 2093 5305 hilum
2140 5250 2353 5322 quidem
2403 5253 2465 5304 ad
2517 5252 2792 5323 religionis
2821 5269 2929 5308 sum
2958 5253 3326 5310 defensionem
3358 5255 3524 5325 profi-

1927 5342 2306 5398 cere.Certum
2336 5346 2533 5414 quippe
2563 5358 2684 5399 esse
2715 5343 2876 5400 debet
2903 5345 2967 5399 iis
2997 5345 3332 5401 divinitatem
3366 5347 3527 5402 rebus

1926 5437 2202 5491 dumtaxat
2237 5439 2432 5492 creatis
2466 5447 2520 5491 et
2545 5439 2817 5506 corporeis
2871 5439 3109 5493 attribui.
3166 5437 3290 5491 Veri
3343 5449 3524 5494 autem

1928 5527 2021 5581 Dei
2055 5543 2154 5581 una
2185 5539 2387 5581 tantum
2418 5543 2539 5582 esse
2572 5539 2745 5594 potest
2787 5530 3019 5598 ingenita
3042 5571 3056 5592 ,
3112 5528 3428 5599 incorporea
3471 5540 3526 5584 et

1927 5628 2126 5672 aeterna
2184 5620 2502 5674 substantia.
2536 5622 2603 5674 At
2648 5620 2771 5673 hinc
2815 5622 2973 5689 plane
3009 5621 3291 5676 conficitur
3333 5623 3522 5679 Satur-

1925 5727 2086 5777 num,
2117 5711 2335 5776 Jovem,
2375 5723 2428 5766 et
2453 5714 2588 5766 alios
2638 5713 2970 5782 ejuscemodi
3007 5731 3296 5786 numquam
3356 5714 3523 5772 fuisse

1923 5803 2055 5858 deos
2085 5802 2445 5874 (Clem.,lib.x
2484 5803 2739 5876 Recogn.,
2759 5822 2876 5874 cap.
2907 5807 2977 5862 55
3004 5818 3048 5863 et
3076 5825 3202 5876 seq.,
3233 5825 3355 5880 pag.
3383 5797 3525 5877 517}

1923 5897 2183 5961 Cfcment.,
2221 5898 2357 5952 hom.
2392 5899 2446 5965 lt,
2475 5916 2590 5966 cap.
2617 5899 2687 5953 24
2713 5907 2758 5951 ρ(
2781 5916 2914 5971 seq.,
2939 5920 3058 5974 pag.
3088 5903 3211 5971 607,
3237 5914 3282 5959 et
3301 5905 3440 5961 hom.
3466 5905 3519 5972 6,
