3872 6352
312 313 418 372 605

1559 329 2008 389 DISSERTA'I‘IU
2045 333 2326 391 ΡΒΔΕἫΑ

3497 344 3605 399 θυι

314 447 430 502 cap.
460 432 525 487 17
553 443 599 487 et
626 450 728 506 seq.
752 477 767 504 ,
815 454 933 508 pag.
961 438 1066 496 625
1087 449 1132 495 et
1155 457 1296 510 seq.;
1343 441 1617 513 Atlteuag.,
1650 443 1773 515 Leg.
1807 462 1898 514 pro
1929 453 1978 510 Α
2004 458 2263 514 meretur,
2291 459 2344 504 et
2370 449 2513 520 quod
2561 461 2782 507 externe
2831 455 2999 509 oculis
3028 451 3299 524 obiicitur,
3331 458 3601 512 funestum

311 523 598 591 chi‘istimr,
632 545 751 599 pag.
780 530 850 584 22
876 542 922 586 et
951 538 1103 604 seq.).

385 616 587 673 Eodem
638 637 850 693 quoque
904 627 1063 680 modo
1119 627 1403 692 Tatiauus,
1454 629 1901 698 quemadmodum

312 708 440 764 alibi
471 716 845 772 annotavimus
867 759 882 786 ,
914 719 1136 787 corripit
1171 721 1432 790 gentiles,
1488 737 1549 776 ac
1608 725 1903 792 praesertim

313 799 674 860 Metrodorum
702 806 1146 878 Lampsacenum,
1172 813 1259 881 qtti
1292 827 1478 867 omnes
1509 814 1657 882 deos,
1693 831 1905 869 eorum-

314 909 418 963 que
451 895 724 966 historias,
757 899 824 954 ad
853 902 1197 973 allegoricum
1225 919 1442 958 sensum
1493 906 1705 960 trahere
1736 908 1904 962 moliti

315 994 441 1038 sunt
463 985 631 1054 (Tom.
658 1005 674 1042 ι
723 991 1000 1060 Apparat.,
1018 1011 1137 1065 pag.
1160 994 1266 1048 522
1287 1005 1334 1048 et
1351 995 1458 1050 550
1478 1012 1496 1061 ;
1518 996 1726 1051 Tatian.
1755 999 1902 1054 Orat.

315 1086 478 1131 contr.
507 1077 697 1147 Grata,
731 1099 851 1154 pag.
872 1085 1021 1151 160).

386 1171 456 1225 At
482 1171 743 1230 Eusebius
770 1178 890 1233 aliis
924 1179 1098 1236 adhuc
1151 1183 1447 1238 rationibus
1503 1184 1641 1240 hanc
1689 1202 1902 1253 novam,

315 1264 389 1318 uti
417 1264 673 1336 loquitur,
703 1279 757 1324 et
783 1273 1100 1329 insolentem
1145 1275 1484 1332 ethnicorum
1518 1281 1904 1333 contumaciam

315 1356 558 1426 reprimit
613 1361 632 1432 (
659 1359 845 1418 Euseb.
869 1407 883 1432 ,
930 1367 1016 1420 lib.
1074 1383 1111 1422 ιι
1150 1368 1388 1440 Prwpar.
1420 1370 1619 1442 Evang.
1644 1413 1659 1436 ,
1690 1390 1805 1441 cap.
1838 1372 1903 1438 6,

316 1466 437 1520 pag.
469 1451 583 1524 74).
632 1453 761 1510 Post
812 1459 1055 1516 inventas
1108 1462 1383 1518 enimvero
1431 1466 1548 1519 illas
1595 1465 1909 1535 allegoricas

315 1541 672 1616 physicasque
717 1549 1214 1622 interpretationes,
1259 1557 1419 1612 iidem
1467 1559 1664 1612 ethnici
1710 1561 1909 1629 patrios

315 1637 664 1695 colendorum
687 1642 912 1700 deorum
939 1647 1072 1702 ritus
1099 1665 1206 1703 non
1234 1659 1528 1706 mutavere.
1576 1651 1712 1719 Quin
1747 1653 1910 1708 immo

317 1731 572 1799 pecudes,
609 1734 853 1792 homines
873 1781 886 1804 ,
918 1741 1167 1812 ipsasque
1199 1742 1413 1798 humani
1437 1747 1676 1814 corporis
1706 1757 1907 1817 partes,

315 1836 449 1889 quas
471 1826 750 1882 nominare
775 1830 957 1899 pudet,
983 1833 1172 1888 iisdem
1200 1834 1390 1890 divinis
1420 1837 1734 1904 honoribus,
1758 1844 1909 1911 hym-
1941 1833 1987 1892 B

317 1914 430 1980 nis,
474 1918 750 1974 sacrificiis
770 1964 785 1988 ,
809 1922 1035 1994 aliisque
1061 1927 1323 1997 religiosis
1354 1930 1543 1984 ritibus
1570 1945 1692 1988 sunt
1721 1949 1910 2002 prose-

317 2004 446 2060 cuti.
506 2009 552 2063 A
588 2007 732 2067 Julio
773 2023 950 2069 autem
998 2016 1231 2073 Firmico
1279 2021 1466 2075 eadem
1526 2025 1908 2094 propemodum

317 2096 583 2154 rationum
613 2115 882 2159 momenta
913 2118 1096 2162 contra
1126 2110 1372 2166 ethnicos
1425 2113 1746 2169 adhibentur
1775 2115 1906 2188 (Jul.

317 2187 509 2257 Firm.,
538 2195 601 2248 de
632 2194 807 2251 Error.
841 2201 974 2270 prof.
1004 2203 1174 2273 relig.,
1204 2221 1320 2274 pag.
1346 2205 1424 2276 4).

388 2284 744 2351 Quamobrem
797 2293 1126 2362 Augustinus
1155 2302 1287 2351 scite
1335 2299 1492 2354 docet
1522 2317 1643 2353 eum
1675 2302 1761 2370 qui
1794 2316 1903 2355 sce-

316 2376 464 2431 lestis
492 2381 842 2454 turpibusque
869 2386 1049 2454 rebus,
1076 2405 1162 2444 res
1184 2390 1317 2444 alias
1344 2395 1615 2448 naturales
1643 2395 1789 2458 colit,
1823 2395 1909 2448 his

317 2485 540 2539 peccare
593 2474 909 2547 (Augustin.
943 2523 957 2548 ,
1021 2481 1110 2535 tib.
1164 2499 1236 2537 vn
1287 2485 1350 2538 de
1392 2484 1623 2551 Civitat.,
1658 2505 1770 2556 cap.
1801 2489 1908 2555 27,

314 2580 436 2634 pag.
466 2564 625 2632 183):
653 2580 760 2623 tum
783 2571 903 2640 quia
927 2589 1111 2628 verum
1148 2576 1310 2630 Deum
1340 2593 1444 2631 non
1469 2580 1614 2644 colit,
1647 2589 1754 2633 tum
1785 2581 1909 2650 quia

315 2654 466 2710 illum
497 2673 561 2711 eo
583 2660 744 2715 modo
775 2678 880 2717 non
906 2665 1052 2730 colit,
1083 2682 1188 2737 quo
1214 2669 1468 2724 colendus
1496 2681 1594 2724 est.
1624 2672 1762 2724 Alibi
1782 2686 1910 2726 vero

316 2745 434 2800 illas
460 2749 775 2820 allegoricus
800 2765 854 2808 et
882 2756 1130 2828 physicas
1164 2762 1397 2830 turpium
1425 2763 1646 2817 deorum
1678 2766 1911 2834 explica-

319 2840 491 2895 tiones
520 2857 549 2897 a
578 2842 908 2902 doctioribus
939 2851 1127 2906 allatas
1154 2854 1393 2922 explodit
1413 2897 1427 2921 ,
1457 2856 1577 2926 quia
1611 2872 1796 2925 parum
1826 2858 1908 2909 in-

319 2941 486 2989 tereSt
531 2947 706 2993 tttrum
743 2958 763 2990 ι
794 2940 928 3008 hoc,
964 2964 983 2996 ι
1025 2945 1227 3015 inquit,
1277 2966 1297 2999 t
1333 2949 1381 3000 iu
1429 2950 1708 3003 veracibus
1762 2951 1910 3004 libris

317 3026 564 3085 homines
594 3031 823 3089 instruat
849 3037 1127 3107 religiosos
1148 3080 1162 3105 ,
1210 3039 1337 3094 illud
1377 3041 1428 3093 in
1461 3041 1739 3097 fallacibus
1772 3044 1909 3096 ludis

312 3122 584 3180 daemones
623 3125 848 3181 delectet
893 3130 1166 3198 impuros,
1199 3147 1335 3200 quos
1367 3142 1540 3188 tamen
1577 3133 1646 3187 illi
1673 3134 1908 3202 religiosi

2007 547 2062 592 et
2088 542 2368 596 exitiosum
2421 552 2519 596 est.
2560 569 2578 595 ι
2621 543 2800 616 (Greg.
2861 546 2997 600 Ναί.
3027 588 3041 612 ,
3088 561 3221 604 orat.
3251 551 3341 615 59,
3374 569 3461 605 seu
3495 553 3512 604 1
3550 551 3602 603 in

2006 629 2227 700 Jutian.,
2262 651 2378 705 pag.
2409 634 2561 702 250.)
2606 636 2760 691 Prius
2809 655 2936 694 vero
2979 639 3232 710 Origenes
3277 643 3365 696 ubi
3413 652 3604 696 contra

2009 723 2218 779 Celsum
2244 725 2502 797 disputat,
2527 729 2660 783 scite
2681 730 2894 799 quidem
2925 734 3158 787 ostendit
3184 734 3602 790 Christianorum

2007 819 2393 888 gentiliumque
2431 822 2713 890 allegorias
2745 841 2809 878 eo
2836 825 2973 879 inter
2993 841 3052 882 se
3079 827 3312 892 differre,
3346 829 3486 897 quod
3514 829 3603 884 11:1:

2009 911 2102 965 Dei
2128 911 2401 968 oﬂ‘endaut
2452 918 2784 984 majestatem
2834 925 2850 983 (
2887 919 3130 989 0rigen.,
3180 923 3266 975 lib.
3322 939 3377 977 tv
3434 936 3602 979 contr.

2007 999 2164 1069 Cels.,
2199 1022 2317 1075 pag.
2348 1005 2470 1079 196)
2503 1026 2516 1061 :
2568 1009 2672 1062 illze
2721 1026 2848 1066 vero
2896 1014 3144 1068 omnibus
3180 1015 3293 1068 sive
3335 1015 3565 1090 indoctis
3589 1058 3605 1082 ,

2006 1097 2119 1151 sive
2145 1097 2337 1164 doctis,
2391 1116 2453 1155 ac
2482 1103 2924 1175 quibuscumque,
2964 1109 3054 1176 qui
3083 1110 3303 1177 cupiunt
3325 1125 3483 1164 veros
3513 1127 3609 1165 sa-

2006 1204 2113 1244 cra:
2164 1189 2457 1260 Scriptura:
2495 1209 2684 1247 sensus
2729 1200 2986 1264 scrutari,
3019 1201 3218 1270 optimc
3244 1203 3606 1265 conveniant,

2008 1293 2167 1352 atque
2191 1293 2247 1337 ttt
2267 1299 2331 1337 ex
2351 1286 2650 1354 Augustino
2676 1289 2997 1354 audivimus,
3020 1308 3124 1346 non
3155 1292 3445 1361 impediant
3471 1309 3614 1364 quo-

2010 1378 2185 1429 minus
2215 1391 2374 1432 verus
2403 1377 2580 1446 Deus,
2612 1396 2677 1434 eo
2699 1422 2711 1441 ,
2765 1398 2923 1451 quem
2970 1383 3156 1450 decet,
3207 1387 3312 1440 ritu
3338 1386 3612 1457 modoque

2010 1466 2238 1522 colatur.

2611 1563 2839 1622 CAPUT
2879 1565 2994 1620 XX.

2015 1650 2181 1718 Quam
2222 1657 2414 1723 frustra
2440 1655 2626 1710 ethnici
2658 1673 2720 1712 ex
2746 1659 3047 1728 quibusdam
3102 1661 3393 1730 miraculis,
3429 1673 3518 1717 aut
3547 1665 3618 1720 de

2082 1762 2136 1799 re
2161 1747 2333 1814 aliqua
2361 1753 2536 1815 futura
2565 1755 2822 1822 responsis
2845 1796 2858 1820 ,
2903 1756 3118 1824 probare
3142 1758 3459 1811 conabantur
3491 1760 3619 1814 deos

2084 1856 2204 1894 suos
2231 1859 2406 1897 revera
2436 1845 2671 1900 existere.

2549 1953 2844 1994 ARTICULUS
2875 1955 3085 1995 PRHIUS.

2014 2024 2203 2084 Quanta
2223 2027 2869 2095 'perSpicuitate_Arnobius
2913 2029 3068 2079 diluat
3108 2032 3417 2082 ethnicorum
3463 2047 3622 2095 argu-

2074 2095 2293 2156 mentum
2323 2088 2384 2137 e’x
2415 2088 2662 2156 miraculis
2697 2093 2921 2156 petitum,
2947 2095 3052 2141 sive
3089 2106 3198 2143 cum
3240 2097 3398 2156 pestis
3441 2088 3625 2145 sedata

2077 2156 2173 2214 est,
2193 2151 2298 2214 sive
2319 2163 2427 2197 cum
2453 2150 2572 2214 ludi,
2611 2150 2844 2202 monente
2875 2153 3017 2208 Jove,
3063 2150 3337 2214 instaurati,
3370 2159 3474 2206 sive
3500 2171 3622 2207 (mm

2076 2211 2334 2323 lEscq'lapii
2358 2212 2668 2263 simulacrum
2687 2216 2737 2264 in
2769 2217 2972 2265 insulam
2999 2217 3282 2267 Tiberinam
3304 2211 3615 2282 transporta-

2076 2283 2178 2323 tum
2223 2290 2272 2323 ur
2299 2312 2311 2322 .

2076 2283 2178 2323 tum
2204 2283 2311 2324 luit.

2089 2377 2311 2432 Unicum
2357 2379 2584 2435 ethnicis
2641 2391 2825 2436 contra
2870 2392 2943 2436 tot
2974 2382 3392 2439 christianorum
3445 2401 3624 2457 argu-

2013 2480 2216 2534 menta,
2247 2488 2474 2542 quorum
2504 2473 2589 2527 vel
2615 2490 2720 2528 uno
2751 2474 2867 2528 solo
2891 2477 3065 2529 omnis
3091 2477 3312 2532 deorum
3335 2479 3530 2545 cultus,
3559 2492 3624 2536 et

2015 2571 2121 2616 leta
2155 2564 2367 2618 illorum
2399 2565 2589 2631 religio
2620 2565 2854 2620 funditus
2902 2567 3278 2635 evertebatur,
3336 2583 3633 2639 supererat

2013 2655 2322 2723 praesidium
2347 2698 2362 2721 ,
2409 2658 2550 2726 quod
2580 2659 2848 2713 Arnobius
2880 2661 3091 2729 penitus
3113 2661 3274 2716 diruit
3301 2679 3363 2717 ac
3383 2663 3630 2719 demoli-

2015 2756 2117 2801 tur.
2171 2747 2512 2818 Objiciebant
2542 2753 2682 2805 enim
2718 2752 2879 2806 multa
2907 2768 2935 2805 a
2967 2753 3066 2806 diis
3097 2763 3306 2822 patrata
3335 2756 3628 2823 miracula,

2011 2852 2064 2896 et
2093 2842 2298 2896 reddita
2327 2843 2394 2897 de
2437 2843 2632 2899 futuris
2661 2846 2820 2900 rebus
2849 2861 3138 2914 responsa,
3173 2848 3368 2915 quibus
3398 2865 3492 2904 eos
3523 2867 3629 2905 rc-

2011 2952 2132 2991 vera
2166 2937 2397 2992 existere
2424 2948 2478 2992 et
2505 2937 2781 2993 hominum
2835 2939 3200 2994 satisfactione
3239 2951 3398 3011 atque
3440 2943 3631 2997 sacri-

2015 3025 2151 3080 ﬁciis
2183 3027 2404 3095 placari,
2437 3043 2537 3083 nec
2567 3030 2735 3084 semel
2767 3045 2863 3084 uec
2905 3031 3132 3085 obscure
3185 3032 3627 3090 demonstratum

2018 3108 2438 3174 arbitrabantur.

317 3220 568 3284 tanquam
596 3215 726 3271 deos
765 3220 981 3286 colum;
1013 3232 1205 3277 etcum
1229 3223 1296 3278 de
1319 3224 1426 3278 mis
1451 3225 1566 3280 ιηεο
1591 3236 1802 3296 negant,
1842 3226 1909 3280 ab
1938 3216 1981 3277 C
2085 3213 2320 3267 Primum
2355 3214 2534 3284 itaque
2559 3213 3064 3270 narrabanteditum
3089 3216 3252 3271 fuisse
3276 3217 3629 3287 miraculum,

314 3308 458 3360 omni
484 3322 578 3362 eos
610 3309 832 3365 crimine
857 3327 1085 3383 purgare
1112 3329 1220 3369 non
1251 3327 1509 3385 possunt;
1546 3321 1795 3388 quoniam
1828 3320 1908 3372 lu-

313 3396 412 3452 dos
441 3399 506 3453 iis
532 3401 722 3457 ritibus
749 3403 1040 3471 exhibent,
1092 3407 1178 3462 ubi
1232 3410 1456 3477 turpiter
1510 3420 1758 3480 aguntur,
1789 3427 1908 3481 qua:

311 3490 458 3544 velut
479 3493 750 3562 sapienter
776 3507 1072 3567 negantur;
1104 3507 1158 3554 et
1187 3498 1269 3554 his
1296 3501 1446 3556 falsis
1471 3517 1533 3557 ac
1564 3504 1808 3573 turpibus
1834 3505 1906 3558 dii

312 3582 623 3652 placantur,
668 3586 754 3641 ubi
797 3589 894 3644 etsi
937 3589 1116 3645 fabula
1158 3602 1338 3647 cantat
1376 3594 1578 3648 crimen
1625 3596 1906 3649 numinttm

312 3675 537 3740 falsum,
567 3678 822 3734 delectari
862 3690 1036 3737 tamen
1081 3682 1216 3737 falso
1264 3687 1522 3751 crimine),
1573 3688 1776 3742 crimen
1828 3701 1909 3744 est

313 3783 497 3822 verum
533 3789 552 3822 ι
598 3769 816 3842 (Idem,
843 3771 993 3837 ibid.,
1012 3774 1126 3827 libr.
1150 3789 1337 3840 xxvm,
1364 3793 1479 3844 cap.
1507 3776 1591 3841 12,
1614 3795 1733 3849 pag.
1751 3778 1906 3848 497).

381 3860 550 3918 Nobis
598 3878 760 3932 porro
807 3865 1006 3920 ethnici
1054 3867 1288 3936 objieere
1313 3883 1418 3922 non
1452 3879 1699 3938 poterant
1729 3886 1910 3926 sacra-

311 3968 430 4007 rum
455 3969 667 4026 quoque
698 3967 1002 4012 nostrarum
1061 3959 1457 4028 Scripturarum
1507 3962 1803 4027 abstrusos,
1835 3963 1908 4017 Ia-

314 4053 486 4100 tentes
509 4087 526 4112 ,
555 4055 606 4102 et
636 4047 954 4119 allegoricos
984 4064 1106 4105 esse
1131 4062 1342 4105 sensus.
1377 4051 1507 4105 Nam
1535 4051 1588 4106 hi
1618 4053 1772 4122 plane
1813 4069 1909 4124 pe-

313 4137 563 4209 nitusque
593 4139 661 4193 ab
691 4141 903 4195 illorum
927 4144 1353 4211 expositionibus
1373 4145 1697 4212 discrepant,
1719 4163 1910 4216 quem-

310 4228 596 4285 admodum
636 4230 927 4303 Gregorius
991 4233 1391 4301 Nazianzenus,
1449 4236 1597 4292 hisce
1619 4237 1798 4293 verbis
1824 4239 1909 4293 di-

313 4322 611 4378 sertissime
665 4324 931 4395 explicat:
969 4344 987 4377 ‹
1021 4326 1174 4396 Apud
1224 4344 1320 4383 nos
1371 4344 1612 4400 quoque,
1649 4351 1668 4383 ι
1713 4331 1906 4401 inquit,

320 4434 336 4465 ‹
373 4415 536 4470 abditi
568 4417 784 4488 quidem
815 4430 867 4472 et
890 4419 1119 4475 abstrusi
1149 4436 1429 4477 sermones
1455 4432 1611 4489 sunt;
1645 4439 1743 4477 nec
1766 4424 1906 4478 enim

311 4507 517 4562 inﬁcias
558 4509 731 4564 ivero.
761 4509 959 4565 Verum
989 4528 1231 4581 quantam
1255 4513 1482 4583 duplicis
1506 4529 1691 4568 eorum
1721 4528 1911 4578 sensus

2009 3323 2130 3361 cum
2183 3317 2400 3377 preptcr
2443 3309 2597 3363 ludos
2639 3311 2937 3376 circenses,
2986 3311 3318 3380 quiiuJovis
3347 3314 3626 3370 honorem

2012 3398 2239 3451 instituti
2270 3409 2443 3466 erant,
2474 3415 2579 3454 non
2612 3399 2711 3454 rite
2742 3401 2931 3465 factos,
2955 3401 3118 3468 pestis
3144 3403 3329 3456 urbem
3359 3402 3617 3473 depopu-

2008 3489 2217 3543 labatur
2247 3487 2483 3563 (Arnob.,
2515 3493 2603 3546 lib.
2632 3508 2726 3558 vit,
2761 3511 2879 3563 pag.
2908 3493 3016 3546 242
3041 3503 3087 3546 et
3107 3496 3262 3564 ιαμ).
3313 3494 3404 3549 His
3455 3498 3615 3550 enim

2009 3581 2150 3636 ludis
2193 3597 2258 3636 eo
2299 3598 2458 3650 quem
2509 3583 2666 3637 alihis
2721 3584 3089 3654 exposuimus,
3116 3585 3268 3640 Jovis
3296 3587 3501 3640 monitu
3534 3589 3623 3642 in-

1961 3683 1965 3689 '
2009 3674 2283 3739 stauratis,
2311 3675 2426 3729 lues
2455 3674 2737 3730 confestim
2793 3678 3024 3731 cessavit
3059 3676 3301 3750 (Dissert.
3333 3680 3386 3732 in
3410 3679 3628 3736 Minue.

2015 3763 2221 3830 0ctau.,
2253 3785 2371 3835 cap.
2411 3767 2499 3830 ~17,
2527 3777 2629 3822 art.
2661 3770 2739 3840 5).

2083 3860 2240 3915 Aliud
2269 3862 2586 3916 miraculum
2611 3861 2810 3917 factttm
2838 3863 3000 3918 fuisse
3023 3865 3254 3931 gentiles
3275 3866 3628 3936 jactitabant,

2011 3951 2225 4022 quando
2274 3954 2344 4008 ob
2384 3953 2730 4008 simulacrum
2789 3955 3085 4026 {Escnlapii
3141 3957 3443 4027 Epidauro,
3495 3977 3631 4028 qum

2013 4043 2375 4115 Peloponnesi
2407 4047 2600 4100 civitas
2627 4056 2732 4113 est,
2755 4048 2810 4101 in
2833 4047 3410 4104 Tiberinam‘insulam
3442 4062 3635 4109 trans-

2013 4148 2284 4209 portatum
2306 4183 2318 4203 ,
2351 4140 2522 4211 pestis
2574 4141 2751 4196 adhuc
2779 4142 2966 4196 sedata
2992 4143 3090 4197 fuit
3117 4144 3376 4214 (Arnob.,
3409 4147 3497 4200 lib.
3523 4164 3632 4219 v-t,

2014 4247 2134 4300 pag.
2166 4230 2275 4285 248
2306 4241 2352 4284 et
2383 4248 2519 4302 seqq.
2542 4232 2585 4305 ).
2617 4233 2722 4288 Res
2752 4245 2933 4289 autem
2976 4243 3083 4288 tota
3115 4234 3288 4290 Ovidii
3332 4237 3631 4296 decantata

2012 4323 2349 4379 carminibus
2390 4324 2562 4392 hunc,
2597 4328 2639 4380 si
2669 4342 2788 4396 qum
2818 4327 2871 4382 ei
2903 4327 3070 4390 fides,
3105 4343 3163 4382 se
3195 4328 3384 4384 habuit
3409 4333 3462 4383 in
3498 4348 3632 4387 mo-

2013 4416 2141 4471 dum
2174 4417 2384 4487 (0vid.,
2415 4419 2504 4473 lib.
2534 4436 2594 4472 xv
2621 4418 2861 4486 Metam,
2896 4437 3019 4490 pag.
3046 4419 3156 4474 580
3181 4432 3225 4474 ct
3251 4419 3450 4492 seqq.):
3478 4423 3624 4479 Cum

2014 4507 2287 4563 dirissima
2327 4512 2497 4580 pestis
2527 4511 2754 4565 Romam
2789 4511 3105 4582 vicinasque
3141 4515 3391 4582 regiones
3420 4513 3631 4572 devas-

310 4609 394 4654 est
417 4601 575 4667 ratio,
609 4613 663 4656 et
688 4618 807 4671 quae
843 4603 943 4670 vis,
973 4611 1093 4673 qttae
1116 4605 1372 4660 facultas?
1397 4604 1508 4660 Nec
1535 4615 1755 4660 externa
1789 4622 1911 4676 spe-
1937 4601 1992 4662 D
2017 4610 2186 4669 taret,
2221 4603 2446 4658 Romani
2479 4613 2601 4674 post
2626 4604 2863 4659 adhibita
2893 4605 3168 4662 incassum
3228 4608 3463 4662 humana
3498 4626 3631 4666 me-

309 4696 421 4754 cies
473 4696 725 4752 indecora
771 4709 824 4752 et
875 4697 1160 4752 inhonesta
1208 4696 1315 4766 est;
1360 4699 1584 4770 etquod
1611 4700 1912 4754 occultatur

309 4790 684 4847 admirandum
729 4789 808 4845 est
831 4832 846 4857 ,
893 4791 1064 4859 iisque
1091 4792 1178 4860 qui
1210 4793 1258 4845 in
1291 4793 1581 4861 penetralia
1616 4797 1730 4862 ipsa
1762 4794 1909 4848 incu-

309 4884 525 4952 duntnr,
577 4885 713 4940 mire
760 4883 1097 4954 Splendidum
1121 4926 1134 4949 ,
1168 4901 1230 4938 ac
1260 4886 1603 4954 pulcherrimi
1631 4886 1907 4956 cujusdam

309 4980 552 5050 corporis
595 4981 798 5045 instar,
831 4976 970 5034 haud
1000 4980 1335 5050 aspernanda
1384 4990 1532 5037 veste
1575 4982 1900 5052 contegitur.

311 5072 509 5127 Rerum
542 5072 684 5125 enim
713 5071 1048 5140 divinarum,
1101 5089 1218 5128 mea
1246 5072 1464 5143 quidem
1495 5076 1759 5130 sententia
1779 5117 1793 5136 .
1839 5089 1908 5129 ne

310 5166 665 5221 indicationes
691 5164 906 5236 quidem
939 5166 1081 5236 ipsas
1113 5176 1470 5235 externasque
1509 5170 1714 5236 species
1756 5169 1908 5223 inho-

312 5267 494 5315 nestas
529 5273 651 5314 esse
692 5259 960 5323 convenit,
995 5260 1262 5329 rebusque
1292 5259 1602 5329 signiﬁcatis
1633 5261 1899 5332 indignas,

310 5368 373 5408 ac
423 5351 655 5423 denique
707 5352 872 5415 tales,
919 5363 971 5406 ut
1007 5353 1254 5407 homines
1283 5367 1494 5423 quoque
1524 5353 1620 5423 ipsi
1643 5369 1733 5409 eas
1762 5353 1828 5408 de
1851 5370 1908 5411 se

311 5442 591 5517 praedicari
617 5445 942 5514 permoleste
972 5448 1127 5502 laturi
1156 5448 1284 5513 sint,
1304 5462 1486 5502 veram
1509 5457 1601 5500 aut
1623 5449 1906 5503 maximam

309 5538 531 5594 omnino
560 5537 1007 5606 pulchritudinem
1043 5540 1272 5605 habere,
1323 5549 1412 5594 aut
1468 5549 1616 5594 certe
1645 5556 1672 5593 a
1700 5557 1908 5596 summa

311 5632 640 5703 turpitudine
683 5632 895 5699 abesse,
925 5644 977 5689 ut
1009 5635 1199 5704 partim
1247 5635 1568 5690 eruditiores
1616 5635 1905 5703 oblectent,

313 5727 507 5793 partim
540 5723 684 5794 vulgi
715 5727 922 5780 animos
974 5727 1195 5782 minime
1246 5727 1596 5785 labefactent.
1636 5728 1788 5796 Apud
1818 5743 1912 5783 vos

332 5827 551 5887 contra,
592 5833 692 5875 nec
736 5819 875 5888 quod
932 5819 1336 5890 intelligendum
1385 5820 1723 5891 proponitur,
1756 5819 1913 5874 fidem

2017 4695 2354 4756 dicamenta.
2411 4697 2726 4768 Delphicum
2776 4699 3054 4753 oraculum
3109 4701 3178 4754 ab
3229 4715 3295 4755 eo
3340 4701 3634 4772 accipiunt

2018 4786 2383 4860 Esculapium
2407 4790 2683 4860 Epidauro
2706 4791 2934 4846 Romam
2965 4793 3377 4849 arcessendum.
3412 4796 3631 4852 Parent

2019 4882 2239 4936 oraculo
2293 4881 2561 4949 Romani,
2615 4883 2930 4955 legatosque
2989 4885 3317 4954 Epidaurum
3371 4888 3620 4944 mittunt.

2017 4973 2220 5029 Eorum
2277 4974 2530 5043 precibus
2585 4986 2829 5031 annuuut
2886 4976 3161 5046 Epidaurii
3213 4979 3473 5048 quidam,
3529 4998 3629 5036 re-

2017 5077 2185 5123 nuunt
2223 5067 2334 5122 alii.
2397 5065 2502 5121 Sed
2551 5067 2776 5122 Romani
2816 5069 2882 5123 ab
2931 5067 3246 5138 [Esculapio
3304 5070 3624 5139 admoniti,

2016 5164 2165 5219 illum
2207 5163 2258 5216 in
2299 5161 2568 5231 serpentis
2607 5161 2833 5216 formam
2874 5171 3173 5227 mutatum,
3217 5162 3271 5215 in
3303 5162 3627 5220 Tiberinam

2016 5258 2244 5313 insulam
2273 5257 2603 5310 detulerunt.
2627 5256 2743 5325 Quo
2767 5257 2906 5310 facto
2931 5256 3236 5326 peStilentia
3257 5257 3482 5326 depulsa
3509 5267 3624 5314 est.

2017 5351 2084 5404 Et
2127 5356 2192 5404 ita
2235 5348 2451 5419 quidem
2492 5347 2747 5414 Ovidius,
2781 5350 3004 5420 ejusque
3037 5350 3275 5404 narratio
3306 5358 3486 5418 potest
3511 5350 3628 5406 Va-

2016 5444 2134 5498 lerii
2166 5441 2415 5509 Maximi,
2448 5440 2618 5508 Livii,
2649 5441 2963 5507 Plutarchi,
2993 5443 3196 5497 Aurelii
3225 5441 3491 5510 Victoris,
3521 5442 3629 5500 La-

2017 5537 2205 5593 ctantii
2248 5546 2302 5592 et
2340 5535 2630 5605 Augustini
2663 5538 2985 5590 auctoritate
3016 5535 3323 5589 conlirmari
3348 5578 3362 5601 ,
3399 5539 3629 5594 tametsi

2015 5643 2104 5687 aut
2132 5631 2393 5695 brevius,
2427 5639 2518 5682 aut
2551 5630 2707 5698 paulo
2733 5629 2888 5683 aliter
2921 5627 3177 5694 quasdam
3211 5627 3352 5681 illius
3379 5629 3630 5682 circum-

2017 5727 2240 5780 stantias
2272 5725 2556 5781 retulerint
2584 5725 2601 5794 (
2633 5723 2750 5778 Val.
2787 5723 2958 5790 Mam,
2993 5723 3078 5777 lib.
3112 5738 3160 5787 ι,
3194 5739 3309 5791 cap.
3345 5722 3400 5788 8,
3451 5722 3478 5793 §
3527 5723 3571 5776 2
3607 5743 3624 5792 ;

2024 5816 2157 5881 Liv.,
2183 5819 2233 5872 in
2258 5819 2348 5887 ﬁn.
2400 5818 2486 5872 lib.
2546 5834 2578 5873 x
2600 5858 2614 5884 ,
2648 5827 2695 5873 et
2724 5817 2808 5873 lib.
2842 5833 2997 5886 xxix,
3029 5832 3144 5885 cap.
3178 5816 3236 5871 11
3266 5831 3281 5883 ;
3312 5813 3623 5882 Plutarch.,
