3872 6392
213 350 314 409 605

1437 355 1498 409 IN
1545 349 1920 420 ARNOBIUM,
1961 350 2114 411 CAP.
2160 356 2274 412 XX.

3398 357 3502 415 60h

213 463 408 529 Quam.
450 481 684 532 romam,
729 475 855 522 tom.
892 480 924 521 ll
946 508 959 531 ,
995 483 1116 539 pag.
1148 466 1290 534 286;
1329 467 1504 522 Aurel.
1551 465 1708 534 Vict.,
1743 465 1806 519 de
1833 466 1886 524 A
1910 480 2015 535 quo
2047 467 2275 524 filiorum
2304 470 2587 526 orbitatem
2635 481 2689 526 et
2741 479 2971 526 mortem
3024 471 3190 526 sensit
3235 468 3500 526 acerbius.

216 553 326 609 Vir.
369 556 561 622 illast,
610 547 730 630 cap.
779 560 883 626 22;
923 561 1186 629 Lactant.,
1220 560 1307 616 lib.
1341 577 1413 624 ll,
1448 578 1564 630 cap.
1596 563 1648 626 7,
1681 578 1800 632 pag.

208 649 339 717 175;
375 650 629 725 August.,
663 656 752 710 lib.
784 672 840 710 ιιι
873 658 940 711 de
970 656 1144 722 Civit.,
1179 674 1298 729 pag.
1340 657 1408 711 12
1437 669 1482 711 et
1517 659 1603 717 17.
1636 668 1683 711 et
1713 658 1800 712 lib.

205 758 274 808 ι,
305 760 432 815 cap.
469 745 598 818 16).
1405 745 1416 765 ⁸

271 835 497 893 Ethnici
530 841 710 910 itaque
743 843 1070 913 praecipuum
1093 885 1107 907 ,
1139 853 1299 915 atque
1331 855 1388 898 ut
1416 845 1548 914 ipsis
1578 842 1769 898 videha

200 937 304 993 tur,
338 932 667 1000 palmarium
702 949 796 1002 pro
827 950 922 990 sua
942 978 956 1003 ,
990 944 1045 991 et
1067 947 1250 992 contra
1279 938 1596 1008 religionem
1624 937 1795 992 chris-

199 1019 406 1075 tianam
435 1035 814 1093 argumentum
839 1042 906 1080 ex
935 1027 1045 1082 illis
1069 1028 1297 1099 aliisque
1324 1030 1566 1099 ejusdem
1588 1032 1802 1101 generis

198 1115 604 1171 narrationibus
638 1127 821 1187 petere
851 1120 1127 1176 solebant.
1160 1121 1270 1178 Nec
1296 1122 1559 1178 diffitetur
1583 1124 1798 1194 quidem

198 1207 478 1263 Arnobius
518 1210 620 1265 hac
662 1212 712 1265 in
755 1227 816 1268 re
854 1215 1158 1280 articulum,
1194 1217 1350 1270 sicuti
1390 1215 1650 1286 loquitur,
1684 1219 1799 1272 sive

200 1299 488 1358 cardinem
542 1306 705 1360 totius
755 1306 914 1377 hujus
959 1325 1138 1364 causa:
1187 1325 1249 1365 ae
1297 1313 1611 1382 quaestionis
1657 1313 1798 1367 verti

199 1395 448 1463 (Arnob.,
473 1397 562 1452 lib.
589 1415 660 1454 vn
679 1443 694 1466 ,
728 1419 854 1473 pag.
879 1401 1042 1474 245).
1074 1404 1154 1459 Eo
1177 1405 1320 1459 enim
1351 1406 1482 1461 illud
1509 1421 1797 1477 argumen-

195 1495 306 1541 tum
339 1489 575 1546 validius
604 1491 835 1560 videtur,
868 1496 1010 1566 quod
1042 1495 1159 1552 hzee
1203 1498 1256 1552 in
1299 1498 1640 1554 ethnicorum
1691 1515 1790 1554 an-

197 1581 414 1637 nalibus
441 1586 641 1654 scripta
675 1601 786 1656 prae
810 1602 869 1642 se
911 1587 1156 1644 ferebant
1194 1591 1426 1661 aliquam
1459 1593 1702 1647 veritatis
1733 1608 1796 1648 ac

196 1673 441 1728 miraculi
475 1679 737 1746 speciem.
769 1678 967 1735 Verum
996 1683 1040 1737 si
1071 1683 1290 1753 penitus
1313 1727 1327 1750 ,
1359 1684 1565 1755 inquit,
1598 1686 1796 1742 intros-

196 1768 489 1836 piciantur,
525 1781 636 1826 tum
669 1774 1045 1845 deprehendes
1075 1779 1206 1834 nihil
1239 1780 1440 1836 habere
1483 1782 1623 1852 quod
1651 1783 1791 1850 diis,

1979 560 2094 616 Non
2124 563 2303 618 minus
2328 564 2530 618 insulse
2560 576 2614 618 et
2644 568 2822 633 inepte
2849 565 3078 619 conficta
3119 563 3289 617 fuerat
3316 561 3504 617 jEscu-

1906 653 2063 730 lapii,
2128 655 2395 725 Epidauro
2449 657 2675 710 Romam
2722 656 2966 720 advecti,
3016 655 3239 709 historia
3282 653 3500 723 (Ibid.,

1905 764 2024 818 pag.
2047 746 2203 819 2i9).
2231 747 2347 803 Non
2378 748 2520 803 enim
2544 749 2632 802 ille
2661 748 2944 802 Coronidis
2987 746 3127 801 filius
3167 746 3274 801 dici
3300 755 3499 816 potest,

1902 839 1994 906 qui
2025 838 2248 894 fulmine
2271 840 2549 909 perculsus
2574 840 2797 894 interiit.
2817 837 2922 894 Sed
2944 838 3189 908 quisquis
3211 838 3301 892 ille
3318 837 3498 902 fuerit,

1905 930 2037 984 nihil
2093 931 2235 985 aliud
2279 931 2547 1001 Epidauro
2596 931 2816 986 allatum
2867 929 3247 997 ferunt,'nisi
3292 945 3501 1001 magna:

1903 1025 2061 1078 molis
2107 1033 2160 1079 et
2192 1025 2469 1078 immensa:
2517 1023 2854 1094 proceritatis
2896 1032 3228 1093 serpentem.
3254 1020 3386 1089 Quis
3407 1036 3501 1076 au-

1904 1125 2008 1170 tem
2036 1116 2135 1171 sibi
2165 1116 2318 1171 facile
2341 1116 2662 1186 persuadeat
2716 1115 2876 1170 deum
2921 1115 3166 1182 vilissimi
3209 1114 3497 1184 serpentis,

1901 1224 2064 1280 super
2119 1219 2312 1265 terram
2363 1210 2658 1280 reptantis,
2692 1210 2930 1266 induisse
2958 1209 3185 1264 formam
3209 1251 3225 1277 ,
3257 1207 3498 1263 membra

1902 1301 2154 1358 habuisse
2175 1303 2240 1357 ad
2263 1303 2694 1358 manducandum
2718 1311 2773 1357 et
2795 1301 3145 1372 digerendum
3170 1299 3496 1365 necessaria,

1899 1405 2061 1466 atque
2092 1407 2146 1452 ut
2176 1398 2341 1452 maria
2374 1403 2770 1462 transnataret,
2827 1410 2961 1450 nave
3009 1392 3342 1464 indiguisse?
3392 1390 3499 1446 Cur

1898 1505 2029 1544 vero
2056 1506 2116 1546 se
2144 1491 2316 1561 ipsum
2368 1491 2549 1556 talem,
2571 1489 2745 1560 qualis
2769 1491 2882 1559 ipse
2909 1501 3028 1556 est,
3060 1488 3355 1545 videndum
3388 1499 3494 1540 non

1898 1585 2162 1654 praebuit?
2191 1584 2247 1639 Si
2273 1595 2453 1640 autem
2486 1584 2700 1639 mentiri
2728 1592 2784 1638 et
2810 1582 3035 1637 formam
3067 1591 3276 1636 mutare
3302 1577 3496 1642 voluit,

1898 1690 1994 1729 cur
2016 1691 2120 1730 non
2151 1676 2308 1730 aliam
2340 1676 2628 1747 assumpsit
2648 1717 2661 1741 ,
2686 1690 2844 1745 quam
2875 1673 3198 1728 horrendam
3233 1670 3498 1739 serpentis

1897 1767 2349 1823 similitudinem?
2392 1768 2582 1824 Nonne
2629 1771 2804 1824 locum
2841 1759 3118 1823 dubitandi
3144 1764 3291 1820 dedit
3314 1772 3490 1818 utrum

195 1875 494 1934 eorumque
517 1864 703 1921 divino
730 1869 971 1937 numini,
998 1886 1062 1926 ac
1088 1886 1316 1928 summa:
1360 1851 1628 1944 majestati
1659 1892 1791 1931 con-
1822 1851 1871 1911 Β
1900 1876 2086 1916 revera
2113 1863 2225 1933 ipse
2249 1873 2413 1930 θεεεῑ»
2441 1864 2526 1919 νεῘ
2554 1863 2699 1918 amid
2728 1863 2793 1917 ίιί)
2817 1863 2934 1940 ipso
2966 1860 3120 1930 Plane
3148 1856 3461 1914 diversum?

194 1954 394 2009 veniat.

261 2045 345 2101 Ad
365 2046 701 2106 instauratos
717 2053 998 2108 enimvero
1021 2055 1175 2111 ludos
1191 2056 1333 2127 quod
1352 2069 1589 2128 spectat.
1613 2075 1792 2116 nonne

198 2139 372 2207 dictu,
406 2142 612 2213 inquit,
642 2145 932 2201 absurdum
963 2158 1046 2204 est
1075 2149 1262 2205 Jovem
1298 2151 1448 2206 illum
1481 2152 1788 2222 Optimum,

193 2232 513 2300 Maximum,
547 2252 730 2292 rerum
758 2240 1029 2302 omnium.
1062 2242 1137 2296 hti
1173 2245 1548 2308 venditabant,
1584 2258 1792 2302 creato-

195 2340 302 2382 rem
324 2370 339 2392 ,
374 2343 574 2399 magna
605 2345 726 2385 cum
757 2334 920 2387 animi
953 2335 1316 2394 oblectatione
1343 2355 1373 2395 e
1404 2341 1543 2395 cmlo
1574 2353 1790 2412 speeta-

196 2429 302 2473 tutn
335 2422 560 2478 venisse
598 2428 911 2481 cantherios
953 2445 1045 2483 seu
1076 2444 1242 2501 equos
1273 2443 1570 2500 castratos,
1601 2437 1667 2490 de
1696 2417 1791 2491 ve?-

193 2509 408 2567 locitate
450 2522 758 2582 certantes,
799 2520 1108 2589 replicantes
1146 2540 1298 2594 gyros
1326 2536 1551 2596 septem,
1583 2527 1634 2581 id
1665 2539 1786 2596 est,

193 2606 389 2673 septies
420 2606 556 2662 circi
589 2618 784 2664 metam
816 2613 1254 2682 circumeuntes,
1289 2627 1514 2688 tumque
1546 2620 1789 2676 homines

193 2710 308 2750 cum
350 2699 602 2754 curribus
643 2706 845 2769 everti,
890 2715 981 2761 aut
1023 2705 1209 2764 fratris
1235 2709 1362 2766 inde
1393 2713 1588 2767 retrahi
1617 2715 1790 2767 cruri-

195 2787 324 2843 bus?
347 2789 543 2860 (Ibid.,
572 2811 694 2864 pag.
719 2795 826 2852 245
847 2808 893 2851 et
915 2799 1045 2870 seq.)
1070 2800 1200 2868 Quis
1225 2805 1461 2873 prudens
1490 2806 1652 2862 homo
1676 2810 1790 2865 htec

194 2890 465 2952 tamquam
493 2887 728 2955 pueriles
752 2887 1094 2961 ludicrasque
1127 2893 1524 2954 ludificationes
1559 2915 1669 2955 non
1703 2916 1790 2955 as-

196 2973 549 3039 pernabitur?

260 3065 396 3132 Quid
443 3079 620 3124 autem
659 3070 795 3129 Jove
838 3077 1006 3146 magis
1037 3077 1314 3149 indignum
1363 3097 1522 3153 quam
1558 3085 1636 3139 ira
1665 3085 1790 3142 ideo

194 3159 624 3224 excandescere;
657 3164 776 3232 quia
809 3181 997 3222 servus
1028 3169 1079 3223 in
1109 3171 1255 3224 circo
1286 3172 1469 3243 llagris
1497 3191 1693 3243 (κεδας,
1723 3194 1786 3233 ac

193 3250 376 3305 mortis
425 3253 691 3322 supplicio
741 3254 965 3313 affectus
1022 3258 1156 3315 fuit?
1203 3262 1258 3318 Si
1304 3266 1447 3319 enim
1482 3282 1668 3334 pinnas
1700 3271 1786 3326 ille

195 3344 382 3397 nterito
408 3345 577 3413 dedit,
614 3365 718 3402 non
749 3349 932 3406 debuit
959 3352 1168 3424 Jupiter
1195 3357 1270 3410 ira
1303 3358 1537 3414 incendi.
1579 3360 1633 3416 Si
1657 3378 1786 3417 vero

194 3435 448 3492 innocens
476 3441 686 3495 occisus
709 3452 810 3511 est,
837 3461 958 3501 reus
987 3448 1088 3503 fuit
1115 3449 1496 3522 luditnagister,
1523 3457 1610 3524 qui
1635 3457 1783 3511 illum

193 3542 307 3581 cum
345 3542 564 3598 posset,
600 3549 628 3586 a
657 3546 830 3591 morte
857 3554 963 3592 non
985 3542 1216 3611 eripuit,
1245 3552 1300 3616 et
1327 3544 1514 3600 Jovem
1545 3564 1782 3617 pronun-

195 3619 337 3673 tiavit
356 3621 521 3693 hujus
542 3640 675 3681 nece
705 3626 992 3686 offensum.
1023 3632 1124 3700 Qui
1151 3645 1330 3690 autem
1364 3638 1476 3693 fieri
1509 3647 1700 3708 potuit,
1727 3651 1784 3697 ut

194 3725 249 3764 ea
277 3715 419 3768 servi
450 3726 623 3772 morte
652 3718 862 3790 Jupiter
891 3723 1180 3779 hederetur
1199 3768 1213 3791 ,
1264 3729 1351 3798 qui
1391 3730 1587 3785 dicitur
1612 3733 1781 3802 pluri-

193 3819 304 3861 mos
328 3808 490 3876 plane
521 3808 837 3868 innocentes
867 3815 917 3869 in
949 3817 1032 3872 his
1054 3818 1196 3873 ludis
1214 3822 1422 3876 occisos
1454 3825 1574 3878 laeto
1603 3827 1781 3881 animo

192 3902 575 3968 conspexisse?
602 3903 823 3960 Fatetur
847 3909 1062 3976 quidem
1099 3913 1390 3981 Arnobius,
1420 3917 1464 3970 si
1489 3918 1540 3970 in
1569 3918 1781 3990 religio-

193 3990 268 4042 nis
281 4001 649 4062 contemptum
675 3995 724 4050 id
748 4007 872 4053 ante
899 4000 1052 4056 ludos
1079 4015 1256 4059 actum
1283 4006 1782 4077 fuerit,eondonan-

191 4082 310 4136 dum
368 4084 494 4140 Jovi
526 4128 540 4150 ,
572 4089 676 4157 qui
723 4091 1009 4163 sacrilegio
1038 4111 1099 4150 se
1131 4100 1313 4166 Sperni
1345 4102 1612 4169 patienter
1640 4105 1779 4162 ferre

192 4177 458 4246 nequibat.
485 4177 578 4233 Sin
601 4190 780 4235 autem
810 4197 996 4240 errore
1025 4197 1074 4241 et
1104 4202 1230 4243 casu
1261 4188 1456 4246 factum
1485 4204 1587 4260 est,
1618 4196 1780 4253 debe.

191 4271 276 4325 bat
304 4274 488 4345 utique
514 4276 745 4346 optimus
775 4277 984 4348 Jupiter
1009 4281 1254 4338 humanae
1289 4283 1562 4357 fragilitati
1591 4299 1645 4346 et
1675 4293 1777 4346 im—

191 4363 486 4431 prudentia:
515 4365 645 4422 dare
667 4371 904 4424 veniam.
938 4371 1193 4440 Quamvis
1223 4391 1385 4446 porro
1417 4379 1547 4435 illud
1572 4423 1585 4444 ,
1640 4398 1776 4453 quo-

189 4457 454 4524 quomodo
495 4457 731 4527 factum,
775 4477 880 4517 non
926 4463 1170 4520 debuerit
1225 4469 1450 4523 inultum
1510 4473 1772 4545 relinqui;

192 4548 339 4605 unius
392 4559 567 4607 tamen
619 4565 841 4625 propter
890 4557 1146 4613 delictum
1180 4577 1284 4615 non
1317 4562 1554 4620 debuere
1600 4569 1776 4623 omnis

190 4639 414 4695 civitatis
435 4644 682 4713 populus,
711 4661 900 4703 omnes
930 4648 1162 4716 fetninzn,
1184 4655 1356 4721 pueri,
1382 4655 1634 4726 infantes,
1659 4660 1778 4716 alii-

190 4745 287 4798 que
314 4733 578 4791 innumeri
605 4740 844 4796 insontes
875 4743 1075 4798 crudeli
1111 4744 1266 4812 plecti
1296 4749 1461 4816 peStis
1488 4753 1774 4821 supplicio.

190 4821 372 4881 Nonne
394 4829 536 4883 enim
565 4829 806 4901 iniquum
833 4844 917 4889 est
941 4845 1015 4892 tot
1044 4837 1292 4896 innoxios
1317 4856 1411 4912 pro
1436 4858 1542 4897 uno
1570 4854 1772 4902 tantum

192 4931 278 4974 reo
303 4926 648 4979 condemnari
677 4935 731 4981 et
757 4929 970 4996 puniri?

256 5012 538 5082 Przeterea,
572 5017 614 5072 si
636 5016 844 5094 Jupiter
872 5020 1024 5076 ludos
1046 5025 1252 5079 restitui
1279 5025 1463 5093 voluit,
1495 5044 1592 5084 cur
1609 5033 1770 5086 rusti-

191 5121 304 5163 cum
349 5109 621 5168 hominem
672 5116 869 5184 potius,
901 5133 1057 5187 quam
1085 5118 1394 5189 Consulem,
1429 5135 1522 5179 aut
1553 5127 1767 5194 pontifi-

192 5215 300 5256 cem
324 5205 639 5271 maximum,
666 5218 757 5262 aut
783 5208 1050 5265 ﬂaminem
1083 5227 1238 5267 suum
1266 5214 1487 5282 dialem,
1513 5217 1768 5276 horumce

193 5295 376 5350 rituum
400 5297 553 5370 longe
584 5301 870 5370 peritiores
890 5344 904 5369 ,
954 5304 1237 5360 voluntatis
1276 5320 1384 5360 sum
1415 5308 1770 5366 admonebat?

191 5386 291 5442 Cur
337 5393 521 5448 rustici
566 5394 805 5450 animum
831 5396 896 5452 ad
927 5413 1133 5453 morem
1177 5400 1279 5455 sibi
1326 5403 1618 5471 gerendum
1663 5420 1767 5459 non

193 5483 332 5549 prius
359 5483 597 5550 adduxit,
628 5502 786 5555 quam
819 5489 870 5543 in
904 5505 1026 5545 eum
1056 5499 1160 5545 tam
1192 5493 1384 5548 acerbe
1425 5495 1671 5550 smviret?
1702 5496 1768 5552 At

192 5575 468 5643 completo,
500 5577 843 5647 inquiehant,
872 5583 1295 5638 annuntiatiouis
1325 5583 1502 5640 officio
1523 5629 1537 5652 ,
1566 5589 1653 5643 ille
1679 5603 1767 5641 sa-

195 5675 339 5720 natus
369 5679 467 5723 est.
499 5670 701 5742 Ecquid
735 5672 948 5741 mirum,
981 5677 1193 5746 reponit
1219 5677 1508 5742 Arnobius,
1541 5681 1583 5734 si
1607 5681 1652 5734 is
1678 5682 1767 5752 qui

194 5759 360 5815 intulit
400 5763 590 5818 malum
617 5807 630 5832 ,
691 5766 819 5821 illud
863 5769 1099 5838 repulit?
1150 5770 1377 5825 Reddita
1413 5778 1537 5827 vero
1567 5775 1765 5830 sanitas

197 5853 397 5910 crudele
465 5857 816 5925 proculdubio
865 5859 964 5917 fuit
1015 5863 1218 5918 homini
1274 5863 1348 5919 illi
1405 5864 1762 5936 beneficium,

1967 1954 2154 2010 Nonne
2201 1957 2364 2011 etiam
2411 1956 2587 2027 aliqua
2627 1956 2818 2011 saltent
2852 1953 2989 2008 ratio
3015 1951 3083 2007 ab
3111 1949 3342 2006 ethnicis
3374 1947 3496 2004 red-

1895 2048 2068 2103 denda
2116 2058 2232 2104 erat
2261 2090 2276 2115 ,
2323 2065 2420 2104 cur
2464 2063 2690 2120 serpens
2731 2048 2821 2102 ille
2847 2055 2968 2119 post
2991 2060 3145 2100 suum
3171 2042 3240 2098 ad
3265 2044 3494 2098 insulam

1895 2141 2220 2213 Tyberinam
2243 2157 2522 2198 accessum
2546 2159 2652 2197 non
2682 2143 2915 2212 amplius
2935 2137 3330 2210 comparuerit?
3354 2136 3497 2192 Nihil

1893 2237 2091 2306 quippe
2113 2235 2416 2304 christiani,
2440 2252 2619 2307 neque
2647 2236 2862 2308 ipsimet
2887 2233 3244 2305 proculdubio
3270 2231 3494 2295 ethnici,

1892 2326 2035 2379 aliud
2064 2327 2129 2381 de
2160 2329 2257 2382 hac
2287 2326 2465 2382 fabula
2498 2338 2756 2382 noverant
2782 2369 2796 2392 ,
2836 2341 2997 2396 quam
3029 2325 3174 2394 quod
3200 2325 3253 2378 in
3275 2330 3495 2379 ebrum-

1892 2418 2014 2474 dem
2045 2422 2326 2490 gentilium
2354 2421 2571 2491 scriptis
2602 2420 2855 2476 traditum
2887 2418 3197 2474 invenitur?

1966 2513 2207 2583 Denique
2252 2513 2455 2568 ethnici
2508 2529 2704 2585 negare
2733 2529 2838 2567 non
2867 2521 3156 2582 potuerunt
3193 2511 3338 2565 hunc
3367 2525 3482 2565 ser-

1892 2616 2107 2676 pentem
2159 2609 2376 2679 generis
2426 2607 2589 2663 fuisse
2644 2607 2878 2673 terreni,
2909 2624 2927 2657 t
2956 2605 3221 2676 quamvis,
3260 2623 3279 2656 ι
3317 2605 3488 2675 inquit

1890 2700 2160 2755 Arnobius
2189 2699 2353 2771 (Ibid.
2385 2742 2400 2764 ,
2446 2717 2565 2772 pag.
2588 2698 2743 2771 251),
2778 2715 2796 2750 t
2837 2700 2998 2754 fuerit
3048 2698 3296 2753 immanis
3327 2705 3383 2752 et
3410 2699 3493 2752 ni-

1891 2793 2050 2857 mitts,
2080 2793 2325 2862 quamvis
2354 2790 2505 2846 illum
2534 2791 2601 2846 ab
2634 2789 2857 2861 Regulo,
2889 2791 3158 2845 exercitus
3186 2790 3234 2844 vi
3264 2803 3488 2853 czesum,

1891 2882 2224 2954 longitudine
2269 2885 2513 2956 corporis
2552 2893 2606 2939 et
2658 2882 2869 2938 roboris
2922 2883 3175 2938 anteiret.
3213 2902 3234 2934 ι
3264 2881 3492 2950 Quanta:

1892 2992 2021 3030 vero
2055 2977 2211 3032 molis
2238 2977 2326 3032 hic
2350 2976 2544 3040 fuerit,
2592 2975 2714 3032 inde
2750 2975 2962 3048 judico,
3012 2975 3154 3046 quod
3209 2983 3490 3046 postquam

1889 3068 1983 3123 ille
2009 3068 2269 3124 abAttilii
2318 3067 2508 3139 Reguli
2554 3070 2795 3125 exercitu
2846 3067 2987 3139 apud
3041 3068 3338 3139 Bragadam
3391 3067 3493 3122 ﬂu—

1894 3160 2059 3224 vium,
2095 3159 2182 3213 ubi
2216 3160 2451 3231 Regulus
2481 3170 2654 3215 castra
2684 3171 2956 3230 posuerat,
2993 3161 3346 3230 interemptus
3366 3170 3489 3224 est;

1893 3253 2034 3308 illius
2081 3254 2322 3319 corium,
2379 3251 2602 3308 Romam
2647 3266 2832 3324 postea
2870 3255 3124 3322 missum,
3186 3253 3351 3324 pedes
3394 3253 3492 3310 19.0

1889 3348 2104 3418 longum
2156 3347 2319 3402 fuisse
2367 3349 2699 3418 perhibetur.
2752 3349 2942 3404 Testes
2985 3347 3142 3420 hujus
3171 3350 3249 3404 rei
3279 3350 3322 3404 si
3349 3364 3487 3418 quos

1885 3439 2184 3506 desideras,
2221 3440 2313 3495 tibi
2345 3440 2592 3494 dabimus
2621 3443 2684 3495 A.
2714 3441 3190 3506 Gellimn,leium
3222 3456 3250 3494 a
3275 3438 3491 3496 Valerio

1884 3533 2116 3588 Maximo
2146 3534 2397 3601 citatum,
2429 3533 2656 3590 Plinium
2678 3577 2694 3602 ,
2725 3534 2987 3590 Senecam
3015 3577 3030 3601 ,
3061 3525 3319 3600 Florum,
3355 3534 3492 3588 Oro-

1885 3626 2022 3679 sium
2044 3670 2058 3693 ,
2085 3635 2140 3681 et
2169 3628 2301 3681 alios
2324 3627 2501 3682 adhuc
2525 3669 2539 3694 ,
2582 3629 2628 3682 si
2662 3639 2884 3684 necesse
2932 3628 3071 3683 feret
3102 3625 3285 3700 (Gell.,
3317 3626 3407 3682 lib.
3435 3643 3487 3682 vt

1886 3715 2046 3772 Noct.
2093 3718 2281 3786 Attia,
2336 3735 2451 3790 cap.
2487 3721 2555 3785 5,
2603 3719 2894 3790 png..368;
2950 3719 3064 3774 Val.
3103 3717 3286 3785 Mosa,
3319 3715 3406 3775 lib.
3439 3735 3486 3786 ι,

1882 3826 1998 3881 cap.
2026 3811 2146 3878 ult.,
2180 3811 2321 3882 §i9,
2346 3829 2463 3884 pag.
2492 3813 2594 3877 77;
2629 3811 2793 3876 Pliu.,
2822 3811 2908 3865 lib.
2943 3827 3035 3866 vttt
3094 3811 3235 3866 Hist.
3287 3822 3486 3878 natur.,

1882 3921 1999 3974 cap.
2027 3900 2112 3982 l5,
2144 3923 2264 3976 pag.
2293 3907 2431 3972 155;
2467 3907 2673 3970 Scaea,
2705 3906 2855 3976 epist.
2887 3905 2975 3968 8:2,
2997 3923 3117 3977 pag.
3151 3907 3285 3970 136;
3313 3904 3485 3969 Flora,

1884 3996 1972 4052 lib.
2009 4013 2097 4064 ιιι,
2135 4007 2268 4069 post.
2299 4000 2454 4065 init.;
2487 4001 2662 4062 (iraa,
2697 3995 2784 4053 lib.
2817 4013 2870 4053 Iv
2908 3997 3068 4065 llist.,
3104 4015 3222 4068 cap.
3246 3997 3323 4068 8).
3355 3998 3486 4065 Quis

1882 4107 2010 4161 ergo
2035 4091 2280 4147 ethnicos
2309 4109 2414 4146 non
2447 4093 2693 4160 miretur,
2719 4093 2810 4162 qui
2844 4091 3152 4162 hujusmodi
3172 4099 3482 4161 serpentem

1880 4183 2039 4240 deum
2067 4199 2190 4240 esse
2219 4185 2470 4240 dixerunt
2490 4196 2545 4241 et
2573 4185 2892 4240 coluerunt?

1953 4277 2224 4348 Urgebant
2251 4287 2449 4342 tamen,
2476 4278 2565 4335 ubi
2605 4279 2832 4348 primum
2861 4279 2968 4344 ille,
2997 4293 3113 4343 seu,
3143 4287 3202 4333 ut
3243 4277 3478 4343 aiebant,

1880 4369 2241 4442 xEsculapius,
2272 4388 2335 4426 ea:
2360 4373 2503 4427 libris
2529 4373 2791 4444 fatalibus,
2826 4372 2876 4427 id
2907 4367 3011 4436 est,
3037 4372 3333 4444 Sibyllinis,
3375 4370 3481 4426 Va-

1883 4476 2110 4536 tumque,
2142 4465 2244 4521 hoc
2271 4466 2669 4537 est,'Apollinis
2694 4466 2970 4536 reSponsis,
2995 4464 3221 4519 Romam
3247 4465 3480 4519 advoca-

1883 4568 1965 4612 tus
1997 4569 2097 4627 est,
2131 4569 2239 4615 tum
2275 4571 2476 4630 pestem
2510 4561 2775 4631 protinus,
2820 4575 2919 4616 nec
2948 4573 3140 4631 magno
3171 4575 3286 4614 sme
3315 4562 3476 4615 mira-

1883 4653 2003 4706 culo
2034 4650 2199 4708 fuisse
2230 4653 2506 4724 depulsam
2546 4652 2788 4726 (Arnob.,
2830 4652 2922 4706 lib.
2952 4669 3046 4718 vn,
3080 4668 3199 4723 pag.
3229 4651 3381 4725 251).
3413 4654 3482 4708 At

1879 4746 1923 4800 si
1947 4744 2290 4814 IEsculapius
2322 4745 2374 4799 in
2404 4758 2707 4815 serpentem
2737 4761 3052 4813 conversus,
3083 4745 3159 4801 uti
3190 4747 3482 4818 respondet

1878 4842 2168 4910 Arnobius,
2194 4841 2316 4897 ideo
2338 4842 2540 4896 accitus
2569 4849 2669 4907 est,
2699 4851 2756 4896 ut
2782 4841 2918 4896 hanc
2956 4840 3162 4896 cladem
3190 4842 3476 4908 averteret,

1878 4935 1968 4989 ubi
2000 4943 2127 4990 tunc
2165 4943 2302 5001 erat,
2335 4934 2552 5005 quando
2595 4933 2782 4990 eadem
2827 4935 3015 4990 civitas
3058 4934 3248 4990 eodem
3297 4941 3476 5005 postea

1879 5028 2068 5082 morbo
2107 5030 2265 5084 toties
2302 5027 2498 5084 afflicta
2537 5028 2652 5090 fuit,
2698 5037 2948 5098 tantaque
2995 5028 3272 5083 hominum
3313 5028 3475 5082 millia

1877 5123 2040 5177 simili
2072 5132 2223 5193 peste
2255 5122 2562 5192 perierunt?
2587 5121 2697 5177 Cur
2738 5131 2857 5191 post
2890 5122 3082 5191 templa
3113 5123 3160 5176 ei
3191 5122 3473 5186 aedificata,

1879 5231 1986 5271 non
2029 5216 2321 5286 prohibuit,
2355 5232 2422 5271 ne
2454 5217 2569 5271 lues
2613 5215 2844 5286 amplius
2886 5217 3264 5287 grassaretur?
3293 5215 3476 5285 Neque

1877 5311 2078 5366 dixeris
2117 5311 2462 5381 subsequenti
2507 5320 2746 5379 tempore
2789 5318 3070 5379 corruptos
3103 5308 3266 5364 fuisse
3299 5308 3472 5360 homi-

1876 5419 2004 5458 num
2043 5419 2240 5459 mores.
2273 5401 2330 5458 lu
2364 5404 2569 5474 magnis
2599 5404 2794 5459 etenim
2827 5413 2881 5458 et
2910 5404 3117 5473 populis
3155 5411 3208 5457 et
3247 5402 3476 5456 civitati-

1876 5498 1976 5553 bus
2004 5513 2220 5568 semper
2244 5498 2368 5553 boni
2402 5515 2522 5553 cum
2556 5498 2710 5552 malis
2740 5498 2977 5568 permisti
3009 5498 3241 5551 fuerunt.
3279 5497 3472 5550 Dicen—

1876 5591 1999 5646 dum
2037 5607 2165 5662 ergo
2194 5602 2287 5647 aut
2326 5593 2561 5647 attritam
2601 5592 2763 5647 fuisse
2799 5590 3066 5660 serpentis
3101 5592 3167 5645 ad
3205 5591 3472 5646 sedandas

1877 5694 2058 5753 postea
2088 5696 2265 5754 pestes
2291 5686 2396 5739 vim
2425 5696 2480 5740 et
2506 5695 2848 5757 potestatem,
2873 5692 2963 5736 aut
2985 5681 3115 5735 falsa
3145 5681 3324 5736 fatalia
3355 5697 3472 5735 car—

1874 5777 2050 5839 mina;
2103 5776 2315 5843 qnando
2360 5776 2576 5847 quidem
2619 5783 2927 5844 suggestum
2971 5771 3039 5823 ah
3079 5773 3160 5826 eis
3203 5772 3470 5840 serpentis

1873 5869 2170 5926 remedium
2214 5871 2362 5924 omni
2403 5884 2506 5924 non
2551 5867 2749 5940 profuit
2778 5873 2955 5921 actate.
2989 5863 3127 5927 Quid
3156 5879 3285 5933 ergo
3312 5878 3376 5924 ex
3410 5862 3471 5914 iis
