3872 6360
289 334 396 390 607

1547 326 2001 386 DISSERTATIO
2038 327 2316 386 PREVIA

3485 327 3597 386 ωε

291 446 542 502 omnibus
563 443 1017 511 concludendum,
1041 444 1143 504 nisi
1165 442 1393 515 gentiles
1415 452 1525 498 tota
1545 444 1628 498 via
1650 457 1880 509 errasse,
1913 447 1964 505 Λ
1989 441 2120 509 diis;
2153 458 2216 499 ac
2245 443 2387 500 nulla
2422 443 2523 498 sibi
2557 442 2681 498 data
2708 456 2892 509 causa,
2921 456 3052 514 opes
3091 441 3287 498 horum
3314 442 3592 514 frangere,

292 538 443 609 quia
477 535 612 593 Jove
640 545 695 594 et
734 535 1049 612 «Esculapio
1083 551 1206 592 vere
1245 533 1386 590 edita
1424 531 1590 592 fuisse
1632 534 1885 590 miracula

293 628 658 687 venditabant.

899 737 1192 778 ARTICULUS
1229 723 1287 778 ti.

294 835 486 895 Quanta
523 836 772 887 evidentia
795 835 1041 884 Arnobius
1075 835 1301 884 ostendat
1336 833 1456 883 falsa
1501 845 1611 883 esse
1638 832 1887 892 miracula,

389 911 466 948 ua:
493 900 676 949 ethnici
697 898 820 947 facta
846 909 958 945 esse
1002 897 1386 954 contendebant,
1428 911 1538 946 cum
1575 895 1889 944 simulacrum

409 964 530 1010 atris
552 972 738 1024 magnae
762 973 825 1008 ex
852 958 1080 1024 _Phrygl0
1096 969 1261 1024 monte
1288 957 1493 1024 Romam
1512 958 1767 1024 adductum
1795 967 1888 1024 est,

357 1031 507 1136 inmite
530 1019 662 1072 aliud
681 1025 828 1074 etiam
845 1019 982 1073 Jovis
1004 1024 1054 1084 in
1080 1022 1289 1073 editiore
1309 1020 1414 1071 loco
1436 1019 1498 1069 ad
1521 1019 1779 1072 Orientem
1796 1020 1891 1069 col-

377 1098 463 1136 oca
487 1099 584 1134 um.

377 1098 564 1136 ocatum
571 1119 584 1132 .

367 1187 487 1245 Non
535 1187 753 1259 majoris
799 1185 1039 1259 profecto
1090 1187 1344 1259 ponderis
1393 1198 1511 1244 erat
1553 1188 1890 1244 ethnicorum

299 1282 712 1352 argumentatio,
758 1296 822 1336 ex
865 1280 970 1334 alio
1007 1287 1062 1336 et
1104 1295 1298 1351 magno
1344 1280 1582 1352 quidem,
1625 1281 1699 1334 uti
1738 1279 1894 1348 jacti—

300 1373 506 1439 tabant,
531 1372 789 1426 miraculo
809 1371 1093 1441 desumpta
1115 1371 1360 1442 (Arnob.,
1377 1373 1466 1426 lib.
1485 1388 1576 1436 vn,
1605 1388 1721 1441 pag.
1738 1368 1890 1440 253).

299 1464 574 1521 Instabant
621 1467 817 1520 etenim
874 1465 1138 1535 frequenti
1182 1480 1430 1521 sermone
1481 1466 1661 1519 tritum
1714 1463 1895 1518 divino

301 1573 509 1629 magna:
543 1557 746 1617 Matris.
781 1557 897 1613 sive
925 1557 1108 1612 Matris
1134 1557 1291 1612 deum
1320 1557 1574 1623 subsidio,
1613 1568 1896 1627 postquam

303 1651 498 1707 Vatum
525 1651 676 1721 jussu
707 1651 917 1722 signum
950 1651 1094 1706 illius
1115 1665 1183 1705 ex
1210 1651 1439 1722 Phrygio
1464 1661 1645 1705 monte
1671 1648 1896 1704 Romam

301 1752 633 1813 asportatum
694 1743 831 1810 fuit,
870 1752 1000 1798 tunc
1029 1741 1237 1798 hostem
1269 1740 1898 1812 potentissimum'Anni-

1991 544 2048 588 ut
2091 535 2304 591 illorum
2353 535 2630 590 fautricem
2676 551 2738 591 se
2782 534 3095 600 exhiberet;
3147 535 3452 591 libertatem
3505 537 3598 592 his

1989 626 2222 694 auferre,
2257 637 2310 681 ut
2345 626 2468 681 illos
2512 627 2579 682 ad
2619 642 2928 698 supremum
2959 625 3241 682 extolleret
3267 626 3599 683 dominatio-

1931 739 1934 742 θ
1991 720 2074 776 nis
2105 719 2393 789 fastigium,
2427 719 2687 791 Phrygios
2712 720 2918 786 delere,
2945 729 3003 775 ut
3031 719 3276 774 Romana
3301 720 3508 785 civitas,
3541 721 3600 776 in

1992 814 2208 886 humani
2233 817 2447 882 generis
2474 815 2764 885 perniciem
2795 823 2940 879 nata,
2972 815 3248 880 innoxium
3277 813 3469 869 orbem
3495 813 3602 870 sub

1989 909 2364 981 gravissimum
2397 908 2670 964 servitutis
2695 908 2881 979 jugum
2912 909 3172 963 mitteret.

2063 1000 2337 1071 Urgebant
2357 1000 2554 1056 ethnici
2581 1011 2740 1071 atque
2762 1000 2868 1056 alio
2892 999 3152 1055 miraculo
3184 1013 3428 1069 prorsus,
3457 998 3603 1053 sicut

1993 1093 2122 1164 ipsis
2160 1093 2461 1155 videbatur,
2494 1093 2761 1164 stupendo
2799 1094 3028 1163 probare
3057 1109 3246 1148 rursus
3287 1093 3604 1148 nitebantur

1994 1186 2127 1242 deos
2149 1201 2276 1242 suos
2299 1189 2470 1258 reipsa
2495 1188 2751 1248 existere,
2783 1195 2946 1257 atque
2975 1185 3238 1240 infinitam
3267 1199 3389 1241 esse
3407 1200 3600 1241 eorum

1996 1289 2319 1349 potestatem
2349 1279 2585 1349 (Amob.,
2614 1279 2703 1332 lib.
2728 1295 2822 1343 vn,
2869 1297 2922 1347 p.
2966 1278 3118 1348 2-55).
3146 1277 3400 1333 Testibus
3423 1278 3602 1333 enim-

1999 1385 2149 1435 vero,
2184 1371 2515 1442 inquiebant,
2541 1371 2645 1441 (ide
2668 1370 2996 1441 dignissimis
3025 1371 3299 1425 memoriae
3329 1369 3602 1440 proditum

1998 1475 2113 1519 erat
2145 1480 2266 1519 cum
2306 1465 2624 1534 Capitolium
2666 1463 2889 1518 fulmine
2919 1464 3082 1517 ictum
3122 1461 3332 1528 fuisset,
3370 1473 3495 1516 tunc
3537 1462 3608 1517 de

1999 1555 2130 1611 sede
2177 1572 2272 1611 sua
2322 1556 2664 1611 deturbatum
2711 1556 2860 1610 Jovis
2901 1555 3275 1610 simulacrum.
3320 1553 3422 1610 Ubi
3471 1568 3606 1607 vero

2000 1647 2129 1700 illud
2181 1647 2374 1701 altiore
2427 1648 2548 1702 loco
2591 1647 2661 1701 ad
2728 1648 2992 1702 orientem
3042 1645 3208 1702 solem
3259 1645 3608 1716 haruspicum

2003 1756 2265 1811 responso
2290 1742 2612 1796 collocatum
2643 1751 2748 1806 est,
2775 1751 2885 1795 tum
2919 1741 3155 1812 patuisse
3183 1755 3270 1796 res
3297 1739 3528 1804 abditas,
3553 1747 3610 1793 et

303 1836 481 1890 balem
503 1851 567 1891 ex
597 1833 746 1890 Italia
772 1835 1006 1906 pulsum,
1031 1851 1094 1890 ac
1113 1835 1400 1906 reportatis
1423 1835 1714 1889 illustribus
1736 1833 1901 1887 victo-
1929 1833 1977 1893 B
2005 1836 2058 1889 in
2106 1844 2346 1890 reserata
2399 1834 2723 1890 vindicatum
2768 1833 3049 1888 maleficia.
3102 1832 3304 1900 Narrat
3339 1831 3609 1902 siquidem

303 1930 422 1996 riis,
468 1929 734 1984 redditum
779 1927 910 1985 Urbi
957 1928 1140 1996 decus,
1186 1927 1460 1998 multaque
1502 1929 1605 1982 alia
1656 1927 1801 1981 domi
1847 1935 1904 1980 et

308 2024 438 2080 foris
478 2023 734 2094 praeclare
761 2033 934 2095 gesta,
971 2039 1087 2094 quae
1126 2023 1384 2078 Romana:
1415 2023 1590 2093 gentis
1624 2036 1817 2076 nomen
1849 2031 1903 2075 et

310 2116 642 2185 majestalem
669 2113 1017 2186 insuperabili
1041 2116 1292 2170 lirmitate
1321 2114 1692 2169 fundaverunt.
1717 2115 1764 2168 Α
1789 2114 1903 2183 qui-

310 2210 412 2264 bus
454 2217 635 2264 autem
677 2207 1038 2280 Scriptoribus
1087 2209 1203 2265 haec
1247 2209 1437 2263 litteris
1483 2210 1731 2264 mandata
1774 2209 1900 2273 sint,

306 2301 434 2358 alibi
463 2297 797 2358 ostendimus
833 2301 1074 2371 (Dium.
1109 2303 1162 2355 in
1189 2300 1408 2366 Μίνωα,
1440 2316 1555 2369 cap.
1591 2300 1677 2366 19,
1708 2309 1809 2353 art.
1838 2299 1901 2368 ι).

379 2391 484 2450 Sed
536 2393 639 2449 hoc
679 2406 1053 2465 argumentum
1103 2395 1366 2449 Arnobius
1410 2394 1695 2459 similibus,
1745 2406 1904 2464 atque

306 2487 575 2558 superius.
607 2487 883 2558 responsis
914 2485 1130 2542 refellit.
1160 2486 1300 2540 Nihil
1325 2486 1520 2556 quippe
1544 2486 1677 2551 veri,
1713 2485 1900 2556 inquit,

307 2583 363 2638 in
393 2591 501 2637 tota
538 2581 627 2636 illa
657 2569 890 2637 historia
925 2581 1247 2644 continetur,
1278 2581 1379 2634 nisi
1408 2580 1551 2648 quod
1579 2595 1609 2632 a
1640 2593 1767 2649 rege
1805 2581 1902 2632 At-

311 2674 440 2742 talo,
474 2675 631 2729 sicuti
671 2674 909 2740 aiebant,
953 2675 1150 2728 missus
1194 2683 1278 2728 est
1316 2689 1382 2728 ex
1424 2672 1654 2744 Phrygio
1697 2681 1901 2737 monte,

312 2779 368 2825 et
416 2768 642 2824 Romam
687 2767 814 2822 inde
861 2776 1169 2838 aSportatus
1243 2782 1438 2835 parvus
1484 2765 1701 2836 quidam
1747 2764 1901 2833 lapis,

312 2860 487 2930 niger,
542 2860 727 2925 durus,
782 2874 940 2930 asper
989 2873 1093 2914 nec
1143 2859 1273 2914 satis
1331 2873 1584 2928 expressa
1634 2857 1905 2912 simulacri

311 2950 490 3022 efﬁgie
519 2953 734 3022 politus.
764 2951 860 3007 Cui
894 2963 1071 3008 autem
1096 2968 1345 3020 umquam
1374 2952 1707 3022 probabitur.
1734 2951 1906 3006 Anni-

310 3042 511 3111 balem,
543 3045 642 3100 sub
663 3061 769 3114 quo
792 3044 1032 3100 Romana
1061 3045 1358 3115 respublica
1395 3045 1592 3099 tamdiu
1619 3046 1779 3099 sortis
1799 3059 1909 3098 sua:

312 3135 473 3191 dubia
500 3138 846 3202 contremuit,
874 3151 940 3191 eo
971 3136 1148 3206 lapide
1198 3147 1495 3207 asportato,
1529 3136 1726 3190 factum
1766 3135 1910 3189 illico

1988 1927 2197 1982 Cicero
2224 1943 2253 1980 a
2281 1927 2538 1981 Romanis
2579 1926 2890 1982 memoriter
2919 1925 3094 1979 adhuc
3125 1925 3295 1979 teneri
3334 1924 3613 1994 quomodo

2009 2021 2254 2090 plurimis
2281 2021 2504 2076 deorum
2534 2020 2854 2085 simulacris,
2886 2034 2953 2074 ex
2983 2033 3076 2072 sua
3108 2018 3162 2072 in
3189 2017 3450 2087 Capitolio
3476 2015 3614 2072 sede

2006 2114 2264 2183 depulsis,
2294 2113 2628 2184 haruspices,
2661 2129 2728 2168 ex
2762 2123 2870 2168 t0ta
2903 2111 3119 2178 Etruria
3151 2110 3416 2176 accersiti,
3451 2131 3469 2162 ‹
3493 2111 3618 2179 jus.

2007 2218 2192 2262 serunt
2231 2208 2577 2262 simulacrum
2608 2206 2756 2262 Jovis
2787 2206 2965 2261 facere
2991 2206 3182 2274 majus,
3214 2213 3269 2259 et
3302 2204 3357 2260 in
3392 2204 3617 2259 excelso

2007 2302 2299 2365 collocare,
2334 2312 2386 2357 et
2416 2311 2604 2357 contra
2632 2311 2791 2372 atque
2823 2299 3016 2364 fuerat,
3050 2299 3117 2353 ad
3147 2298 3432 2354 Orientem
3479 2312 3617 2352 con-

2007 2406 2255 2459 vertere;
2303 2410 2367 2450 ac
2412 2410 2472 2450 se
2515 2409 2736 2465 sperare
2778 2393 3048 2458 dixerunt,
3097 2391 3143 2446 si
3194 2390 3326 2446 illud
3374 2391 3614 2460 signum,

2009 2490 2149 2558 quod
2178 2489 2392 2553 videtis,
2422 2488 2564 2544 Solis
2592 2498 2791 2552 ortum,
2823 2496 2878 2542 et
2908 2484 3108 2549 forum,
3140 2485 3452 2554 curiamque
3481 2498 3618 2537 con—

2009 2583 2262 2651 spiceret,
2298 2583 2411 2637 fore
2439 2592 2495 2637 ut
2522 2596 2585 2636 ea
2615 2579 2858 2646 consilia,
2889 2594 3007 2649 qua:
3045 2578 3181 2632 clam
3219 2577 3443 2633 fuissent
3482 2578 3617 2632 inita

2009 2685 2194 2730 contra
2235 2675 2462 2731 salutem
2506 2675 2661 2731 Urbis
2703 2685 2864 2744 atque
2906 2673 3138 2742 imperii,
3177 2672 3612 2737 illustrarentur;

2011 2779 2068 2822 ut
2112 2784 2140 2822 a
2184 2770 2242 2824 S.
2290 2770 2348 2822 Ρ.
2396 2768 2462 2835 Q.
2509 2768 2575 2822 lt.
2626 2767 2854 2837 perstrici
2897 2774 3140 2837 possent.
3170 2785 3191 2818 ›
3237 2764 3448 2838 (Ciam,
3480 2774 3616 2818 orat.

2009 2861 2043 2915 5
2079 2861 2129 2914 in
2177 2858 2352 2924 Catil.,
2386 2877 2506 2931 pag.
2539 2858 2694 2930 529.)

2083 2955 2218 3022 Quid
2254 2955 2320 3009 ad
2357 2954 2495 3009 hanc
2519 2954 2859 3009 ethnicorum
2897 2951 3413 3022 argumentationem
3441 2954 3626 3005 Arno.

2013 3046 2134 3100 hius
2171 3047 2528 3116 responderit,
2565 3045 2694 3100 nihil
2735 3045 2896 3114 plane
2936 3058 3111 3111 neque
3153 3043 3204 3096 in
3251 3043 3624 3110 manuscripto

2017 3139 2275 3194 librorum
2327 3140 2442 3208 ejus
2487 3139 2672 3194 codice
2719 3138 2892 3209 regio,
2941 3151 3117 3206 neque
3163 3139 3215 3190 in
3259 3135 3365 3189 ulla
3406 3135 3625 3189 illorum

313 3229 414 3283 sibi
443 3241 661 3299 prorsus
681 3228 1014 3292 dissimilem.
1044 3229 1112 3282 ab
1141 3227 1289 3282 Italia
1314 3228 1531 3297 pulsum
1558 3237 1612 3282 et
1638 3227 1912 3296 fugatum?
1941 3230 1986 3292 C
2017 3233 2276 3300 editione,
2330 3244 2420 3286 aut
2466 3233 2590 3288 alibi
2650 3233 2862 3302 legitur.
2910 3231 3336 3301 Suspicabuntur
3386 3228 3627 3285 fortasse

311 3321 583 3392 Numquid
602 3331 730 3377 tunc
743 3321 873 3377 nihil
893 3322 1140 3377 humanis
1154 3322 1417 3386 consiliis,
1438 3321 1567 3375 nihil
1587 3324 1912 3390 praestantis-

319 3415 579 3470 simorum
612 3415 828 3470 militari
859 3415 1054 3470 virtute
1081 3413 1452 3480 ducum,nihil
1479 3429 1674 3484 magno
1695 3414 1910 3469 exerci-

321 3523 468 3562 tuum
493 3507 688 3564 robore
703 3519 880 3564 actum
904 3516 988 3563 est
1007 3506 1308 3578 iNumquid
1335 3508 1497 3563 etiam
1517 3507 1609 3561 ille
1639 3507 1795 3578 lapis,
1819 3507 1908 3576 qui

315 3617 384 3656 an
415 3617 520 3657 uno
549 3601 768 3657 homine
796 3602 1000 3672 portari
1029 3601 1183 3657 facile
1223 3611 1453 3670 poterat,
1491 3601 1640 3655 auxit
1683 3601 1914 3654 Romani

313 3696 603 3759 exercitus,
660 3705 717 3750 et
757 3694 914 3765 fregit
956 3709 1019 3748 ac
1057 3694 1357 3749 debilitavit
1417 3694 1698 3748 Annibalis
1748 3694 1911 3759 vires,

314 3803 546 3857 eumque
574 3787 795 3851 victum,
819 3796 874 3842 et
902 3786 1173 3841 Romanos
1218 3787 1451 3842 victores
1498 3786 1763 3843 reddidit?
1814 3787 1912 3841 Cui

321 3881 536 3935 tandem
573 3879 730 3935 facile
767 3879 1114 3950 persuadebis
1166 3881 1218 3934 in
1273 3879 1579 3950 unjusmodi
1600 3880 1775 3950 lapide
1805 3879 1916 3933 Ma-

317 3985 452 4030 trem
492 3974 652 4029 deum
685 3988 872 4029 revera
903 3973 1088 4038 fuisse;
1115 3980 1208 4026 aut
1228 3988 1427 4027 numen
1454 3973 1667 4043 aliquod
1690 3973 1744 4027 in
1772 3971 1916 4026 illius

314 4067 586 4123 habitasse
625 4067 798 4132 venis,
845 4064 1029 4120 frustis
1053 4080 1116 4121 ac
1137 4064 1494 4136 fragmentis?

391 4159 510 4228 Quo
542 4174 674 4230 ergo
705 4157 884 4223 modo,
917 4159 1230 4229 inquiebant
1261 4158 1484 4223 etlmici,
1516 4158 1748 4213 adventu
1774 4159 1918 4214 illius

319 4265 473 4326 parta
516 4263 601 4309 est
646 4254 886 4316 victoria,
938 4254 983 4306 si
1027 4253 1230 4307 nullum
1278 4254 1330 4307 in
1380 4268 1444 4308 eo
1496 4253 1672 4323 lapide
1723 4270 1920 4309 numen

320 4346 530 4401 inerat?
577 4343 894 4414 Bespondet
949 4345 1218 4401 Arnobius
1267 4361 1384 4401 eam
1441 4345 1780 4402 tribuendam
1826 4362 1924 4415 pu-

319 4453 597 4508 gnantium
645 4436 828 4491 virtuti
864 4452 927 4489 ac
964 4437 1277 4503 fortitudini,
1312 4448 1402 4492 aut
1433 4437 1662 4492 fortuna:
1692 4438 1922 4492 mutabi-

318 4530 457 4585 litati
488 4541 543 4586 et
569 4530 961 4585 inconstantiae.
992 4530 1060 4584 Et
1095 4545 1225 4585 vero
1267 4531 1482 4585 ubinam
1511 4532 1752 4600 gentium
1795 4530 1924 4585 illud

2017 3326 2260 3380 nonnulli
2305 3324 2407 3380 hoc
2448 3327 2516 3380 ab
2557 3325 2650 3380 illo
2691 3325 2928 3394 potuisse
2965 3323 3328 3392 przetermitti;
3361 3323 3630 3393 quoniam

2017 3419 2134 3473 aliis
2171 3419 2237 3472 ad
2273 3419 2518 3490 superius
2546 3419 2756 3488 objecta
2785 3418 3056 3488 responsis
3087 3418 3189 3472 hoc
3217 3418 3348 3473 satis
3376 3416 3632 3472 confuta-

2018 3527 2128 3570 tum
2164 3515 2356 3572 fuerat.
2394 3516 2501 3571 Sed
2528 3519 2649 3586 quia
2677 3516 2786 3584 jam
2826 3516 3197 3569 annotavimus
3238 3513 3310 3568 ibi
3346 3511 3629 3579 fragmen-

2020 3617 2132 3662 tum
2171 3609 2240 3662 ab
2279 3609 2542 3663 oscitante
2582 3608 2802 3662 librario
2843 3615 3175 3677 praepostere
3214 3604 3632 3674 transpositum,

2023 3701 2148 3758 hinc
2189 3701 2364 3770 colligi
2409 3709 2592 3771 potest
2630 3700 2928 3755 Arnobium
2973 3699 3096 3754 huic
3140 3698 3416 3769 gentilium
3458 3711 3635 3764 argn-

2018 3804 2222 3861 mento,
2267 3795 2407 3848 sicut
2439 3803 2494 3849 et
2533 3793 2651 3848 aliis
2690 3793 2985 3864 sigillatim,
3026 3791 3392 3860 respondiSse,
3429 3788 3523 3844 sed
3563 3803 3636 3843 ea

2019 3887 2199 3940 omnia
2236 3887 2303 3941 de
2344 3887 2523 3941 medio
2565 3887 2796 3950 sublata,
2840 3903 2960 3956 quse
2996 3886 3064 3940 ab
3104 3885 3197 3940 illo
3239 3885 3377 3938 hanc
3415 3883 3467 3937 in
3508 3896 3640 3937 rem

2021 3978 2220 4046 scripta
2246 3978 2477 4032 fuerant.
2515 3977 2710 4032 Verum
2743 3977 2914 4039 illam,
2938 3978 2984 4032 si
3007 3991 3124 4047 quae
3152 3976 3240 4039 sit,
3266 3978 3527 4044 jacturam
3561 3989 3637 4028 ea

2021 4070 2232 4124 abunde
2275 4071 2545 4141 supplent,
2595 4086 2712 4140 quae
2754 4086 2820 4124 ex
2861 4069 2982 4123 aliis
3022 4069 3139 4139 ejus
3182 4067 3643 4138 reSponsionibus

2021 4160 2285 4216 hactenus
2328 4161 2630 4228 retulimus,
2679 4171 2733 4224 et
2779 4162 2830 4216 in
2883 4161 3000 4231 ejus
3050 4161 3201 4216 libris
3251 4161 3454 4229 integra
3500 4174 3643 4229 pcr-

2022 4265 2264 4311 manent.

2095 4347 2153 4404 Si
2189 4347 2316 4419 quid
2358 4357 2536 4404 tamen
2567 4348 2693 4404 huic
2733 4357 3050 4419 argumento
3076 4347 3375 4417 respondit,
3407 4346 3645 4404 minime

2026 4441 2330 4498 dubitamus
2373 4443 2502 4498 illud
2539 4443 2705 4499 fuisse
2734 4444 3092 4513 potissimum,
3129 4441 3272 4512 quod
3307 4439 3516 4508 Cicero,
3558 4457 3643 4496 ex

2027 4551 2133 4605 quo
2174 4537 2351 4606 plura,
2395 4547 2452 4591 ut
2494 4552 2639 4607 saepe
2673 4536 2932 4600 diximus,
2979 4535 3328 4598 delibaverat,
3371 4534 3643 4603 scriptum

320 4627 594 4697 egregium
627 4640 824 4681 numen
851 4625 1098 4696 degebat,
1129 4640 1249 4679 cum
1279 4625 1438 4678 tantis
1465 4625 1792 4680 exercitibus
1820 4639 1922 4679 cze-
1951 4622 2004 4681 D
2029 4630 2264 4699 reliquit.
2316 4631 2444 4685 Post
2487 4632 2644 4685 allata
2693 4629 2955 4700 siquidem
3026 4643 3054 4680 a
3098 4627 3254 4681 nobis
3301 4625 3422 4695 ejus
3467 4626 3647 4680 verba

322 4721 418 4788 sis,
448 4720 674 4774 Romani
703 4720 754 4773 in
782 4710 1051 4774 summum
1086 4717 1379 4788 periculum
1413 4718 1710 4772 venerunt?

399 4814 455 4870 Si
503 4813 621 4883 quis
666 4827 793 4867 vero
841 4821 1068 4882 reponat
1110 4811 1265 4865 deum
1315 4811 1535 4866 Matrem
1589 4821 1700 4864 tum
1752 4810 1920 4865 Roma

329 4905 563 4961 abfuisse
591 4920 684 4975 per
703 4921 862 4975 quam
885 4905 1224 4974 longissime;
1257 4904 1325 4958 ab
1355 4905 1591 4960 Arnobio
1619 4905 1797 4959 statim
1830 4921 1922 4958 au-

329 5000 441 5055 diet
471 4999 707 5053 divinum
738 5014 937 5053 numen
963 4998 1162 5067 ubique
1191 5012 1405 5066 semper
1431 5013 1550 5053 esse
1581 5013 1839 5068 praesens,
1872 5009 1928 5053 et

330 5106 426 5146 sua
468 5091 569 5145 sub
619 5099 882 5159 potestate
929 5090 1103 5144 omnia
1148 5104 1369 5159 semper
1411 5089 1628 5145 habere.
1662 5088 1928 5145 Prmterea

333 5203 447 5252 cur,
482 5185 707 5241 obsecro
736 5195 808 5251 te,
834 5184 932 5240 dea
967 5185 1078 5251 illa,
1107 5185 1313 5255 priores
1343 5199 1469 5238 suos
1496 5185 1728 5240 cultores
1759 5184 1927 5257 Phry-

332 5283 448 5349 gios
493 5282 704 5352 penitus
747 5280 1018 5344 deseruit;
1067 5288 1128 5355 ut
1168 5279 1232 5333 ad
1277 5279 1629 5350 potentiorem
1672 5281 1928 5350 populum

336 5376 634 5432 Romanum
667 5377 1080 5446 commigraret?
1116 5376 1260 5431 Talis
1297 5385 1549 5445 tantaque
1592 5377 1775 5431 levitas
1821 5377 1931 5431 Deo

336 5485 444 5525 non
475 5471 748 5540 competit.

408 5553 520 5621 Nec
565 5565 791 5620 Romani
821 5564 1152 5635 respondere
1181 5573 1428 5634 poterant
1457 5563 1579 5618 ideo
1607 5561 1746 5617 hanc
1775 5564 1931 5618 deam

339 5658 405 5713 ad
441 5658 752 5714 bellicosam
785 5660 1024 5728 ipsorum
1055 5669 1266 5727 gentem
1307 5657 1637 5721 transivisse,
1681 5657 1801 5725 quia
1848 5671 1936 5711 res

342 5753 603 5808 militares
652 5755 885 5809 amabat.
935 5754 1135 5807 Divina:
1191 5752 1454 5824 siquidem
1509 5751 1772 5820 aequitatis
1832 5765 1936 5806 non

343 5855 476 5912 erat,
499 5846 666 5916 inquit
686 5846 976 5916 Arnobius,
1002 5845 1252 5904 humanis
1274 5860 1392 5903 sese
1413 5844 1718 5901 immiscere
1737 5842 1936 5901 discor-

2030 4722 2368 4780 continenter
2414 4722 2656 4790 adjecit:
2700 4744 2718 4773 ι
2757 4722 2826 4776 At
2866 4721 3018 4782 illud,
3067 4720 3214 4775 Jovis
3257 4719 3641 4784 simulacrum,

2029 4817 2100 4870 ita
2140 4816 2510 4871 collocandum
2557 4815 2818 4870 Consules
2859 4816 2932 4869 illi
2969 4822 3273 4869 statuerunt
3305 4832 3317 4865 :
3348 4812 3445 4868 sed
3483 4823 3644 4867 tanta

2030 4907 2129 4962 fuit
2157 4909 2339 4978 operis
2381 4909 2635 4971 tarditas;
2671 4917 2726 4960 ut
2755 4924 2928 4978 neque
2958 4925 2986 4962 a
3016 4907 3391 4978 superioribus
3416 4905 3646 4962 Consu-

2031 5000 2194 5068 libus,
2227 5017 2401 5071 neque
2428 5017 2454 5054 a
2488 5003 2639 5056 nobis
2667 5012 2790 5056 ante
2821 5002 3137 5056 hodiernum
3165 5001 3307 5056 diem
3337 5000 3650 5054 collocare-

2036 5104 2142 5149 tur.
2178 5115 2195 5146 »
2230 5093 2422 5167 (Ibid)
2467 5095 2657 5150 Nonne
2693 5095 2836 5149 enim
2878 5097 2960 5148 liis
3002 5095 3085 5150 vel
3123 5095 3252 5149 solis
3295 5093 3474 5148 verbis
3518 5100 3647 5149 tota

2036 5190 2374 5245 ethnicorum
2410 5191 2677 5245 levissima
2710 5189 2950 5257 profecto
2977 5189 3316 5243 ratiocinatio
3344 5186 3501 5256 plane
3531 5200 3647 5254 pe-

2037 5282 2289 5350 nitusque
2314 5282 2652 5335 infirmatur?
2683 5281 2874 5335 Nonne
2897 5281 2981 5334 illa
3007 5277 3302 5334 Consulum
3335 5276 3650 5332 aliorumve

2038 5376 2360 5446 negligentia
2404 5375 2838 5432 manifestissime
2871 5376 3060 5446 probat
3101 5384 3356 5444 quantum
3393 5371 3650 5442 gentiles

2041 5468 2386 5539 haruspicum
2443 5470 2656 5522 oracula
2703 5485 2767 5524 ac
2817 5468 3219 5537 praedictiones,
3273 5477 3434 5536 atque
3486 5463 3632 5519 illud

2042 5561 2190 5617 Jovis
2221 5562 2569 5618 simulacrum
2605 5562 3012 5631 parvifeccrint?

2045 5641 2048 5645 ’
2110 5655 2379 5712 Caeterum
2413 5661 2522 5725 jam
2561 5657 2892 5712 ostendimus
2921 5666 3086 5711 totam
3120 5657 3278 5720 hanc,
3312 5669 3470 5725 quam
3499 5669 3648 5725 gen.

2042 5752 2167 5807 tiles
2207 5752 2590 5808 validissimam
2632 5767 2752 5808 esse
2793 5752 3074 5822 putabant,
3118 5749 3648 5821 argumentationem

2041 5847 2145 5903 alia
2175 5847 2383 5904 ratione
2409 5847 2476 5905 ab
2506 5846 2736 5903 Minucio
2762 5846 2960 5916 Felice,
2988 5846 3213 5916 aliisque
3237 5843 3470 5916 antiquis
3496 5844 3645 5914 scri-
