3872 6348
200 378 307 433 600

1449 373 1514 431 ΙΝ
1552 369 1929 441 AllNOBlUM,
1967 372 2121 429 CAP.
2154 362 2295 429 XXI.

3422 377 3527 429 till)

198 496 455 565 pter-ibus
499 494 707 551 nostris
750 494 939 550 everti.
986 491 1168 549 Multis
1209 491 1473 562 siquidem
1518 493 1815 564 validisque
1843 496 1895 555 Α
1992 491 2264 546 Lucianus
2313 502 2443 559 ergo
2488 489 2647 559 longe
2690 485 2887 558 potiori
2922 486 3134 543 ratione
3173 500 3302 544 suos
3339 487 3532 544 irridet

201 586 483 641 rationum
537 585 893 641 ﬁrmamentis
934 585 1329 651 demonstrant,
1379 587 1423 640 si
1463 586 1593 657 quid
1636 586 1719 640 bis
1761 588 1812 642 in

199 677 465 732 omnibus
498 678 839 744 inusitatum,
867 688 921 734 et
948 692 1103 733 extra
1131 688 1451 733 consuetum
1484 689 1690 734 natural
1721 695 1813 734 or-

198 766 392 825 dinem
421 768 628 825 factum
655 769 837 837 fuerit,
866 770 996 826 illud
1021 786 1185 827 omne
1210 769 1516 826 daemonum
1539 770 1817 828 fraudibus

197 874 268 915 ac
288 861 588 934 praestigiis
604 876 727 919 esse
755 860 1123 919 tribuendum.
1156 866 1257 917 Ast
1283 862 1417 918 nulli
1443 872 1591 919 certe
1620 864 1814 919 mirum

200 952 383 1008 videri
423 952 614 1019 debet,
657 957 705 1009 si
744 969 883 1009 unus
914 954 1164 1025 idemque
1192 954 1473 1026 gentilium
1514 971 1669 1011 error
1698 956 1816 1026 plu-

198 1045 359 1102 ribus
396 1048 735 1119 argumentis
775 1049 1117 1105 convellatur
1152 1052 1475 1121 penitusque
1510 1049 1818 1106 destruatur

203 1136 456 1209 (Dissert.
489 1141 549 1195 in
577 1139 777 1196 Minue.
814 1140 1020 1205 Oetam,
1047 1158 1163 1212 cap.
1197 1142 1285 1211 l9,
1319 1151 1421 1195 art.
1457 1158 1473 1196 ι
1501 1152 1548 1196 et
1574 1140 1655 1214 ιι).

818 1254 1047 1313 CAPUT
1084 1253 1232 1311 XXI.

720 1372 795 1435 De
823 1372 1026 1443 templis
1051 1372 1337 1443 gentilium.

754 1500 1044 1543 ARTICULUS
1081 1501 1295 1542 PBIIUS.

208 1624 405 1685 Quibus
426 1627 740 1688 argumentis
757 1623 1003 1675 Arnobius
1022 1624 1253 1688 ostendat
1263 1619 1399 1672 nulla
1418 1619 1821 1688 diisazdillcanda

273 1701 392 1750 esse
420 1684 624 1750 templa,
651 1700 817 1750 neque
837 1685 1099 1750 tuguriola,
1128 1700 1295 1750 neque
1318 1685 1587 1750 conclavia,
1610 1692 1696 1734 aut
1718 1684 1820 1734 cel-

276 1749 432 1811 lulas;
452 1746 542 1800 ubi
559 1748 623 1797 de
651 1746 820 1811 primis
858 1746 1064 1798 déorum
1098 1746 1296 1811 templis
1324 1754 1377 1811 et
1400 1746 1531 1806 aliis,
1550 1759 1663 1809 qua:
1689 1760 1822 1811 mor-

276 1809 478 1862 tuorum
523 1809 779 1861 dumtaxat
822 1811 1074 1861 hominum
1096 1809 1322 1872 sepulcra
1346 1809 1549 1859 fuerunt
1571 1823 1583 1858 :
1613 1815 1731 1858 item
1756 1810 1822 1858 de

1917 582 2172 653 gentiles,
2213 582 2304 652 qui
2346 581 2544 649 templa
2592 578 2698 633 diis
2742 594 2799 634 se
2845 577 3148 633 fabricasse
3187 578 3530 643 asserebant,

1918 690 1987 730 ne
2010 675 2163 730 tectis
2191 684 2282 728 aut
2309 673 2592 744 penatibus
2611 680 2861 727 carerent
2878 669 3146 743 (Lucium,
3173 671 3234 725 de
3257 671 3524 739 Βασίμα,

1918 784 2040 838 pag.
2075 765 2227 839 185).
2257 765 2493 821 Τὶιιιειιδ
2521 772 2724 831 autem,
2759 773 2895 819 teste
2923 762 3105 819 adhuc
3128 764 3415 829 Cicerone,
3445 763 3528 818 vel

1918 867 1978 913 ut
2006 869 2192 914 narrat
2216 859 2560 925 Plutarchus,
2592 857 2849 928 Hegesias
2878 857 3207 928 Magnesius,
3240 856 3411 913 libere
3438 858 3528 926 jo-

1920 952 2225 1015 culabatur,
2256 968 2378 1008 cum
2410 952 2546 1007 dixit
2577 952 2761 1007 Dianae
2791 952 3037 1022 Ephesiae
3069 952 3330 1021 templum
3356 951 3529 1006 delia-

1917 1048 2180 1115 gravisse,
2200 1046 2322 1118 quia
2341 1062 2457 1101 cum
2472 1047 2526 1100 in
2543 1056 2695 1115 partu
2720 1044 3064 1117 Olympiadis,
3085 1047 3275 1099 matris
3290 1044 3529 1101 Alexan-

1918 1136 2001 1192 dri
2043 1138 2241 1209 Magni,
2290 1141 2469 1193 adesse
2511 1139 2773 1205 voluisset,
2813 1137 3058 1207 abfuisset
3102 1138 3273 1203 domo,
3313 1137 3367 1192 id
3420 1146 3525 1203 est,

1920 1232 2124 1303 templo
2153 1247 2254 1287 suo
2288 1231 2501 1304 (ϐείω,
2536 1232 2624 1286 lib.
2660 1248 2696 1287 ιι
2725 1232 2789 1285 de
2814 1230 3008 1285 Natur.
3042 1231 3214 1297 deor.,
3247 1248 3370 1301 pag.
3398 1230 3525 1298 224,

1926 1328 2021 1382 lin.
2062 1328 2168 1392 26;
2210 1327 2508 1393 Plutarch.,
2542 1330 2598 1382 in
2643 1328 2746 1381 Vit.
2792 1328 2941 1382 Alex.
2976 1324 3183 1397 Μαρια,
3215 1344 3338 1398 pag.
3370 1325 3525 1395 665).

1920 1419 2184 1488 Quamvis
2213 1434 2397 1477 autem
2428 1422 2645 1493 quidam
2677 1420 2963 1491 peritiores
2996 1420 3197 1475 ethnici
3228 1419 3347 1473 haec
3380 1419 3533 1474 simi-

1923 1513 2049 1570 liter
2100 1514 2403 1582 irriserint;
2452 1526 2681 1572 caeteros
2724 1525 2903 1571 tamen
2954 1530 3148 1570 omnes
3191 1517 3306 1570 hac
3348 1513 3533 1585 opinio

1923 1608 2140 1676 penitus
2188 1621 2502 1680 pervaserat
2542 1610 2674 1667 deos
2713 1624 2843 1665 suos
2888 1625 2997 1663 non
3042 1624 3164 1664 esse
3212 1608 3532 1675 immensos,

1923 1710 2087 1769 atque
2118 1700 2323 1756 idcirco
2360 1701 2592 1772 quodam
2641 1702 2761 1757 loco
2796 1699 2998 1756 includi
3037 1711 3092 1754 et
3118 1698 3533 1771 comprehendi.

1996 1790 2360 1859 Quamobrem
2382 1793 2437 1849 hi
2460 1794 2649 1850 iisdem
2671 1794 2776 1849 diis
2799 1794 2912 1849 suis
2933 1807 3042 1848 non
3059 1792 3538 1862 sumptuosissima

585 1874 760 1957 Apidis
776 1876 994 1957 tumulo;
1022 1881 1076 1923 et
1088 1872 1508 1957 ’capi‘t‘oliobquod
1527 1874 1591 1924 ab
1618 1873 1821 1922 invento

1962 1886 2303 1941 mtummodo
2334 1891 2532 1957 templa
2560 1885 2937 1943 condederant
2961 1927 2977 1953 ,
3008 1885 3126 1951 sed,
3160 1895 3217 1939 ut
3258 1885 3335 1939 ait
3360 1886 3538 1940 Arno-

275 1936 390 1987 Toli
405 1938 573 2001 capite
588 1934 771 1987 dictum
795 1941 891 1999 est,
918 1934 1065 1999 atQue
1087 1935 1150 1985 de
1162 1934 1485 1998 ’polyandriis.

285 2066 432 2122 Deos
456 2064 743 2137 gentilium
772 2063 952 2119 nullos
977 2077 1044 2119 ac
1074 2062 1235 2133 plane
1268 2061 1670 2117 commentitios
1697 2075 1821 2119 esse

213 2174 337 2216 cum
376 2159 655 2216 Arnobius
694 2170 773 2215 tot
814 2158 1086 2228 tantisque
1116 2158 1418 2223 rationum,
1450 2156 1526 2211 uti
1568 2155 1819 2223 vidimus,

215 2256 515 2313 momentis
569 2254 925 2310 invictissime
973 2251 1455 2317 demonstraverit,
1503 2250 1650 2305 nulla
1700 2266 1825 2320 pro-

215 2350 360 2404 fecto
389 2363 532 2418 opus
565 2355 683 2403 erat
720 2347 824 2401 alia
853 2343 1343 2416 argumentatione,
1387 2359 1491 2414 qua
1533 2342 1643 2398 illis
1677 2343 1823 2397 nulla

216 2441 421 2511 templa
469 2439 783 2495 aediﬁcanda
829 2439 1101 2509 probaret.
1147 2436 1344 2493 Verum
1382 2436 1521 2491 ultra
1567 2435 1658 2493 ille
1699 2450 1824 2506 pro-

217 2534 489 2605 greditur,
522 2533 685 2605 idque
722 2532 1089 2604 peculiaribus
1125 2530 1452 2602 quibusdam
1493 2530 1827 2602 argumentis

216 2629 505 2685 evidenter
525 2628 783 2685 ostendit.
809 2627 1030 2698 Templa
1053 2626 1223 2693 enim,
1249 2626 1442 2697 inquit,
1467 2627 1513 2681 si
1533 2625 1639 2681 diis
1667 2625 1826 2681 alicui

218 2724 341 2778 usui
381 2737 507 2779 esse
535 2723 769 2794 possint,
802 2736 899 2777 cur
926 2736 1022 2792 per
1049 2720 1302 2793 plurima,
1331 2730 1620 2791 antequam
1658 2720 1828 2775 :cdili-

218 2825 500 2880 carentur,
534 2816 733 2871 saecula
766 2815 832 2871 iis
867 2813 1200 2870 caruerunt?
1228 2814 1441 2869 Primus
1472 2813 1671 2882 quippe
1701 2814 1828 2868 illo—

218 2924 340 2964 rum
373 2909 689 2974 fabricator,
720 2910 794 2963 ait
816 2908 1111 2973 Arnobius,
1146 2926 1166 2957 ‹
1200 2915 1293 2961 aut
1319 2905 1638 2961 Phoroneus
1663 2904 1829 2977 Aigy-

220 3004 389 3073 ptius,
431 3012 526 3058 aut
564 3002 780 3073 Merops
817 3002 914 3057 tibi
956 3001 1121 3056 fuisse
1163 3000 1593 3055 monstrabitur:
1623 3011 1737 3067 aut,
1774 3010 1832 3054 ut

222 3096 391 3151 tradit
408 3097 463 3151 in
486 3095 832 3151 Admirandis
853 3094 1051 3159 Varro,
1074 3093 1225 3150 lovis
1245 3092 1530 3165 progenies
1552 3093 1773 3149 Alaeus.
1806 3113 1826 3144 ι

223 3189 469 3261 (Ανηοὸη
503 3190 594 3244 lib.
624 3205 700 3255 vr,
736 3206 855 3260 pag.
888 3188 992 3244 l89
1028 3197 1075 3242 et
1109 3204 1283 3258 seqq.;
1315 3186 1482 3251 lbid.,
1520 3204 1641 3258 pag.
1676 3184 1829 3258 191.)

1926 1977 2067 2047 hius,
2110 1982 2387 2053 tuguriolo,
2429 1983 2691 2037 conclavia
2731 1990 2778 2036 et
2813 1982 3048 2047 cellulas,
3081 1980 3133 2035 id
3164 1988 3268 2045 est,
3314 1978 3537 2046 sacella,

1926 2086 2022 2128 seu
2076 2074 2313 2143 privatas
2364 2075 2623 2145 quasdam
2674 2076 2813 2129 intra
2858 2073 3144 2145 magnifica
3193 2073 3284 2128 illa
3335 2073 3541 2143 templa

1928 2162 2207 2232 mdiculas,
2238 2165 2325 2221 ubi
2347 2166 2566 2236 aliquod
2594 2166 2681 2221 dei
2710 2166 3011 2236 cujuSpiam
3038 2164 3393 2222 simulacrum
3421 2165 3541 2220 col-

1928 2254 2211 2311 locabatur
2250 2255 2495 2327 (Arnob.,
2538 2256 2629 2310 lib.
2673 2273 2744 2323 vr,
2778 2274 2901 2329 pag.
2942 2254 3096 2325 191).
3131 2256 3211 2312 Ex
3249 2260 3314 2312 A.
3365 2256 3544 2313 Gellio

1928 2347 2196 2417 siquidem
2247 2347 2507 2403 discimus
2558 2349 2891 2420 Scipionem,
2943 2349 3155 2405 scilicet
3200 2347 3539 2415 Africanum,

1930 2444 2152 2520 solitum
2204 2442 2370 2499 fuisse
2415 2443 2517 2498 sub
2564 2443 2944 2515 crepusculum
2991 2442 3045 2497 in
3093 2441 3419 2513 Capitolium
3464 2442 3545 2496 iu-

1930 2545 2096 2601 trare,
2129 2554 2147 2585 ‹
2177 2550 2243 2591 ac
2272 2534 2468 2605 jubere
2505 2537 2705 2606 aperiri
2747 2536 2941 2592 cellam
2971 2536 3143 2601 lovis,
3172 2551 3237 2591 ac
3265 2536 3337 2591 ibi
3367 2537 3542 2592 solum

1930 2626 2022 2683 diu
2050 2631 2271 2697 morari,
2318 2630 2471 2700 quasi
2515 2630 2913 2685 consultantem
2965 2629 3032 2684 de
3078 2628 3375 2699 Republica
3419 2646 3544 2685 cum

1932 2720 2087 2778 Jove.
2116 2742 2135 2774 ι
2161 2722 2247 2795 (Α.
2270 2721 2430 2787 (ΜΔ,
2454 2722 2544 2776 lib.
2582 2737 2653 2777 vu
2675 2720 2833 2776 Noct.
2853 2725 3021 2789 attic.,
3040 2739 3157 2792 cap.
3182 2739 3220 2789 t,
3243 2740 3367 2796 pag.
3388 2722 3543 2795 596.)

1931 2814 2084 2883 Quod
2123 2815 2340 2885 quidem
2373 2815 2443 2869 ab
2477 2814 2647 2881 Livio,
2683 2814 2899 2870 Valerio
2936 2815 3191 2883 Maximo,
3235 2826 3291 2871 et
3324 2816 3549 2872 Aurelio

1933 2905 2155 2967 Victore
2181 2907 2553 2963 confirmatur.
2590 2907 2696 2962 Sed
2726 2907 2868 2963 haud
2898 2906 3210 2978 infrequens
3240 2909 3382 2978 apud
3410 2909 3549 2966 alios

1934 3000 2228 3068 scriptores
2260 2999 2450 3054 barum
2481 2999 2803 3055 cellularum
2839 3001 3045 3055 mentio
3076 2998 3241 3069 (Liv..
3270 3000 3360 3055 lib.
3390 3017 3547 3071 xxvi,

1935 3108 2052 3161 cap.
2093 3092 2193 3157 l9;
2239 3092 2359 3147 Val.
2395 3092 2571 3160 Mam,
2610 3094 2701 3147 lib.
2737 3108 2793 3160 ιι,
2826 3109 2945 3164 cap.
2975 3094 3031 3159 2,
3062 3092 3090 3165 §
3119 3093 3185 3159 2;
3216 3095 3345 3149 Aur.
3388 3095 3549 3164 γὸτι,

1936 3178 2005 3241 de
2035 3186 2142 3240 Vir.
2168 3187 2352 3251 ξηαπ..
2383 3204 2499 3254 cap.
2528 3185 2642 3258 49).
2676 3188 2875 3257 Siquis
2901 3198 3080 3243 tamen
3110 3190 3414 3258 probaverit
3448 3194 3552 3247 Ar-

221 3281 399 3337 Antca
430 3297 560 3337 vero
591 3282 849 3337 Clemens
876 3280 1286 3336 Alexandrinus
1336 3280 1549 3335 dixerat
1579 3278 1833 3351 (Clemens
1862 3278 1907 3340 C
1940 3278 2161 3334 nobium
2205 3281 2475 3349 tugurioli,
2518 3280 2796 3345 conclavis,
2840 3290 2886 3334 et
2934 3281 3155 3346 cellula,
3200 3284 3439 3350 nomine,
3480 3284 3551 3341 dc

222 3376 540 3442 Almanam,
573 3376 836 3429 Admonit.
870 3376 938 3429 ad
968 3386 1134 3447 ραι..
1159 3391 1276 3446 cap.
1306 3373 1403 3444 28)
1440 3390 1455 3428 :
1503 3372 1614 3429 Εἴτε
1666 3387 1836 3451 Φορω-

222 3472 340 3529 νεὺς
364 3471 550 3530 ἐκεῖνος
577 3467 657 3535 ἦν,
694 3468 793 3524 εἴτε
821 3469 1017 3546 Μέροψ,
1046 3468 1145 3525 εἴτε
1177 3466 1322 3529 ἄλλός
1348 3490 1427 3529 τις
1447 3510 1460 3527 ο
1495 3468 1541 3523 οἳ
1568 3475 1715 3534 “(bis
1749 3474 1836 3525 καί

226 3562 435 3633 βωμοὺς
476 3563 767 3619 ἀνέστησαν
806 3563 999 3621 αὐτοῖς.
1041 3559 1148 3615 Seu
1186 3558 1493 3615 Phoroneus
1532 3560 1620 3614 ille
1658 3564 1833 3631 fuerit,

225 3669 312 3707 seu
345 3652 577 3724 Merops,
605 3670 693 3708 seu
727 3654 911 3723 aliquis
944 3653 1098 3717 alius,
1120 3654 1210 3724 qui
1235 3652 1308 3707 eis
1338 3664 1616 3724 posuerunt
1648 3655 1836 3723 templa

228 3754 273 3798 et
311 3747 522 3800 altaria.
568 3747 675 3803 Sed
720 3746 788 3802 de
830 3746 1001 3816 prima
1042 3748 1365 3816 templorum
1398 3746 1631 3817 origine,
1674 3756 1729 3801 ct
1767 3749 1837 3803 de

229 3839 399 3896 [Eaco
444 3839 571 3895 alibi
601 3839 998 3908 disputavimus
1026 3837 1092 3909 (Τ
1096 3855 1197 3893 om.
1232 3857 1249 3895 1
1281 3839 1561 3909 Apparat.,
1585 3856 1705 3910 pag.
1731 3839 1836 3894 7'22

230 3942 276 3986 et
307 3951 469 4005 seqq.,
502 3942 551 3988 et
580 3950 703 4005 pag.
735 3930 924 4004 1118).

299 4028 533 4099 Quoquo
576 4038 758 4082 autem
807 4036 1052 4098 tempore
1084 4028 1281 4098 templa
1313 4027 1417 4083 diis
1448 4028 1691 4083 construi
1722 4043 1833 4085 coe-

232 4122 431 4192 perint.
462 4122 808 4193 quantumvis
832 4122 943 4176 sint
969 4122 1273 4193 magnifica,
1305 4124 1655 4193 quantumvis
1682 4139 1833 4191 auro,

232 4222 287 4267 ct
334 4214 566 4282 gemmis
622 4214 913 4285 fulgentia;
968 4223 1184 4270 constat
1240 4229 1372 4270 sane
1427 4232 1613 4272 verum
1670 4217 1837 4272 Deum

236 4309 384 4363 nullo
458 4325 696 4380 unquam
766 4325 924 4379 posse
980 4310 1199 4365 includi.
1271 4309 1595 4365 Persuasum
1657 4319 1837 4366 tamen

240 4403 438 4458 ethnici
462 4403 880 4459 babebantdeos
910 4418 1038 4459 suos
1060 4404 1167 4459 illis
1196 4414 1338 4458 totos
1369 4405 1837 4474 concludi,quem-

237 4496 526 4553 admodum
569 4498 620 4551 in
668 4497 919 4552 domibus
988 4498 1103 4552 suis
1158 4497 1428 4552 homines.
1479 4497 1653 4552 Falsa:
1694 4500 1837 4554 enim

239 4588 393 4660 hujus
425 4591 701 4661 opinionis
732 4600 899 4646 testes
928 4606 1089 4662 quam
1123 4592 1385 4661 plurimos
1415 4601 1473 4646 ut
1502 4593 1837 4659 omittamus,

1937 3376 2118 3445 parvis
2147 3373 2378 3440 aedibus,
2410 3392 2529 3445 qua:
2558 3375 2860 3431 minoribus
2885 3376 2990 3432 diis
3016 3380 3257 3435 construi
3280 3381 3548 3446 solebant,

1936 3484 2057 3524 esse
2085 3484 2300 3539 quoque
2329 3468 2765 3539 intelligendum,
2802 3469 2927 3525 huic
2964 3486 3071 3525 non
3112 3472 3550 3541 prorsuslrefra-

1936 3560 2200 3631 gabimur.
2246 3560 2355 3616 Sed
2402 3575 2627 3617 necesse
2672 3571 2757 3617 est
2805 3570 2863 3616 ut
2892 3576 3085 3617 omnes
3114 3561 3389 3621 fateantur
3427 3566 3556 3621 illos

1936 3668 2099 3708 veros
2137 3654 2269 3708 deos
2300 3668 2408 3708 non
2449 3668 2593 3720 esse,
2623 3668 2760 3724 quos
2788 3653 3022 3725 gentiles
3058 3656 3172 3711 sive
3202 3658 3401 3726 parvis,
3436 3659 3552 3713 sive

1938 3745 2189 3801 maximis
2248 3746 2455 3801 aedibus
2510 3755 2565 3801 et
2622 3748 2837 3817 templis
2892 3746 3092 3803 includi
3148 3763 3308 3819 posse
3359 3751 3552 3805 existi-

1940 3837 2177 3891 mabant.

2011 3932 2196 4004 Neque
2245 3943 2433 3989 censet
2472 3934 2745 3990 Arnobius
2790 3936 3092 3992 audiendos
3133 3952 3256 3993 esse
3299 3939 3551 4009 gentiles,

1940 4029 2030 4098 qui
2074 4026 2481 4097 reSpoudebant
2515 4043 2575 4083 se
2616 4028 2721 4083 diis
2766 4032 2961 4101 templa
2994 4031 3296 4097 aediﬁcare;
3336 4044 3393 4087 ut
3429 4052 3554 4091 cum

1940 4122 2040 4188 eis,
2072 4122 2141 4177 ibi
2168 4121 2572 4192 quodammodo
2600 4122 2984 4192 prsesentibus,
3015 4140 3199 4179 coram
3230 4136 3278 4180 ct
3312 4129 3557 4185 coruinus

1940 4217 2402 4287 colloquerentur,
2451 4232 2515 4272 ac
2562 4216 2635 4272 dii
2684 4218 2807 4273 illos
2858 4218 2927 4274 de
2976 4224 3225 4290 proximo
3271 4226 3557 4295 loquentes

1940 4310 2211 4365 audirent.
2248 4310 2428 4366 Verus
2467 4311 2749 4366 enimvero
2788 4312 2951 4376 Deus,
2984 4314 3305 4385 immensus,
3346 4330 3401 4374 et
3438 4319 3558 4373 ubi-

1942 4420 2046 4474 que
2094 4420 2333 4473 prtcsens
2363 4405 2513 4459 audit
2555 4404 2803 4459 homines
2843 4410 3271 4476 quoscmnlibet,
3310 4428 3557 4483 quaeque

1945 4495 1997 4550 in
2032 4496 2215 4551 mundi
2248 4507 2401 4567 parte
2435 4498 2719 4567 loquentes
2748 4507 2802 4551 et
2838 4511 3140 4567 precantes,
3175 4512 3337 4573 atque
3375 4507 3557 4560 omnia

1944 4591 2104 4645 etiam
2137 4607 2325 4647 eorum
2356 4592 2588 4663 cogitata
2613 4593 2832 4662 penitus
2865 4598 3165 4665 cognoscit.
3195 4598 3383 4670 Neque
3410 4604 3556 4657 enim

240 4685 362 4755 quid
399 4685 601 4741 clarius
648 4686 731 4740 bis
774 4686 1053 4741 Ciceronis
1098 4685 1314 4741 verbis?
1348 4707 1366 4736 ‹
1402 4685 1619 4741 Patrum
1664 4687 1841 4757 (aliter
1866 4673 1920 4736 D
1946 4683 2054 4749 ille,
2084 4684 2222 4739 sicut
2247 4684 2462 4754 Jupiter
2493 4685 2730 4755 tingitur,
2755 4698 3030 4741 cmuatum
3064 4690 3213 4744 venit
3240 4692 3305 4746 ad
3335 4692 3556 4749 [Ethio-

242 4779 487 4855 deorum)
514 4780 736 4837 delubra
770 4797 892 4837 esse
916 4784 966 4836 in
994 4780 1217 4836 urbibus
1245 4796 1443 4836 censeo
1471 4800 1483 4835 :
1512 4797 1611 4837 nec
1642 4796 1841 4851 sequor

243 4874 418 4945 Magos
449 4875 767 4939 Persarum,
809 4875 1003 4945 quibus
1046 4874 1356 4930 auctoribus
1391 4874 1599 4929 Xerxes
1631 4876 1838 4929 inflam-

246 4983 416 5023 masse
446 4968 651 5039 templa
679 4968 901 5024 Gra‘cize
924 4969 1143 5035 dicitur,
1174 4969 1317 5039 quod
1350 4969 1642 5037 parietibus
1671 4968 1840 5022 inclu—

246 5060 431 5119 derent
456 5064 614 5127 deos,
644 5064 839 5133 quibus
862 5064 1038 5119 omnia
1063 5064 1323 5119 deberent
1348 5078 1468 5118 esse
1500 5062 1731 5131 patentia
1777 5078 1841 5117 ac

247 5152 428 5224 libera,
462 5172 805 5227 quorumque
828 5155 915 5210 hic
942 5157 1177 5212 mundus
1206 5156 1384 5210 omnis
1412 5154 1666 5223 templum
1699 5162 1843 5208 esset

250 5262 301 5307 et
324 5252 532 5309 domus.
565 5251 754 5307 Melius
775 5252 947 5307 Graeci
974 5261 1134 5323 atque
1159 5253 1352 5318 nostri,
1378 5253 1467 5321 qui
1499 5260 1557 5306 ut
1582 5259 1843 5321 augerent

252 5349 499 5418 pietatem
530 5348 585 5403 in
619 5349 770 5409 deos,
804 5347 1023 5403 easdem
1054 5347 1197 5411 illos,
1233 5362 1295 5401 ac
1327 5362 1449 5411 nos,
1487 5345 1649 5399 urbes
1689 5346 1839 5399 inco-

250 5439 357 5497 lere
383 5443 691 5498 voluerunt.
736 5438 924 5494 Adfert
964 5440 1105 5494 enim
1149 5439 1265 5493 hate
1300 5438 1483 5507 Opinio
1527 5435 1842 5505 religionem

251 5535 426 5591 utilem
449 5534 775 5590 civitatibus.
807 5552 825 5585 ι
849 5531 1061 5605 (Cicer..
1088 5532 1174 5585 lib.
1200 5548 1235 5586 ιι
1260 5532 1320 5584 de
1345 5529 1543 5600 Legib.,
1569 5547 1687 5599 pag.
1710 5528 1837 5591 3'55,

255 5626 345 5681 lin.
372 5628 487 5697 44.)
515 5627 622 5683 Sed
654 5627 739 5681 hic
767 5642 993 5681 acumen
1016 5625 1386 5681 desideramus
1416 5623 1719 5687 Ciceronis,
1752 5621 1841 5691 qui

256 5720 535 5785 nesciebat,
571 5731 663 5775 aut
692 5722 874 5792 potius
901 5719 1111 5775 nescire
1135 5733 1194 5773 se
1222 5717 1619 5782 dissimulabat,
1657 5710 1855 5771 verum

260 5809 419 5867 Deum
456 5829 574 5870 esse
614 5814 961 5877 immensum,
998 5811 1305 5881 nulliusque
1339 5809 1440 5865 loci
1482 5808 1655 5879 spatio
1686 5822 1846 5879 posse

258 5905 628 5965 circumscribi.

1946 4792 2060 4846 pas,
2087 4777 2251 4832 immo
2278 4794 2407 4835 vero
2440 4778 2616 4835 locum
2643 4791 2855 4835 mutare
2884 4798 3175 4852 numquam
3209 4796 3387 4857 potest
3415 4789 3559 4851 (Ηυο

1946 4888 2099 4935 mer.,
2121 4870 2280 4925 Iliad.
2330 4888 2369 4935 ι,
2404 4872 2647 4943 ρίι9.20;
2697 4872 2937 4939 ιτωῑωτ..
2982 4877 3045 4928 de
3068 4877 3331 4945 Sacri/ia,
3358 4900 3411 4952 p.
3438 4882 3559 4948 180';

1947 4964 2162 5018 Diodor.
2222 4964 2412 5029 Sicul.,
2492 4966 2579 5019 lib.
2632 4982 2645 5018 ι
2696 4964 2973 5035 Biblioth.,
3018 4988 3139 5038 pag.
3185 4973 3281 5038 62;
3345 4975 3557 5043 Alliam,

1946 5058 2035 5111 lib.
2084 5074 2173 5111 Vfll
2235 5056 2509 5126 Deipnos.,
2557 5075 2675 5129 pag.
2724 5058 2864 5126 565;
2910 5060 3061 5133 (ἐι-89.
3112 5061 3295 5133 Naz.,
3342 5078 3472 5122 orat.
3531 5068 3556 5124 l

1946 5152 1997 5204 in
2023 5150 2159 5217 Jul.,
2193 5168 2313 5222 pag.
2343 5150 2497 5217 265).

2016 5242 2185 5297 Instat
2216 5243 2485 5297 Arnobius
2514 5259 2581 5299 ex
2613 5244 2713 5300 hac
2741 5246 3106 5315 ethnicorum,
3140 5251 3229 5321 qui
3271 5252 3403 5309 deos
3433 5272 3561 5312 suos

1946 5338 2065 5394 loco
2095 5339 2297 5391 moveri
2328 5338 2647 5402 credebant,
2680 5340 2939 5410 opinione
2969 5345 3120 5413 sequi
3162 5360 3312 5413 Spem
3357 5350 3561 5406 nullam

1948 5430 2256 5485 hominibus
2287 5431 2547 5500 reliquam
2581 5430 2717 5498 fore,
2753 5442 2811 5487 ut
2842 5434 2909 5487 ab
2952 5436 3054 5491 illis
3083 5439 3392 5495 audiantur.
3426 5443 3556 5497 Plu-

1948 5526 2081 5579 rima
2124 5525 2326 5579 etenim
2370 5526 2460 5579 uni
2501 5526 2787 5595 eidemque
2834 5529 2943 5583 Deo
2987 5531 3037 5583 in
3084 5531 3326 5592 diversis,
3360 5544 3416 5590 et
3444 5553 3470 5590 a
3501 5554 3561 5593 se

1952 5619 2177 5673 invicem
2223 5618 2599 5673 remotissimis
2644 5630 2799 5675 terra:
2832 5623 3145 5692 regionibus
3191 5628 3361 5695 posita
3405 5640 3561 5686 erant

1956 5712 2174 5779 templa,
2208 5710 2259 5763 in
2288 5726 2517 5780 quorum
2548 5712 2831 5768 dumtaxat
2860 5730 2967 5769 uno
2994 5716 3143 5771 illum
3172 5718 3415 5775 habitare
3442 5724 3557 5792 θρῖα

1957 5803 2242 5857 nalumtur.
2276 5801 2392 5855 Non
2424 5803 2560 5859 alios
2593 5806 2793 5876 itaque,
2826 5822 2985 5876 quam
3015 5810 3107 5879 qui
3136 5812 3189 5865 iu
3224 5810 3391 5867 hocce
3422 5824 3560 5869 tem-

1960 5896 2047 5967 plo
2084 5894 2331 5959 orabant,
2370 5894 2503 5952 deus
2546 5898 2637 5953 ille
2675 5898 2863 5955 audire
2904 5908 3138 5970 poterat.
3179 5902 3403 5960 Frustra
3430 5922 3557 5984 ergo
