3872 6352
323 353 417 408 6H

1565 348 2020 411 lllSSERTATlO
2047 353 2329 410 PBIEVIA

3511 360 3623 413 619.

319 467 406 522 alii
451 465 695 524 homines
739 467 884 523 illum
928 468 1050 524 aliis
1093 470 1450 539 precabantur
1495 472 1548 524 itt
1596 471 1831 541 templis,
1879 486 1906 522 a
1937 469 2067 529 Act
2093 471 2311 526 Arnobii
2352 471 2530 524 locum
2572 471 2932 536 exhibemus;
2975 479 3030 526 ut
3068 472 3138 527 ab
3165 472 3424 529 omnibus
3453 471 3618 529 facile

319 562 512 631 quibus
553 563 771 626 absens,
815 563 1068 633 nequibat
1110 563 1229 617 illos
1270 563 1479 630 audire,
1521 564 1694 618 multo
1737 562 1914 618 minus

319 652 518 721 aliquid
548 669 736 708 eorum
769 655 1065 713 concedere
1096 655 1397 724 postulatis.

392 745 500 801 Sed
537 756 814 803 auctorem
848 758 1085 804 nostrum
1127 748 1386 803 Ethnicos
1414 748 1592 804 adhuc
1633 757 1912 819 urgentem

322 855 632 911 sequamur.
666 842 907 911 Templa,
933 843 1106 912 inquit
1126 843 1364 908 (Arnob,
1394 843 1480 896 lib.
1508 859 1582 908 vr,
1611 860 1730 913 pag.
1764 842 1914 912 195),

325 945 380 990 et
421 935 644 1001 delubra
689 937 912 993 deorum
962 947 1087 991 sunt
1127 947 1464 992 mortuorum
1513 935 1792 990 hominum
1824 950 1915 992 se-

327 1027 509 1094 pulcra
532 1069 548 1093 ,
578 1027 661 1081 vel
691 1026 827 1080 sicut
866 1028 983 1096 ipse
1010 1028 1267 1098 loquitur,
1311 1039 1630 1081 mortuorum
1656 1029 1918 1095 superlata

326 1121 500 1174 bustis.
528 1117 768 1175 Gentiles
811 1118 990 1187 itaque
1031 1123 1080 1175 in
1113 1121 1258 1176 hisce
1291 1121 1527 1190 templis,
1566 1133 1660 1176 aut
1698 1139 1790 1192 pro
1817 1123 1917 1176 diis

323 1211 691 1277 immortalibus
729 1212 976 1270 colebant
1007 1223 1247 1270 mortuos
1286 1214 1559 1282 homines,
1601 1224 1693 1269 aut
1728 1224 1916 1270 contra

323 1320 510 1370 eorum
550 1303 734 1368 decus,
768 1305 874 1360 illis
915 1307 1217 1362 viventibus
1256 1317 1502 1362 mortuos
1539 1307 1786 1369 homines
1824 1322 1912 1363 so-

322 1399 434 1452 cios
463 1395 825 1466 adjungebant
849 1439 861 1462 ,
899 1398 983 1452 vel
1012 1406 1271 1469 utrosque
1298 1399 1544 1454 similiter
1572 1407 1626 1454 et
1652 1406 1915 1464 mortuos,

321 1499 376 1544 et
401 1490 638 1562 sepultos
671 1487 836 1544 fuisse
861 1489 1287 1546 arbitrabantur.
1331 1491 1462 1559 Qua:
1500 1502 1680 1545 autem
1719 1490 1916 1548 divine

322 1582 590 1650 ntajestati
628 1583 958 1637 contumelia
991 1582 1164 1652 major
1204 1583 1319 1639 ﬁeri
1350 1585 1596 1653 poterat?
1641 1583 1918 1654 Exemplis

324 1685 500 1729 tamen
531 1674 921 1744 propemodum
947 1675 1246 1730 innumeris
1269 1691 1394 1737 cum.
1416 1676 1684 1731 Arnobius
1711 1677 1762 1731 id
1790 1690 1916 1746 pro-

321 1769 450 1824 bare
489 1768 774 1837 potuisset,
818 1769 946 1822 satis
965 1769 1031 1822 ad
1057 1771 1392 1838 propositum
1436 1786 1590 1824 suum
1620 1784 1744 1825 esse
1765 1771 1919 1825 duxit

2018 562 2351 634 intelligatur
2388 562 2542 618 illum
2583 563 2652 618 ab
2691 565 2924 618 Auctore
2965 573 3152 619 nostro
3191 565 3615 636 transcriptum,

2017 670 2080 708 ac
2120 655 2284 709 latine
2324 655 2394 708 ita
2433 654 2699 710 redditum
2724 697 2739 723 ,
2780 665 2839 710 ut
2877 656 2979 710 alia
3014 657 3464 727 interpretatione
3505 673 3618 715 non

2017 761 2152 814 Opus
2177 749 2264 802 sit.
2289 745 2420 814 Qua:
2443 757 2622 803 autem
2644 747 2873 804 diversae
2892 748 2946 803 in
2969 750 3244 820 utriusque
3267 759 3414 804 textu
3439 751 3619 806 lcetio-

2019 856 2146 904 nes,
2193 855 2256 894 ac
2299 857 2418 909 qua:
2463 843 2692 897 obscura
2735 851 2790 898 et
2831 841 3076 898 diflieilia
3123 854 3444 908 occurrunt,
3489 844 3618 901 alibi

2017 934 2422 990 enueleavlmus
2452 935 2472 1007 (
2504 935 2650 990 Tom.
2682 953 2699 991 ι
2744 938 2994 1005 Apparat.
3017 978 3032 1003 ,
3066 937 3156 992 lib.
3187 953 3278 1006 ut,
3316 938 3523 992 dissert.
3556 939 3614 1005 l,

2017 1045 2132 1098 cup.
2160 1029 2214 1094 7,
2246 1039 2346 1083 art.
2370 1029 2424 1096 ὅ,
2451 1045 2570 1098 pag.
2603 1028 2708 1084 725
2734 1040 2779 1084 et
2805 1046 2942 1101 seqq.
2971 1031 3014 1099 ).

2091 1120 2205 1174 Duo
2235 1120 2442 1174 addidit
2470 1119 2771 1189 Arnobius,
2805 1131 2860 1176 et
2891 1123 3123 1191 primum
3155 1123 3374 1192 quidem
3407 1143 3421 1179 :
3450 1143 3470 1176 ι
3502 1124 3623 1181 Nec

2016 1223 2260 1267 exactam
2289 1212 2562 1268 desiderat
2590 1228 2798 1277 curam,
2823 1229 2981 1284 quam
3007 1215 3052 1268 is
3079 1229 3293 1285 poenam
3321 1218 3617 1273 constitue-

2017 1307 2089 1358 rit
2137 1303 2425 1376 Egyptius
2470 1307 2522 1359 in
2562 1321 2684 1360 eum
2728 1305 2820 1375 qui
2875 1306 3208 1374 publicasset
3249 1308 3440 1378 quibus
3480 1310 3618 1380 Apis

2011 1395 2221 1465 jaceret
2267 1397 2612 1453 absconditus
2664 1417 2682 1449 ι
2717 1398 2952 1465 (Arnob.
2983 1441 2997 1464 ,
3045 1401 3132 1453 lib.
3171 1417 3258 1466 vr,
3288 1417 3406 1472 pag.
3443 1403 3545 1458 164
3572 1402 3614 1473 ),

2019 1490 2071 1545 id
2102 1501 2225 1558 est,
2273 1492 2358 1546 ubi
2393 1493 2462 1546 sit
2497 1491 2684 1561 Apidis
2730 1493 3060 1562 sepulcrum.
3105 1494 3237 1563 Apis
3263 1503 3442 1550 autem
3471 1537 3487 1560 ,
3536 1495 3620 1549 uti

2018 1585 2215 1642 Strabo
2264 1587 2460 1657 aliique
2491 1587 2851 1641 testificantur
2870 1627 2886 1652 ,
2923 1586 3066 1644 idem
3093 1595 3176 1643 est
3201 1596 3360 1658 atque
3389 1589 3616 1658 Serapis

2019 1688 2071 1732 et
2101 1677 2271 1732 Osiris
2292 1721 2307 1745 ,
2340 1677 2406 1732 de
2433 1679 2586 1748 cujus
2623 1681 2873 1749 sepulcro
2896 1679 3040 1749 loqui
3068 1680 3366 1735 Arnobium
3393 1722 3406 1744 ,
3450 1695 3516 1736 ex
3549 1681 3621 1734 iis

2020 1771 2182 1839 plane
2208 1769 2608 1826 demonstratur
2629 1814 2644 1836 ,
2676 1787 2794 1843 qua:
2815 1772 2940 1828 alibi
2962 1773 3340 1828 annotavimus
3364 1773 3385 1846 (
3409 1772 3619 1840 Strab.,

321 1859 578 1914 nonnulla
624 1867 772 1913 certo
801 1862 1033 1925 certiora
1071 1861 1334 1930 seligere,
1376 1877 1494 1931 qua:
1535 1862 1677 1924 hunc
1719 1877 1911 1931 pr0po-
1944 1849 1991 1911 Β
2019 1863 2105 1917 lib.
2153 1880 2300 1929 xvtt,
2351 1882 2470 1936 pag.
2512 1865 2657 1932 807;
2708 1863 2926 1920 Dissert.
2979 1865 3030 1918 in
3077 1864 3273 1921 Minue.
3301 1907 3318 1931 ,
3361 1881 3476 1936 cap.
3521 1865 3618 1934 14,

319 1953 427 2009 sttit
465 1951 515 2004 in
555 1951 819 2004 modum:
853 1969 870 2002 ι
895 1950 952 2016 In
1007 1951 1351 2006 historiarum
1394 1953 1694 2012 Antiochus
1746 1969 1911 2021 nono,

321 2047 547 2102 Athenis
584 2045 636 2100 in
679 2046 937 2104 Minervio
969 2058 1236 2103 memorat
1275 2047 1574 2118 Cecropem
1614 2065 1737 2106 esse
1759 2066 1914 2104 man-

320 2139 503 2193 datum
545 2147 721 2194 terrm.
768 2139 824 2193 In
868 2140 1074 2210 templo
1113 2157 1302 2196 rursus
1341 2142 1586 2212 ejusdem
1617 2184 1632 2210 ,
1675 2143 1819 2214 quod
1859 2144 1911 2197 in

323 2247 448 2287 arce
475 2231 704 2286 Larissae
743 2240 846 2298 est,
889 2233 1140 2288 conditus
1172 2235 1424 2289 scribitur
1450 2245 1610 2305 atque
1650 2235 1915 2290 indicatur

324 2324 564 2379 Acrisius
609 2343 621 2378 :
666 2324 1012 2393 Erictltonius
1053 2327 1286 2386 Poliadis
1326 2329 1378 2382 in
1420 2328 1584 2396 fano;
1639 2330 1823 2384 Dairas
1861 2336 1916 2384 et

322 2419 580 2478 ltnmarus
609 2418 800 2474 fratres
828 2421 877 2473 in
909 2420 1168 2476 Eleusino
1206 2432 1466 2492 consepto
1492 2465 1506 2488 ,
1541 2423 1682 2490 quod
1714 2422 1915 2477 civitati

322 2511 625 2580 Sttbjectum
657 2524 761 2566 est.
802 2511 984 2577 Quid?
1032 2513 1180 2567 Celei
1211 2513 1448 2585 virgines
1486 2529 1592 2568 non
1621 2515 1675 2568 in
1700 2512 1914 2569 Cereris

325 2607 592 2661 Eleusium
634 2604 959 2664 humationis
1001 2606 1253 2662 habuisse
1294 2606 1646 2676 perhibentur
1693 2607 1913 2661 ollicia?

320 2682 441 2753 Non
469 2699 520 2753 in
565 2698 745 2758 Dianae
771 2698 1020 2763 delubro,
1063 2699 1205 2769 quod
1247 2700 1299 2753 in
1340 2701 1606 2771 Apollinis
1645 2702 1916 2756 constitu—

321 2805 430 2853 tutn
461 2801 545 2847 est
572 2791 706 2848 Delii
731 2833 744 2856 ,
791 2792 1126 2863 llypcrocha,
1169 2792 1507 2863 Laodiceque
1537 2835 1550 2857 ,
1592 2810 1726 2864 quas
1751 2794 1914 2849 adve-

320 2900 433 2943 ctas
472 2887 600 2944 illuc
628 2902 749 2943 esse
789 2888 984 2953 finibus
1009 2903 1076 2943 ex
1104 2887 1468 2957 Hyperboreis
1499 2887 1811 2944 indicatur?
1854 2889 1909 2943 In

323 2981 595 3050 llidymzeo
623 2979 827 3040 Milesio
864 2977 1188 3035 Clearchum
1216 2979 1345 3034 dicit
1385 2980 1633 3034 habuisse
1661 2995 1913 3051 suprema

320 3072 617 3129 Lrandrius
669 3072 896 3144 funeris.
963 3072 1368 3143 Leucophrynae
1409 3084 1818 3130 monumentum
1859 3077 1914 3130 in

319 3167 441 3220 fano
465 3165 604 3234 apud
630 3165 957 3235 Magnesiam
983 3166 1163 3219 Dianae
1186 3180 1307 3221 esse
1331 3165 1578 3238 Myndius
1607 3169 1907 3236 profitetur,

2017 1966 2116 2010 art.
2150 1957 2183 2010 4
2215 1957 2255 2024 ).

2091 2047 2344 2102 SeCundo
2365 2048 2634 2102 Arnobius
2652 2058 2884 2118 quatuor
2905 2057 3208 2117 auctorum,
3232 2048 3442 2104 scilicet
3463 2048 3620 2105 Sam-

2016 2141 2236 2203 moniei,
2270 2140 2476 2206 Cranii,
2502 2140 2802 2206 Valeriani,
2826 2151 2882 2196 et
2907 2141 3059 2196 Fabii
3091 2141 3403 2198 testimonio
3423 2142 3626 2213 probat

2016 2234 2262 2299 Capitolii
2310 2249 2505 2288 nomen
2549 2233 2850 2288 derivatum
2884 2233 3050 2288 fuisse
3077 2233 3146 2289 ab
3185 2233 3386 2291 effosso
3427 2244 3482 2289 et
3521 2233 3620 2288 in-

2015 2338 2178 2381 vento
2206 2328 2256 2380 in
2288 2326 2428 2380 illius
2469 2325 2833 2381 fundamentis
2861 2327 3037 2396 capite
3066 2325 3184 2382 Toli
3206 2370 3220 2393 ,
3253 2342 3412 2398 quem
3441 2343 3475 2382 a
3499 2326 3622 2383 fra-

2020 2421 2112 2474 tris
2137 2419 2219 2474 sui
2241 2420 2414 2473 servis
2440 2419 2676 2474 occisum
2701 2461 2716 2485 ,
2741 2419 2892 2474 cives
2925 2418 3260 2473 inhumatum
3277 2419 3621 2489 reliquerunt

2019 2511 2255 2580 (Arnob.
2283 2553 2297 2575 ,
2332 2510 2428 2564 loc.
2459 2511 2546 2564 cit.
2577 2555 2592 2576 ,
2639 2528 2758 2580 pag.
2805 2510 2909 2566 194
2937 2508 2978 2581 ).
3027 2510 3278 2565 Pluribus
3319 2526 3448 2566 vero
3491 2512 3623 2569 aliis

2018 2605 2244 2661 testibus
2295 2605 2347 2659 id
2398 2605 2553 2659 facile
2597 2613 2774 2674 potest
2821 2603 3156 2658 conﬁrmari.
3210 2602 3414 2660 Scribit
3461 2603 3623 2660 enim

2019 2699 2187 2752 Varro
2216 2716 2228 2751 :
2268 2717 2287 2750 ι
2325 2698 2648 2767 Capitoliutn
2696 2698 2897 2752 dictum
2921 2741 2934 2763 ,
2978 2697 3123 2768 quod
3154 2697 3242 2752 hic
3271 2713 3395 2753 cum
3424 2695 3623 2752 funda-

2019 2802 2198 2846 menta
2234 2791 2547 2846 foderentur
2575 2791 2706 2846 aedis
2733 2790 2883 2846 Jovis
2918 2803 3081 2861 caput
3106 2791 3400 2847 humanum
3424 2793 3627 2848 inven-

2019 2895 2128 2939 tutu
2157 2884 2373 2940 dicitur.
2413 2902 2431 2934 ›
2471 2884 2652 2939 Livius
2693 2899 2822 2939 vero
2851 2901 2870 2938 :
2905 2903 2923 2936 ι
2953 2883 3053 2939 Hic
3089 2883 3412 2954 Capitolium
3447 2895 3553 2950 est,
3593 2905 3615 2938 ν

2018 2980 2208 3048 inquit,
2237 2997 2256 3030 ι
2290 2979 2378 3034 ubi
2411 2980 2680 3049 quondam
2707 2980 2883 3050 capite
2915 2978 3153 3034 humano
3192 2981 3445 3044 invento,
3491 2994 3625 3036 res—

2017 3086 2248 3140 ponsum
2276 3081 2361 3126 est
2383 3112 2397 3136 ,
2429 3086 2493 3126 eo
2525 3071 2647 3126 loco
2676 3080 2837 3140 caput
2867 3086 3050 3125 rerum
3074 3110 3090 3136 ,
3116 3084 3490 3140 summamque
3509 3069 3626 3125 im-

2019 3162 2150 3231 perii
2194 3162 2328 3217 fore.
2365 3182 2383 3214 ι
2416 3162 2615 3218 Verum
2645 3163 2762 3218 haec
2802 3162 2975 3218 fusius
3007 3177 3040 3216 a
3079 3161 3336 3233 Dionysio
3373 3161 3628 3218 Halicar-

318 3276 379 3316 ac
417 3229 682 3315 memorat
718 3229 891 3314 'Zeno.
943 3259 1055 3314 Sub
1101 3229 1762 3330 Apollinis'arula,-qu:e
1793 3229 1914 3315 Tel;
1942 3229 1988 3299 CI
2021 3229 2214 3311 nasseo
2275 3265 2331 3313 et
2365 3255 2539 3310 Plinio
2578 3265 2886 3319 narrantur,
2919 3270 3058 3325 quos
3093 3229 3243 3310 adire
3282 3254 3504 3310 cuilibet
3531 3254 3627 3310 fa-

319 3353 480 3409 messi
506 3353 645 3422 apud
675 3353 932 3423 oppidum
958 3353 1169 3416 visitur,
1213 3352 1550 3410 Telmessum
1580 3368 1702 3408 esse
1727 3356 1911 3409 condi-

319 3455 428 3500 tum
458 3455 630 3500 vatem
660 3459 767 3500 non
798 3443 1011 3514 scriptis
1036 3446 1408 3501 constantibus
1433 3445 1742 3501 indicatur?
1788 3449 1911 3502 Pto-

315 3536 537 3599 lctnazus
589 3535 920 3606 Agesarchi,
989 3535 1056 3591 de
1118 3537 1464 3606 Philopatore
1527 3554 1687 3608 quem
1737 3539 1909 3594 edidit

317 3629 513 3697 primo,
545 3627 801 3701 Cyniram
832 3645 1012 3700 regem
1041 3629 1206 3700 Paphi
1233 3646 1354 3686 cum
1384 3631 1584 3685 familia
1603 3634 1748 3686 omni
1781 3649 1874 3688 sua
1894 3675 1908 3698 ,

316 3725 480 3780 immo
518 3739 640 3778 cum
681 3725 829 3778 omni
871 3724 1120 3794 prosapia
1153 3725 1204 3778 in
1237 3724 1465 3788 Veneris
1507 3727 1706 3796 templo
1746 3729 1908 3783 silum

314 3835 434 3873 esse
473 3818 774 3872 litterarum
822 3819 1142 3872 auctoritate
1186 3817 1440 3872 declarat.
1483 3838 1500 3870 ι
1549 3819 1784 3890 (Ιὸῑά.)
1833 3821 1908 3876 Ea

313 3921 492 3968 autem
522 3911 703 3964 omnia
748 3925 811 3963 ex
843 3911 1036 3979 graecis
1077 3909 1433 3978 proculdubio
1471 3911 1751 3982 desumpta
1782 3923 1910 3968 sunt

314 4007 457 4059 hisce
494 4003 789 4063 Clementis
827 4003 1180 4058 Alexandrini
1217 4003 1397 4058 verbis
1428 4023 1442 4059 :
1469 4005 1542 4061 Ἐν
1577 4015 1650 4079 τῷ
1682 4016 1778 4082 νεῷ
1817 4017 1908 4068 τῆς

309 4098 510 4160 Ἀθηνᾶς
544 4101 594 4154 ἐν
624 4100 882 4170 Λαρίσσῃ,
909 4099 960 4151 ἐν
1099 4098 1374 4173 ἀκροπόλει
1406 4101 1560 4173 τάφος
1586 4102 1722 4156 ἐστὶν
1744 4101 1906 4178 Ἀκρι-

311 4197 447 4250 σίου.
477 4191 702 4266 Ἀθηνῂσςι
730 4190 784 4246 δὲ
821 4193 872 4245 ἐν
905 4191 1192 4264 ἀκροπόλει,
1221 4193 1496 4266 Κέκροπος,
1518 4195 1584 4253 ὧς
1620 4216 1772 4268 φησιν
1801 4194 1906 4250 ’Λν-

311 4289 492 4357 τίοχος
521 4287 572 4338 ἐν
602 4291 675 4354 τῷ
702 4286 891 4358 ἐννατῷ
939 4283 1196 4358 ἱστοριῶν.
1236 4285 1289 4338 τί
1318 4281 1379 4342 δή
1417 4283 1752 4359 Ἐριχθόνιος-ς
1783 4289 1908 4359 οὐχὶ

313 4385 361 4436 ἐν
408 4389 482 4452 τῷ
524 4388 618 4454 νεῷ
644 4388 734 4439 τῆς
763 4376 998 4436 Πολιάδος
1042 4375 1374 4442 κεκήδευται;
1399 4375 1653 4455 Ἴμμαρος
1682 4379 1736 4435 δέ
1766 4381 1790 4435 ὁ
1819 4383 1906 4434 Εὐ-

311 4474 510 4546 μόλπου
540 4474 626 4526 καὶ
651 4474 885 4546 Δαείρας,
918 4471 1045 4539 οὐχὶ
1071 4471 1120 4523 ἕν
1150 4477 1222 4541 τῷ
1264 4471 1518 4545 περιϐόλῳ
1561 4477 1654 4526 τοῦ
1685 4471 1905 4527 Ἐλευσι-

310 4570 420 4620 νίου
449 4572 543 4620 τοῦ
573 4565 678 4620 ὑπὸ
707 4562 1019 4640 ἀκροπόλειέ
1051 4563 1104 4616 αἱ
1136 4563 1190 4620 δέ
1229 4563 1404 4617 Κελεοῦ
1445 4565 1742 4640 θυγάτερες,
1777 4567 1904 4637 οὐχὶ

311 4659 360 4710 ἐν
374 4657 619 4710 Ἐλευσῖνι
646 4653 927 4726 ἔθαψα-»τω
960 4654 1010 4708 λεί
1033 4673 1115 4707 σοι
1137 4654 1402 4725 καταλέγω
1432 4656 1526 4714 τὰς
1555 4654 1902 4731 Ὑπερϐορέων

311 4759 584 4822 γυναῖκας;
636 4748 895 4824 ’Υπερόχη
954 4749 1039 4802 καὶ
1091 4745 1313 4806 Λαοδίκη
1364 4749 1634 4806 κέκλησθον
1666 4765 1677 4775 ⁸
1734 4753 1783 4804 ἐν
1831 4758 1902 4822 τῷ

312 4845 608 4920 Ἀρτεμισίῳ
630 4845 678 4897 ἐν
705 4843 841 4914 Δήλῳ
868 4839 1225 4900 κεκήδευσθον.
1255 4842 1312 4897 τὸ
1349 4839 1401 4894 δὲ
1431 4844 1480 4895 ἐν
1506 4851 1579 4915 τῷ
1605 4840 1905 4903 Ἀπόλλωνος

314 4947 402 4994 τοῦ
456 4939 628 4996 Δηλίου
683 4938 819 4992 ἐστὶν
868 4937 1004 5011 ἱερῷ.
1038 4933 1306 5010 Λεάνδριος
1337 4933 1410 5000 δέ,
1444 4937 1700 5012 Κλέαρχον
1731 4940 1781 4992 ἐν
1819 4950 1907 4992 Μι-

314 5031 445 5102 λήτῳ
467 5031 696 5101 τεθάφθαι
724 5029 773 5082 ἐν
796 5036 867 5100 τῷ
889 5025 1146 5100 Διδυμαίῳ
1169 5029 1335 5098 φησιν.
1383 5029 1594 5083 ἐνταῦθα
1642 5039 1731 5090 τῆς
1776 5043 1904 5084 Λευ-

317 5127 562 5199 κοφρύνης
594 5124 650 5179 τὸ
679 5129 914 5196 μνημεῖον
968 5123 1059 5174 οὐκ
1101 5117 1237 5184 ἄξιον
1291 5117 1571 5194 παρελθεῖν,
1630 5124 1906 5195 ἑπομένους

318 5224 502 5276 Ζήνωνι
518 5222 596 5272 καὶ
619 5215 837 5290 Μυνδίῳ,
871 5215 900 5274 ἢ
933 5216 980 5267 ἐν
1010 5221 1082 5287 τῷ
1110 5215 1229 5289 ἱερῷ
1262 5223 1353 5273 τῆς
1383 5212 1670 5289 Ἀρτέμιδος
1698 5219 1746 5270 ἐν
1772 5229 1907 5289 Μαγ-

316 5314 467 5386 νησίᾳ
507 5308 825 5368 κεκήδευται.
853 5307 968 5363 οὐδὲ
998 5310 1087 5380 μὲν
1115 5310 1197 5362 τὸν
1229 5308 1276 5359 ἑν
1319 5309 1587 5380 Τελμισσῷ
1609 5310 1781 5382 βωμὸν
1812 5318 1905 5367 τοῦ

314 5401 612 5461 Ἀπόλλωνος
637 5440 652 5463 ,
687 5397 736 5453 ὃν
765 5409 936 5472 μνῆμα
962 5394 1089 5454 εἶναι
1113 5403 1199 5454 καὶ
1226 5401 1406 5454 τουτον
1444 5401 1767 5473 Τελμισσέως·
1811 5410 1905 5458 τοῦ

317 5500 538 5567 μάντεως
575 5495 857 5569 ἱστοροῦσι.
883 5493 1188 5564 Πτολεμαῖος
1218 5491 1272 5548 δὲ
1304 5493 1329 5547 ὁ
1361 5500 1453 5547 τοῦ
1478 5492 1825 5572 Ἀγησάρχου,
1854 5499 1903 5550 ἐν

317 5593 503 5663 πρώτῳ
526 5595 624 5642 τῶν
647 5588 766 5658 περὶ
785 5586 868 5639 τὸν
887 5585 1223 5658 Φιλοπάτορα,
1245 5586 1293 5637 ἐν
1310 5587 1454 5658 Πάφῳ
1483 5586 1631 5657 λέγει,
1645 5591 1695 5641 ἐν
1716 5597 1788 5662 τῷ
1810 5599 1901 5651 7n“;-

313 5684 606 5762 Ἀφροδίτης
634 5685 751 5758 ἱερῷ
781 5681 993 5757 Κινύραν
1019 5703 1074 5737 τε
1101 5685 1188 5734 καὶ
1227 5683 1351 5742 τοὺς
1378 5682 1590 5757 Κινύρου
1620 5684 1903 5756 ἀπογόνους

321 5777 644 5836 κεκηδεῦσθαι
694 5771 949 5843 (Clemens
990 5773 1269 5828 Alexandr.
1295 5815 1308 5836 ,
1351 5773 1570 5826 Admon.
1613 5775 1680 5826 ad
1721 5790 1857 5846 gent,
1886 5820 1902 5840 ,

325 5883 440 5938 pag.
467 5867 537 5923 29
565 5866 605 5938 ).
654 5865 848 5920 Totum
875 5880 1033 5935 porro
1061 5865 1204 5921 hunc
1230 5865 1524 5922 Clementis
1558 5866 1902 5929 Alexandrini

2015 3349 2118 3402 cile
2142 3355 2196 3402 et
2234 3359 2539 3418 promptum
2579 3359 2683 3405 est.
2730 3348 2845 3417 Qua
2882 3365 3011 3420 ergo
3043 3349 3253 3404 ratione
3291 3348 3627 3405 Theodorus

2015 3440 2276 3496 Canterus
2316 3440 2513 3510 aliique
2556 3441 2806 3496 nonnulli
2849 3457 3098 3498 asserere
3143 3450 3467 3512 potuerunt,
3508 3441 3627 3496 ho-

2016 3546 2134 3584 rum
2175 3531 2266 3600 qni
2297 3531 2640 3597 meminerit,
2693 3543 2890 3602 prmter
2920 3533 3219 3588 Arnobium
3247 3524 3476 3589 inveniri
3512 3549 3629 3589 ne-

2014 3627 2254 3681 minem?
2278 3624 2374 3680 Cui
2405 3641 2563 3693 porro
2589 3626 2783 3681 honori
2808 3625 2906 3680 fuit
2925 3626 3051 3684 Jovi
3081 3628 3337 3698 templum
3367 3628 3628 3683 omnium

2013 3717 2311 3771 maximum
2344 3716 2540 3772 habere
2573 3733 2682 3772 non
2712 3727 2818 3772 tam
2852 3731 2982 3784 suo,
3011 3733 3172 3787 quam
3205 3717 3439 3774 hominis
3465 3732 3626 3773 mor-

2013 3811 2088 3864 tui
2145 3810 2364 3864 nomine
2429 3807 2750 3864 mdil‘tcatum
2818 3819 2870 3863 ct
2916 3811 3327 3880 nuncupatum?
3372 3817 3390 3881 (
3431 3809 3626 3879 Varr.,

2012 3901 2099 3956 lib.
2126 3918 2177 3956 tv
2208 3902 2270 3955 de
2304 3900 2451 3972 Ling.
2491 3903 2608 3968 lat.,
2646 3919 2764 3973 pag.
2799 3903 2902 3968 10;
2945 3903 3080 3971 Liv.,
3113 3903 3202 3958 lib.
3252 3920 3307 3970 ν,
3347 3903 3458 3959 sub.
3488 3905 3625 3971 βπ..

2010 4013 2125 4064 cap.
2158 3997 2266 4061 54;
2319 3994 2539 4067 Diongs.
2574 3993 2748 4050 Halic.
2771 4036 2786 4060 ,
2821 3996 2909 4049 lib.
2939 4013 3012 4064 tv,
3053 4014 3174 4067 pag.
3206 3996 3312 4052 257
3339 4007 3386 4050 et
3417 4013 3560 4066 seqq.
3596 4039 3616 4064 ,

2012 4085 2156 4141 Plin.
2184 4128 2199 4153 ,
2232 4087 2320 4140 lib.
2365 4102 2529 4141 xxvnt
2589 4085 2781 4140 Natur.
2821 4085 2956 4140 Hist.
2984 4128 2998 4152 ,
3025 4104 3166 4162 ~cap.
3199 4085 3236 4140 2
3262 4129 3277 4155 ,
3311 4104 3438 4158 pag.
3466 4087 3621 4156 558;

2011 4178 2186 4242 Cant.,
2222 4178 2309 4232 lib.
2341 4195 2357 4232 ι
2398 4176 2516 4231 Var.
2547 4179 2694 4244 lect.,
2727 4195 2846 4246 cap.
2879 4179 2938 4231 Η
2975 4176 3021 4247 .)

2085 4273 2322 4342 Denique
2379 4271 2508 4341 petit
2551 4270 2865 4334 Arnobius,
2920 4289 2938 4322 ι
2974 4270 3300 4343 Polyandria
3348 4270 3626 4328 Varronis

2007 4366 2201 4436 quibus
2252 4365 2304 4418 iu
2362 4364 2576 4432 templis
2624 4365 3018 4435 contegantur?
3059 4385 3077 4417 ›
3114 4365 3342 4439 (Arnob.
3369 4407 3384 4431 ,
3437 4365 3564 4419 ibid.
3599 4409 3618 4430 ,

2010 4457 2284 4527 pag.‘l9l.
2320 4458 2337 4527 )
2381 4455 2767 4524 Polyandriutn
2811 4467 3026 4522 autem,
3059 4457 3134 4510 uti
3169 4473 3236 4512 ex
3275 4457 3446 4513 sacris
3483 4472 3622 4526 pro-

2009 4551 2252 4618 fanisque
2327 4550 2682 4619 scriptoribus
2749 4550 2951 4620 liquet,
2999 4552 3150 4606 loeus
3197 4561 3344 4618 erat,
3401 4553 3454 4606 in
3500 4568 3621 4623 quo

1929 4613 1986 4682 D
2012 4642 2160 4712 plura
2193 4643 2466 4696 hominum
2497 4657 2726 4711 corpora
2749 4643 3168 4712 sepeliebantur.
3200 4643 3405 4699 Sensus
3425 4645 3619 4714 itaque

2015 4736 2232 4791 Arnobii
2277 4743 2360 4788 est
2409 4735 2603 4804 templa
2663 4734 2884 4790 deorum
2935 4750 3056 4790 esse
3113 4735 3420 4790 communia
3471 4737 3617 4793 cum‘

2015 4827 2238 4881 mortuis
2279 4826 2612 4896 sepultisque
2650 4825 2992 4891 hominibus,
3037 4842 3172 4897 quos
3215 4837 3397 4884 tamen
3429 4829 3484 4883 in
3520 4845 3615 4884 eo-

2016 4921 2262 4976 rnmdem
2315 4920 2542 4975 deorum
2581 4919 2732 4974 fastis
2773 4921 3047 4976 ascribere
3078 4922 3194 4976 ausi
3227 4937 3333 4977 non
3368 4924 3610 4979 fuerant.

2013 5013 2068 5067 In
2115 5012 2378 5083 superiori
2428 5026 2591 5080 porro
2642 5011 3021 5067 dissertatione
3067 5013 3405 5070 ostendimus
3451 5014 3614 5084 plura

2014 5105 2178 5160 fuisse
2215 5105 2411 5175 templa
2435 5147 2448 5171 ,
2496 5105 2549 5158 in
2580 5104 2771 5176 quibus
2814 5102 3013 5159 ethnici
3045 5104 3176 5160 deos
3206 5120 3334 5161 suos
3364 5108 3610 5177 sepultos

2010 5213 2129 5252 esse
2166 5197 2337 5266 palam
2370 5194 2735 5267 prmdicabant
2764 5194 2781 5266 (
2807 5192 3076 5249 Dissertat.
3115 5196 3169 5249 in
3212 5195 3409 5251 Minue.
3435 5239 3450 5264 ,
3485 5214 3607 5268 cap.

2011 5292 2078 5346 15
2099 5333 2114 5357 ,
2139 5301 2241 5346 art.
2271 5291 2305 5344 2
2332 5293 2377 5363 ).
2423 5289 2552 5356 Quis
2582 5303 2708 5360 ergo
2741 5288 2958 5358 indigne
2996 5303 3116 5342 cum
3146 5287 3391 5345 Arnobio
3420 5301 3610 5346 nostro

2011 5400 2116 5437 non
2145 5382 2283 5438 ferat
2313 5381 2507 5436 talibus
2534 5380 2637 5434 diis
2666 5381 2862 5450 templa
2885 5423 2901 5447 ,
2935 5380 3190 5451 mdesque
3217 5395 3405 5436 sacras
3434 5381 3607 5436 aedili-

2011 5479 2118 5531 cari
2174 5486 2228 5530 et
2279 5473 2624 5542 consecrari,
2658 5489 2777 5543 qua:
2799 5473 2899 5528 soli
2939 5473 3049 5528 Deo
3071 5473 3275 5529 viventi
3312 5482 3369 5530 et
3396 5484 3606 5531 aeterno

2009 5571 2311 5627 debentur?
