3872 6344
332 356 436 418 lilii

1590 332 2042 400 DlSSERTATlO
2080 332 2359 395 PREVIA

3528 328 3640 387 616

328 472 384 527 in
423 468 527 526 Vit.
569 464 808 538 νέομαι,
848 477 965 533 cap.
1007 460 1077 528 9,
1127 475 1246 530 pag.
1291 456 1425 524 759;
1488 455 1665 525 Plin.,
1710 456 1799 511 lib.
1846 468 1921 507 xn

2071 455 2113 507 xi
2150 457 2246 527 νιῲ
2284 454 2579 525 θαυμάσιοι,
2620 453 2708 509 καὶ
2753 447 2935 512 σκηναὶ
2981 452 3130 527 πέριξ
3167 449 3507 527 ὑπερηφανοι,
3544 451 3636 503 καὶ

335 565 473 622 Hist.
496 572 691 631 natur.,
717 577 833 628 cap.
872 558 957 627 19,
989 574 1108 628 pag.
1138 554 1226 619 36,
1258 566 1304 608 et
1334 553 1422 607 lib.
1446 567 1636 617 xxxvr,
1664 565 1781 619 cap.
1808 546 1874 601 i5
1905 586 1919 610 ,

332 675 453 730 pag.
480 656 609 721 509,
641 663 687 709 et
713 652 866 717 alibi;
891 649 1118 721 Xiphil.,
1145 647 1321 717 epist.,
1354 663 1472 718 pag.
1496 644 1594 698 221
1617 659 1636 705 ;
1663 638 1878 710 Ioseph.
1905 679 1920 706 ,

332 749 419 803 lib.
452 764 526 802 vn
566 746 629 800 de
666 744 814 799 Bello
830 742 951 815 jud.
978 782 995 809 ,
1026 756 1144 810 cap.
1174 737 1245 794 24
1269 779 1285 807 ,
1318 754 1438 809 pag.
1483 734 1631 800 979;
1663 733 1920 797 Pausan.,

332 840 419 894 lib.
452 855 529 905 vr,
551 853 673 911 pag.
703 838 805 892 179
831 836 875 908 ).

331 972 334 978 ς
407 931 691 1003 Equitatus
716 927 927 984 tandem
948 927 1169 982 nomine
1191 922 1465 981 Arnobius
1481 920 1747 993 justitiam
1772 915 1922 972 haud

333 1030 497 1087 dubie
539 1025 817 1097 intelligit,
865 1023 933 1079 de
956 1038 1059 1095 qua
1087 1020 1310 1077 Ovidius
1345 1016 1559 1074 videtur
1589 1016 1704 1069 haec
1735 1009 1922 1069 condi-

332 1125 478 1180 disse
503 1121 741 1178 carmina
773 1136 787 1173 :

425 1213 653 1274 Principe
678 1223 776 1274 nec
790 1216 959 1260 nostro
975 1214 1103 1258 deos
1122 1212 1204 1274 e_s_t_
1222 1204 1520 1255 moderatior
1543 1199 1673 1251 ullus
1696 1212 1709 1247 :

514 1266 712 1324 JuStitia
736 1273 871 1323 vires
886 1275 1134 1333 temperat
1157 1266 1242 1318 ille
1259 1280 1391 1317 suas.

424 1337 595 1400 Nuper
612 1348 719 1400 eam
738 1334 923 1400 Caesar,
947 1326 1072 1400 facto
1088 1332 1155 1381 de
1180 1342 1425 1400 marmore
1448 1326 1653 1390 templo,

516 1391 625 1450 Iam
648 1397 837 1462 pridem
860 1391 1023 1460 posuit
1043 1394 1224 1443 mentis
1243 1394 1294 1442 in
1318 1391 1425 1441 aede
1448 1402 1570 1441 suae.

495 1483 684 1547 (Obiit,
702 1481 786 1533 lib.
807 1497 878 1543 ιιι,
902 1492 965 1533 ea:
982 1481 1150 1537 Pont.,
1174 1476 1315 1542 epist.
1340 1476 1390 1537 6,
1416 1486 1542 1525 vers.
1565 1471 1692 1521 πει
1704 1469 1859 1533 seqq.)

331 1594 559 1664 Quidam
592 1601 771 1649 tamen
801 1596 1030 1647 censent
1060 1584 1195 1643 nihil
1224 1584 1294 1640 de
1322 1599 1389 1639 eo
1412 1578 1614 1650 templo
1641 1576 1785 1647 apud
1810 1574 1927 1631 ido-

334 1704 465 1744 neos
496 1696 747 1742 auctores
789 1680 1059 1747 inveniri,
1103 1688 1266 1749 atque
1310 1674 1514 1730 idcirco
1547 1680 1760 1743 poetam
1793 1667 1929 1723 allu-

331 1783 470 1837 sisse
505 1779 573 1835 ad
612 1778 796 1834 Martis
843 1774 1032 1837 ultoris
1072 1772 1244 1827 aedem
1272 1812 1287 1836 ,
1334 1763 1768 1839 quandoquidem
1807 1762 1928 1817 vin-

332 1875 495 1941 dicta,
539 1874 608 1929 de
649 1887 754 1943 qua
783 1870 1016 1941 loquitur
1061 1865 1319 1931 Ovidius,
1378 1877 1501 1931 pars
1547 1858 1795 1931 qutedam
1840 1866 1926 1913 est
1956 1840 2003 1901 Β

328 1966 572 2038 justitiae.
623 1965 823 2020 Verum
868 1957 1125 2031 numquid
1167 1955 1439 2013 Arnobius
1485 1968 1592 2007 non
1632 1952 1764 2007 satis
1806 1949 1925 2005 ido-

335 2077 470 2118 neus
496 2060 649 2116 testis
676 2056 973 2123 habendus,
1007 2053 1097 2124 qui
1125 2068 1223 2107 suo
1252 2052 1431 2105 adhuc
1459 2059 1703 2118 tempore
1727 2043 1924 2123 Equi-

336 2166 527 2222 tatem,
578 2154 717 2207 sicut
758 2149 1025 2205 Victoriam
1065 2159 1112 2202 et
1154 2145 1343 2199 Pacem
1384 2142 1583 2214 templo
1607 2130 1928 2196 a‘Romanis

336 2248 651 2301 honoratam
684 2242 960 2297 afﬁrmat?
986 2241 1155 2295 Porro
1180 2248 1357 2293 autem
1380 2235 1659 2293 iuvenalis
1688 2233 1921 2304 plurium

334 2339 557 2394 deorum
585 2378 600 2403 ,
644 2335 713 2389 ab
758 2337 992 2388 Auctore
1032 2312 1218 2386 nostro
1258 2330 1573 2384 nominatim
1615 2324 1920 2396 appellato-

332 2446 476 2500 rum,
507 2430 700 2501 templa
727 2429 810 2483 his
840 2428 1052 2483 duobus
1078 2425 1324 2481 versibus
1352 2421 1763 2493 comprehendit
1796 2438 1811 2477 :

428 2542 495 2594 Ut
511 2544 685 2593 colitur
706 2540 807 2591 Pax
832 2548 979 2603 atque
1004 2537 1171 2603 Fides,
1204 2536 1436 2603 Victoria,
1454 2536 1644 2603 virtus,

429 2607 648 2669 Quaeque
670 2603 879 2654 salutato
900 2599 1111 2663 crepitat
1129 2600 1395 2651 Concordia
1418 2599 1548 2648 nido.

708 2685 986 2753 (Juvmal.,
1010 2674 1147 2737 salii.
1175 2685 1223 2744 1,
1247 2696 1375 2735 vers.
1401 2684 1489 2733 ιιι
1514 2688 1561 2734 et
1582 2680 1741 2747 seqq.)

336 2800 445 2856 Nos
472 2813 600 2854 vero
627 2795 695 2852 de
726 2794 793 2850 iis
817 2791 1018 2863 aliquid
1043 2789 1171 2846 alibi
1214 2791 1489 2860 attigimus
1532 2790 1552 2859 (
1577 2796 1702 2842 tom.
1756 2802 1775 2841 ι
1821 2784 1929 2855 Ap-

338 2899 534 2963 paral.,
564 2905 683 2959 pag.
714 2885 819 2941 766

408 2984 539 3040 iure
577 2980 738 3052 igitur
768 2977 963 3033 merito
988 2972 1263 3030 Arnobius
1299 2972 1667 3043 stupiditatem
1694 2972 1933 3040 exagitat

336 3075 611 3146 gentilium
643 3114 657 3139 ,
712 3071 803 3143 qui
856 3066 1242 3125 commentitiis
1298 3064 1566 3134 ejusmodi
1622 3062 1933 3118 numinibus

339 3167 536 3237 templa
581 3165 1000 3220 :edifieaverant.
1028 3160 1137 3216 Sed
1177 3158 1432 3229 praevium
1473 3156 1617 3211 haud
1644 3156 1809 3210 dubie
1837 3171 1929 3210 se-

2024 545 2289 620 θρησκεῐαι
2316 543 2684 618 δεισιδαίμονες
2707 585 2725 611 ,
2764 547 2851 599 καὶ
2900 541 3331 620 μυστηριῶτιδις.
3389 539 3487 600 ἤδη
3540 544 3635 594 καὶ

2026 639 2247 701 εἰσίοντι,
2295 641 2383 693 καὶ
2409 636 2654 712 ἐνδοτέρῳ
2677 638 2925 713 ’γενομένῳ
2948 640 3210 712 θεωρεῖται
3232 634 3634 711 προσκυνούμε-

2024 751 2108 790 νος
2136 730 2391 793 αἴλουρος.
2419 728 2449 789 ἦ
2474 732 2702 797 πίθηκος,
2731 726 3108 805 ἧπροκὸδειλος,
3132 726 3163 786 ἦ
3187 728 3398 800 τράγος,
3424 724 3455 784 ἦ
3492 724 3633 777 κύων

2023 818 2285 893 (0rigen.,
2316 822 2406 891 lib.
2439 838 2520 888 ιιι,
2554 832 2720 877 contr.
2751 819 2914 886 Cels.,
2939 837 3059 892 pag.
3088 819 3195 874 £20
3225 828 3272 873 et
3300 815 3488 888 seqq.).
3518 812 3635 871 Sed

2025 911 2093 968 de
2141 914 2223 968 bis
2254 929 2351 969 nos
2390 914 2443 969 iu
2492 915 2758 986 superiori
2798 916 3106 985 Apparatus
3149 910 3321 968 nostri
3348 919 3525 975 temo,
3573 916 3637 963 et

2025 1005 2149 1059 alibi
2178 1005 2571 1076 disputavimus
2600 1005 2754 1078 (tam.
2803 1022 2821 1060 ι
2879 1004 3138 1077 Apparat.
3158 1044 3174 1069 ,
3210 1020 3332 1075 pag.
3358 999 3632 1066 496-767,

2024 1106 2071 1152 et
2100 1096 2321 1153 Dissert.
2350 1115 2524 1170 super.
2555 1098 2608 1152 in
2638 1097 2865 1164 Minue,
2891 1114 3007 1171 cap.
3039 1096 3131 1162 i2,
3161 1104 3264 1149 art.
3292 1094 3371 1165 2).

2097 1189 2537 1250 Examinavimus
2564 1191 2725 1246 etiam
2752 1189 2897 1245 aliud
2929 1188 3155 1247 Arnobii
3191 1198 3379 1244 contra
3404 1183 3637 1241 deorum

2026 1284 2224 1352 templa
2263 1292 2638 1355 argumentum
2667 1324 2681 1347 ,
2732 1282 2874 1353 quod
2912 1298 2980 1337 ex
3016 1281 3232 1337 illorum
3263 1278 3553 1337 eversione
3578 1286 3643 1334 et

2026 1376 2181 1432 ruina
2210 1375 2546 1447 deprompsit
2572 1374 2786 1449 (lbid.).
2841 1375 2901 1432 Si
2941 1373 3072 1446 quid
3119 1386 3297 1429 tamen
3328 1374 3383 1428 in
3408 1387 3477 1428 eo
3506 1367 3643 1425 novi

2031 1482 2303 1539 occurrat,
2330 1470 2388 1526 in
2413 1473 2657 1543 sequenti
2686 1470 2862 1541 capite
2880 1512 2898 1538 ,
2936 1469 3025 1525 ubi
3054 1468 3123 1525 de
3151 1468 3378 1525 deorum
3406 1465 3640 1523 simula-

2029 1563 2157 1630 cris,
2187 1563 2381 1633 quibus
2410 1561 2542 1617 illud
2570 1561 2873 1633 conjunxit,
2902 1577 3056 1619 more
3084 1570 3272 1617 nostro
3300 1560 3645 1631 expendetur

2027 1662 2083 1711 et
2106 1654 2482 1711 illustrabitur.

2613 1770 2846 1829 CAPUT
2885 1769 3047 1826 xxn.
3124 1740 3127 1741 ⁷

2298 1886 2376 1942 De
2404 1885 2633 1943 Deorum
2658 1886 2949 1942 simulacris
2976 1896 3023 1942 et
3051 1886 3382 1959 imaginibus.

2561 2016 2863 2059 Αιιτιευιιιε
2901 2014 3113 2057 ριιιιιυε.

2029 2110 2215 2171 Quibus
2236 2112 2480 2164 rationum
2514 2115 2773 2165 momentis
2793 2112 3040 2164 Arnobius
3072 2113 3385 2165 demonstret
3422 2112 3645 2167 deorum

2090 2176 2351 2239 imagines,
2372 2179 2530 2239 signa,
2561 2184 2613 2225 et
2634 2177 2891 2227 simulacra
2924 2176 3075 2239 impie
3112 2176 3174 2226 ab
3206 2177 3423 2228 ethnicis
3444 2176 3543 2227 coli
3591 2185 3651 2229 et

2090 2237 2284 2303 adorari
2308 2254 2319 2285 :
2336 2240 2459 2303 quid
2486 2238 2646 2303 leonis
2667 2240 2816 2303 facies
2834 2252 2972 2303 mero
2990 2237 3142 2289 oblita
3166 2239 3338 2299 minio,
3366 2253 3425 2289 ac
3440 2241 3508 2303 de
3533 2242 3650 2303 pri-

2097 2300 2189 2348 mis
2208 2299 2485 2350 simulacris
2507 2310 2560 2350 et
2580 2301 2691 2352 aliis
2709 2302 2919 2351 humana
2941 2300 3096 2364 ﬁgura
3128 2302 3521 2365 repraesentatis.

2103 2429 2187 2485 Ad
2216 2429 2444 2487 deorum
2479 2431 2738 2503 imagines
2762 2433 2912 2502 signa
2938 2473 2952 2497 ,
3004 2439 3211 2487 statuas
3239 2439 3295 2487 et
3322 2434 3649 2497 simulacra,

2032 2536 2174 2591 quae,
2192 2522 2267 2576 uti
2293 2522 2453 2592 paulo
2471 2533 2591 2593 post
2614 2523 2978 2579 ostendemus
2998 2522 3238 2593 (Arnob.,
3254 2524 3294 2577 l.
3312 2538 3383 2589 vi,
3405 2540 3455 2595 p.
3477 2523 3583 2579 19-5
3599 2534 3654 2579 et

2031 2611 2219 2685 seqq.),
2253 2616 2338 2670 vel
2367 2615 2629 2685 ipsosmet
2652 2616 2785 2671 deos
2807 2630 2936 2671 suos
2965 2630 3107 2683 esse,
3136 2616 3221 2671 vel
3249 2616 3304 2670 in
3328 2616 3415 2671 eis
3443 2616 3653 2671 saltem

2032 2704 2319 2776 habitare,
2384 2708 2584 2763 ethnici
2649 2708 3047 2779 arbitrabantur
3079 2750 3094 2774 ,
3158 2707 3307 2763 venit
3362 2708 3654 2764 Arnobius

2032 2799 2205 2872 (infr.,
2239 2809 2341 2855 art.
2372 2799 2430 2872 4)
2458 2843 2473 2869 ,
2507 2816 2572 2857 ac
2607 2801 2758 2856 vario
2787 2811 3231 2870 argumentorum
3272 2817 3472 2872 genere
3505 2816 3655 2858 con-

2032 2893 2200 2947 vincit
2220 2892 2331 2957 illa,
2354 2908 2475 2963 quae.
2501 2894 2667 2948 multa
2690 2903 2806 2949 arte
2827 2893 3004 2949 efficta
3032 2902 3206 2955 erant.
3229 2894 3391 2964 impia
3416 2909 3655 2964 prorsus

2036 2993 2092 3039 et
2118 2985 2351 3041 absurda
2397 2987 2659 3055 religione
2696 2988 2799 3043 coli
2841 2996 2895 3041 et
2932 2986 3166 3042 adorari.
3217 2987 3452 3042 Primum
3492 2988 3654 3044 enim

2036 3079 2081 3133 si
2105 3094 2420 3149 persuasum
2454 3079 2668 3135 Ethnici
2702 3080 3017 3135 habuissent
3053 3082 3184 3137 deos
3213 3096 3341 3136 suos
3380 3082 3655 3151 existere,

2035 3181 2091 3227 et
2117 3172 2170 3225 in
2190 3171 2343 3227 ctelis
2364 3171 2642 3236 habitare,
2671 3172 2986 3229 debuissent
3010 3174 3194 3244 utique
3220 3173 3287 3229 iis
3312 3175 3443 3245 ipsis
3472 3216 3488 3241 ,
3529 3191 3653 3232 non

338 3224 493 3316 cutus
538 3268 621 3314 est
660 3256 1006 3319 Ciceronem,
1040 3254 1129 3324 qui
1188 3253 1305 3307 haec
1350 3250 1718 3305 conlutatione
1783 3248 1928 3303 nulla

2078 3224 2167 3226 θ
2324 3224 2337 3226 ἡ
2679 3224 2985 3229 nem---"
3017 3224 3192 3244 ηπ--
3221 3224 3284 3229 ν-
3312 3224 3439 3245 τπ-
3472 3224 3488 3241 ,
3530 3224 3653 3232 ---η

2071 3278 2223 3318 orum
2255 3264 2561 3321 simulacris
2602 3267 2743 3320 ferre
2774 3280 2961 3335 preces
2988 3282 3136 3323 suas.
3163 3268 3219 3321 Si
3255 3266 3379 3323 illos
3404 3269 3657 3326 existere

341 3352 579 3423 indigere
619 3351 700 3405 his
747 3347 987 3405 declarat
1026 3345 1254 3402 verbis:
1303 3362 1321 3395 ι
1354 3340 1492 3397 Num
1533 3342 1697 3411 igitur
1735 3354 1931 3396 censes
1966 3398 1967 3401 η

339 3444 603 3502 subtiliori
633 3444 841 3500 ratione
865 3457 1001 3511 opus
1028 3455 1151 3496 esse
1178 3436 1246 3492 ad
1274 3436 1389 3492 haec
1419 3427 1756 3491 refellenda?
1796 3433 1929 3488 Nam

339 3550 575 3596 mentem
602 3580 617 3604 ,
652 3536 809 3592 fidem
835 3575 851 3601 ,
879 3549 1030 3605 spem
1049 3575 1064 3599 ,
1103 3533 1350 3587 virtutem
1375 3571 1390 3597 ,
1421 3529 1683 3584 honorem
1711 3570 1725 3592 ,
1755 3529 1929 3583 victo-

340 3635 498 3700 riam,
527 3632 779 3692 salutem,
806 3627 1174 3693 concordiam,
1193 3634 1499 3694 caateraque
1525 3621 1815 3693 ejusmodi,
1846 3636 1931 3675 re-

340 3741 457 3780 rum
488 3725 593 3778 vim
622 3723 824 3778 habere
852 3721 1094 3776 videmus
1116 3761 1130 3783 ,
1156 3734 1265 3773 non
1291 3718 1541 3774 deorum.
1568 3715 1675 3771 Aut
1699 3718 1843 3771 enim
1876 3718 1929 3771 in

340 3817 611 3872 nobismet
636 3816 818 3869 insunt
844 3814 993 3883 ipsis.
1025 3820 1083 3866 ut
1108 3825 1283 3875 mens,
1317 3820 1374 3864 ut
1401 3809 1557 3875 fides,
1584 3819 1640 3863 ut
1672 3824 1793 3879 spes
1820 3850 1837 3877 ,
1876 3818 1933 3865 ut

339 3909 510 3963 virtus
536 3948 550 3972 ,
592 3916 652 3962 ut
691 3904 983 3960 concordia
1015 3921 1028 3955 :
1062 3912 1155 3957 aut
1181 3901 1432 3973 optanda:
1472 3902 1628 3956 nobis
1666 3912 1829 3969 sunt,
1875 3912 1934 3957 ut

341 4002 532 4069 honos,
561 4011 621 4056 ut
645 4000 790 4055 salus
814 4039 830 4067 ,
858 4007 918 4052 ut
948 3998 1193 4053 victoria.
1222 3996 1457 4064 Quarum
1488 4011 1668 4050 rerum
1703 3997 1933 4050 utilitate

340 4094 503 4151 video
529 4093 691 4149 etiam
731 4099 1046 4146 consecrata
1084 4088 1395 4142 simulacra.
1443 4088 1621 4153 Quare
1658 4096 1835 4141 autem
1876 4085 1932 4141 in

340 4188 424 4244 his
445 4188 524 4243 vis
562 4188 786 4243 deorum
820 4184 982 4250 insit,
1026 4195 1151 4237 tunc
1192 4182 1491 4251 intelligam
1520 4224 1536 4247 ,
1569 4196 1692 4236 cum
1735 4196 1933 4252 cogno-

340 4297 489 4336 vero.
530 4298 549 4332 ι
578 4279 598 4351 (
626 4277 759 4346 Cic.,
783 4278 869 4331 lib.
927 4292 984 4330 ιιι
1007 4276 1069 4331 de
1099 4275 1227 4329 Nat.
1255 4275 1421 4338 deor.,
1448 4291 1502 4345 p.
1526 4274 1653 4341 248,
1683 4276 1776 4329 lin.
1806 4274 1927 4343 41.)

412 4376 509 4427 Ast
537 4373 580 4426 si
626 4370 742 4425 haec
785 4368 1018 4439 gentium
1060 4368 1305 4436 impietas
1349 4368 1566 4423 etlmico
1610 4367 1810 4422 oratori
1853 4368 1935 4421 in-

341 4465 502 4537 digna
530 4464 644 4518 visa
670 4464 762 4525 sit,
789 4477 911 4534 qua:
942 4460 1239 4528 refellatur,
1267 4470 1469 4531 quanto
1493 4462 1662 4530 magis
1690 4459 1937 4516 confuta-

342 4560 487 4614 tioue
510 4557 616 4613 erit
645 4554 857 4626 indigna
886 4554 1045 4624 longe
1070 4552 1242 4623 major
1270 4556 1501 4609 amentia
1532 4552 1930 4625 Egyptiorum,

342 4652 453 4723 qui,
486 4659 544 4705 ut
569 4648 645 4704 ait
674 4648 975 4713 Arnobius,
1009 4646 1233 4713 felibus,
1276 4648 1584 4713 scarabzeis,
1616 4657 1669 4703 et
1702 4648 1931 4714 buculis,

342 4744 455 4798 sive
487 4739 714 4795 novellis
759 4739 932 4794 bobus
965 4738 1162 4807 templa
1195 4738 1511 4793 sublimibus
1539 4741 1679 4795 elata
1709 4739 1935 4811 fastigiis

344 4843 723 4894 exstruxerunt
771 4832 1013 4909 (Arnob.,
1042 4832 1132 4886 lib.
1165 4848 1219 4897 ι,
1265 4849 1385 4903 pag.
1418 4832 1530 4901 iii).
1576 4834 1935 4899 Quamobrem

343 4933 599 5004 Origenes
642 4932 763 5001 jure
805 4929 996 4985 merito
1032 4926 1491 4983 dementissimam
1520 4929 1746 4999 castigat
1794 4928 1938 4984 Celsi

334 5025 720 5087 temeritatem,
742 5022 830 5091 qui
859 5021 964 5076 vult
981 5021 1153 5085 etiam,
1176 5019 1369 5089 inquit,
1388 5023 1618 5090 conferre
1639 5030 1838 5074 nostras
1857 5037 1939 5075 res

341 5135 457 5173 cum
484 5117 628 5172 rebus
658 5113 1061 5187 Egyptiarum,
1103 5113 1171 5166 ad
1199 5129 1325 5182 quos
1357 5112 1575 5166 venienti
1618 5112 1838 5180 offerunt
1884 5130 1939 5169 se

342 5207 613 5279 splendida
643 5212 768 5279 [ana
791 5223 907 5261 cum
930 5207 1086 5273 lucis,
1116 5215 1163 5259 et
1188 5205 1379 5275 templa
1401 5222 1516 5258 cum
1546 5206 1802 5261 vestibulis
1854 5215 1935 5259 at.

345 5318 440 5371 que
481 5298 786 5369 porticibus,
837 5299 1022 5353 eximia
1069 5298 1420 5369 magnitudine
1464 5300 1940 5369 pulcln'itudincque

346 5393 624 5458 mirandis,
654 5393 1062 5461 cwrentoniwque
1091 5392 1369 5456 admodum
1397 5392 1677 5463 religiosas,
1709 5410 1769 5446 ac
1797 5410 1937 5463 mys-

347 5492 457 5545 tica:
486 5504 507 5542 :
550 5488 889 5557 introgressus
932 5494 1103 5538 autem
1144 5484 1327 5539 videbit
1372 5485 1578 5539 adorari
1623 5487 1769 5556 [clem
1796 5528 1811 5552 ,
1853 5495 1941 5540 aut

346 5581 588 5644 simiam,
636 5588 725 5631 aut
768 5574 1121 5642 crocodilum,
1167 5585 1255 5629 aut
1298 5577 1529 5643 hircum,
1585 5590 1670 5632 aut
1715 5596 1889 5634 canem
1918 5597 1936 5634 :

350 5675 688 5755 ιιαραϐἁλὶιιν
732 5672 785 5729 δὲ
824 5675 890 5729 τὰ
942 5680 1033 5733 τῆς
1069 5674 1290 5731 πίστεως
1330 5675 1469 5744 ἡμῶν
1522 5682 1628 5734 τοῖς
1657 5679 1941 5748 Αἰγυπτίων

346 5770 469 5823 Oilei
508 5769 800 5840 πράγμασι.
832 5766 956 5842 παρ’
996 5760 1069 5826 οἷς
1112 5766 1376 5841 «pomosa
1427 5770 1516 5839 μέν
1567 5772 1678 5825 ἐστι
1727 5770 1944 5844 λαμπρὰ

351 5861 548 5931 τεμένη,
579 5861 662 5914 καὶ
689 5855 839 5927 ἄλση,
880 5862 966 5916 καὶ
993 5858 1323 5931 προπυλαίων
1347 5862 1523 5929 μεγέοη
1551 5882 1600 5916 τε
1622 5903 1635 5924 ,
1666 5866 1751 5918 καὶ
1770 5863 1940 5933 κάλλη,

1964 4614 2018 4675 D

2035 3355 2387 3425 dubitabant,
2440 3358 2726 3413 ridiculum
2755 3368 2871 3414 erat
2892 3360 2967 3414 rei
3012 3359 3433 3432 dubiterfingere
3471 3362 3657 3418 simu-

2036 3447 2263 3503 lacrum.

2103 3538 2288 3610 Neque
2328 3540 2513 3597 dicere
2542 3550 2791 3611 poterant
2819 3557 3041 3611 eorum,
3091 3558 3228 3615 quos
3277 3544 3426 3599 nullo
3474 3554 3655 3615 pacto

2004 3634 2218 3690 .videre
2264 3636 2404 3704 potis
2444 3645 2562 3702 est,
2606 3637 2950 3705 praesentiam
3005 3637 3310 3695 simulacris
3352 3638 3652 3709 exhiberi,

2038 3737 2272 3797 tuncque
2302 3728 2492 3797 majori
2515 3731 2715 3800 pietate
2742 3729 2867 3795 coli,
2899 3730 3087 3805 eisque
3120 3728 3362 3787 ofﬁciosa
3392 3735 3655 3801 praistari

2034 3822 2240 3875 munia.
2270 3820 2403 3875 Nam
2432 3822 2523 3891 qui
2558 3822 2673 3876 haec
2718 3822 2873 3889 dicit,
2906 3823 3179 3894 quomodo
3204 3838 3514 3880 asseverare
3544 3841 3657 3895 po-

2036 3924 2139 3969 test
2163 3914 2295 3969 deos
2343 3929 2531 3969 revera
2571 3915 2831 3979 existere,
2869 3934 2889 3967 ι
2921 3915 3028 3981 cui,
3067 3935 3086 3968 ι
3134 3916 3210 3970 uti
3240 3917 3315 3970 ait
3340 3916 3651 3987 Arnobius,

2042 4027 2062 4061 ι
2082 4022 2217 4077 opus
2244 4015 2327 4063 est
2369 4009 2557 4063 videre
2582 4050 2597 4074 ,
2630 4008 2771 4077 quod
2818 4016 3032 4072 teneat,
3063 4022 3131 4063 ne
3177 4009 3336 4065 inane
3382 4008 3522 4065 forte
3552 4012 3653 4077 sit,

2035 4100 2178 4173 quod
2218 4100 2512 4155 obscurum
2559 4099 2774 4155 videtur
2825 4119 2844 4150 ι
2894 4098 3058 4169 (Ibid.
3082 4142 3097 4167 ,
3129 4116 3250 4173 pag.
3282 4098 3430 4171 195),
3456 4101 3510 4156 id
3538 4114 3652 4169 est,

2038 4195 2308 4265 significat
2354 4194 2409 4249 in
2454 4195 2677 4249 dubium
2709 4209 2766 4249 se
2790 4208 2987 4249 vocare
3012 4210 3081 4249 an
3112 4196 3185 4251 dii
3214 4196 3363 4264 sint,
3415 4212 3655 4267 quorum

2045 4290 2146 4345 nisi
2179 4288 2363 4345 videat
2388 4288 2695 4349 simulacra.
2726 4290 2962 4344 existere
2992 4304 3099 4345 non
3131 4290 3337 4346 credet.

2108 4384 2180 4439 At
2208 4386 2341 4439 deos
2368 4394 2605 4449 nostros,
2647 4383 2957 4453 inquiebant
2982 4383 3205 4450 ethnici,
3240 4399 3335 4453 per
3358 4385 3654 4442 simulacra

2039 4473 2387 4531 honoramus.
2438 4477 2543 4532 Sed
2578 4491 2857 4545 perperam
2883 4516 2899 4542 ,
2945 4476 3105 4530 sicuti
3147 4476 3442 4545 reSpondet
3470 4479 3656 4535 Δι’ηο-

2043 4570 2184 4626 bius.
2228 4570 2380 4625 Nulla
2429 4573 2707 4627 enimvero
2749 4572 2795 4625 si
2827 4579 3009 4626 essent
3052 4569 3274 4625 deorum
3304 4572 3603 4627 simulacra
3628 4614 3648 4638 ,

2044 4680 2316 4734 nunquam
2362 4679 2456 4719 eos
2485 4666 2798 4719 coluissent.
2857 4663 3057 4720 Deinde
3100 4680 3230 4720 vero
3257 4706 3273 4728 ,
3317 4665 3444 4735 quid
3477 4667 3653 4738 magis

2044 4756 2127 4811 his
2151 4756 2254 4811 diis
2287 4757 2605 4825 iniuriosum
2646 4772 2804 4827 quant
2828 4757 3203 4828 eosmetipsos,
3248 4773 3383 4829 quos
3412 4759 3656 4817 existere

2044 4849 2249 4911 credis,
2285 4866 2389 4903 non
2420 4848 2685 4904 honorare
2706 4893 2718 4915 ,
2759 4850 2850 4905 sed
2892 4850 3070 4905 colere
3102 4860 3305 4904 tantum
3334 4866 3431 4920 per
3458 4852 3647 4908 omnis

2045 4959 2235 4999 sensus
2264 4952 2563 5011 expertem,
2592 4942 2821 5012 aliquam
2849 4942 3103 5012 effigiem,
3136 4953 3386 5013 tanquam
3418 4959 3515 5012 per
3548 4944 3653 4998 ali-

2043 5036 2183 5107 quod
2234 5035 2750 5091 fideicommissum?
2808 5035 3048 5105 Denique
3097 5036 3319 5091 omuino
3373 5035 3539 5090 futilis
3590 5046 3647 5091 ct

2047 5129 2321 5199 nugatoria
2354 5138 2471 5183 erat
2500 5127 2615 5181 haec
2642 5127 2924 5198 responsio
2950 5127 3249 5199 gentilium,
3282 5127 3373 5198 qui
3396 5127 3493 5181 has
3522 5126 3651 5183 effi-

2045 5220 2162 5291 gies
2190 5232 2245 5275 et
2275 5221 2534 5291 imagines
2564 5221 2697 5277 deos
2723 5236 2844 5277 esse
2872 5220 3185 5277 credebant.

2118 5313 2221 5367 Sed
2250 5316 2346 5368 tios
2374 5314 2684 5369 idololatras
2710 5314 3088 5371 vehementius
3117 5315 3314 5383 premit
3348 5314 3642 5381 Arnobius,

2049 5405 2330 5476 palamque
2380 5404 2507 5459 facit
2546 5407 2613 5459 ab
2660 5407 2723 5461 iis
2752 5407 2876 5461 sciri
2926 5423 3031 5461 non
3082 5406 3323 5476 potuisse
3378 5416 3557 5461 utrum
3594 5409 3651 5463 hi

2048 5498 2258 5551 illorum
2302 5498 2414 5563 dii,
2463 5511 2597 5567 quos
2647 5514 2919 5569 nunquam
2952 5497 3200 5554 viderant
3232 5542 3245 5561 ,
3291 5498 3425 5553 tales
3454 5515 3647 5555 revera

2046 5591 2264 5655 fuerint,
2299 5592 2486 5663 quales
2513 5593 2580 5646 ab
2604 5594 2682 5647 eis
2706 5594 3255 5664 reprmsentabantur.
3287 5594 3435 5660 Quod
3462 5607 3648 5649 autem

2042 5684 2200 5739 alicui
2231 5685 2409 5740 simile
2440 5699 2547 5741 non
2574 5695 2657 5740 est
2678 5726 2691 5749 ,
2740 5686 2885 5741 illius
2934 5687 3119 5757 nequit
3155 5701 3277 5742 esse
3308 5684 3515 5757 effigies
3544 5730 3559 5753 ,
3593 5696 3653 5742 et

2043 5774 2238 5847 imago.
2273 5779 2428 5847 Atqui
2473 5778 2670 5833 ethnici
2719 5779 2910 5848 solem,
2942 5789 2996 5835 ut
3024 5778 3331 5846 hominem;
3360 5782 3560 5848 lunam,
3591 5790 3654 5836 ιιι

2045 5869 2325 5935 feminam;
2361 5882 2582 5941 ventos,
2616 5882 2674 5929 ut
2702 5871 2947 5930 homines
2976 5873 3235 5943 quosdam
3264 5915 3279 5934 .
3314 5873 3496 5931 iullato
3552 5888 3651 5932 orc
