3872 6346
155 338 246 395 Gl?
1415 335 1482 392 IN
1521 331 1899 405 AliiVOBIUM,
1935 335 2091 392 CAP.
2124 335 2285 390 XXII.
2342 406 2345 407 ν

3362 334 3466 394 018

158 453 418 509 buccinam
443 453 757 508 animantes
774 450 1123 508 exhibebant.
1148 448 1279 517 Quis
1304 458 1484 507 autem
1515 454 1610 506 has
1639 451 1757 515 illo-
1784 457 1839 518 Α
1862 450 2039 505 erectis
2056 492 2069 515 ,
2120 467 2181 504 ne
2211 448 2354 503 lectis
2378 448 2608 504 videlicet
2651 458 2740 502 aut
2778 448 3195 524 permiibusldii)
3222 462 3465 518 careant,

155 561 264 601 rum
282 560 442 601 veras
485 560 617 601 esse
643 533 897 615 imagines
912 544 1097 600 dicere
1118 560 1370 615 umquam
1389 547 1675 602 aususest?

218 638 579 696 Tuindeinile
606 637 1005 695 hachrnobius
1034 638 1291 695 continuo
1317 638 1546 709 adjecit:
1576 659 1595 691 ι
1622 638 1766 716 Inter

152 728 277 786 deos
325 730 584 785 videmus
622 738 830 784 vestros
886 730 1059 785 leonis
1103 728 1225 804 (ms.
1254 730 1372 784 cod.
1412 747 1519 803 reg.
1550 730 1760 801 leOnes)

156 825 489 878 lenissimum
535 826 737 895 faciem,
783 842 921 879 mero
955 824 1167 879 oblitam
1219 824 1375 879 minio
1400 866 1417 891 ,
1456 836 1503 879 et
1558 826 1765 880 naniine

154 918 379 989 frugiferi
451 919 597 988 (ms.
660 918 777 973 cod.
832 936 941 990 reg.
1001 918 1321 991 frugiferio)
1389 922 1684 989 nuncupari
1736 934 1755 968 ι

154 1008 353 1079 (Ibid.
403 1049 422 1075 ,
496 1026 617 1081 pag.
702 1008 892 1081 196).
979 1010 1171 1066 Mirum
1253 1020 1433 1066 autem
1504 1019 1763 1082 quantum

152 1102 406 1159 obscurus
459 1102 550 1158 hic
599 1105 748 1159 locus
789 1104 1124 1160 eruditorum
1174 1106 1386 1176 ingenia
1431 1108 1756 1169 exercuerit,

153 1197 363 1251 Latinus
436 1205 617 1252 autem
670 1196 912 1252 Latinius
979 1198 1179 1253 nodum
1239 1199 1461 1271 hujusce
1518 1198 1755 1255 dil‘lieul-

156 1291 271 1345 tatis
332 1306 527 1346 secare
570 1291 790 1360 potius,
851 1307 1011 1361 quam
1059 1292 1273 1348 solvere
1337 1292 1581 1356 videtur,
1634 1309 1757 1349 eum

153 1384 260 1440 hinc
289 1386 457 1441 verba
485 1385 565 1459 sic
592 1385 790 1456 corrigi
823 1387 990 1440 voluit
1033 1404 1048 1440 :
1104 1405 1123 1437 ι
1152 1385 1299 1442 Inter
1339 1386 1473 1442 deos
1506 1385 1757 1453 videmus

154 1478 331 1534 leones
361 1478 671 1533 torvissima
718 1477 887 1546 facie,
924 1494 1075 1534 inero
1100 1479 1263 1533 oblita
1294 1479 1493 1533 minim
1526 1477 1753 1551 (Latin.,

151 1574 393 1629 Bibliatu.
427 1591 563 1629 sacr.
595 1583 643 1627 et
663 1572 878 1645 prapli.,
906 1591 1029 1645 pag.
1059 1574 1173 1645 98).
1206 1572 1311 1630 Sed
1341 1590 1487 1629 mera
1513 1583 1597 1629 est
1620 1588 1756 1629 con-

147 1665 341 1735 jectura
369 1707 385 1731 ,
437 1682 559 1736 qua:
604 1666 805 1720 nullius
857 1667 1063 1722 codicis
1104 1667 1427 1721 auctoritate
1471 1665 1751 1721 fundatur.

151 1760 482 1830 Quapropter
510 1760 597 1830 qui
630 1759 682 1814 in
716 1766 960 1815 veterum
982 1760 1220 1830 scriptis,
1257 1759 1391 1814 nihil
1421 1759 1521 1813 nisi
1552 1760 1750 1814 certis-

1867 549 2061 615 formas
2083 544 2291 599 illorum
2316 546 2607 613 exprimunt
2622 586 2637 609 ,
2664 543 2891 598 adhibito
2912 544 2981 598 ad
3001 545 3055 597 id
3075 546 3149 599 vel
3176 543 3468 614 Praxitele,

1865 635 1943 689 vel
1968 633 2275 707 Polycleto,
2320 634 2398 689 vel
2434 633 2651 689 I’hidia.
2702 634 2768 689 At
2811 634 2865 688 lii
2906 635 3128 704 artiﬁces
3179 636 3321 690 haud
3364 638 3470 693 scio

1864 730 2074 784 ubinam
2100 730 2260 809 uisam
2290 746 2464 785 eorum
2490 730 2713 801 effigiem
2742 738 3130 799 repraesentant.

1937 807 2163 878 Tantam
2195 838 2357 893 porro
2398 821 2716 887 audaciam,
2760 807 2949 875 auctor
2979 830 3198 883 noster,
3256 833 3312 876 ut
3359 840 3470 878 ma-

1862 918 1946 989 gis
1988 918 2352 988 comprimat,
2399 923 2513 973 rem
2564 917 2735 989 ipsam
2792 930 2821 968 a
2884 915 3055 984 prima
3114 930 3209 970 sua
3268 916 3474 987 origine

1864 1012 1945 1067 sic
1972 1012 2173 1080 repetit
2209 1030 2221 1064 :
2273 1030 2293 1063 ι
2322 1010 2532 1066 Ridetis
2571 1007 2902 1079 temporibus
2930 1007 3124 1079 priscis
3152 1008 3345 1063 PchnS
3375 1008 3475 1063 ﬂu-

1864 1105 2010 1159 vium
2041 1105 2296 1173 coluisse,
2328 1103 2636 1161 memoralia
2674 1113 2731 1157 ut
2764 1102 3001 1158 indiCant
3030 1103 3227 1173 scripta
3259 1121 3271 1156 :
3304 1103 3471 1159 infor—

1867 1214 2010 1254 mem
2045 1200 2255 1255 Arabas
2281 1199 2549 1269 lapidem;
2592 1198 2869 1254 acinacem
2915 1197 3150 1269 Scythia:
3198 1197 3474 1264 nationes;

1865 1310 2077 1350 ramum
2134 1311 2231 1365 pro
2277 1294 2466 1371 Cinxia
2516 1294 2822 1364 Thespios;
2877 1292 3336 1365 Liguumlcarios
3381 1310 3476 1363 pro

1862 1387 2032 1442 Diana
2065 1388 2402 1453 indolatum;
2458 1387 2829 1442 Pessinuntios
2874 1387 3117 1452 silicem,
3180 1404 3277 1454 pro
3312 1387 3477 1443 deum
3540 1372 3545 1379 ’

1863 1477 2071 1543 Matre;
2121 1496 2218 1549 pro
2247 1479 2415 1535 Marte
2443 1480 2720 1536 Romanos
2750 1482 2983 1545 hastam,
3017 1480 3275 1536 Varronis
3308 1492 3363 1536 ut
3394 1483 3476 1537 in-

1862 1574 2045 1630 dicant
2073 1574 2269 1639 Music;
2294 1585 2455 1645 atque
2480 1585 2542 1641 ut
2563 1577 2817 1631 Aetlilius
2845 1587 3141 1639 memorat;
3166 1586 3292 1632 ante
3320 1591 3477 1631 usuin

1861 1668 2311 1739 disciplinamque
2330 1669 2600 1734 lictorum,
2624 1669 2860 1737 pluteum
2880 1668 3091 1724 Samios
3112 1684 3208 1739 pro
3223 1652 3438 1724 lunone
3451 1690 3469 1720 ι

1864 1758 2111 1832 (Arnob.,
2134 1760 2225 1815 lib.
2255 1776 2304 1815 v1
2331 1800 2345 1825 ,
2386 1779 2505 1831 pag.
2540 1761 2641 1817 196
2675 1774 2721 1816 et
2752 1760 2937 1834 seqq.).
2970 1761 3227 1831 Sequitur
3256 1764 3329 1819 ibi
3356 1764 3477 1819 Cle-

153 1857 275 1908 siina
308 1854 519 1909 ratione
542 1861 805 1907 mutatum
834 1852 1065 1920 volunt,
1103 1868 1169 1908 ex
1195 1851 1263 1908 iis
1293 1851 1534 1907 nonnulli
1568 1850 1749 1920 suspi-
1783 1852 1833 1912 B
1861 1865 2099 1909 mentem
2132 1855 2583 1923 Alexandrinum,
2614 1856 2768 1925 cujus
2800 1855 2941 1910 haud
2968 1856 3131 1912 dubie
3160 1858 3276 1912 haec
3298 1873 3476 1927 graeca

152 1947 331 2000 cantur
362 1945 433 1999 de
458 1943 589 2001 Sole
615 1944 961 2017 intelligenda
999 1959 1121 2002 esse
1152 1946 1269 2000 haec
1307 1945 1545 2000 auctoris
1574 1946 1744 2000 nostri
1849 1948 2012 2003 verba
2046 1949 2246 2018 legerat
2298 1967 2311 2003 :

152 2040 326 2094 verba.
374 2037 485 2095 Sed
525 2038 593 2094 ab
619 2038 740 2095 aliis
772 2038 1199 2109 red-arguuntur,
1231 2041 1354 2110 quia
1377 2040 1443 2094 de
1465 2037 1592 2094 Sole
1636 2039 1745 2109 pri-

1889 2042 2071 2113 ιραϐες-
2112 2044 2200 2097 τὸν
2234 2042 2385 2096 λίθον
2417 2044 2464 2096 οἱ
2489 2046 2681 2119 Πέρσαι
2704 2046 2791 2100 τὸν
2829 2045 3061 2117 ποταμὸν
3095 2045 3471 2119 προσεκύνουν,

154 2134 303 2187 vatim
364 2134 581 2189 locutus
649 2142 749 2187 est.
802 2134 1145 2188 Probabilius
1186 2135 1365 2205 itaque
1423 2134 1742 2205 quibusdam

155 2226 354 2281 videtur
393 2227 465 2280 ab
505 2226 596 2279 illo
638 2225 863 2281 indicari
906 2226 1134 2292 leones,
1188 2225 1281 2297 qui
1326 2226 1378 2279 in
1422 2227 1742 2296 templorum

150 2326 365 2398 fastigiis
414 2326 743 2400 quandoque
792 2328 1201 2397 sculpebantur.
1258 2327 1458 2382 Verum
1514 2330 1627 2383 haec
1675 2330 1742 2384 ad

150 2424 351 2479 aedilicii
380 2430 764 2479 ornamentum
796 2428 969 2494 posita
999 2426 1177 2493 potius
1206 2422 1553 2491 videbantur,
1583 2439 1741 2493 quam

151 2518 212 2572 ad
243 2518 468 2574 deorum
504 2519 694 2573 faciem
726 2517 1159 2588 exprimendam.
1194 2516 1358 2572 Nobis
1387 2518 1565 2588 itaque
1615 2516 1743 2573 laci-

153 2612 243 2666 lius
273 2613 688 2683 persuadebitnr
715 2623 991 2668 auctorem
1025 2622 1268 2668 nostrum
1315 2612 1398 2668 his
1440 2613 1618 2668 verbis
1646 2628 1740 2668 ea-

151 2704 265 2759 dem
312 2706 659 2778 signilicare,
708 2721 829 2777 qua:
883 2715 999 2775 post
1048 2705 1440 2761 Tertulliannm
1483 2704 1744 2760 Minucius

151 2798 293 2854 Felix
331 2800 468 2854 dixit
503 2816 518 2854 :
570 2818 589 2851 ι
623 2799 701 2855 De
727 2810 901 2871 capro
921 2811 975 2855 et
1002 2800 1220 2855 homine
1249 2804 1447 2856 mixtos
1478 2802 1607 2855 deos
1629 2842 1643 2865 ,
1688 2809 1746 2855 et

150 2891 391 2956 leonum,
424 2902 478 2948 et
506 2909 700 2949 canum
729 2896 912 2949 vultus
940 2893 1071 2950 deos
1102 2894 1386 2949 dedicatis.
1418 2913 1437 2946 ι
1474 2894 1744 2949 Arnobius

151 2984 193 3041 si
222 2987 439 3056 quidem
470 2997 593 3056 post
615 2988 776 3042 citata
810 3003 839 3040 a
879 2990 1038 3043 nobis
1065 2988 1230 3043 verba
1259 2988 1459 3058 adjecit
1497 3005 1512 3042 :
1563 3007 1580 3038 ι
1615 2987 1746 3043 Sine

1889 2974 2047 3031 Βδὲπω
2073 2985 2172 3032 τῶν
2198 2988 2451 3051 τεχνιτῶν
2480 2983 2566 3035 ἐπὶ
2608 2987 2697 3040 τήν
2736 2984 3073 3057 εὐπρόσωπον
3098 2987 3291 3044 ταύτην
3322 3008 3473 3044 κακο-

150 3080 350 3150 reliquo
374 3096 607 3150 corpore
638 3095 870 3151 persona
902 3092 985 3137 est
1011 3123 1027 3149 ,
1072 3090 1130 3137 et
1158 3082 1324 3137 iacies
1348 3082 1461 3137 sola
1486 3124 1501 3149 ,
1545 3080 1745 3137 freme-

1889 3071 2081 3141 εχνίαν-
2112 3071 2421 3147 ὡρμηκότων
2466 3071 2723 3141 (Clemens
2761 3077 3017 3131 Alexand.
3045 3119 3062 3145 ,
3104 3078 3354 3133 admonit.
3400 3081 3471 3135 ad

150 3170 337 3229 bulidls
376 3172 652 3240 hiatibus,
700 3175 868 3229 torvis
894 3173 1119 3230 rictibus
1143 3214 1159 3241 ,
1206 3177 1503 3252 sanguineo
1538 3175 1606 3230 de
1650 3191 1743 3232 ce-
1792 3249 1817 3252 ι
1851 3176 2013 3234 gent.
2051 3181 2174 3236 ρας·
2199 3165 2545 3239 39etseqq-l-
2570 3167 2781 3241 Sall/Iw
2805 3170 3011 3241 quidem
3031 3174 3315 3242 antiquitus
3341 3174 3471 3229 ado-

150 3276 332 3321 roto...
367 3276 530 3338 atque
561 3267 686 3323 fessi
715 3282 879 3324 canes
902 3287 921 3320 ι
950 3267 1221 3338 ('l'ertull.,
1256 3249 1476 3339 Apolog.
1510 3283 1627 3339 cap.
1654 3269 1741 3334 lli,

1889 3259 2035 3313 ebant
2066 3262 2359 3330 acinacem;
2391 3264 2585 3318 Arabes
2632 3276 2800 3330 autem
2832 3265 3092 3335 lapidem;
3143 3266 3321 3322 Persw
3351 3286 3469 3324 vero

153 3372 196 3416 et
226 3361 311 3414 lib.
340 3379 356 3417 ι
395 3362 464 3416 ad
495 3359 738 3427 Narium,
768 3380 885 3429 cap.
917 3362 985 3417 12
1012 3379 1027 3431 ς
1066 3361 1200 3417 Min,
1236 3360 1408 3431 Felix,
1446 3380 1567 3435 pag,
1599 3362 1699 3418 261
1726 3380 1741 3431 ;
1851 3354 2066 3425 ﬂuuium
2097 3370 2116 3410 :
2142 3366 2190 3410 et
2214 3374 2277 3411 ea:
2294 3357 2413 3413 aliis
2440 3360 2732 3415 hominibus
2760 3361 2829 3424 ii,
2872 3362 2960 3431 qui
2992 3362 3161 3416 adhuc
3191 3374 3337 3418 erant
3371 3383 3469 3420 an-

150 3454 365 3519 Amob,’
395 3454 492 3509 ιοε,
526 3456 639 3521 εει,
668 3472 788 3525 pag,
820 3455 974 3525 196),
1852 3447 2095 3519 tiquiores
2114 3491 2129 3515 ,
2160 3449 2302 3521 ligna
2332 3450 2593 3523 erigebant
2619 3447 2844 3523 insignia
2864 3493 2879 3521 ,
2923 3464 2971 3507 et
3001 3454 3269 3510 columnas
3300 3474 3466 3524 pone-

219 3549 350 3617 Quis
372 3560 551 3606 autem
582 3549 736 3604 facile
768 3564 872 3603 non
898 3548 1165 3604 concedet
1188 3559 1474 3619 utrumque
1499 3548 1645 3619 loqui
1673 3547 1742 3603 de

1889 3552 1974 3593 ant
2000 3556 2065 3596 ex
2092 3541 2351 3613 lapidibus
2374 3583 2389 3609 ,
2423 3560 2537 3624 qua:
2560 3544 2716 3598 etiam
2743 3546 3143 3615 appellabantur
3168 3548 3320 3613 ξόανα
3341 3589 3357 3613 ,
3404 3566 3467 3603 eo

151 3642 469 3704 simulacris,
500 3642 957 3713 quemadmodum
989 3642 1150 3697 Panis
1170 3684 1183 3707 ,
1213 3640 1566 3713 Satyrorum,
1614 3642 1748 3697 aiio-
1852 3636 1991 3707 quod
2025 3638 2359 3691 eraderentur
2380 3648 2429 3691 et
2455 3640 2808 3704 expoliuntur
2833 3656 2899 3695 ea;
2929 3642 3171 3720 materia.
3211 3641 3279 3695 lu
3312 3642 3465 3699 Icaro

151 3748 371 3802 rumque
397 3733 706 3805 bujusmodi
736 3775 751 3799 ,
793 3734 933 3789 sicut
964 3735 1018 3788 in
1057 3744 1241 3789 nostra
1273 3734 1340 3790 de
1366 3734 1612 3803 ejusdem
1645 3734 1741 3788 Mi-
1851 3738 1988 3782 certe
2017 3730 2186 3801 imago
2237 3728 2424 3785 Diana:
2463 3731 2663 3805 lignum
2703 3744 2813 3787 erat
2858 3752 2961 3789 non
3014 3735 3369 3799 elaboratum,
3418 3746 3467 3791 et

152 3827 285 3882 num
315 3827 451 3883 libro
475 3827 861 3884 dissertatione
890 3828 1230 3884 ostendimus
1271 3827 1516 3899 (Diaei-1,
1558 3829 1612 3882 in
1638 3827 1747 3882 Mi-
1854 3819 2416 3878 Cit/ieronitelunonis
2447 3824 2684 3897 Thespia:
2712 3837 2942 3882 trunctus
2968 3830 3169 3884 excisus
3209 3847 3228 3884 .·
3267 3839 3315 3884 et
3354 3830 3463 3887 Sa-

153 3938 297 3990 uuc.,
323 3939 436 3994 cap.
468 3924 529 3978 11
560 3963 575 3988 ,
607 3932 707 3977 art.
736 3920 819 3993 5).
867 3922 1021 3990 Quod
1064 3938 1193 3977 vero
1234 3923 1506 3978 Arnobius
1547 3923 1748 3979 ibidem
1853 3916 1972 3970 mite
1996 3916 2242 3985 lunonis,
2271 3927 2327 3971 nt
2354 3919 2426 3971 ait
2455 3918 2710 3983 Ethlius,
2737 3921 2880 3990 prius
2903 3923 3107 3993 quidem
3135 3934 3241 3978 erat
3262 3924 3461 3991 tabula,

152 4014 385 4083 addidit,
428 4016 615 4087 {aciem
650 4017 862 4071 oblitam
906 4018 1096 4083 minio,
1146 4018 1213 4072 ad
1252 4034 1374 4073 eum
1406 4018 1747 4075 ethnicorum
1855 4022 2033 4082 postea
2068 4022 2279 4079 autem,
2310 4013 2574 4069 Are/conte
2608 4014 2827 4071 Procleo
2854 4060 2868 4083 ,
2917 4018 2970 4071 in
3010 4020 3230 4089 formam
3277 4028 3463 4075 statua:

154 4122 355 4164 morem
397 4110 554 4181 plane
594 4109 880 4166 ridiculum
918 4122 1145 4181 Spectat,
1176 4127 1285 4183 quo
1330 4113 1747 4169 simulacrorum
1854 4104 2017 4175 emt-ta
2043 4116 2284 4160 est.......
2313 4105 2495 4162 Roma:
2520 4118 2688 4163 autem
2719 4110 2997 4181 antiquitus
3022 4121 3245 4166 statuam
3274 4111 3462 4169 Martis

155 4201 315 4257 facies
343 4202 512 4260 minio
539 4203 788 4260 oblinere
821 4204 1087 4259 solebant.
1136 4204 1408 4275 Scriptum
1451 4207 1650 4278 quippe
1679 4207 1749 4263 ab
1853 4200 2014 4269 fuisse
2036 4201 2239 4255 hastam
2268 4203 2339 4255 ait
2376 4201 2572 4269 Varro,
2614 4221 2730 4257 cum
2756 4205 2985 4259 nondum
3006 4208 3353 4277 peruenissent
3377 4226 3463 4261 ar-

157 4292 325 4351 Piinio
354 4297 581 4367 legimus
615 4316 629 4352 :
682 4317 700 4348 ι
729 4297 879 4353 Jovis
900 4298 1073 4367 ipsius
1098 4298 1373 4353 simulacri
1407 4299 1595 4354 faciem
1628 4300 1747 4355 die-
1854 4292 2014 4361 liﬁces
2038 4294 2107 4346 ad
2134 4293 2228 4346 hoc
2256 4295 2539 4363 speciosum
2566 4296 2806 4366 quidem,
2848 4300 2938 4352 sed
2977 4280 3264 4369 improbum
3293 4301 3463 4370 artiﬁ-

155 4388 254 4445 bus
282 4392 423 4447 {estis
437 4392 606 4447 minio
631 4390 767 4445 illini
799 4392 1044 4447 solitam»
1072 4390 1268 4464 (Plin.,
1292 4392 1382 4446 lib.
1411 4408 1557 4447 xxxv
1608 4392 1745 4447 Hist.

1889 4387 2012 4440 ium.
2046 4386 2210 4443 Vides
2259 4402 2391 4444 sane
2432 4389 2706 4459 quomodo
2736 4392 3044 4458 Arnobius,
3092 4408 3213 4449 cum
3249 4393 3365 4449 inec
3393 4409 3462 4449 ex

159 4494 349 4549 natur.,
379 4504 497 4557 cap.
537 4488 594 4553 7,
636 4501 757 4557 pag.
786 4482 901 4556 56).
949 4485 1025 4540 De
1051 4486 1212 4541 Panis
1243 4501 1370 4541 vero
1401 4484 1578 4558 efﬁgie
1606 4489 1749 4543 canit
1854 4479 2137 4535 Clemente
2165 4480 2532 4537 Alexnndrino
2558 4482 2845 4551 delibavit,
2876 4484 3057 4540 verbis
3089 4486 3268 4540 latinis
3296 4484 3463 4541 fuerit

159 4577 437 4649 Virgilius;
1776 4644 1819 4649 _
1854 4574 2266 4645 interpretatus,
2300 4576 2549 4646 qumdam
2586 4578 2854 4633 demendo
2882 4580 3157 4649 etaliquid
3188 4581 3458 4649 addendo,

250 4644 347 4747 Ean
370 4672 507 4746 Deus
530 4673 756 4747 Arcadiae
776 4676 928 4745 venit,
954 4686 1105 4747 quem
1129 4674 1337 4747 vidimus
1359 4675 1453 4739 ipsi
1776 4644 1831 4705 D
1857 4644 2276 4721 illudnimirum
2321 4644 2466 4736 quod
2518 4668 2653 4724 dixit
2693 4669 2760 4724 de
2798 4669 2949 4726 silice
2992 4644 3227 4743 el‘ligiem
3274 4644 3465 4730 matris

254 4732 540 4799 Sanguiueis
568 4736 700 4786 ebuli
724 4738 891 4786 buccis
907 4732 1157 4800 minioque
1182 4732 1468 4787 rubentem.

712 4816 899 4844 [νς-πὶ)
968 4817 1101 4844 ΑΑΙΛιι
1147 4821 1207 4844 ΑΛ
1248 4835 1356 4844 ..,...-
1400 4822 1460 4844 ac
1487 4828 1528 4844 ,ιι
1550 4821 1610 4844 cn
1636 4821 1653 4844 κ

1894 4775 2079 4815 eorum
2108 4772 2560 4831 reprmsentante,
2602 4764 2670 4820 de
2712 4781 2820 4836 quo
2855 4767 3014 4836 paulo
3043 4779 3167 4823 ante
3198 4768 3464 4825 disserui-

711 4817 940 4884 (Virgil.,
964 4817 1119 4885 eclog.
1147 4821 1221 4878 10,
1248 4835 1374 4873 vers.
1400 4822 1462 4872 26
1482 4828 1528 4873 et
1550 4821 1655 4885 27.)

1889 4867 1973 4908 lllS
2016 4852 2169 4926 (Cap.
2200 4872 2374 4923 super.
2398 4898 2414 4921 ,
2452 4867 2555 4910 art.
2581 4856 2643 4927 2)
2670 4899 2682 4921 ,
2720 4857 2861 4913 sicut
2887 4859 2955 4915 de
2980 4860 3100 4915 aliis
3129 4861 3379 4916 omnibus
3409 4864 3460 4917 in

163 4924 301 4992 Quos
326 4929 375 4982 in
408 4942 596 4984 Versus
626 4926 1264 5026 bm°»S?_r"i'l§_°l’59TV3l
1289 4928 1557 4984 ίΕδυιυηι
1588 4947 1747 5002 genus
1848 4924 2122 5017 superiori
2153 4957 2443 5017 apparatus
2488 4924 2659 5004 nostri
2710 4960 2856 5007 tomo
2896 4952 3041 5026 (tam.
3092 4969 3107 5006 ι
3173 4955 3459 5026 Apparat.,

163 5029 235 5073 est
266 5024 418 5077 lterbte
435 5024 675 5077 sambuco
703 5022 889 5075 simile.
923 5021 1088 5078 Minio
1116 5037 1286 5093 autem
1315 5025 1449 5091 ideo,
1472 5030 1591 5097 quia
1614 5029 1746 5099 facie

1889 5040 1941 5093 ‘b.
1977 5056 2053 5101 nt.
2079 5042 2280 5095 dissert.
2318 5042 2369 5107 1,
2409 5060 2526 5112 cap.
2564 5045 2659 5111 18,
2704 5056 2803 5099 art.
2836 5021 3041 5120 l,‘pag.
3072 5048 3176 5103 754
3203 5021 3459 5121 ιιι-δεινῇ).

165 5111 309 5167 rubra
337 5116 557 5186 pingitur
590 5115 727 5179 Pan,
762 5124 968 5185 prepter
989 5118 1193 5172 wtheris
1223 5119 1635 5174 similitudinem.

1889 5132 2023 5187 lobis
2054 5149 2217 5205 porro
2245 5134 2403 5191 liceat
2430 5135 2561 5191 illud
2605 5136 2689 5193 his
2717 5139 2969 5194 omnibus
2997 5140 3235 5211 adjicere
3258 5182 3274 5207 ,
3317 5142 3460 5211 quod

240 5209 486 5266 Arnobius
510 5212 694 5282 itaque
725 5209 851 5263 hinc
874 5213 1143 5267 concludit
1172 5228 1399 5270 summa:
1430 5216 1746 5273 temeritatis

1889 5244 2110 5284 .ucanus
2149 5229 2219 5285 de
2262 5244 2405 5297 luco,
2436 5248 2595 5297 quem
2626 5233 2810 5288 Caesar
2853 5234 2906 5289 in
2952 5235 3269 5292 Massiliensi
3314 5237 3463 5292 obsi-

168 5318 282 5359 csse
316 5323 426 5362 eam
450 5307 676 5363 deorum
709 5306 938 5375 ﬁgurare
968 5308 1199 5375 speciem
1226 5319 1279 5362 et
1308 5308 1558 5377 formam,
1590 5326 1746 5371 quam

1889 5325 2019 5379 tione
2046 5324 2219 5379 excidi
2239 5324 2422 5396 jussit,
2454 5324 2602 5381 hisce
2626 5327 2823 5383 cecinit
2853 5330 3095 5384 versibus
3121 5346 3133 5381 :
3309 5318 3315 5324 ’

169 5396 320 5451 talem
340 5415 455 5456 esse
477 5415 637 5455 nemo
654 5416 905 5471 umquam
926 5404 1154 5470 probare
1176 5402 1362 5470 potuit.
1388 5403 1746 5469 Quamobrem

172 5487 420 5549 Lucisinus
456 5494 651 5550 alicubi
692 5494 1049 5550 disertissime
1087 5496 1304 5566 scripsit
1350 5516 1363 5550 :
1406 5500 1571 5558 Ναούς
1624 5499 1751 5573 ἐνεὶς

172 5604 358 5655 partes,
382 5590 443 5643 ἶν’
481 5592 627 5644 αὐτοὶ
666 5595 736 5661 μή
782 5585 993 5649 ἄνοικοι,
1028 5587 1155 5661 μηδέ
1189 5592 1412 5647 ἀνέστιοι
1437 5589 1580 5651 δῆθεν
1603 5588 1750 5656 ὦσιν,

2367 1949 2521 2005 Πάλαι
2550 1952 2640 2021 μὲν
2685 1951 2732 2004 οἰ
2773 1950 2977 2016 Σκύθαι,
3008 1952 3092 2005 τὸν
3129 1952 3386 2008 ἀκινάκην.
3429 1951 3477 2005 οἱ

1848 2139 1935 2188 καὶ
1959 2142 2057 2190 τῶν
2087 2132 2247 2191 ἄλλων
2278 2138 2555 2213 ἀνθρώπων
2577 2137 2623 2192 οἳ
2652 2136 2729 2194 ἔτι
2754 2139 3060 2219 παλαίτιροι
3085 2141 3214 2205 ξύλα
3236 2139 3473 2218 ἱδρύοντο

1845 2240 2096 2306 περιφανῆ
2121 2275 2135 2297 ,
2182 2235 2269 2286 καὶ
2314 2233 2486 2293 κιὸνας
2529 2231 2690 2288 ’ὶστων
2733 2233 2987 2293 ὶκ,λίθων-
3022 2232 3055 2287 ἃ
3090 2232 3145 2288 δὲ
3188 2237 3277 2290 καὶ
3316 2235 3476 2301 ξόανα

1847 2326 2281 2398 προσηγορεύετο,
2302 2322 2389 2380 διὰ
2403 2328 2463 2380 τὸ
2477 2326 2775 2391 ἀποξεῐσθαι
2787 2334 2878 2387 τῆς
2901 2324 3222 2396 ὖλης“ἀμέλει
3233 2329 3283 2382 ἐν
3295 2327 3474 2403 Ἰκάρῳ

1844 2424 1938 2477 τῆς·
1958 2414 2250 2489 Ἀρτέμιδος
2288 2420 2347 2473 τὸ
2369 2414 2577 2492 ἄγαλμα
2601 2419 2748 2483 ξύλον
2778 2416 2835 2478 ἧν
2876 2423 2963 2473 οὐκ
3003 2423 3351 2495 εἰργασμένον.
3388 2425 3475 2476 καὶ

1847 2516 1939 2569 τῆς
1971 2511 2303 2585 Κιθαιρωνίας
2321 2507 2483 2587 Ἥρας
2510 2516 2557 2566 ἐν
2584 2514 2788 2587 Θεσπίᾳ
2811 2515 3035 2589 πρέμνον
3084 2511 3471 2587 ἐκκεκομμένον.

1848 2605 1934 2656 καὶ
1961 2604 2017 2656 τὸ
2046 2612 2138 2663 τῆς
2166 2606 2356 2676 Σαμίας
2382 2601 2564 2681 Ἤρας,
2598 2605 2668 2665 ὥς
2695 2627 2843 2677 φησιν
2864 2606 3075 2667 Αεθλιοςι
3104 2608 3353 2685 πρότερον
3378 2613 3473 2687 μέν

1846 2691 1905 2754 ἦν
1925 2700 2094 2761 σανίς,
2113 2698 2333 2775 ὕστερον
2350 2696 2404 2753 δέ
2425 2701 2510 2754 ἐπὶ
2536 2699 2813 2777 Προκλέους
2829 2701 3121 2777 Αὲρχοντος
3134 2701 3474 2778 ἀνδριαντοει-

1847 2786 1931 2849 die
1983 2792 2297 2864 iyivzro...“
2329 2794 2378 2847 ἐν
2406 2795 2553 2869 Ρώμῃ
2584 2791 2638 2848 δέ
2677 2796 2735 2849 τὸ
2775 2794 2991 2849 παλαιὸν
3025 2795 3147 2873 δόρυ
3174 2804 3299 2868 φησὶ
3324 2820 3472 2871 γεγο-

1847 2883 1997 2951 νέναι
2025 2891 2115 2938 τοῦ
2166 2881 2362 2961 ’Ἄρεως
2428 2889 2485 2941 τὸ
2530 2887 2703 2952 ξόανον
2748 2888 2987 2963 Οὐὰρῤων
3036 2890 3063 2944 ὁ
3110 2895 3469 2968 συγγραφεύς.

1952 5460 2230 5530 Arboribus
2250 5477 2370 5515 suus
2393 5464 2566 5530 horror
2588 5468 2738 5530 inest,
2765 5474 2867 5515 tum
2890 5468 3094 5529 plurima
3122 5471 3275 5530 nigris

1956 5523 2193 5575 Fontibus
2215 5530 2340 5576 unda
2365 5527 2510 5587 cadit,
2540 5523 2901 5581 simulacraque
2918 5538 3087 5580 maesta
3108 5523 3313 5581 deorum

1944 5589 2076 5636 Arte
2098 5599 2285 5652 carent,
2308 5591 2552 5652 ensisque
2577 5599 2771 5641 exsmnt
2796 5591 3014 5643 informia
3039 5595 3241 5644 truncis.

175 5678 351 5741 είκάνας
378 5684 538 5739 αὐτῶν
557 5683 900 5747 ἀπεικάζουσι
919 5683 1417 5759 παρακαλέσαντεςῆ
1430 5685 1751 5761 Πραξιτέλην,
2614 5674 2839 5738 (Lucana
2865 5672 2951 5725 δι’·
2978 5690 3051 5737 ιη»
3078 5689 3203 5727 υενδσ
3229 5674 3366 5736 59L)

178 5772 209 5831 ἦ
240 5774 527 5832 [lubricum
544 5820 560 5845 ,
600 5776 631 5837 ἣ
660 5774 878 5832 Φειδίαν.
910 5778 955 5831 οε
979 5776 1033 5833 δὲ
1061 5781 1148 5832 οὐκ
1172 5773 1266 5834 οἷδ’
1292 5776 1371 5834 ὄτι
1397 5777 1586 5841 ἰδόντες
1628 5782 1746 5835 ἀνα-

1938 5779 2045 5842 At,
2096 5779 2267 5849 inquit
2310 5780 2582 5835 Arnobius
2615 5822 2629 5845 ,
2691 5780 2738 5835 si
2794 5780 2913 5836 haec
2961 5784 3152 5839 merito
3220 5781 3473 5841 ridebant

182 5863 439 5927 πὶὰττονσι
471 5870 711 5937 (Lucian.
734 5917 751 5941 ,
804 5883 868 5932 de
909 5872 1131 5939 sacriﬁc.
1151 5914 1167 5938 ,
1215 5890 1337 5945 pag.
1397 5872 1541 5943 185).
1592 5871 1756 5929 Fauis
1866 5870 2101 5942 ethnici,
2141 5889 2249 5931 non
2280 5874 2477 5930 minori
2508 5874 2750 5945 profecto
2781 5882 2967 5934 etetcri
2998 5894 3186 5934 omnes
3219 5876 3476 5937 irrisione

674 5979 948 6041 Parnm.
988 5978 1041 6038 V

2948 5978 3029 6041 ΞΟ
