3872 6336
433 324 536 380 619

1671 320 2123 387 ιιιεεειιτΑΤιο
2163 321 2366 383 PRIEV
2378 322 2444 381 1A

3610 334 3694 392 6ὲο

430 435 578 506 digni
606 441 800 501 erant,
852 435 945 506 qui
991 435 1098 490 diis
1140 434 1534 517 immortalibus
1575 435 1807 492 humana
1852 437 2022 494 forma

2140 441 2391 516 κηρύκειον
2417 441 2467 495 ἕν
2488 448 2550 512 τῇ
2577 443 2739 517 χειρί.
2771 439 3017 496 Pelasttm
3044 443 3101 498 in
3122 446 3292 513 capite
3309 486 3326 513 ,
3348 447 3473 503 etin
3494 452 3695 508 manibus

430 527 625 584 efﬁctis
647 526 1017 596 supplicabant
1042 526 1251 598 (Arnob.
1273 569 1287 592 ,
1321 507 1514 593 libavr,
1542 544 1662 599 pag.
1697 528 1844 602 197).
1895 530 2025 597 Quis

430 622 576 677 enim
612 621 837 678 credere
867 637 1097 693 unquam
1136 621 1311 692 potuit
1336 621 1468 678 deos
1494 620 1742 678 humanis
1769 620 2026 684 membris

431 716 718 786 componi?
766 716 1104 789 Quapropter
1148 717 1193 772 si
1244 717 1467 784 datum,
1506 716 1654 774 addit
1699 719 1824 785 ille,
1871 720 2027 776 nobis

431 818 611 875 esset,
653 809 705 864 in
750 810 967 864 intimas
999 807 1341 864 ethnicorum
1378 811 1734 880 cOgitationes
1770 813 2027 882 introspi-

430 914 577 965 cere,
609 915 703 956 eos
722 901 905 970 utique
928 898 1240 972 videremus
1269 901 1456 956 eadem
1486 901 1766 957 nobiscum
1797 905 2027 970 sentire;

430 991 528 1047 sed
548 993 601 1047 id
621 991 802 1058 malle,
822 991 966 1063 quod
980 991 1268 1062 aliquando
1288 993 1492 1064 absque
1517 995 1729 1050 ratione
1742 994 2026 1064 fecerunt,

431 1083 781 1154 pertinaciter
811 1080 1124 1149 defendere,
1155 1099 1316 1154 quam
1336 1085 1533 1156 agnitae
1549 1086 1750 1142 cedere
1778 1088 2019 1142 veritati.

1033 1217 1333 1262 ARTICULUS
1371 1219 1429 1259 ll.

427 1315 582 1374 Quam
607 1319 748 1364 recte
769 1314 1014 1366 Arnobius
1033 1325 1199 1368 contra
1240 1319 1411 1368 eadem
1449 1319 1678 1371 falsorum
1716 1321 1920 1372 deorum
1966 1326 2031 1373 si-

491 1377 704 1447 mulacra
739 1386 1119 1447 argumentatur
1145 1395 1209 1430 ex
1235 1381 1451 1447 ridiculis
1473 1385 1679 1447 deorum
1715 1385 2029 1447 imaginibus,

493 1438 778 1503 Hammonis
805 1438 925 1491 'cum
965 1445 1190 1493 arietinis
1227 1446 1476 1503 cornibus,
1521 1445 1720 1495 Saturni
1755 1438 1864 1496 cuii:
1908 1438 2033 1498 falce

495 1503 700 1568 adunca,
728 1502 958 1554 Mercurii
994 1506 1173 1566 pinnati
1194 1543 1207 1562 ,
1235 1502 1554 1568 Argiphontis
1589 1521 1698 1556 eum
1726 1519 1921 1568 petaso,
1948 1509 2032 1560 Li-

495 1523 700 1562 auunca,
729 1523 958 1554 tur-reum
994 1523 1173 1566 plnnatl
1194 1543 1207 1562 ,
1235 1523 1303 1554 ΑΙ·
1320 1523 1554 1568 τιιιιιοιὶι18
1589 1523 1698 1556 cum
1726 1523 1921 1568 petaso,
1950 1523 2032 1560 Lt-

487 1564 598 1627 berl
623 1578 732 1614 eum
757 1569 994 1617 membris
1011 1568 1255 1626 mollibus,
1281 1523 1494 1619 Vbeneris
1517 1573 1676 1627 nuda,
1698 1571 1901 1622 Vulcani
1921 1586 2034 1622 cum

489 1626 623 1689 pileo
647 1635 698 1692 et
720 1627 919 1692 malleo,
947 1629 1075 1692 Delii
1117 1643 1226 1678 cum
1264 1630 1452 1692 plectro
1476 1643 1527 1681 et
1552 1626 1726 1681 ﬁdibus
1745 1669 1758 1690 ,
1787 1634 2035 1684 Musarum

487 1702 598 1754 eum
623 1690 758 1754 tibiis
783 1697 834 1740 et
859 1691 1106 1754 psaltertis
1124 1731 1136 1746 .
1163 1690 1526 1754 Neptunicum
1552 1697 1765 1751 luscina,
1792 1696 1898 1746 Jani
1922 1712 2036 1747 cum

483 1750 682 1818 dentata
720 1750 1054 1818 clave,_.lovis
1073 1750 1289 1818 ricinia‘ti
1328 1770 1437 1804 cum
1463 1756 1650 1818 fomite,
1691 1750 1904 1808 Palladis
1925 1774 2036 1810 cum

486 1811 679 1882 militari
703 1811 870 1882 galea,
893 1815 1060 1882 Matris
1083 1817 1230 1882 deum
1255 1831 1364 1882 cum
1391 1811 1770 1882 tympau0,'Jani
1807 1835 1919 1871 cum
1942 1825 2035 1872 du-

489 1875 602 1947 plici
625 1876 964 1947 fronte,_.lovis
981 1893 1090 1929 cum
1103 1880 1272 1947 barba,
1297 1875 1864 1947 Certiris'cum'mammis
1885 1899 2034 1947 gran-

485 1938 649 1999 dibus,
679 1946 732 1988 et
756 1939 924 1989 Dianae
948 1954 1061 1990 cum
1084 1938 1359 1993 semitectis
1383 1943 1674 1995 femoribus.

502 2044 896 2116 Deplorandam
939 2050 1222 2118 gentilium
1274 2055 1570 2108 czecitatem
1617 2056 1796 2111 acrius
1848 2066 2039 2113 auctor

428 2149 615 2192 noster
655 2138 950 2194 insectatur
994 2141 1237 2209 (Arnob,
1270 2144 1355 2197 lib.
1389 2161 1460 2212 vt,
1492 2164 1611 2218 pag.
1640 2149 1741 2204 197
1774 2161 1818 2203 et
1846 2152 2034 2222 seqq.).

426 2230 698 2300 planeque
722 2233 962 2287 ostendit
991 2236 1060 2288 ab
1090 2236 1168 2290 eis
1199 2238 1486 2293 simulacra
1520 2226 1886 2314 imaginesque
1905 2246 2036 2300 deo-

426 2340 547 2379 rum
577 2338 640 2378 ea
668 2323 837 2378 forma
871 2326 1147 2391 exhiberi,
1181 2344 1302 2399 qua:
1327 2332 1550 2387 cuilibet
1574 2335 1797 2390 cordate
1829 2339 2033 2392 homini

428 2422 583 2469 tanto
610 2415 871 2489 majorem
899 2459 914 2485 ,
961 2431 1162 2490 quanto
1207 2423 1499 2478 tristiorem
1531 2427 1697 2481 risum
1725 2431 2032 2486 movebant.

424 2508 626 2567 Nonne
652 2513 794 2566 enim
827 2529 1036 2570 summa
1069 2527 1188 2571 erat
1209 2517 1420 2573 illorum
1444 2520 1746 2587 dementia,
1780 2545 1806 2578 a
1840 2529 2034 2595 quibus

429 2604 660 2657 Ammon
689 2643 705 2669 ,
752 2619 848 2659 seu
886 2605 1094 2675 Jupiter
1136 2610 1358 2667 deorum
1415 2617 1686 2672 maximus
1738 2619 2036 2689 (iungebatur

422 2709 544 2754 cum
587 2696 848 2759 arietinis.
877 2707 936 2753 ut
964 2702 1088 2756 alibi
1121 2705 1422 2760 notavimus
1451 2708 1694 2778 (Dissert.
1725 2713 1776 2766 in
1806 2712 2032 2781 Minuc.,

424 2801 540 2854 cap.
563 2786 651 2852 15,
678 2798 777 2842 art.
802 2787 882 2860 ἒ),
907 2792 1196 2847 cornibus?
1241 2794 1352 2850 Nec
1378 2796 1552 2866 impar
1581 2815 1730 2864 sane,
1766 2815 1857 2858 aut
1887 2819 2034 2861 certe

424 2876 599 2946 major
627 2879 836 2933 insania
865 2882 1154 2937 Alexandri
1189 2884 1383 2955 Magni,
1412 2888 1502 2956 qui
1532 2891 1747 2958 quidem
1772 2895 2033 2964 quemad-

422 2970 642 3024 modum
675 2972 965 3029 Athenaaus
993 3017 1008 3042 ,
1057 2976 1309 3033 Clemens
1353 2980 1752 3039 Alexandrinus
1796 2989 2031 3057 (Atticm,

423 3061 510 3115 lib.
555 3079 631 3117 xu
676 3061 1030 3137 DeipnosOph.
1059 3109 1073 3131 ,
1121 3087 1244 3140 pag.
1277 3070 1418 3138 557;
1449 3070 1679 3129 Clemens
1729 3078 2035 3146 Alexandr.,

424 3153 684 3209 Admonit.
716 3158 785 3210 ad
826 3169 987 3230 gent..
1019 3177 1142 3230 pag.
1171 3159 1286 3232 56),
1319 3171 1373 3217 et
1413 3164 1503 3218 alii
1539 3166 1910 3236 testiﬁcantur,
1940 3187 2035 3225 vo-

2127 536 2422 588 caduceum.
2465 532 2684 590 Plautus
2733 549 2862 592 vero
2907 534 3230 593 Mercurium
3275 537 3357 596 sic
3410 541 3686 614 loqtrentem

2131 628 2331 685 inducit
2360 646 2373 681 :

2223 741 2327 803 Ego
2347 742 2435 792 has
2455 742 2649 794 habebo
2672 744 2753 796 hic
2771 747 3011 812 usqnein
3025 754 3198 810 petaso
3217 747 3463 812 pinnulas.

2925 808 3134 875 (Plaut,
3155 808 3362 879 Prolog.
3383 812 3622 882 Δαριάν.)

2128 912 2300 978 Quem
2329 912 2381 965 in
2413 927 2630 968 versum
2652 955 2668 982 ,
2701 911 2983 984 Lambini,
3026 917 3072 972 si
3102 916 3286 985 lubet,
3315 919 3696 978 observationes

2129 1005 2372 1060 consule.

2202 1099 2331 1152 Eam
2359 1113 2488 1154 sane
2533 1100 2604 1153 ob
2647 1115 2863 1156 causam
2889 1109 3077 1171 postea
3109 1102 3247 1158 dixit
3277 1113 3467 1160 auctor
3496 1114 3699 1161 noster:

2136 1191 2423 1246 Mercurius
2456 1193 2699 1261 pinnatus
2728 1195 3071 1266 Argiphontes
3099 1193 3316 1268 (Arnob.
3340 1240 3356 1264 ,
3391 1198 3482 1253 lib.
3509 1214 3577 1266 Vt,
3603 1217 3702 1270 pag.

2131 1283 2286 1356 209),
2319 1286 2371 1339 in
2426 1287 2796 1358 manuscripto
2849 1287 3036 1343 codice
3089 1291 3274 1361 regio,
3327 1292 3705 1363 Argiforom'tes,

2135 1377 2395 1433 mendose
2442 1396 2455 1432 :
2501 1380 2701 1434 etenim
2735 1381 3106 1452 Argiphoates,
3157 1398 3334 1453 graece
3386 1388 3704 1464 Δρτειφόντης,

2136 1468 2385 1523 Mercurii
2412 1480 2497 1524 est
2523 1473 2869 1540 epithetmn,
2920 1489 3030 1543 quo
3079 1475 3300 1545 quidem
3345 1490 3542 1549 praeter
3563 1481 3703 1544 alios,

2141 1561 2282 1615 haud
2315 1563 2488 1618 semel
2517 1579 2650 1618 usus
2674 1576 2758 1619 est
2787 1565 3054 1621 Homerus
3073 1608 3088 1634 ,
3121 1579 3294 1636 atque
3329 1569 3400 1624 ab
3425 1571 3538 1641 ejus
3567 1573 3706 1627 inter-

2137 1664 2286 1722 prete
2335 1654 2499 1709 latine
2541 1654 2807 1724 redditur,
2843 1657 3085 1728 Argicida
3113 1669 3164 1712 et
3206 1660 3594 1730 internuncius(
3618 1661 3708 1717 Ho-

2140 1762 2289 1812 mer.,
2320 1745 2485 1802 Iliad.
2516 1763 2626 1813 xw,
2655 1750 2934 1820 pag.~296,
2970 1764 3017 1804 et
3047 1751 3208 1806 Iliad.
3237 1769 3386 1821 sxw,
3417 1773 3537 1827 pag.
3569 1755 3709 1827 118).

2067 1848 2115 1908 Β
2141 1840 2466 1896 Mercurium
2497 1850 2676 1896 autem
2704 1842 2782 1898 sic
2810 1847 3249 1915 cognominatum
3275 1849 3497 1918 quidam
3527 1851 3709 1911 volunt,

2141 1933 2265 2001 quia
2296 1933 2498 2004 Argum
2531 1933 2831 2001 interfecit,
2856 1938 2940 1992 vel
2963 1948 3019 1992 ut
3038 1939 3157 1993 aliis
3180 1940 3375 2009 placet,
3399 1958 3431 1995 a
3453 1943 3712 2008 sermonis,

2140 2027 2224 2079 cui
2268 2042 2502 2096 praeesse
2526 2027 2826 2094 ferebatur,
2861 2032 3177 2100 pernicitate
3203 2043 3254 2088 et
3285 2035 3587 2091 velocitate.
3617 2036 3713 2103 Qua

2140 2116 2207 2170 de
2239 2133 2298 2172 re
2323 2117 2524 2173 videsis
2552 2119 2884 2176 Macrobium
2935 2133 2989 2178 et
3037 2124 3236 2180 Lilium
3263 2125 3542 2183 Giraldum
3569 2129 3586 2201 (
3613 2128 3714 2182 lfa-

2137 2211 2276 2262 crob.
2297 2251 2311 2274 ,
2346 2211 2434 2264 lib.
2467 2229 2482 2266 t
2531 2213 2800 2270 Saturnal.
2825 2257 2841 2282 ,
2894 2233 3012 2284 cap.
3045 2218 3099 2283 9,
3126 2237 3247 2291 pag.
3294 2221 3436 2288 268;
3498 2221 3715 2293 Girald.,

2140 2299 2414 2372 Synlagm.
2450 2304 2591 2355 deor.
2621 2303 2676 2370 9,
2713 2323 2834 2376 pag.
2869 2307 2970 2363 291
3005 2318 3052 2362 et
3082 2311 3270 2380 seqq.).

2210 2394 2564 2465 Prosequitur
2591 2398 2865 2454 Arnobius
2896 2417 2909 2452 :
2947 2418 2966 2451 ι
3003 2400 3576 2461 Ῑιίὺθτιηθιιιιιτίεόιιιιι
3598 2407 3718 2462 mol-

2139 2489 2319 2557 libus,
2363 2500 2414 2543 et
2447 2490 2674 2558 liquoris
2725 2494 2942 2549 feminei
2992 2494 3451 2555 dissolutissimns
3502 2501 3718 2557 laxitate.

2141 2581 2321 2636 Venus
2354 2583 2492 2638 nuda
2541 2594 2595 2639 et
2624 2597 2808 2654 aperta
2829 2629 2844 2653 ,
2898 2596 3168 2659 tamquam
3197 2591 3241 2645 si
3274 2591 3425 2648 illam
3460 2593 3604 2650 dicas
3634 2611 3713 2665 pu-

2137 2675 2373 2741 blieare,
2421 2679 2710 2734 divendere
2771 2681 3032 2736 meritorii
3103 2687 3351 2756 corporis
3401 2685 3644 2743 formam.
3693 2706 3708 2739 ι

2141 2769 2393 2838 (Ανιιοὸη
2427 2772 2517 2825 lib.
2545 2788 2615 2831 vr.
2650 2791 2770 2845 pag.
2808 2774 2955 2845 197).
2986 2776 3062 2830 De
3096 2776 3298 2833 Libero
3325 2795 3420 2834 seu
3453 2781 3652 2836 Baccho
3678 2788 3724 2836 et

2142 2863 2374 2934 Di0nyso
2406 2865 2672 2920 Lucianus
2699 2883 2718 2921 :
2748 2871 2932 2928 Πάντες
2954 2865 3097 2943 οἶμαι
3117 2913 3130 2935 ,
3159 2871 3313 2947 ὁρᾶτε
3363 2877 3432 2935 ὡς·
3482 2876 3625 2935 θῆλυς
3651 2878 3726 2930 καὶ

2140 2965 2423 3027 γυναικεῖος
2447 2965 2537 3016 τὴν
2559 2961 2728 3033 φύσιν,
2750 2963 3022 3032 ἡμιμανής.
3045 2963 3268 3039 ἀκράτου
3289 2965 3436 3020 ἔωθεν
3453 2969 3721 3022 ἀποπνέων.

2139 3045 2408 3117 (Lucium,
2440 3051 2586 3102 deor.
2614 3067 2730 3104 con.
2756 3091 2770 3116 ,
2807 3068 2925 3123 pag.
2963 3052 3152 3125 1096.)
3203 3055 3426 3122 Untnes,
3462 3071 3516 3111 ut
3536 3060 3723 3129 Opinor,

2140 3141 2318 3195 videtis
2359 3159 2510 3212 quam
2544 3146 2715 3198 mollis
2745 3156 2809 3199 sit
2847 3156 2892 3200 et
2940 3145 3263 3213 effeminatus
3303 3151 3502 3207 deliciis
3531 3154 3726 3207 dimidio

428 3248 527 3301 luit
569 3258 818 3322 tanquam
849 3253 1090 3320 ejusdem
1122 3231 1403 3311 Antmonis
1445 3258 1619 3326 illius,
1664 3262 1826 3316 simili
1872 3265 2034 3321 modo
2062 3231 2112 3294 Ο
2137 3251 2432 3326 Ψδωηεηθ
2476 3238 2649 3290 “dum
2692 3255 2723 3290 α
2753 3256 2954 3293 summa
2995 3258 3148 3296 mane
3185 3260 3380 3298 merum
3411 3247 3628 3316 Spiram'
3659 3247 3726 3300 De

427 3343 828 3408 repraesentari.

499 3433 764 3492 Saturnus
792 3453 921 3494 vero
948 3481 962 3504 ,
1016 3459 1033 3491 ι
1064 3457 1185 3497 cum
1237 3443 1444 3500 obunca
1472 3487 1487 3513 ,
1530 3465 1550 3498 ι
1605 3449 1681 3502 ait
1726 3450 2031 3517 Arnobius,

433 3544 452 3576 ι
479 3525 646 3592 falce,
696 3541 877 3584 custos
906 3534 1082 3598 ruris,
1131 3547 1187 3588 ut
1221 3536 1415 3606 aliquis
1451 3555 1722 3594 ramorum
1754 3543 2033 3599 luxurian-

428 3619 558 3673 tium
613 3632 796 3677 tensor
842 3623 1091 3697 (Arnob.,
1137 3631 1224 3682 lib.
1255 3645 1329 3697 vr,
1372 3649 1488 3703 pag.
1523 3634 1666 3705 197).
1698 3653 1714 3687 ι
1769 3637 1836 3690 Et
1866 3639 2033 3694 alibi:

434 3730 456 3764 ι
485 3713 718 3769 Falcifer
745 3725 800 3770 et
831 3720 1105 3773 vitisator)
1140 3721 1252 3791 (ltl.
1277 3766 1291 3789 ,
1346 3726 1435 3778 lib.
1462 3742 1556 3792 ιιι,
1586 3745 1708 3798 pag.
1742 3730 1892 3800 H7);
1949 3742 2031 3784 at-

427 3823 534 3878 que
575 3810 750 3865 adhuc
775 3812 903 3867 alibi
939 3830 952 3867 :
1005 3836 1022 3866 ι
1059 3813 1185 3868 Falx
1211 3815 1481 3872 ‘messoria
1531 3833 1610 3875 est
1639 3824 1889 3878 attributa
1935 3825 2034 3879 Sa-

429 3912 591 3959 turno
621 3923 640 3956 ι
673 3903 821 3974 (ld.,
867 3906 955 3961 lib.
993 3922 1082 3973 v1,
1130 3926 1245 3980 pag.
1291 3909 1441 3982 200).
1490 3912 1692 3967 Eximia
1733 3927 1910 3970 autem
1942 3918 2033 3971 illa

427 3999 730 4065 rusticani,
783 3999 870 4055 vel
918 4001 1244 4056 rusticorum
1296 4003 1383 4058 dei
1439 4005 1604 4074 ﬁgura
1656 4025 1776 4061 cum
1833 4011 2033 4064 nemini

428 4092 608 4162 ignota
659 4093 768 4157 sit,
823 4093 1056 4148 sufﬁciet
1101 4095 1153 4148 in
1202 4095 1346 4150 illius
1397 4097 1860 4155 conﬁrmationem
1919 4102 2034 4158 haec

426 4187 798 4240 transcribere
822 4186 1074 4242 Macrobii
1104 4188 1268 4243 verba
1310 4207 1320 4240 :
1361 4207 1379 4241 ι
1415 4189 1701 4246 Observari
1733 4209 1852 4247 eum
1893 4195 2033 4264 (Sa-

426 4282 659 4346 turnum)
686 4321 699 4342 ,
743 4282 907 4349 jussit
935 4280 1182 4354 (Janus),
1239 4285 1517 4353 majestate
1561 4287 1836 4358 religionis
1883 4293 2036 4360 quasi

429 4375 552 4428 vitae
582 4374 821 4429 melioris
837 4384 1135 4430 auctorem.
1177 4376 1532 4432 Simulacrum
1557 4381 1674 4448 ejus
1704 4383 1903 4436 indicio
1929 4394 2033 4450 est,

428 4468 512 4521 cui
543 4467 733 4521 falcem
761 4507 776 4532 ,
808 4468 1016 4538 insigne
1058 4470 1268 4532 messis,
1299 4471 1516 4540 adjecit.
1560 4474 1694 4527 llnic
1725 4475 1828 4529 deo
1860 4476 2033 4531 inser-

428 4560 603 4615 tioncs
653 4559 1029 4625 surculormn,
1089 4577 1481 4634 pomorumque
1537 4565 1925 4635 educationes,
1981 4581 2034 4625 et

2137 3323 2350 3380 Venere
2383 3344 2512 3381 vero
2553 3326 2803 3385 Clemens
2834 3330 3234 3390 Alexandrinus
3267 3354 3281 3390 :
3314 3335 3414 3410 Κᾷν
3443 3346 3630 3413 γυμνήν
3653 3337 3728 3414 ἴδῃ

2135 3437 2211 3476 τις
2237 3419 2559 3494 ἀνάγραπτον
2586 3430 2822 3494 γυναῖκα,
2857 3430 2946 3484 τήν
2977 3433 3188 3502 χρυσῆν
3215 3427 3502 3506 Ἀφροδίτην
3523 3442 3726 3490 voti...”

2133 3512 2191 3564 τὸ
2247 3507 2454 3584 ἄγαλμα
2501 3513 2792 3589 Ἀφροδίτης
2844 3514 2942 3584 ἦν,
2997 3524 3081 3573 καὶ
3132 3527 3297 3595 γυμνή
3360 3520 3418 3582 ἦν
3473 3522 3729 3596 (Clemens

2133 3601 2418 3658 Alexandr.
2440 3646 2454 3670 ,
2491 3607 2754 3660 Admouit.
2806 3611 2874 3662 ad
2904 3622 3040 3680 gent.
3066 3654 3080 3675 ,
3129 3632 3250 3686 pag.
3428 3615 3496 3672 Et
3538 3619 3581 3671 si
3626 3618 3729 3687 quis

2136 3696 2326 3749 nudam
2372 3699 2555 3752 viderit
2601 3701 2855 3772 depictam
2904 3709 3205 3774 mulierem,
3248 3727 3460 3766 careant
3499 3711 3730 3769 Venerem

2135 3791 2490 3862 intelligit.....
2521 3806 2632 3848 erat
2660 3813 2718 3849 ea
2743 3799 3080 3855 simulacrum
3118 3801 3355 3873 Veneris,
3405 3819 3454 3862 et
3497 3821 3601 3863 erat
3643 3827 3730 3863 nu-

2135 3883 2279 3936 dum.
2317 3886 2390 3941 De
2422 3888 2508 3942 illa
2559 3901 2740 3944 autem
2787 3903 2842 3947 et
2874 3893 3088 3950 Baccho
3116 3897 3491 3957 Theodorctus
3520 3921 3533 3956 :
3564 3905 3728 3983 ’Δφρο-

2137 3977 2299 4045 δίτην,
2331 3988 2420 4041 τήν
2449 3986 2644 4040 τούτων
2672 3984 2996 4055 διδάσκαλον,
3022 3998 3215 4064 γυμνήν
3233 4035 3247 4058 ,
3277 3998 3364 4050 καὶ
3379 3997 3424 4050 οἱ
3452 3996 3731 4074 ἀνδριαντο-

2137 4078 2274 4138 ποοὶ,
2299 4081 2385 4130 καὶ
2414 4079 2458 4130 οἱ
2481 4080 2923 4156 abductos/libyci
2971 4090 3422 4154 κατασκευάζουσι
3443 4134 3458 4156 ,
3492 4098 3579 4148 καὶ
3629 4093 3731 4148 οὐδὲ

2138 4170 2437 4241 χιτωνίσκῳ
2479 4171 2920 4230 καλύπτουσιν...
2967 4181 3052 4232 καὶ
3089 4181 3262 4250 μέντοι
3286 4221 3301 4247 ,
3334 4186 3420 4236 καὶ
3459 4184 3730 4245 vimineae;

2136 4261 2407 4333 λυσιμελής
2434 4286 2486 4319 τε
2509 4306 2523 4330 ,
2571 4271 2657 4321 καὶ
2697 4273 2885 4340 γυμνὸς
2929 4271 3032 4326 ὑπὸ
3061 4276 3254 4328 τούτων
3279 4284 3727 4344 κατασκευάζεται.

2139 4352 2419 4412 (Tlteodor.
2452 4374 2604 4410 εει-ιιι.
2624 4359 2680 4425 5,
2699 4360 2763 4413 de
2779 4361 2962 4432 Angel.
2992 4373 3039 4417 et
3067 4364 3201 4418 dem.
3250 4375 3375 4419 tom.
3400 4383 3476 4433 IV,
3508 4387 3559 4438 p.
3588 4367 3728 4437 520.)

2150 4444 2391 4501 Venerem
2425 4451 2608 4504 harum
2629 4493 2644 4513 ,
2675 4455 3016 4509 meretricum
3039 4499 3053 4521 ,
3089 4458 3390 4528 magistram
3437 4463 3623 4514 nudam
3652 4467 3728 4531 fa-

2139 4539 2280 4591 ciunt
2329 4543 2594 4607 statutrrii,
2650 4553 2699 4596 et
2747 4545 3071 4613 sculptor-es,
3127 4565 3292 4620 neque
3341 4553 3513 4605 tunica
3560 4556 3728 4606 saltem

426 4653 666 4705 omnium
702 4619 1071 4722 hujuscemodi
1091 4619 1353 4709 Ifertilium
1396 4619 2025 4730 lribuuntdisciplinas.)
2061 4619 2304 4730 Dm“?
2333 4631 2706 4730 Obducu"_l""'
2756 4635 3020 4690 Bacchum
3073 4657 3270 4710 quoque
3318 4644 3472 4697 ﬁdem
3519 4644 3728 4712 artiﬁces

428 4743 687 4815 (Macrob.
717 4787 731 4806 .
786 4746 875 4798 lib.
919 4763 934 4800 ι
976 4747 1221 4812 Saturn.,
1254 4765 1371 4817 pag.
1421 4751 1570 4819 205).
1615 4752 1732 4808 Huc
1772 4756 1816 4809 si
1865 4756 2031 4824 velis,

425 4837 647 4894 accedet
677 4835 922 4898 Ovidius,
957 4839 1046 4907 qui
1076 4838 1272 4892 cecinit
1299 4857 1313 4896 :

516 4928 1116 4999 Famavetusttumucum‘
1137 4929 1364 4999 Saturnia
1393 4938 1525 4983 terra
1553 4945 1717 4987 vocata
1743 4947 1837 4999 est,

579 4989 716 5038 Talia
740 4990 917 5041 fatidici
943 4992 1071 5041 dicta
1098 4991 1237 5041 fuere
1259 4995 1359 5042 dei.

516 5051 759 5164 Fulgilfurt:
779 5053 931 5104 libate
951 5055 1090 5116 seni,
1117 5055 1214 5104 duo
1241 5068 1444 5119 corpora
1467 5065 1649 5119 gentes

657 5129 675 5165 ι
701 5125 735 5164 ιι
761 5129 808 5165 e.

1158 5178 1343 5244 (0oid.,
1369 5178 1452 5233 lib.
1484 5198 1510 5232 v
1535 5185 1748 5248 Fastor.,
1775 5191 1798 5251 θ
1827 5190 1926 5256 ιδ.)

422 5261 555 5315 Tum
600 5262 796 5317 deinde
828 5262 1098 5317 Arnobius
1125 5283 1139 5317 :
1168 5263 1294 5318 Cum
1322 5278 1496 5336 petaso
1529 5282 1712 5339 gnatus
1743 5273 1898 5328 .llaitv
1919 5317 1931 5339 ,
1970 5275 2022 5330 id

421 5368 529 5421 est,
562 5357 856 5411 Mercurius
886 5357 1126 5430 (Arnob.,
1160 5360 1248 5416 lib.
1283 5377 1356 5428 Vl,
1391 5379 1508 5435 pag.
1541 5365 1688 5437 197).
1716 5368 1783 5421 At
1808 5381 2022 5438 petasus

418 5467 592 5518 gratce
623 5452 871 5513 πέτασος,
904 5454 1120 5521 galerus
1151 5463 1295 5520 erat,
1322 5471 1416 5510 seu
1469 5457 1671 5530 pileus,
1724 5464 1800 5516 sic
1845 5465 2019 5521 dictus

417 5545 558 5613 quod
606 5543 744 5597 latos
790 5544 1013 5598 haberet
1064 5547 1350 5615 margines.
1405 5550 1605 5604 Scribit
1646 5565 1822 5608 autem
1851 5557 2019 5613 Athe-

420 5654 567 5694 nqu
599 5638 854 5711 (Atium,
885 5640 973 5694 lib.
1010 5657 1084 5694 xu
1119 5639 1386 5709 Dcipnos.,
1419 5662 1540 5716 pag.
1579 5646 1680 5700 557
1710 5646 1751 5717 ),
1783 5649 2014 5705 Alexan-

420 5731 572 5786 drum
618 5748 872 5803 magnum
916 5733 1206 5802 aliquando
1230 5736 1281 5788 in
1301 5738 1564 5792 conviviis
1591 5751 1831 5809 gestasse
1863 5743 2014 5798 indu-

422 5836 657 5882 mentum
689 5827 930 5882 Mercurii
953 5872 964 5889 ,
1001 5837 1054 5884 et
1083 5831 1164 5883 τὸν
1210 5833 1433 5887 πέτασον
1464 5835 1543 5887 ἐπὶ
1575 5835 1760 5910 κεφαλῂ
1783 5877 1796 5902 ,
1829 5842 1912 5892 καὶ
1957 5842 2012 5894 τὸ

1965 5878 1978 5893 0

2139 4725 2378 4778 mollibus
2407 4743 2465 4778 ac
2495 4727 2677 4781 solutis
2720 4731 2958 4784 membris
2990 4731 3389 4803 e/feminatoque
3417 4754 3627 4809 corpore
3657 4740 3730 4809 fa-

2139 4817 2297 4869 ciunt.
2345 4817 2711 4875 Tertullianus
2762 4822 2994 4892 denique
3061 4827 3192 4881 vitio
3254 4829 3488 4884 ethnicis
3542 4831 3727 4895 vertit,

2138 4909 2279 4977 quod
2300 4909 2565 4965 Bacchum
2589 4912 2909 4969 etVenercm
2937 4925 3042 4971 tam
3073 4921 3210 4989 turpi
3242 4921 3536 4994 infamique
3558 4924 3729 4995 specie

2136 5003 2187 5056 in
2209 4993 2428 5059 theatris
2444 5007 2761 5062 exhiberem
2777 5008 3044 5081 (Tertull.,
3065 5013 3100 5066 l.
3121 5013 3184 5068 de
3201 4993 3468 5084 Spectac.,
3492 4993 3604 5088 cap:
3627 5018 3727 5087 10).

2205 5097 2339 5162 Quid
2364 5099 2515 5168 plura
2539 5101 2561 5153 ?
2590 5119 2607 5150 ι
2640 5100 2766 5157 Cum
2796 5106 2950 5174 pileo,
2987 5125 3004 5157 ι
3032 5109 3209 5177 inquit
3229 5109 3532 5176 Arnobius,
3567 5133 3585 5164 ι
3610 5111 3727 5164 νηι-

2129 5205 2323 5256 canus,
2359 5202 2404 5246 et
2443 5195 2659 5261 malleo,
2700 5217 2718 5250 ›
2759 5200 2872 5264 vel,
2923 5210 2977 5254 ut
3013 5216 3196 5270 pOSIea
3226 5203 3398 5259 dixit:
3433 5225 3452 5259 ι
3489 5207 3729 5262 Mulciber

2129 5287 2303 5354 fabrili
2327 5304 2442 5341 cum
2470 5290 2643 5343 habitu
2674 5312 2692 5344 ι
2739 5294 2956 5360 (Arnob.
2980 5339 2994 5360 ,
3022 5296 3109 5351 lib.
3138 5314 3210 5363 Vl,
3233 5316 3358 5372 pag.
3381 5302 3482 5357 197
3505 5314 3560 5359 et
3583 5300 3721 5370 9.09).

2127 5379 2589 5446 Quemadmodum
2609 5387 2754 5441 enim
2777 5403 2806 5440 a
2829 5389 3099 5446 Macrobio
3127 5404 3445 5451 annotatum
3476 5397 3725 5468 legimus:

2134 5491 2151 5524 ι
2188 5474 2445 5531 Mulciber
2487 5489 2569 5533 est
2596 5479 2905 5548 Vulcanus,
2956 5485 3097 5552 quod
3142 5485 3282 5556 ignis
3332 5490 3403 5543 sit
3448 5502 3502 5545 et
3552 5490 3726 5546 omnia

2129 5567 2363 5621 mulceat
2414 5585 2476 5624 ae
2533 5572 2716 5627 domet
2750 5593 2767 5624 ι
2827 5575 3121 5644 (.11αει·οὸ.,
3170 5580 3259 5633 lib.
3309 5596 3364 5635 vr
3418 5582 3725 5649 Satur-nul,

2126 5674 2243 5729 cap.
2275 5659 2348 5729 7).
2383 5661 2588 5718 Fabrili
2613 5675 2791 5721 autem
2823 5667 3004 5724 habitu
3052 5673 3566 5744 repraesentabatur,
3611 5677 3726 5747 quia

2126 5752 2273 5806 illum
2293 5752 2569 5812 fabrorum
2591 5760 2870 5829 operibus,
2891 5765 2964 5818 uti
2987 5763 3116 5819 alibi
3135 5763 3720 5840 disimus(Dissertat.),

2123 5845 2436 5913 pra-fectum
2463 5849 2870 5910 existimabant.
