3872 6388
166 415 248 473 621

1338 397 1405 454 ΙΝ
1425 393 1824 461 ΑΒΝΟΒΙΠΜ,
1861 391 2015 450 CAP.
2046 388 2212 448 XXII.

3328 383 3437 441 622

226 529 440 588 Similem
460 526 530 581 ob
552 524 952 596 praefecturam,
976 535 994 571 ι
1022 531 1143 573 cum
1165 516 1371 587 plectro
1389 523 1444 571 et
1467 487 1715 578 fidibus,»
1749 513 1803 572 Α
1825 507 1922 564 Cui
1951 517 2132 563 autem
2161 501 2432 573 incognita
2458 509 2573 567 est,
2608 487 2822 596 militari
2850 495 2960 596 sub
3006 497 3186 596 galea,
3220 504 3301 596 lut
3348 496 3436 596 lo—

169 622 362 680 Arnobii
388 619 558 675 adhuc
584 617 757 673 verba
779 621 922 679 sunt,
953 630 970 662 ι
1004 610 1208 677 Delius,
1240 627 1259 661 ι
1287 608 1494 664 scilicet
1514 605 1728 676 Apollo,

1835 603 2021 672 quitur
2051 608 2244 654 auctor
2291 604 2496 660 noster,
2544 592 2775 663 puellula
2826 590 3122 644 delitescens
3153 592 3169 649 (
3197 588 3390 643 Arnob.
3420 628 3439 654 ,

169 734 222 773 ac
247 731 356 772 cum
386 713 526 769 tibiis
553 723 612 768 et
641 726 765 766 cum
796 706 1062 780 psalteriis
1095 704 1290 768 Musae,
1327 723 1346 757 ι
1371 701 1734 759 cernebantur
1836 693 1925 749 lib.
1958 708 2032 757 vi,
2060 707 2180 763 pag.
2207 688 2358 761 209).
2384 686 2553 743 Nemo
2577 685 2723 780 enim
2751 691 2863 780 est,
2893 682 2987 780 qui
3007 683 3144 736 hanc
3167 681 3444 780 Palladem

167 811 380 882 (Arnob.,
409 809 494 864 lib.
520 822 602 878 vi,
634 821 754 878 pag.
791 804 894 860 197
921 814 968 857 et
991 800 1161 868 209).
1193 798 1348 868 Quod
1378 799 1509 853 satis
1537 811 1567 851 a
1594 795 1734 851 Pan-

168 907 296 960 sania
341 905 563 974 aliisque
610 899 893 973 probatum
939 906 1022 952 est
1069 893 1358 967 (Pansam,
1386 891 1476 948 lib.
1508 906 1586 956 ut,
1611 905 1732 961 pag.

168 998 255 1054 107
281 1007 325 1052 et
349 996 431 1050 lib.
463 1010 581 1060 vin,
613 1010 735 1065 pag.
762 989 919 1063 265).
955 991 1128 1058 Atque
1157 987 1321 1043 etiam
1352 1001 1470 1039 cum
1499 984 1736 1055 fuscina,

169 1092 286 1146 sicut
329 1098 510 1144 auctor
558 1096 742 1151 noster
792 1085 1054 1154 loquitur,
1099 1080 1153 1136 id
1200 1088 1318 1144 est,
1353 1077 1621 1142 tridente,
1648 1089 1741 1130 rea:

169 1185 336 1247 maris,
366 1181 616 1236 nimirum
642 1178 923 1249 Neptunus
953 1173 1188 1246 (Arnob.
1211 1216 1226 1240 ,
1257 1171 1346 1226 lib.
1378 1187 1452 1235 v1,
1489 1186 1612 1240 pag.
1637 1169 1740 1223 197

169 1286 209 1329 et
231 1274 380 1344 209).
410 1273 643 1328 Fusciua
686 1280 911 1335 autem,
964 1282 1074 1338 quo
1122 1267 1285 1322 etiam
1334 1264 1498 1319 verbo
1551 1261 1742 1318 Cicero

171 1383 281 1424 usus
324 1378 431 1435 est,
486 1365 604 1422 sive
663 1365 909 1428 tridens,
960 1359 1197 1430 Neptuni
1243 1367 1518 1427 sceptrum
1547 1354 1744 1409 dicitur

173 1459 359 1531 (Ciam,
399 1459 485 1514 lib.
524 1475 540 1513 ι
590 1457 654 1512 de
698 1455 894 1511 Natat.
923 1455 1069 1508 deor.
1097 1494 1114 1520 ,
1168 1465 1290 1523 pag.
1325 1449 1452 1513 210,
1484 1447 1580 1502 lin.
1610 1442 1743 1519 16).

170 1551 352 1622 Quibus
395 1551 679 1608 enimvero
721 1551 885 1605 etiam
933 1547 1117 1619 pueris
1163 1542 1332 1616 ignoti
1370 1550 1499 1598 sunt
1543 1540 1596 1596 hi
1622 1538 1748 1595 Vir-

169 1645 267 1715 gilii
294 1645 356 1700 de
381 1644 631 1715 Neptuno
656 1641 877 1698 Eolum
900 1640 1209 1710 alloquente
1232 1649 1424 1692 versus
1453 1651 1467 1690 :

250 1757 348 1822 Non
367 1759 439 1822 illi
461 1760 723 1822 imperium
750 1755 950 1820 pelagi,
975 1763 1261 1816 saevumque
1284 1749 1572 1807 tridentem,

251 1820 342 1871 Sed
365 1821 480 1870 mihi
506 1820 641 1870 sorte
665 1821 850 1870 datum.

523 1880 753 1947 (νὺ-θέλ,
780 1879 865 1932 lib.
891 1895 908 1930 ι
932 1876 1153 1940 ιΕηεὶά.,
1170 1889 1296 1929 vers.
1327 1873 1419 1927 142
1436 1878 1481 1925 et
1502 1870 1659 1937 seqq.)

174 1988 371 2045 Addidit
397 1988 674 2046 Arnobius
707 2006 719 2042 :
756 2006 776 2039 ι
816 1987 1096 2057 Tanquam
1127 1981 1207 2038 illi
1233 1997 1408 2054 pugna
1439 1980 1510 2034 sit
1539 1975 1750 2049 gladia-

175 2082 280 2134 torii
324 2080 573 2136 obeunda
622 2079 969 2144 certaminis;
1009 2094 1029 2128 ι
1080 2074 1205 2145 quia
1250 2071 1507 2127 nimirum
1554 2066 1758 2140 gladia-

173 2183 334 2242 tores,
389 2184 554 2244 atque
605 2173 658 2227 in
709 2169 897 2242 primis
940 2168 1186 2234 retiarii,
1246 2165 1482 2220 tridente
1532 2159 1757 2226 armati,

175 2279 340 2322 contra
368 2266 746 2340 myrmiliones
782 2263 1120 2334 pugnabant,
1167 2258 1309 2316 unde
1339 2256 1616 2314 Juvenalis
1636 2295 1650 2321 ,

257 2380 381 2431 Vicit
403 2387 456 2430 et
480 2380 575 2429 hoc
599 2387 873 2430 monstrum
901 2376 1104 2428 tunicati
1127 2374 1314 2424 fuscina
1341 2371 1546 2423 Gracchi
1565 2408 1581 2432 ,

253 2445 593 2505 Lustravitque
614 2440 731 2504 fuga
754 2441 964 2491 mediam
997 2438 1236 2503 gladiator
1260 2447 1479 2497 arenam,
1508 2440 1605 2483 etc.

862 2520 1116 2588 (Juvenal.
1144 2520 1282 2593 satir.
1305 2522 1354 2580 2,
1381 2533 1506 2571 vers.
1535 2516 1669 2580 143.)

184 2633 378 2692 Yidesis
424 2636 477 2691 in
530 2630 632 2690 hos
677 2649 870 2689 versus
921 2631 1195 2687 variorum
1246 2627 1661 2685 observationes
1712 2629 1768 2678 et

175 2731 419 2801 Lipsium,
457 2731 554 2786 lib.
588 2746 650 2785 ιι.
685 2725 962 2785 Saturnal.
989 2741 1106 2794 cap.
1137 2727 1192 2794 8,
1231 2733 1364 2780 tom.
1395 2724 1448 2791 5,
1485 2735 1610 2792 pag.
1638 2718 1763 2782 518,

176 2833 222 2877 et
246 2838 386 2894 seqq.

237 2916 482 2974 Omnium
509 2927 771 2989 praeterea
793 2910 864 2971 ob
885 2915 1072 2971 oculos
1092 2914 1304 2986 positus
1351 2918 1468 2965 erat
1508 2907 1728 2981 (Arnob.
1751 2947 1767 2973 ,

177 3011 251 3063 lib.
281 3027 352 3076 vi,
384 3029 504 3084 pag.
533 3007 663 3084 209)
700 3027 713 3064 :
746 3007 915 3062 Janus
942 3024 1058 3061 cum
1083 3005 1290 3060 dentata
1315 3000 1478 3068 clavi,
1511 2999 1578 3054 ad
1627 2998 1772 3054 fores

174 3103 408 3160 videlicet
444 3099 800 3174 aperiendas,
831 3100 1025 3171 quibus
1066 3096 1388 3169 praepositus
1427 3091 1768 3147 credebatur.

175 3198 526 3267 Quamobrem
571 3198 769 3255 cecinit
798 3185 1053 3268 Virgilius
1077 3212 1090 3247 :

726 3287 835 3341 Nec
857 3297 1025 3339 custos
1046 3287 1239 3337 absistit
1260 3285 1432 3336 limine
1455 3282 1626 3333 Janus.

691 3369 926 3441 (γεγρα,
951 3373 1033 3425 lib.
1057 3386 1120 3424 vn
1144 3367 1361 3432 £neid.,
1386 3380 1513 3420 vers.
1539 3364 1678 3428 610.)

177 3462 236 3518 Ει
261 3463 478 3519 Ovidius
511 3483 524 3517 :

261 3554 350 3606 Ille
374 3564 555 3607 tenens
574 3553 753 3605 dextra
776 3552 1024 3616 baculum,
1050 3551 1338 3613 clavemque
1371 3549 1582 3598 sinistra.

1085 3634 1279 3700 (om,
1309 3631 1392 3684 lib.
1417 3649 1436 3682 ι
1461 3629 1678 3695 Faster.)

177 3743 376 3817 Jupiter
398 3764 546 3812 vero,
580 3738 758 3818 pergit
781 3745 1092 3812 Arnobius,
1128 3762 1149 3796 ι
1178 3743 1498 3806 riciniatus,
1547 3736 1774 3792 dextera

179 3841 412 3898 fomitem
442 3841 722 3898 sustinens
747 3839 1086 3912 perdo'latum
1119 3838 1173 3892 in
1218 3835 1452 3891 fulminis
1484 3845 1692 3886 morem
1746 3847 1768 3882 ι

178 3934 410 4002 (Arnob.,
440 3937 531 3990 lib.
574 3951 649 4002 vi,
683 3951 804 4007 pag.
831 3932 979 4005 209).
1008 3932 1306 3988 Biciniatus
1335 3943 1466 3984 vero
1492 3924 1775 3980 dicebatur

181 4040 206 4078 a
229 4028 437 4094 riciuio,
489 4028 635 4099 quod
669 4025 839 4081 Varro
894 4027 974 4080 sic
1023 4024 1306 4094 explicat:
1338 4039 1358 4073 ι
1396 4014 1775 4088 Antiquissimi

179 4123 393 4177 amictui
435 4123 687 4179 ricinium
722 4122 808 4186 id,
843 4116 988 4191 quod
1012 4134 1078 4174 eo
1109 4116 1400 4173 utebantur
1443 4109 1675 4181 duplici,
1707 4105 1776 4160 ab

182 4229 241 4268 eo
269 4216 413 4286 quod
442 4215 721 4271 dimidiam
751 4224 958 4285 partem
1005 4221 1305 4291 retrorsum
1347 4204 1659 4278 iaciebant,
1707 4198 1776 4254 ab

179 4308 469 4378 rejiciendo
508 4309 761 4364 ricinium
812 4305 1016 4361 dictum
1054 4324 1073 4357 ›
1108 4301 1296 4376 (Var.,
1324 4301 1414 4358 lib.
1448 4313 1500 4354 iv
1525 4296 1587 4349 de
1617 4291 1771 4364 Ling.

184 4400 296 4464 lat.,
328 4416 446 4474 pag.
481 4399 599 4473 '52).
633 4400 858 4458 Servius
888 4414 1055 4453 vero:
1088 4415 1106 4448 ‹
1137 4393 1379 4450 Ricinius
1401 4391 1600 4447 dicitur
1629 4385 1774 4458 quod

182 4505 299 4562 post
321 4507 532 4567 tergum
571 4493 844 4564 rejicitur;
886 4490 1032 4563 quod
1059 4490 1216 4559 vulgo
1244 4496 1487 4542 mavorte
1514 4482 1703 4537 dicunt
1749 4498 1767 4530 ι

185 4587 355 4658 (εει-υ.
387 4593 434 4644 in
456 4591 547 4644 lib.
580 4605 597 4644 ι
629 4588 871 4654 dinem”
900 4604 1031 4642 vers.
1058 4581 1210 4654 286).
1268 4580 1406 4638 Huic
1453 4575 1774 4646 subscripsit

1837 800 1960 842 esse
2011 799 2118 840 non
2168 782 2422 850 fateatur,
2479 792 2641 851 quam
2671 774 2897 832 Ovidius
2944 773 3024 830 sic
3072 788 3102 828 a
3149 773 3444 844 semetipsa

1838 881 2034 951 pictam
2067 887 2252 934 narrat
2282 894 2296 930 :

1934 993 1997 1042 At
2019 991 2116 1042 sibi
2139 990 2224 1040 dat
2245 985 2597 1053 clypeum,gdat
2619 990 2775 1053 acuta:
2796 986 3012 1053 cuspidis
3035 982 3244 1044 hastam,

1935 1055 2032 1106 Dat.
2053 1054 2250 1118 galeam
2272 1047 2438 1116 capiti,
2477 1047 2766 1099 defenditur
2789 1047 2948 1110 aegide
2974 1055 3166 1111 pectus.

2452 1132 2640 1196 (0vid.,
2664 1130 2748 1183 lib.
2774 1147 2822 1182 γι
2843 1132 3061 1190 Metam,
3086 1141 3198 1196 pag.
3220 1127 3358 1192 201.)

1847 1241 2014 1297 Mater
2043 1229 2175 1298 vero
2204 1241 2355 1296 deum
2391 1254 2505 1292 cum
2533 1247 2801 1308 tympano,
2833 1234 2984 1290 addit
3007 1233 3299 1289 Arnobius.
3338 1231 3457 1287 Ex-

1847 1351 2032 1406 pressa
2062 1334 2330 1405 siquidem
2361 1339 2477 1387 erat
2507 1330 2652 1386 illius
2682 1330 2890 1400 imago,
2946 1328 3091 1383 circa
3146 1341 3205 1383 se
3248 1325 3458 1381 habens

1847 1427 2126 1500 tympana,
2157 1427 2226 1482 ad
2256 1436 2413 1482 terra:
2431 1423 2843 1488 rotunditatem,
2870 1429 2925 1478 et
2945 1422 3052 1478 duo
3074 1419 3461 1492 hemisplimria

1849 1517 2219 1592 signiﬁcanda.
2276 1519 2349 1572 De
2386 1531 2452 1572 ea
2495 1524 2674 1571 autem
2724 1525 2779 1570 et
2834 1513 2956 1569 aliis
3025 1512 3279 1584 superius
3347 1525 3464 1566 me-

1850 1611 2074 1668 moratis
2104 1609 2306 1666 videsis
2351 1606 2622 1664 Cbartarii
2647 1607 2719 1663 de
2747 1607 2972 1664 deorum
3020 1604 3345 1677 imaginibus
3393 1604 3465 1660 li-

1853 1703 2037 1760 brum.

1925 1799 2055 1864 Quae
2083 1796 2298 1854 tandem
2340 1796 2538 1868 adjecit
2567 1795 2841 1851 Arnobius
2867 1792 3090 1868 (Ibid.),
3123 1792 3192 1850 de
3220 1790 3357 1847 Jano
3387 1790 3466 1847 bi-

1785 1916 1831 1977 B
1859 1891 2055 1958 fronte,
2089 1892 2389 1948 Hammone
2437 1890 2665 1946 barbato
2711 1889 2882 1956 Jove,
2931 1886 3224 1959 grandibus
3249 1884 3472 1942 Cereris

1861 1984 2144 2052 mammis,
2196 1984 2494 2041 femoribus
2521 1985 2707 2040 Diana:
2735 1983 3040 2039 semitectis
3057 2024 3072 2048 ,
3096 1982 3221 2038 haec
3249 1997 3280 2036 a
3314 1979 3472 2037 nobis

1860 2077 1985 2134 alibi
2031 2077 2306 2148 explicata
2353 2085 2480 2134 sunt
2528 2074 2788 2150 (Dissert.
2842 2075 2897 2130 in
2924 2073 3123 2130 Minue.
3153 2115 3169 2142 ,
3225 2090 3340 2144 cap.
3379 2073 3472 2140 15,

1860 2170 2081 2244 art.~2).

1934 2264 2049 2332 Qua
2079 2280 2209 2335 ergo
2240 2263 2544 2320 insulsitate
2574 2275 2629 2320 et
2678 2263 2950 2320 dementia
3001 2263 3205 2318 ethnici
3249 2261 3480 2320 credere

1865 2365 2118 2427 poterant
2149 2357 2285 2413 tales
2323 2372 2446 2413 esse
2472 2358 2606 2414 deos
2635 2373 2766 2414 suos
2790 2399 2805 2423 ,
2856 2357 3046 2429 quales
3078 2357 3132 2411 in
3164 2356 3483 2427 hujusmodi

1865 2453 2191 2523 imaginibus
2241 2463 2297 2508 et
2359 2451 2667 2508 simulacris
2719 2451 3103 2524 ﬁngebantur?
3152 2451 3286 2520 Quis
3331 2452 3483 2508 enim

1867 2544 2010 2600 scire
2054 2560 2307 2616 umquam
2357 2545 2552 2614 potuit,
2586 2545 2761 2615 qualis
2788 2560 2977 2601 revera
3009 2555 3156 2600 esset
3191 2544 3487 2614 cujuslibet

1869 2635 1954 2692 dei
1987 2637 2159 2693 forma
2207 2648 2260 2692 et
2291 2636 2498 2710 ﬁgura?
2529 2636 2735 2694 Deinde
2763 2652 2895 2693 vero
2925 2638 2969 2692 si
2999 2639 3158 2693 unius
3183 2638 3271 2692 dei
3305 2637 3485 2692 linea-

1869 2743 2085 2800 menta,
2148 2733 2352 2799 vestis,
2402 2731 2655 2797 habitus,
2705 2744 3025 2788 ornamenta
3077 2732 3238 2788 alteri
3293 2731 3488 2788 fraude

1871 2824 2049 2896 aliqua
2101 2833 2156 2880 et
2197 2825 2324 2881 dolo
2370 2825 2715 2890 tribuantur,
2767 2841 2951 2880 nonne
2991 2825 3226 2897 gentiles
3278 2824 3488 2880 fraudis

1873 2918 2043 2973 nescii
2076 2933 2242 2972 unum
2269 2932 2369 2987 pro
2388 2918 2563 2972 altero
2582 2917 2743 2972 deum
2765 2918 3039 2987 accipient
3065 2926 3120 2972 et
3145 2917 3490 2973 adorabunt?

1873 3007 2014 3077 Quid
2067 3025 2201 3080 ergo
2256 3008 2341 3063 his
2399 3009 2625 3063 deorum
2679 3009 3010 3079 imaginibus
3060 3018 3116 3066 et
3180 3009 3491 3066 simulacris

1877 3102 2170 3159 absurdius
2195 3113 2251 3158 et
2280 3103 2577 3159 insulsius?
2604 3102 2675 3158 At
2704 3103 2838 3159 illud
2866 3114 3015 3159 certe
3042 3119 3109 3159 eo
3131 3105 3306 3176 magis
3330 3104 3490 3160 dam-

1879 3197 2150 3265 nandum,
2201 3197 2348 3269 quod
2398 3184 2604 3253 ethnici
2657 3196 2774 3252 haec
2826 3212 3021 3252 revera
3051 3198 3318 3269 ipsosmet
3356 3198 3496 3254 deos

1801 3305 1848 3369 ο
1879 3306 2009 3348 suos
2031 3305 2183 3359 esse,
2216 3289 2302 3346 vel
2329 3290 2384 3345 in
2415 3290 2496 3345 eis
2522 3289 2771 3346 habitare
2809 3289 3235 3347 arbitrabantur.

2477 3419 2770 3460 ARTICULUS
2811 3420 2887 3486 Ill.

1877 3519 2196 3570 Examinatur
2221 3517 2353 3568 aliud
2389 3517 2596 3566 Arnobii
2614 3524 2959 3580 argumentum
2983 3522 3153 3568 contra
3178 3518 3384 3568 deorum
3428 3522 3496 3570 si-

1938 3583 2170 3645 mulacra,
2198 3581 2408 3645 petitum
2453 3593 2516 3645 ex
2557 3579 2855 3645 imaginibus
2891 3579 3252 3645 Hercuriorugn
3275 3582 3333 3630 ad
3359 3582 3498 3633 Alci-

1938 3619 2420 3701 animate.
2429 3644 2528 3692 eris
2546 3619 3078 3704 Cnidi£,'"eai'aiia"rh'rﬁ'
3089 3619 3155 3692 ὁδ’
3172 3619 3499 3695 ἐἰεῐῖηέἒο

1939 3707 2164 3771 Phryues
2182 3705 2552 3771 similitudinem
2569 3707 2969 3771 repraesentatis,
2981 3715 3149 3771 Latque
3175 3706 3323 3755 etiam
3342 3706 3378 3771 _J
3388 3710 3496 3771 ovis

1938 3767 2089 3833 super
2114 3767 2658 3842 cuiusdigitqlPhidias
2680 3768 2944 3830 inscripsit,
2970 3767 3242 3819 Pantarces
3263 3767 3494 3832 pulcher,

1940 3829 2130 3894 ac'quaa
2153 3829 2387 3894 sigilliola
2409 3830 2658 3880 dicantur.

1927 3938 2045 4004 Quo
2063 3939 2231 4008 magis
2247 3936 2586 3992 ethnicorum
2608 3933 2748 3990 idola
2767 3936 3061 3992 colentium
3082 3937 3500 4006 superstitiones

1876 4029 2278 4102 investigamus,
2294 4045 2359 4085 eo
2373 4041 2519 4086 certe
2530 4030 2790 4100 majorem
2811 4029 3500 4100 illorumdepreheudimus

1877 4123 2321 4196 impietatem.Eo
2333 4123 2477 4178 enim
2495 4137 2664 4194 usque
2679 4122 2765 4177 illa
2781 4123 3070 4192 processit,
3088 4132 3144 4178 ut
3161 4139 3257 4193 pro
3271 4123 3510 4180 deorum-

1877 4235 2100 4276 suorum
2117 4218 2265 4296 vultu
2283 4227 2339 4273 et
2353 4216 2533 4287 effigie
2548 4219 2830 4288 posuerint
2845 4229 3122 4273 certorum
3138 4220 3501 4286 quorumdam

1879 4313 2155 4367 hominum
2178 4316 2346 4366 immo
2361 4324 2492 4366 vero
2507 4308 2837 4367 famosarum
2861 4310 3207 4366 meretricum
3234 4311 3500 4384 imagines

1879 4418 1933 4464 et
1960 4406 2268 4462 simulacra.
2299 4404 2434 4459 Nam
2474 4423 2492 4456 ι
2529 4404 2651 4474 quis
2691 4412 2805 4472 est,
2848 4423 2868 4457 ι
2903 4405 2980 4458 ait
3014 4402 3286 4460 Arnobius
3308 4445 3323 4468 ,
3361 4425 3379 4457 ι
3408 4422 3503 4481 qui

1879 4501 2092 4571 ignoret
2119 4498 2490 4564 Athenienses
2521 4495 2642 4550 illos
2677 4495 2904 4551 Hermas
2935 4495 3233 4552 Alcibiadei
3261 4496 3330 4553 ad
3370 4512 3499 4553 cor-

1881 4594 2030 4665 poris
2087 4590 2501 4647 similitudinem
2559 4589 2874 4645 fabricatos.
2917 4610 2936 4642 ι
2971 4587 3221 4661 (Arnob.,
3277 4591 3367 4646 lib.
3417 4609 3495 4660 vi,

183 4679 414 4738 Isidorus
439 4681 686 4754 (Isidor.,
719 4679 807 4735 lib.
833 4696 924 4735 xix
952 4678 1180 4749 0rigin.,
1205 4692 1322 4744 cap.
1346 4671 1466 4745 25.)
1511 4673 1554 4726 A
1582 4669 1760 4764 Nonnt

1910 4707 2011 4762 iag.
2037 4688 2190 4758 198.)
2223 4689 2293 4742 At
2337 4686 2487 4752 haec,
2513 4694 2568 4740 et
2616 4701 2738 4756 qua:
2784 4677 3109 4755 sequiintur,
3155 4686 3246 4741 ille
3273 4701 3340 4742 ex
3368 4687 3498 4743 Cle-

187 4785 362 4830 autem
392 4775 644 4831 Marcello
691 4774 834 4828 idem
880 4771 1080 4828 dicitur
1117 4785 1179 4823 ac
1230 4766 1548 4822 masurtium
1579 4772 1635 4818 et
1661 4762 1779 4833 pal-

187 4867 374 4924 liolum
402 4869 564 4925 breve
595 4869 912 4923 femineum.
943 4863 1276 4920 Sed‘Festus
1303 4860 1492 4916 scribit
1530 4857 1780 4912 ricinium

191 4977 309 5018 esse
337 4979 492 5020 omne
517 4965 903 5020 vestimentum
929 4959 1249 5033 quadratum
1269 4955 1478 5029 (Festus
1497 4994 1513 5023 ,
1546 4954 1608 5007 de
1629 4952 1779 5006 Verb.

188 5054 319 5126 859n-
352 5053 396 5126 ).
427 5057 730 5128 Aliquando
764 5066 942 5109 tamen
974 5071 1000 5106 a
1034 5050 1373 5124 quibusdam,
1400 5049 1474 5103 uti
1499 5045 1784 5112 Cicerone,

194 5163 286 5216 pro
316 5159 459 5206 veste
499 5150 715 5221 lugubri
759 5147 998 5203 sumitur
1031 5142 1184 5218 (Cic.
1207 5186 1222 5212 ,
1267 5143 1356 5196 lib.
1389 5157 1424 5195 ιι
1457 5141 1520 5193 de
1569 5136 1746 5209 Legib.
1769 5178 1783 5202 ,

192 5259 316 5314 P09.
342 5246 482 5316 3H).
510 5241 619 5302 Sed
644 5243 915 5312 Arnobius
937 5240 1038 5295 hoc
1063 5253 1258 5294 nomen
1283 5235 1444 5308 priori
1468 5233 1609 5288 haud
1631 5228 1793 5286 dubie

198 5336 493 5407 signiﬁcatu
521 5337 787 5394 adhibuit.

270 5426 452 5487 Fames
479 5444 659 5488 autem
692 5439 776 5485 est
806 5428 1030 5484 materia
1064 5427 1208 5481 sicca
1236 5432 1289 5478 et
1315 5419 1494 5483 arida,
1540 5433 1661 5488 qua:
1707 5415 1787 5470 fa-

201 5522 304 5577 cile
334 5524 582 5594 ignescit,
610 5525 694 5580 vel
727 5525 890 5579 etiam
936 5520 1187 5578 scintilla:
1225 5528 1379 5578 sunt,
1411 5529 1531 5586 qua:
1557 5529 1624 5567 ex
1655 5525 1785 5566 can-

203 5615 357 5672 denti
389 5621 517 5675 ferrn
544 5620 911 5677 excutiuntur.
950 5614 1102 5672 Unde
1131 5611 1388 5682 Virgilius
1416 5627 1429 5663 :

305 5734 376 5800 ᾼο
394 5739 565 5798 primus
590 5737 741 5789 silicis
763 5733 1020 5800 scintillam
1044 5732 1245 5800 excudit
1263 5728 1491 5800 :Achates,

304 5794 621 5865 §uscepitque
645 5803 814 5864 ignem
837 5796 980 5865 foliis,
1008 5794 1313 5865 atquenarida
1338 5794 1519 5865 circum

309 5854 594 5916 Nutritiieiita
617 5854 773 5922 dedit,
799 5854 1135 5923 rapuitl;ue'in
1155 5855 1322 5906 fomite
1346 5854 1603 5903 ﬂammam.

569 5944 798 6017 (Virgil.,
818 5945 902 6000 lib.
927 5959 944 5996 ι
968 5941 1183 6008 Eadd,
1211 5954 1336 5993 vers.
1365 5940 1456 5992 178
1475 5942 1521 5989 et
1541 5932 1700 6000 seqq.)

1891 4793 2070 4839 mente
2085 4780 2453 4837 Alexandrino
2467 4789 2710 4848 accepta,
2727 4777 2918 4834 ordine
2934 4778 3170 4845 inverso,
3189 4779 3497 4851 descripsit.

1889 4877 1948 4932 In
2008 4893 2104 4931 sua
2161 4875 2363 4946 quippe
2419 4871 2673 4927 Clemens
2727 4871 2790 4926 ad
2850 4871 3056 4928 Gentes
3113 4871 3499 4931 Admonitione

1893 4973 2107 5042 scripsit
2141 4991 2154 5027 :
2190 4972 2250 5027 Οἱ
2294 4970 2503 5034 λιθοξόοι
2546 4971 2668 5030 τοὺς
2692 4965 3157 5046 Ἑρμᾶςᾌθηνῄσιν
3186 4973 3318 5044 πρὸς
3343 4970 3498 5029 Ἀλκι-

1896 5068 2074 5128 ϐιάδην
2105 5069 2404 5130 ἀπείκαζον.
2458 5062 2716 5134 (Clemens
2773 5062 3058 5122 Alexandr.
3115 5063 3380 5118 Admonit.
3430 5066 3500 5120 ad

1893 5169 2052 5230 gent.,
2086 5176 2205 5230 pag.
2239 5155 2358 5226 '55.)
2412 5151 2731 5224 Lapidicidw
2783 5153 2925 5223 apud
2983 5154 3306 5212 Athenienses
3352 5158 3498 5214 Mer-

1893 5255 2062 5308 curios
2086 5252 2154 5306 ad
2186 5248 2470 5305 Alcibiadis
2500 5248 2665 5301 instar
2681 5249 3139 5313 reprwsentnbant.

1964 5348 2066 5403 Sed
2098 5347 2246 5417 prius
2287 5344 2498 5398 dixerat
2532 5359 2543 5394 :
2578 5342 2879 5416 Πραξιτέλης
2929 5339 3007 5407 δὲ,
3063 5345 3130 5404 ὡς
3184 5343 3499 5408 Ποσίδιπττος

1894 5447 1943 5499 ἐν
1968 5451 2041 5516 τῷ
2067 5443 2187 5514 περὶ
2213 5435 2386 5493 Κνιδοῦ
2430 5433 2684 5507 διασαφεῖ,
2716 5437 2775 5490 τὸ
2819 5443 2910 5495 τῆς
2954 5434 3244 5511 ’Δφροδίτης
3291 5436 3499 5513 ἄγαλμα

1894 5550 1985 5602 τῆς
2007 5535 2204 5597 Κνιδίας
2237 5531 2670 5596 κατασκευάζων,
2714 5536 2788 5603 τῷ
2813 5532 3058 5606 Κρατίνης
3106 5541 3198 5592 τῆς
3241 5534 3499 5609 ἐρωμένης

1897 5634 2017 5691 εἴδει
2051 5630 2411 5707 παραπλήσιον
2440 5628 2711 5682 πεποὶηκεν
2755 5626 2910 5684 αὐτήν
2938 5625 2955 5693 (
2973 5623 2998 5676 Ι
3008 5625 3110 5678 bid.
3141 5626 3177 5694 ).
3210 5624 3499 5684 Praxiteles

1899 5741 2064 5784 autem
2091 5770 2104 5792 ,
2164 5737 2219 5781 ut
2269 5723 2496 5778 declarat
2526 5718 2846 5790 Posidippus
2903 5720 2957 5772 in
3007 5719 3137 5773 libro
3182 5723 3246 5775 de
3291 5721 3498 5795 Cnido,

1902 5823 2100 5881 Cnidia:
2137 5818 2348 5876 Veneris
2375 5818 2626 5890 efﬁngens
2659 5815 3022 5880 simulacrum,
3050 5814 3275 5872 Cratine:
3295 5860 3308 5884 ,
3344 5839 3504 5892 quam

1903 5918 2126 5984 amabat,
2147 5919 2367 5987 formam
2395 5912 2448 5966 in
2470 5927 2529 5966 ea
2551 5908 2814 5978 expressit.
2843 5909 2976 5984 Qua:
2999 5908 3270 5966 Arnobius
3294 5924 3498 5989 noster,
