3872 6346
160 381 247 441 625
1344 384 1411 440 IN
1448 383 1826 452 ARNOBIUM,
1865 385 2020 443 CAP.
2062 386 2227 445 XXII.

3333 390 3438 447 626

161 497 332 570 quibus
355 496 534 553 divina
562 498 739 555 inerat
762 499 844 555 vis
859 509 913 557 et
935 500 1194 573 potentia.
1215 499 1505 557 Gentilium
1536 501 1733 571 quippe
1761 510 1818 571 Α·
1838 519 1983 560 nunc
2011 504 2116 561 deo
2146 508 2550 577 praecellentem
2578 508 2831 563 arborem
2879 507 3085 565 dicant.
3114 507 3224 565 Nec
3268 511 3440 581 magis

159 592 332 647 animis
379 590 584 647 insulsa
630 592 745 649 hare
786 595 968 665 opinio
1025 594 1160 650 adeo
1214 594 1372 649 infixa
1448 593 1722 661 haerebat;

160 698 207 744 ut
229 685 391 742 Siculi
423 688 561 759 apud
595 686 913 745 Ciceronem
958 682 1237 759 eonquesti
1280 689 1476 745 fuerint
1505 707 1519 744 :
1553 709 1574 742 ι
1604 688 1738 745 Sese

152 783 243 855 jam
276 798 344 837 ne
373 782 504 838 deos
530 784 749 851 quidem
782 785 835 838 in
861 784 972 837 suis
1000 783 1255 845 urbibus,
1304 782 1370 837 ad
1420 797 1557 853 quos
1608 797 1739 837 con-

157 874 382 945 fugerent
402 917 417 940 ,
449 874 666 937 habere.
699 876 841 946 quod
868 892 1054 931 eorum
1083 876 1368 931 simulacra
1396 875 1736 931 sanctissima

154 966 205 1022 C.
235 966 430 1023 Verres
475 983 540 1023 ex
576 968 816 1025 delubris
870 969 1291 1040 religiosissimis
1330 970 1682 1025 sustulisset?
1711 987 1730 1020 ι

159 1062 384 1133 (Cicer.,
436 1074 569 1119 orat.
626 1065 682 1131 4,
730 1066 783 1119 in
838 1063 1015 1129 γεω,
1060 1064 1198 1131 init.,
1239 1080 1355 1136 pag.
1386 1060 1502 1136 46.)
1534 1061 1735 1118 Eadem

153 1172 350 1228 quoque
383 1156 517 1223 fuit,
550 1168 687 1214 teate
719 1157 906 1221 Livio,
954 1158 1401 1214 Ambracensium
1436 1159 1738 1229 legatorum

155 1250 198 1303 in
224 1258 409 1304 senatu
440 1250 683 1306 Romano
711 1253 960 1322 querela:
986 1270 1005 1302 ‹
1045 1250 1188 1306 Bona
1216 1253 1485 1322 adempta,
1518 1261 1573 1307 et
1595 1252 1737 1321 quod

153 1356 203 1396 se
238 1352 360 1397 ante
387 1344 571 1399 omnia
602 1354 851 1405 moveat,
903 1344 1103 1414 templa
1160 1353 1269 1398 tota
1328 1344 1460 1400 urbe
1508 1349 1738 1417 spoliata

153 1442 503 1507 ornamentis,
561 1442 851 1499 simulacra
904 1444 1103 1512 deum,
1155 1446 1287 1499 deos
1340 1446 1505 1501 immo
1555 1448 1735 1515 ipsos,

152 1528 422 1589 convulsos
451 1551 515 1591 ex
546 1536 769 1592 sedibus
819 1539 963 1605 suis,
1018 1539 1229 1594 ablatos
1276 1554 1399 1595 esse
1430 1543 1736 1612 parientes,

151 1637 427 1696 postesilue
450 1629 701 1683 nudatos.
733 1630 883 1696 Quos
932 1630 1261 1700 adorarent,
1318 1632 1384 1688 ad
1441 1649 1577 1702 quos
1610 1650 1736 1705 pre-

150 1730 327 1774 centur
342 1729 400 1775 et
420 1724 743 1791 supplicent,
764 1721 1241 1779 Ambraciensibus
1262 1741 1368 1781 non
1388 1742 1694 1796 superesse.
1716 1748 1733 1781 ι

152 1809 271 1881 (Liv.
295 1812 384 1867 lib.
421 1828 653 1880 xxxvtu,
684 1832 802 1886 cap.
830 1814 951 1889 ιδ.)
976 1815 1111 1884 Quis
1136 1827 1314 1874 autem
1338 1834 1406 1874 ex
1453 1802 1538 1875 bis
1560 1823 1739 1885 verbis

1839 598 1975 653 auro
2005 599 2260 671 fulgentia
2293 610 2455 673 atque
2498 602 2664 658 ebore
2695 601 2984 658 simulacra
3010 647 3025 670 ,
3076 619 3236 673 quam
3287 605 3442 660 lucos

1838 692 1977 746 etin
2009 693 2074 747 iis
2116 694 2328 750 silentia
2377 696 2490 766 ipsa
2521 693 2834 750 adoramus.
2882 713 2901 747 ι
2942 693 3163 768 (Plin.,
3214 696 3304 751 lib.
3365 712 3442 751 xtt

1845 782 1979 839 Hist.
2026 794 2223 850 natur.,
2277 802 2392 857 cap.
2444 786 2497 853 1,
2545 804 2667 857 pag.
2698 786 2782 857 4.)
2815 786 2892 841 De
2920 786 3263 842 Pbaznicibus
3310 803 3443 843 vero

1840 878 1955 933 bare
2007 877 2165 933 Philo
2205 895 2269 934 ex
2321 879 2758 936 Sancboniatnne
2779 921 2792 946 ,
2841 890 2894 935 et
2919 879 3008 935 hic
3034 896 3099 936 ex
3124 880 3330 935 'I‘aauto
3351 924 3364 944 ,
3396 882 3441 936 si

1840 971 2077 1028 Eusebio
2106 970 2269 1039 fides,
2304 974 2490 1028 retulit
2522 992 2534 1027 :
2566 971 2721 1030 Οὗτοί
2749 996 2804 1049 γε
2834 981 3026 1049 πρῶτοι
3058 976 3346 1052 ἀφιέρωσαν
3376 977 3443 1031 τά

1838 1074 1931 1126 τῆς
1956 1074 2051 1138 γῆς
2080 1066 2447 1139 βλαστήματα,
2480 1070 2568 1121 καὶ
2590 1068 2735 1129 θεοὺς
2781 1068 3004 1139 ἓνόμιζον
3026 1108 3041 1133 ,
3092 1070 3444 1143 προσεκύνουν

1839 1165 2030 1214 ταῦτα.
2083 1177 2102 1209 t
2149 1159 2243 1213 Illi
2297 1162 2525 1214 omnium
2576 1160 2733 1231 primi
2784 1162 3014 1231 germina
3069 1169 3248 1226 terrm,
3306 1180 3325 1212 ι
3380 1176 3445 1216 ac

1840 1252 2073 1321 proinde
2103 1252 2327 1308 arbores
2348 1296 2362 1319 ,
2400 1271 2419 1304 ι
2452 1263 2879 1320 consecrarunt,
2914 1254 3087 1324 iisque
3114 1254 3337 1309 deorum
3390 1256 3445 1309 in

1846 1346 1965 1400 loco
1991 1347 2187 1401 habitis
2214 1349 2545 1402 adorationis
2570 1348 2771 1403 cultum
2800 1348 3125 1404 tribuerunt.
3154 1369 3173 1403 ι
3202 1349 3443 1421 (Euseb,

1842 1439 1934 1495 lib.
1966 1455 2023 1495 ιιι
2077 1439 2320 1512 Ρνωρατ.
2350 1440 2603 1514 Evangel.
2627 1483 2642 1505 ,
2690 1461 2806 1514 cap.
2856 1445 2944 1503 Il).
2975 1461 3095 1514 pag.
3128 1444 3216 1499 54.
3246 1446 3265 1514 )
3293 1443 3445 1498 Meu-

1842 1534 2045 1590 tionem
2070 1551 2288 1606 quoque
2333 1537 2603 1592 Arnobius
2633 1536 2760 1591 facit
2785 1579 2798 1601 ,
2844 1538 3081 1591 fabricati
3126 1538 3313 1609 lapidis
3334 1581 3350 1601 ,
3379 1538 3448 1593 de

1843 1645 1949 1699 quo
1998 1630 2050 1684 in
2093 1630 2380 1700 superiore
2410 1642 2595 1685 nostra
2627 1630 3038 1697 dissertatione,
3074 1630 3160 1685 ubi
3187 1633 3349 1686 etiam
3379 1630 3450 1686 de

1843 1723 2130 1779 arboribus
2185 1723 2387 1791 aliquid
2456 1725 2734 1796 attigimus
2782 1724 3043 1796 (Dissert.
3103 1726 3157 1779 in
3208 1724 3446 1790 Minoa,

1842 1832 1960 1887 cap.
1991 1817 2082 1884 19,
2123 1826 2225 1870 art.
2250 1817 2285 1870 2
2306 1822 2349 1887 ).
2386 1817 2635 1872 Declarat
2705 1819 2886 1889 itaque
2916 1817 3189 1875 Arnobius
3219 1833 3279 1873 se
3319 1819 3448 1874 olim

153 1919 244 1958 non
273 1905 699 1972 animadvertat,
733 1924 893 1977 quam
930 1910 1211 1966 evidenter
1238 1927 1299 1967 ac
1327 1913 1470 1968 serio
1496 1913 1744 1971 homines
1775 1922 1822 1982 Β
1848 1924 1969 1965 cum
2029 1911 2264 1966 insulsas
2308 1910 2591 1981 gentilium
2643 1912 3061 1983 superstitiones
3127 1922 3449 1979 sectaretur,

153 1999 275 2054 inter
330 2000 581 2056 ethnicos
632 2002 922 2058 clarissimi
992 2020 1175 2061 coram
1232 2006 1479 2063 Romano
1529 2020 1743 2079 senatu,

150 2104 293 2162 atque
316 2094 530 2166 ipsimet
547 2096 775 2153 Romani
796 2099 1139 2155 adserueriut
1155 2101 1271 2157 haec
1299 2103 1587 2159 simulacra
1618 2120 1746 2161 suos

154 2204 326 2243 revera
354 2204 479 2243 esse
505 2190 671 2257 deos,
707 2191 791 2246 vel
822 2192 920 2247 hos
949 2193 1002 2246 in
1037 2193 1173 2255 illis,
1208 2203 1481 2265 tamquam
1508 2195 1742 2253 domici-

154 2278 226 2335 liis
271 2280 387 2335 suis
435 2280 683 2337 hahitare
708 2323 723 2347 ,
758 2283 830 2337 ita
863 2292 921 2337 ut
944 2284 1172 2339 sublatis
1219 2286 1369 2341 hisce
1404 2287 1742 2355 simulacris,

151 2374 311 2428 nullos
338 2375 573 2445 amplius
598 2377 729 2432 deos
759 2393 818 2433 se
847 2376 1048 2436 habere
1076 2379 1384 2437 crederent.
1724 2366 1725 2369 η

208 2468 259 2523 Si
287 2470 409 2538 quis
440 2480 617 2525 tamen
649 2472 871 2527 nimium
898 2474 1153 2541 pervicax
1212 2473 1342 2529 illud
1398 2475 1576 2532 adhuc
1619 2476 1742 2531 infl-

147 2564 287 2626 ciari,
322 2574 419 2618 aut
446 2564 500 2618 in
524 2564 748 2619 dubium
781 2580 973 2621 vocare
1003 2566 1231 2639 audeat,
1264 2569 1308 2623 is
1329 2580 1477 2625 certe
1508 2570 1741 2626 Arnobii

148 2658 303 2713 nostri
345 2658 709 2726 auctoritate,
739 2659 826 2714 cui
878 2674 1073 2723 nemo,
1121 2661 1165 2715 si
1194 2676 1344 2716 sanae
1385 2664 1583 2719 mentis
1631 2665 1737 2730 sit,

146 2750 389 2821 refragari
436 2760 643 2821 potest,
693 2752 856 2823 plane
904 2753 1291 2809 confutabitur.
1327 2755 1510 2810 Palam
1559 2760 1736 2826 enim,

148 2861 237 2901 nec
262 2847 381 2902 sine
424 2862 640 2902 summo
682 2849 900 2903 contriti
946 2848 1128 2904 cordis
1180 2849 1404 2917 dolore,
1463 2862 1739 2907 asseverat

146 2938 398 3009 (Arnob.,
430 2939 521 2994 lib.
546 2956 585 3009 ι,
614 2956 732 3011 pag.
764 2940 883 3013 22),
909 2955 1107 2996 secum
1129 2943 1408 3013 gentilium
1433 2944 1732 3009 erroribus,

1852 2002 2088 2057 coluisse
2118 2010 2173 2057 et
2202 2001 2458 2057 adorasse
2492 2004 2778 2059 simulacra
2806 2048 2821 2070 ,
2848 2005 3073 2059 arbores
3094 2048 3109 2071 ,
3143 2014 3198 2059 et
3227 2006 3439 2075 lapides

1847 2095 1916 2151 ab
1948 2096 2162 2167 illisque
2184 2096 2451 2152 beneficia
2477 2100 2827 2168 poposcisse,
2860 2114 3287 2170 persuasumque
3317 2097 3453 2155 falso

1848 2188 2104 2245 habuisse
2136 2189 2253 2245 haec
2285 2191 2550 2261 ipsosmet
2575 2206 2697 2247 esse
2723 2190 2889 2259 deos,
2921 2203 2976 2248 et
3004 2192 3055 2247 in
3090 2193 3195 2248 illis
3221 2192 3326 2248 vim
3359 2210 3453 2263 po-

1848 2292 2210 2355 testatemque
2239 2284 2419 2339 inesse
2445 2281 2704 2340 divinam.

1916 2376 2179 2445 Quamvis
2205 2387 2387 2432 autem
2418 2377 2509 2433 ille
2559 2378 2890 2433 christianos
2933 2378 3136 2446 factus,
3181 2394 3285 2435 non
3334 2381 3456 2437 sine

1844 2470 2046 2524 acerbo
2073 2470 2238 2523 animi
2264 2485 2445 2534 sensu,
2468 2472 2789 2542 sinceraque
2811 2472 3123 2543 prenitentia
3147 2488 3207 2529 se
3228 2473 3457 2528 deorum

1842 2564 2126 2618 simulacra
2170 2565 2404 2619 coluisse
2450 2565 2773 2619 confiteatur
2817 2564 3067 2638 (Arnob.,
3099 2566 3190 2620 lib.
3220 2581 3298 2631 ιιι,
3330 2583 3455 2637 pag.

1844 2659 2002 2728 I01);
2040 2668 2186 2712 tanta
2221 2668 2403 2713 tamen
2430 2668 2546 2713 erat
2590 2660 2876 2729 gentilium
2910 2660 3225 2725 obstinatio,
3284 2669 3344 2713 ut
3394 2674 3459 2714 ea

1842 2753 1955 2824 ipsa
1986 2768 2105 2822 qua:
2132 2767 2199 2807 ex
2227 2752 2493 2807 vilissimo
2522 2753 2633 2807 luto
2661 2752 2794 2808 facta
2824 2768 2946 2808 esse
2978 2754 3188 2808 nescire
3218 2769 3335 2808 .non
3365 2768 3464 2823 po-

1841 2855 2049 2913 terant,
2105 2848 2158 2901 in
2190 2847 2405 2916 templis
2438 2856 2617 2901 tamen
2646 2846 2757 2900 suis
2788 2847 2957 2915 posita
2980 2887 2997 2914 ,
3027 2861 3125 2917 pro
3150 2845 3252 2901 diis
3294 2846 3462 2902 habe-

1840 2949 1999 3005 rent,
2036 2956 2100 2995 ac
2138 2950 2556 2995 venerarcnlnr.
2593 2940 2734 2994 Caeci
2760 2940 3043 2994 enimvero
3074 2940 3359 3008 homines,
3404 2953 3466 2996 ut

147 3031 235 3085 sibi
282 3033 445 3103 plane
505 3034 767 3103 cognitis,
824 3034 1132 3101 implicatus
1179 3045 1360 3101 esset,
1416 3052 1735 3105 persuasum
1834 3065 1863 3089 α
1896 3034 2043 3088 iroid
2084 3034 2152 3088 ab
2186 3036 2286 3096 iis,
2321 3034 2780 3104 quemadmodum
2832 3036 2907 3088 ait
2934 3035 3247 3101 Arnobius,
3284 3036 3395 3107 imp
3427 3052 3461 3092 e

146 3127 355 3183 omnino
382 3128 640 3183 habuisse
670 3128 897 3183 deorum
930 3123 1216 3185 simulac'ra
1242 3172 1257 3194 ,
1292 3142 1344 3187 et
1376 3132 1661 3201 picturatas
1681 3135 1736 3187 in

146 3222 407 3275 veternosis
449 3205 717 3275 arboribus
769 3223 979 3290 lenias,
1037 3238 1133 3279 eos
1192 3224 1339 3293 ipsos
1388 3240 1511 3281 esse
1562 3226 1731 3291 deos,

1841 3134 2049 3182 trarent
2071 3168 2086 3193 ,
2122 3147 2141 3179 ‹
2171 3127 2442 3196 Deorum,
2482 3148 2499 3180 ι
2536 3129 2649 3183 sive
2671 3128 3123 3196 simulacrorum,
3159 3149 3179 3181 ‹
3216 3139 3344 3185 ante
3365 3145 3462 3186 ora

1841 3220 2120 3290 prostrati,
2146 3220 2333 3275 limina
2365 3222 2475 3291 ipsa
2502 3221 2901 3277 converrebant
2922 3223 3128 3296 osculis
3150 3223 3276 3293 »(ἱά.
3303 3225 3393 3289 lib.
3421 3242 3461 3290 ι,

145 3313 329 3383 quibus
379 3313 703 3368 adulabatur
725 3355 743 3381 ,
806 3330 942 3386 quos
1006 3315 1269 3372 alfabatur
1292 3336 1315 3380 ,'
1361 3327 1417 3374 et
1472 3333 1502 3372 a
1560 3310 1829 3401 quibusC
1864 3333 1917 3385 p.
1942 3313 2059 3387 29).
2092 3316 2192 3385 Qui
2221 3316 2437 3386 quidem
2468 3319 2809 3373 adorantium
2837 3320 2973 3374 ritus
2999 3330 3137 3386 erat,
3162 3320 3368 3375 utsatis
3396 3336 3465 3375 ex

145 3404 395 3460 beneficia
464 3407 812 3476 postulabat,
888 3418 1133 3479 tanquam
1218 3410 1457 3477 inesset,
1536 3412 1745 3484 inquit,

145 3495 359 3552 deorum
382 3500 465 3554 vis
496 3515 757 3570 prresens,
782 3501 866 3555 vel
895 3501 948 3555 in
975 3503 1055 3557 eis
1072 3518 1258 3558 revcra
1289 3505 1671 3563 inhabitarent.

210 3588 344 3657 Quid
376 3589 479 3645 hoc
532 3592 844 3646 testimonio
884 3594 1116 3658 clarius,
1149 3605 1203 3648 et
1233 3597 1586 3665 expressius?
1614 3600 1747 3666 Quis

144 3694 314 3737 autem
347 3684 549 3739 abnuet
588 3686 726 3739 hanc
756 3686 980 3741 Arnobii
1009 3688 1326 3759 opinionem
1351 3732 1364 3755 ,
1400 3705 1497 3745 seu
1529 3691 1744 3760 potius,

146 3787 198 3831 ut
224 3780 338 3850 ipse
368 3780 589 3847 fatetur,
619 3782 998 3848 gravissimum
1032 3798 1273 3837 errorem
1298 3825 1314 3849 ,
1347 3785 1447 3852 ipsi
1475 3798 1597 3838 cum
1626 3785 1745 3840 aliis

143 3886 479 3928 communem
528 3872 697 3928 fuisse
740 3874 1067 3944 gentilibus?
1117 3875 1483 3942 Quamobrem
1526 3878 1743 3932 Tertul-

147 3968 313 4024 lianus
350 3979 477 4023 ante
522 3966 782 4022 fabricata
816 3968 1043 4023 deorum
1075 3970 1366 4025 simulacra
1403 3989 1414 4024 :
1452 3989 1468 4021 ε
1506 3972 1680 4038 Deus,
1720 3993 1739 4025 ι

146 4062 340 4133 inquit,
377 4083 395 4115 ‹
436 4063 551 4133 ipse
579 4077 864 4133 nusquam.
898 4061 1143 4117 Nondum
1173 4063 1317 4117 enim
1354 4072 1482 4118 tunc
1530 4064 1741 4134 ingenia

145 4156 484 4224 Graecorum,
551 4169 712 4228 atque
770 4158 1068 4211 Tuscorum
1121 4157 1384 4227 fingendis
1440 4151 1744 4224 simulacris

147 4247 784 4305 lTrhcminundaveranti
810 4249 1436 4321 (Tertullian..Apolog.,
1489 4268 1606 4322 cap.
1645 4243 1739 4316 95,

145 4359 193 4410 ρ.
219 4342 333 4409 5.8).
354 4344 458 4399 Sed
483 4344 553 4400 de
577 4344 665 4397 illa
694 4344 925 4398 absurda
957 4343 1239 4415 gentilium
1269 4343 1548 4414 opinione,
1581 4356 1744 4416 atque

145 4436 417 4504 impietate
475 4437 677 4506 aliquid
728 4438 779 4491 in
846 4439 1021 4508 primo
1075 4440 1381 4509 Apparatus
1447 4439 1617 4493 nostri
1688 4450 1744 4494 et

146 4535 287 4583 torno
344 4530 763 4599 perstrinximus
827 4527 1159 4602 (Apparat.,
1205 4547 1327 4600 pag.
1363 4529 1470 4585 496
1520 4540 1567 4584 et
1596 4547 1737 4601 seq.,

144 4641 258 4695 pag.
304 4624 411 4679 750
444 4634 492 4678 et
522 4640 659 4694 seqq.
685 4623 729 4694 ).
761 4623 838 4679 De
868 4622 1205 4678 Tertulliano
1244 4632 1423 4679 autem
1476 4638 1577 4679 suo
1622 4624 1741 4681 loco

146 4719 428 4785 agendum.

209 4807 479 4865 Cmterum
519 4808 792 4865 Arnobius
841 4809 981 4864 dixit
1034 4812 1246 4875 uenias,
1295 4826 1473 4883 graece
1501 4817 1742 4880 ταινίας,

148 4900 195 4953 id
225 4913 344 4967 est,
368 4902 597 4967 fascias,
630 4903 766 4967 sive,
800 4912 855 4955 ut
879 4902 1105 4958 Servius
1134 4903 1515 4958 animadvertit
1540 4903 1741 4978 (Serm,

148 4995 194 5049 in
218 4998 311 5050 lib.
358 5014 387 5049 v
421 4995 643 5052 Αῖηεὶά,
685 4996 893 5067 Virgil.,
926 5015 1048 5067 pag.
1074 4998 1182 5053 574
1206 4998 1245 5069 ),
1284 4999 1477 5065 vittas,
1527 5010 1619 5054 aut
1646 4999 1750 5053 vit-

149 5097 319 5142 tarum
350 5090 751 5157 extremitates,
789 5090 841 5144 in
874 5091 1157 5146 arboribus
1184 5093 1485 5153 veternosis.
1515 5092 1617 5147 hoc
1638 5103 1740 5159 est,

150 5185 299 5239 senio
321 5227 338 5249 ,
384 5201 478 5241 seu
509 5184 701 5239 morbo
731 5196 913 5239 vetere
944 5186 1240 5252 confectis,
1275 5196 1331 5240 ut
1360 5188 1593 5258 explicat
1637 5188 1742 5243 Do-

151 5286 303 5330 natus
330 5277 558 5350 (Donat.
581 5319 596 5343 ,
636 5279 691 5331 in
723 5276 949 5342 Terent.,
982 5277 1248 5348 Eunuch.,
1278 5289 1377 5335 act.
1409 5282 1463 5346 ι,
1491 5298 1628 5337 scen.
1659 5283 1736 5353 4).

151 5366 429 5439 Significat
496 5372 679 5441 itaque
726 5372 933 5426 Auctor
1004 5383 1213 5437 n0ster,
1265 5389 1448 5429 secum
1494 5375 1744 5431 ethnicus

152 5465 325 5522 adhuc
348 5477 521 5527 esset.
552 5467 792 5522 coluisse
823 5469 873 5521 in
905 5467 1228 5535 arboribus,
1260 5469 1415 5538 longa
1444 5481 1746 5526 mtatecon-

155 5561 414 5630 sumptis,
442 5562 607 5616 vittas
638 5570 693 5616 et
720 5575 953 5616 coronas
974 5604 988 5625 ,
1038 5574 1133 5616 seu
1186 5562 1367 5630 potius
1387 5563 1633 5631 antiquas
1658 5578 1745 5616 ar-

156 5654 309 5708 bores
342 5657 484 5710 vittis
514 5669 569 5711 et
599 5655 817 5710 coronis
864 5656 1166 5710 redimitas.
1216 5656 1451 5710 Arbores
1478 5656 1743 5724 siquidem

154 5745 251 5801 deo
272 5749 429 5802 alicui
455 5748 689 5809 dicatas.
724 5747 866 5802 sicut
892 5749 1042 5813 deos,
1080 5756 1173 5801 aut
1198 5763 1387 5803 eorum
1429 5747 1585 5802 sedes
1613 5748 1745 5801 olim

157 5841 359 5897 ethnici
397 5842 720 5897 adorabunt.
756 5860 773 5894 ι
804 5841 929 5895 Haec
951 5884 965 5906 ,
1005 5860 1025 5893 ι
1062 5841 1235 5911 inquit
1266 5842 1472 5896 Plinius
1494 5883 1509 5905 ,
1542 5860 1561 5892 ‹
1600 5841 1748 5896 fuere

157 5934 426 5990 numinum
459 5936 658 6005 templa
677 5976 694 6001 ,
720 5936 1003 6005 priscaque
1024 5935 1130 5990 ritu
1153 5935 1417 6006 simplicia
1440 5950 1563 5990 rura
1586 5936 1751 5991 etiam

1774 4711 1826 4770 D

1854 3409 2135 3473 Suetonio,
2162 3410 2337 3473 Livio,
2372 3411 2620 3483 Polybio,
2654 3424 2709 3468 et
2730 3414 2853 3469 aliis
2880 3415 3152 3484 colligitur
3177 3414 3424 3491 (Sueton,
3447 3461 3461 3483 ,

1853 3505 1945 3559 lib.
1974 3521 2071 3566 VII.
2101 3508 2153 3560 in
2184 3508 2287 3560 vita
2319 3506 2512 3569 νίκη..
2544 3509 2699 3578 paulo
2720 3518 2834 3579 post
2860 3509 2972 3563 init.
2998 3507 3177 3577 ;Liv.,
3201 3510 3297 3563 lib.
3328 3526 3465 3576 xxx,

1852 3614 1967 3665 cap.
1995 3598 2066 3663 8;
2105 3597 2291 3670 Polyb.
2319 3641 2333 3665 ,
2363 3598 2451 3654 lib.
2482 3616 2574 3669 xv,
2603 3602 2719 3656 init.
2745 3600 2789 3674 ).
2819 3601 3187 3670 Quamobrem
3218 3602 3468 3660 Tibullus

1850 3696 2079 3751 canebat
2113 3718 2126 3751 :

1945 3810 2657 3880 Nec_ego_tellurem.genibus
2681 3828 2962 3880 prorepere
2989 3815 3222 3880 supplex,

2036 3873 2099 3923 Et
2122 3877 2356 3942 miserum
2383 3873 2555 3942 sancto
2577 3873 2787 3927 tundere
2815 3873 2958 3941 posse
2986 3873 3150 3942 caput.

1944 3937 2172 4007 Ncc_eg_o
2194 3940 2237 3987 si
2260 3939 2442 4007 merui,
2463 3940 2690 4007 dubitem
2703 3937 3288 4007 Apr_ocumbere'templis,

1966 4018 1973 4022 '
2037 3999 2101 4049 Et
2116 3999 2238 4049 dare
2263 4002 2467 4051 sacratis
2489 4004 2657 4051 oscula
2679 3999 2944 4053 liminibus.

2556 4082 2787 4148 (Tibull.,
2814 4086 2898 4138 lib.
2925 4104 2960 4151 l,
2991 4090 3115 4153 eleg.
3142 4092 3219 4157 5.)

1850 4189 2045 4245 Verum
2073 4189 2375 4257 Lucretius,
2400 4206 2431 4246 a
2448 4190 2730 4248 Lactantio
2755 4195 2951 4251 citatus
2982 4195 3284 4267 (Lactant.,
3308 4199 3397 4254 lib.
3429 4216 3468 4259 ιι

1847 4283 2058 4349 lnstil.,
2089 4300 2206 4348 cap.
2233 4286 2286 4349 5,
2322 4302 2442 4355 pag.
2498 4285 2652 4356 150),
2707 4288 2925 4357 impium
2980 4290 3132 4346 illum
3184 4292 3471 4362 gentilium

1846 4393 2067 4432 suorum
2100 4379 2303 4434 cultum
2333 4379 2418 4433 his
2443 4381 2690 4436 versibus
2717 4384 2992 4454 explodit:

1938 4521 2228 4597 ﬁecpietas
2249 4521 2348 4597 pila
2366 4530 2448 4597 est
2468 4523 2687 4597 velatum
2711 4538 2848 4589 saepe
2872 4528 3035 4597 videri

1937 4584 2141 4655 Xertire
2164 4587 2221 4633 ad
2249 4584 2485 4655 lapidem,
2510 4596 2661 4655 atque
2686 4584 2861 4638 omnes
2883 4593 3131 4655 accedere
3155 4593 3213 4643 ad
3236 4607 3367 4655 aras,

1943 4646 2049 4720 ljiec
2074 4646 2404 4720 prlocnmbere
2418 4649 2555 4699 humi
2576 4646 2890 4715 prostratum,
2918 4660 2971 4703 et
2989 4654 3211 4717 pandere
3229 4646 3434 4720 palmas,

1945 4710 2077 4759 Ante
2101 4709 2251 4759 deum
2271 4711 2501 4761 delubra.

2284 4794 2519 4855 (Lucret,
2544 4792 2630 4845 lib.
2656 4812 2707 4855 v,
2728 4809 2852 4847 vers.
2878 4798 3000 4848 1198
3020 4807 3068 4849 et
3086 4801 3244 4865 seqq.)

1852 4900 1996 4968 Lege
2043 4898 2253 4964 adlmc,
2308 4901 2351 4955 si
2408 4902 2574 4969 velis,
2628 4902 3017 4972 Plutarchum,
3066 4906 3379 4981 Lucanum,
3411 4924 3469 4971 et

1854 4994 2220 5059 Brissonium,
2270 4996 2360 5065 qui
2410 4994 2561 5065 plura
2611 4996 2678 5052 de
2718 4998 2803 5054 his
2832 5000 3110 5068 gentilium
3140 5003 3333 5060 ritibus
3362 5006 3466 5061 ob-

1853 5096 2140 5141 servarunt
2166 5086 2491 5158 (Plutarch.,
2526 5087 2723 5154 Qtta'st.
2756 5108 2985 5158 romam,
3020 5110 3141 5164 pag.
3183 5094 3319 5158 266;
3365 5096 3469 5152 Lu-

1850 5196 1993 5247 can.,
2044 5181 2134 5236 lib.
2189 5198 2248 5248 ll,
2294 5199 2424 5236 vers.
2461 5182 2565 5238 128
2606 5193 2654 5237 et
2698 5200 2881 5255 seqq.;
2918 5184 3175 5256 Brisson.,
3207 5189 3298 5243 lib.
3327 5207 3366 5259 ι,
3400 5194 3468 5248 de

1854 5273 2061 5342 Form.,
2085 5294 2210 5348 pag.
2236 5278 2349 5350 46).

1927 5371 2199 5426 Arnobius
2228 5386 2391 5440 porro
2419 5371 2557 5426 hanc
2603 5372 2940 5442 impietatem
2988 5376 3253 5431 acerrime
3278 5392 3346 5431 eo
3377 5378 3465 5432 in-

1856 5475 2114 5532 sectatur,
2153 5484 2171 5516 ι
2201 5466 2365 5536 quod,
2399 5466 2443 5520 si
2476 5466 2700 5529 liceret,
2743 5487 2761 5519 ι
2796 5468 2998 5535 inquit,
3048 5486 3066 5519 ι
3103 5470 3153 5523 in
3184 5469 3464 5525 simulacri

1856 5560 2086 5627 alicujus
2132 5560 2355 5613 introire
2388 5558 2735 5629 pendigines,
2776 5579 2795 5611 ι
2828 5574 2943 5623 seu,
2974 5573 3031 5613 ut
3072 5562 3272 5616 clarius
3305 5562 3463 5630 paulo

1856 5664 1979 5723 post
2028 5651 2284 5720 IOquitur,
2338 5670 2357 5702 ς
2399 5652 2450 5705 in
2496 5667 2685 5707 omnes
2738 5652 2889 5707 sinus
2917 5661 2971 5706 et
3000 5655 3382 5708 commissuras
3434 5674 3454 5708 ι

1856 5742 2101 5817 (Arnob,
2136 5744 2225 5796 lib.
2257 5758 2333 5806 vr,
2363 5760 2487 5813 pag.
2517 5743 2616 5798 201
2650 5754 2697 5798 et
2718 5742 2902 5815 seqq.),
2934 5745 3067 5799 nihil
3099 5745 3241 5798 aliud
3265 5761 3459 5801 cerne-

1854 5848 2024 5903 retur,
2052 5850 2211 5906 quam
2238 5836 2399 5890 varice
2430 5837 2575 5891 illius
2600 5848 2812 5906 partes,
2843 5851 2978 5905 quas
3005 5849 3210 5891 catena'
3244 5837 3458 5905 ferreae,

1858 5931 2014 5998 unci,
2049 5931 2284 5993 ansulae,
2314 5938 2371 5986 et
2407 5931 2667 5989 suffusum
2696 5933 2975 6003 plumbum
3006 5934 3335 5991 retinebant.
3377 5936 3462 5992 Ad
