3872 6348
415 366 521 423 627

1670 363 2010 422 DISSERTA'

2158 363 2435 432 PRAEVIA
3601 345 3679 431 ὀξίς

409 489 532 546 haec
557 501 688 543 vero
718 486 808 541 illa
837 485 1127 541 simulacra
1151 528 1166 553 ,
1203 505 1220 536 ‹
1257 499 1486 555 quorum
1514 483 1728 554 plantas
1754 493 1807 538 et
1833 498 2003 554 genua
2036 494 2090 556 Α
2117 487 2244 540 deos
2267 495 2478 540 vestros
2505 484 2726 540 illuditis
2750 528 2765 552 ,
2793 486 2922 541 dum
2951 487 3198 557 lapideos
3231 488 3450 560 quidem
3470 532 3484 555 ,
3537 493 3586 544 et
3622 499 3679 544 te-

411 578 614 635 ethnici
631 587 851 633 orantes
874 579 1281 633 contrectabant
1301 577 1351 648 ι(
1363 575 1734 646 Veget.,lib.tl,
1753 593 1868 646 cap.
1891 574 2007 648 44).

411 672 709 742 semiplena
738 682 792 727 et
816 685 1007 736 vacua,
1039 686 1102 726 ac
1128 671 1347 724 minime
1377 668 1610 722 animata
1638 679 1689 722 et
1721 670 2006 739 spirantia,

411 776 715 835 temporum
739 764 951 835 injuriis
975 773 1313 833 putrescunt.
1345 775 1407 812 ac
1442 759 1828 814 dissolvuntur.
1869 759 1923 813 In
1947 759 2012 812 iis

412 857 574 913 etiam
590 857 814 923 sorices,
834 855 1128 918 stelliones,
1149 852 1328 906 blattae
1340 850 1634 917 nidificant,
1656 852 1867 904 araneis
1884 866 2012 905 vero

415 950 832 1020 coinquinentur
855 955 909 1001 et
923 944 1320 999 hirundinibus.
1343 944 1616 998 Arnobius
1642 943 1823 1013 itaque
1851 941 2010 997 sicuti

415 1044 680 1101 Minucius
703 1041 874 1103 Felix,
890 1039 1108 1109 aliique,
1128 1050 1184 1092 ut
1202 1038 1431 1092 vidimus
1450 1036 1687 1107 (Dium.
1712 1038 1765 1089 in
1787 1035 2009 1104 Μίνωα,

415 1154 534 1208 cap.
568 1135 633 1190 19
663 1143 766 1187 art.
798 1133 881 1202 2),
932 1131 1187 1186 Ecclesia:
1218 1131 1404 1185 Patres
1434 1130 1560 1184 hinc
1609 1139 1757 1184 recte
1787 1130 2010 1185 conclu-

412 1229 569 1293 dunt,
601 1227 732 1281 nihil
753 1227 973 1280 omnino
997 1226 1048 1280 in
1070 1224 1217 1280 hisce
1244 1223 1548 1279 simulacris
1569 1232 1625 1278 et
1645 1223 1813 1294 signis
1836 1224 2012 1278 inesse

412 1337 576 1393 pusse
600 1319 917 1376 divinitatis.

489 1419 700 1475 Ethnici
733 1436 885 1486 vero,
919 1429 974 1473 ut
1007 1419 1110 1473 hoc
1140 1428 1517 1490 argumentum
1542 1459 1556 1484 ,
1585 1416 1738 1486 cujus
1766 1414 2010 1484 pondere

413 1531 476 1572 se
499 1513 730 1585 opprimi
759 1514 1097 1577 sentiebant,
1127 1527 1344 1583 quoquo
1375 1511 1536 1566 modo
1569 1511 1838 1564 inﬁrmare
1884 1525 2009 1581 pos-

413 1615 570 1673 sent,
620 1605 1021 1675 respondebant
1069 1618 1129 1660 se
1174 1620 1464 1674 numquam
1514 1603 1810 1658 credidisse
1845 1619 1908 1658 ea
1940 1605 2012 1658 si-

415 1701 656 1754 mulacra
701 1713 823 1754 esse
865 1715 958 1769 per
1006 1713 1067 1754 se
1117 1698 1247 1753 deos
1278 1717 1292 1753 :
1324 1699 1416 1753 sed
1445 1715 1496 1751 ιη
1530 1698 1638 1752 illis
1671 1697 1770 1752 hos
1798 1707 2008 1752 tantum

416 1791 600 1846 colere
627 1805 690 1845 ac
719 1792 968 1844 venerari
994 1834 1009 1857 ,
1063 1809 1081 1842 ι
1115 1805 1252 1860 quos
1282 1791 1547 1846 dedicatio
1604 1790 1766 1844 infert
1817 1805 1970 1845 sacra
1990 1833 2003 1857 ,

2116 585 2330 633 staceos
2356 577 2684 633 veneramini
2711 620 2724 644 ,
2759 576 3072 634 custodibus
3110 588 3363 635 carentes
3413 600 3427 635 :
3475 584 3594 643 Τοὺς
3639 582 3679 637 δὲ

2113 673 2401 748 ἀργυρέους
2431 675 2517 725 καὶ
2543 679 2784 747 χρυσοῦς
2815 675 3120 749 ἐγκλεὼντις
3145 682 3261 738 ταῖς
3302 677 3445 742 νυξὶ,
3472 681 3552 731 καὶ
3591 685 3680 737 ταῖς

2115 767 2327 841 ἡμέραις
2376 766 2599 835 φύλακας
2668 771 3115 842 παρακαθίσαντες
3140 810 3156 833 ,
3207 770 3294 823 ἶνα
3342 774 3412 841 μή
3484 770 3680 824 aleariae:

2115 856 2134 928 (
2163 857 2350 928 Epist,
2379 859 2446 910 ad
2477 857 2741 929 Diognet.,
2770 871 2904 930 post.
2937 859 3090 930 init.)
3128 877 3140 913 :
3173 859 3452 931 Argenteos
3480 870 3680 915 autemet

2114 966 2295 1004 aureos
2337 953 2600 1006 includitis
2647 963 2800 1008 noctu
2825 996 2839 1019 ,
2896 964 2985 1008 aut
3015 955 3244 1010 interdiu
3290 954 3523 1010 custodes
3550 972 3681 1020 appo-

2115 1046 2236 1099 nitis
2276 1061 2338 1099 ne
2383 1051 2521 1116 furto
2561 1052 2885 1120 auferantur.
2933 1049 3196 1104 Similiter
3241 1049 3559 1120 Cyprianus,
3603 1065 3680 1104 nec

2113 1137 2293 1191 minus
2316 1139 2428 1192 acri
2464 1139 2586 1209 styli
2626 1142 2708 1195 sui
2747 1142 2936 1195 aculeo
2974 1157 3069 1196 eos
3091 1143 3278 1210 pungit
3302 1160 3349 1194 ε(
3387 1141 3475 1196 Sic
3498 1141 3632 1208 illos,
3664 1163 3677 1194 ι

2113 1227 2325 1298 inquit,
2384 1250 2402 1282 ι
2455 1231 2614 1286 lassos
2655 1233 2787 1286 ultio
2817 1242 2994 1288 vestra
3027 1232 3310 1295 defendit.
3363 1234 3619 1304 quomodo
3642 1247 3681 1289 et

2113 1320 2326 1377 clausos
2377 1339 2444 1377 ne
2493 1331 2753 1394 pereant,
2815 1325 2979 1379 tutela
3012 1335 3194 1380 vestra
3221 1327 3479 1382 custodit.
3514 1326 3681 1381 Pudeat

2113 1414 2336 1469 tutelam
2357 1414 2425 1470 de
2455 1416 2519 1470 iis
2536 1430 2778 1485 Sperare,
2802 1431 2938 1487 quos
2964 1429 3016 1474 tu
3034 1418 3148 1487 ipse
3169 1419 3357 1473 tueris.
3387 1417 3681 1491 (Cyprium,

2113 1515 2261 1562 tract.
2290 1507 2360 1562 ad
2387 1508 2641 1577 Demetr.,
2673 1527 2794 1582 pag.
2831 1511 2982 1583 191.)

2183 1597 2326 1654 Satis
2371 1614 2535 1669 porro
2576 1601 2870 1671 gentilibus
2919 1618 3027 1656 non
3083 1613 3199 1657 erat
3253 1604 3569 1670 simulacra,
3596 1606 3686 1659 sive

2113 1691 2244 1747 deos
2291 1707 2419 1747 suos
2469 1695 2746 1748 hominum
2774 1695 3068 1761 custodiis,
3120 1709 3182 1750 ac
3233 1695 3444 1750 diurnis
3494 1707 3685 1751 noctur-

2113 1788 2303 1858 niSque
2331 1789 2528 1859 vigiliis
2559 1793 2731 1857 tueri,
2760 1790 2856 1846 sed
2878 1790 3123 1846 eamdem
3148 1832 3164 1858 ,
3207 1792 3385 1862 pergit
3413 1792 3682 1852 Arnobius,

414 1895 470 1941 et
500 1885 778 1940 fabrilibus
805 1886 971 1939 el‘licit
1003 1886 1304 1940 inhabitare
1342 1884 1646 1939 simulacris
1707 1904 1726 1935 ι
1759 1883 2002 1956 (Arnob.,
2039 1890 2085 1948 Β
2110 1882 2182 1937 ob
2227 1899 2447 1939 causam
2473 1929 2487 1949 ,
2538 1901 2702 1940 canes
2755 1894 2811 1941 et
2866 1900 3091 1940 anceres
3154 1886 3395 1941 alebant.
3456 1888 3516 1940 Et
3564 1897 3688 1940 certe

415 1979 505 2032 tib.
540 1994 612 2044 vr,
644 1993 766 2049 pag.
799 1978 904 2033 205
934 1988 978 2030 et
999 1977 1186 2049 δίψῃ).
1223 1977 1419 2033 Verum
1445 1986 1634 2032 auctor
1663 1988 1849 2031 noster
1879 1977 2008 2031 illud

413 2072 659 2128 ridiculae
702 2073 972 2142 Opinionis
999 2083 1367 2128 commentum
1402 2073 1565 2127 variis
1593 2073 1866 2126 rationum
1895 2087 2011 2128 mo-

413 2165 616 2219 mentis
645 2164 805 2234 plane
835 2165 1189 2231 comminuit,
1224 2165 1544 2235 penitusque
1567 2165 1808 2234 dissipat.
1847 2164 2009 2219 Ecc'ui

415 2258 561 2313 enim
583 2300 597 2323 ,
629 2257 672 2311 si
703 2271 864 2310 sanus
886 2256 989 2321 sit,
1025 2272 1258 2327 unquam
1281 2299 1295 2324 ,
1326 2259 1402 2310 ait
1445 2258 1570 2321 ille,
1605 2257 2011 2326 persuadebitur

414 2353 547 2410 deos
573 2352 802 2407 ridiculo
829 2353 1066 2422 quodam
1113 2352 1470 2407 dedicationis
1510 2353 1652 2420 jure,
1681 2360 1779 2405 aut
1803 2352 1871 2406 ad
1899 2361 2009 2406 ter-

413 2461 546 2503 rena
578 2445 866 2501 simulacra
912 2444 1258 2500 inhabitanda
1288 2446 1445 2515 cogi,
1505 2454 1596 2499 aut
1643 2445 1870 2500 sidereis
1921 2459 2008 2498 se-

413 2539 573 2594 dibus
602 2539 736 2604 suis,
767 2547 960 2607 sponte
990 2550 1087 2592 sua
1119 2537 1342 2602 relictis,
1372 2536 1437 2592 ad
1468 2553 1530 2591 ea
1582 2539 1738 2592 toties
1786 2538 2011 2592 commi-

414 2645 573 2702 grare
596 2669 611 2698 ,
640 2631 850 2701 quoties
878 2632 1081 2684 homini
1126 2639 1361 2685 statuam
1411 2631 1662 2686 dedicare
1708 2631 2011 2701 placuerit?

414 2723 555 2791 Quid
584 2739 731 2790 vero,
766 2725 907 2794 quod
941 2723 1014 2778 dii
1046 2724 1195 2778 nulla
1223 2726 1270 2778 vi
1317 2725 1553 2780 humana
1591 2727 1842 2794 coinpelli
1888 2741 2012 2795 pos-

414 2826 573 2882 sunt,
606 2827 662 2870 ut
709 2819 761 2871 in
797 2818 1100 2872 simulacris
1145 2818 1249 2871 illis
1276 2833 1491 2888 semper
1534 2820 1835 2873 maneant?
1864 2818 2010 2874 Nihil

415 2911 561 2965 enim
593 2925 654 2964 ea
688 2911 1007 2964 necessitate
1041 2911 1311 2977 miserius,
1339 2912 1580 2982 nihilque
1599 2913 1708 2967 Deo
1727 2914 1896 2982 magis
1920 2913 2002 2965 in-

415 3002 662 3073 dignum.
700 3004 901 3058 Deinde
932 3019 1081 3072 vero,
1114 3005 1162 3060 si
1203 3005 1258 3059 in
1296 3007 1375 3061 eis
1407 3007 1608 3060 tamdiu
1636 3016 1836 3061 tantum
1866 3023 2012 3061 com-

412 3105 714 3159 morentur,
769 3098 1024 3167 quamdiu
1073 3099 1200 3166 ipsis
1231 3098 1482 3165 libuerit,
1529 3111 1676 3155 certe
1722 3103 2011 3156 simulacra

415 3189 726 3258 aliquando,
747 3190 854 3243 illis
881 3190 1280 3256 recedentibus,
1303 3193 1374 3244 dii
1397 3208 1519 3248 esse
1542 3193 1808 3249 desinent.
1832 3195 1887 3249 lu
1911 3196 2008 3249 du-

2114 1979 2371 2048 scriptum
2412 1995 2442 2032 a
2472 1978 2735 2036 Cicerone
2779 1980 3007 2050 legimus
3047 1999 3059 2034 :
3113 1998 3131 2030 i
3187 1978 3489 2035 Anseribus
3515 1981 3689 2034 cibaria

2114 2072 2328 2141 publica
2379 2073 2645 2138 locantur,
2682 2083 2737 2128 et
2783 2087 2947 2128 canes
2974 2073 3191 2128 aluntur
3224 2076 3278 2128 in
3308 2071 3601 2144 Capitolio;
3645 2083 3690 2126 ut

2113 2166 2450 2235 significent,
2494 2168 2539 2222 si
2581 2168 2725 2222 fures
2777 2168 3047 2222 venerint.
3098 2168 3330 2239 (ilicem,
3373 2178 3502 2222 orat.
3533 2169 3584 2232 2,
3614 2182 3690 2236 pro

2114 2259 2271 2314 Rosc.
2302 2259 2474 2315 Amer.
2507 2263 2559 2327 l,
2591 2277 2711 2332 pag.
2741 2259 2860 2334 2i.)
2906 2260 3063 2329 Quod
3114 2263 3274 2315 etiam
3307 2261 3441 2316 Livii
3470 2304 3485 2326 ,
3519 2261 3690 2326 Plinii,

2114 2353 2423 2417 Plutarchi,
2483 2355 2722 2423 Eliani,
2771 2370 2824 2412 et
2873 2358 3106 2411 aliorum
3155 2359 3470 2413 testimonio
3521 2357 3692 2412 contir-

2115 2458 2290 2504 matur
2319 2449 2497 2522 (Liu.,
2531 2451 2618 2506 lib.
2665 2468 2717 2519 v,
2769 2461 2886 2506 ante
2933 2452 3052 2517 ﬂn.,
3104 2451 3250 2507 Plin.
3281 2494 3297 2517 ,
3346 2453 3434 2506 lib.
3492 2465 3526 2507 ι
3571 2451 3688 2505 Hist.

2115 2552 2248 2607 nat.,
2281 2559 2396 2610 cap.
2427 2542 2519 2606 22,
2553 2560 2672 2615 pag.
2700 2543 2834 2610 408;
2889 2543 3158 2598 Plutarch.
3180 2586 3194 2610 ,
3245 2545 3300 2598 in
3319 2544 3412 2598 vit.
3465 2543 3654 2598 Camill.
3681 2583 3691 2602 ,

2114 2651 2237 2705 pag.
2271 2636 2392 2701 M2,
2428 2648 2473 2690 et
2508 2636 2706 2702 Quam.
2753 2653 2956 2692 roman.
2983 2681 2997 2701 ,
3031 2651 3152 2710 pag.
3175 2638 3314 2704 28b;
3342 2635 3570 2703 Ellam,
3619 2635 3693 2689 lib.

2118 2745 2194 2784 xu
2246 2730 2309 2784 de
2339 2731 2593 2799 Animal.,
2626 2747 2744 2801 cap.
2772 2733 2841 2786 '55
2865 2731 2903 2803 ).
2946 2733 3106 2802 Atqui
3130 2731 3213 2786 lite
3235 2731 3516 2793 custodiae,
3538 2730 3697 2799 arguit

2115 2823 2406 2888 Arnobius,
2440 2837 2544 2878 tam
2578 2825 2816 2889 inutiles,
2848 2839 3009 2892 quam
3067 2823 3172 2877 diis
3217 2822 3495 2892 injuriosze
3541 2831 3694 2876 erant.

2118 2915 2182 2976 In
2209 2919 2510 2974 simulacris
2544 2917 2809 2987 siquidem
2854 2917 2898 2970 si
2944 2917 3044 2986 ipsi
3073 2918 3264 2971 saltem
3298 2911 3694 2976 inhabitassent',

2119 3016 2224 3071 illis
2257 3014 2496 3084 profecto
2527 3028 2626 3067 nec
2652 3013 2804 3075 aliis,
2835 3027 2897 3066 ea
2927 3024 2955 3063 a
2987 3011 3231 3081 quolibet
3253 3024 3381 3064 casu
3401 3052 3415 3074 ,
3444 3018 3498 3063 et
3526 3008 3696 3077 injuria

2119 3107 2432 3180 protegendi
2473 3123 2599 3160 cura
2646 3105 2999 3176 relinquenda
3054 3114 3190 3158 erat.
3224 3102 3418 3157 Nullus
3445 3102 3698 3156 enimvero

2116 3201 2333 3273 gentilis
2381 3198 2560 3255 dicere
2610 3213 2842 3266 unquam
2904 3198 3075 3267 potuit
3118 3197 3240 3249 illos
3283 3201 3376 3248 aut
3434 3194 3692 3256 dormire,

414 3278 506 3333 bio
546 3280 706 3349 igitur
727 3283 890 3334 stabit
909 3282 1122 3351 quando
1144 3285 1222 3337 eis
1243 3297 1394 3338 sacra
1421 3287 1559 3349 iieri,
1585 3297 1639 3341 et
1687 3303 1748 3342 ea
1796 3290 2008 3342 adorari
2041 3279 2086 3342 C
2118 3306 2207 3350 aut
2235 3312 2339 3349 non
2371 3307 2529 3363 posse
2575 3309 2632 3346 se
2665 3296 2823 3347 tueri.
2859 3291 3010 3347 Unde
3045 3292 3205 3346 etiam
3256 3291 3583 3360 Augustinus
3621 3302 3694 3348 ex,

414 3369 664 3428 debeant.
697 3372 962 3428 Praeterea
998 3390 1152 3441 vero,
1187 3392 1310 3430 cum
1346 3379 1514 3447 plura,
1539 3379 1714 3448 inquit
1744 3379 2015 3436 Arnobius

412 3465 575 3517 unius
603 3464 952 3536 ejusdemque
976 3468 1062 3522 dei
1093 3470 1399 3535 simulacra,
1430 3472 1595 3526 modo
1629 3489 1820 3542 parva,
1855 3479 2015 3532 modo

410 3557 644 3611 maxima
671 3557 1022 3624 fabricantur,
1057 3563 1316 3631 numquid
1347 3563 1420 3617 dii
1451 3569 1502 3618 in
1537 3565 1643 3618 illis
1671 3575 1764 3619 aut
1791 3583 1851 3622 se
1879 3584 2013 3622 con-

412 3652 633 3706 trahunt
653 3696 667 3718 ,
719 3663 810 3708 aut
855 3670 913 3710 se
946 3655 1261 3725 porrigunt,
1292 3673 1554 3727 suumque
1581 3677 1778 3728 corpus
1809 3678 1906 3730 pro
1937 3665 2012 3717 si-

411 3748 640 3802 mulacri
672 3761 1002 3818 componunt
1025 3750 1196 3805 forma
1220 3767 1282 3806 ac
1310 3752 1478 3823 ﬁgura
1497 3756 1518 3806 ?
1538 3756 1677 3822 Quid
1705 3767 1883 3812 autem
1914 3760 2010 3813 ab-

412 3843 633 3896 surdius
662 3843 732 3896 de
768 3843 877 3897 Deo
905 3843 1012 3898 dici
1044 3856 1134 3898 aut
1161 3847 1382 3915 cogitari
1416 3851 1628 3916 potest?

488 3937 592 3991 Sed
623 3937 891 4008 agedum;
941 3945 1152 3993 constat
1199 3952 1328 3994 sane
1380 3937 1605 4010 plurima
1655 3945 1810 3999 unius
1864 3946 2010 4015 ejus-

414 4027 646 4098 demque
677 4030 762 4084 dei
798 4030 1084 4086 simulacra
1133 4033 1186 4086 in
1227 4033 1455 4088 diversis
1484 4079 1495 4100 ,
1530 4047 1581 4089 et
1611 4051 1640 4089 a
1682 4052 1738 4091 se
1785 4040 2014 4094 invicem

410 4125 729 4195 longissimo
757 4135 1018 4180 terrarum
1051 4126 1338 4182 intervallo
1386 4129 1666 4198 disjunctis
1709 4134 2012 4202 regionibus

411 4220 588 4289 posita
608 4215 880 4273 fuisse.An
900 4220 950 4273 in
978 4219 1039 4274 iis
1054 4221 1304 4275 omnibus
1324 4221 1456 4275 deus
1472 4223 1558 4277 ille
1575 4223 1764 4278 adesse
1780 4227 2017 4293 poterat?

415 4312 535 4367 Non
554 4315 760 4368 divisus
787 4315 1024 4384 quidem,
1067 4316 1191 4384 quia
1217 4329 1378 4369 verus
1411 4316 1551 4370 Deus
1592 4317 1758 4371 dividi
1808 4322 2008 4389 nequit.

414 4404 532 4460 Non
572 4408 812 4476 integer;
848 4422 967 4460 nam
1000 4406 1132 4460 deus
1159 4406 1251 4462 ille
1275 4450 1288 4473 ,
1318 4409 1389 4461 uti
1419 4408 1681 4477 putabant
1726 4425 2017 4480 corporeus

414 4508 532 4553 erat
548 4541 562 4563 ,
595 4513 695 4553 nec
716 4499 944 4569 proinde
968 4507 1146 4568 potest
1167 4499 1218 4553 in
1246 4500 1486 4569 pluribus
1511 4502 1667 4555 simul
1692 4516 1814 4556 esse
1836 4504 1986 4557 locis.

489 4590 730 4662 Denique
781 4592 826 4645 si
879 4589 992 4645 haec
1048 4590 1332 4645 simulacra
1381 4602 1472 4646 aut
1523 4591 1598 4646 dii
1654 4601 1875 4657 essent,
1926 4607 2018 4649 aut

2120 3392 2358 3460 proxime
2415 3400 2707 3443 memorata
2757 3402 3008 3441 anserum
3059 3383 3334 3444 custodia,
3379 3385 3457 3438 sic
3491 3381 3688 3438 eosdem

2115 3482 2392 3554 gentilium
2434 3483 2564 3535 deos
2606 3481 2796 3535 irridet
2822 3491 2877 3535 et
2905 3480 3167 3549 explodit.
3204 3497 3223 3530 ι
3269 3477 3423 3532 Tunc
3474 3485 3577 3530 tota
3628 3489 3697 3526 ro-

2117 3589 2268 3628 mana
2321 3575 2450 3627 urbe
2505 3575 2557 3627 in
2615 3573 2850 3627 hostium
2903 3581 3222 3640 potestatem
3283 3570 3532 3632 redacta,
3570 3567 3696 3620 solus

2118 3669 2270 3722 collis
2301 3666 2634 3735 Capitolinus
2659 3675 3029 3728 remanserat,
3083 3664 3170 3732 qui
3199 3663 3359 3716 etiam
3409 3662 3521 3724 ipse
3554 3673 3697 3726 cape-

2117 3773 2284 3826 retur,
2318 3761 2418 3813 nisi
2463 3760 2652 3813 saltem
2702 3773 2953 3820 anseres,
2990 3757 3092 3809 diis
3122 3753 3553 3815 dormientibus,
3583 3750 3695 3817 vigi-

2119 3856 2313 3908 larent.
2374 3852 2523 3909 Unde
2575 3867 2714 3923 pene.
2765 3853 2817 3904 in
2869 3851 3332 3920 superstitionem,
3366 3849 3694 3918 aegyptiorum

2118 3949 2317 4002 bestias
2369 3962 2604 4015 avesque
2651 3945 2974 4005 colentium.
3027 3945 3196 3997 Roma
3238 3943 3543 4007 deciderat,
3589 3953 3694 3994 eum

2121 4037 2297 4090 anseri
2344 4036 2604 4088 solemnia
2663 4034 3025 4088 celebrabant.
3089 4054 3109 4084 ›
3166 4030 3471 4104 (August.,
3531 4030 3612 4083 lib.
3665 4043 3695 4081 u

2121 4131 2184 4184 de
2208 4127 2380 4191 Civit.,
2415 4146 2530 4198 cap.
2561 4128 2650 4193 22,
2706 4145 2823 4198 pag.
2857 4129 2974 4195 51.)

2191 4221 2322 4288 Quis
2353 4231 2529 4274 autem
2569 4220 2787 4275 dilﬁlcri
2821 4233 3000 4290 potest
3047 4236 3113 4276 ex
3170 4219 3254 4275 bis
3279 4221 3528 4274 omnibus
3554 4216 3696 4270 ratio-

2123 4311 2279 4368 nibus
2310 4325 2455 4369 recte
2478 4315 2543 4369 ab
2571 4314 2811 4370 Arnobio
2837 4313 3030 4368 confici
3059 4315 3343 4385 gentilium
3397 4312 3694 4368 simulacra,

2120 4410 2204 4466 vel
2253 4420 2376 4464 ante
2397 4449 2411 4472 ,
2445 4409 2527 4463 vel
2577 4419 2696 4478 post
2745 4423 2896 4461 suam
2927 4409 3428 4471 consecrationem,
3461 4420 3556 4460 nec
3582 4405 3698 4458 deos

2122 4517 2274 4567 esse,
2310 4515 2408 4554 nec
2437 4501 2534 4554 hos
2558 4500 2608 4554 in
2641 4501 2746 4553 illis
2775 4499 3099 4563 inhabitare,
3135 4501 3305 4554 multo
3328 4501 3500 4554 minus
3521 4498 3579 4550 ad
3609 4511 3661 4550 ea
3681 4535 3695 4558 ,

2123 4595 2261 4648 cmlo
2308 4594 2527 4654 relicto,
2582 4593 2928 4648 inhabitanda
2981 4608 3139 4662 posse
3192 4594 3486 4662 compelli?
3517 4593 3582 4644 De
3617 4591 3698 4643 illa

414 4702 601 4744 eorum
669 4688 924 4741 habitatio
950 4729 964 4753 ,
1025 4704 1206 4743 nonne
1252 4689 1435 4743 divina
1487 4700 1754 4760 potestate
1807 4703 1901 4746 oua
1958 4710 2017 4749 se
2046 4673 2098 4732 D
2125 4702 2285 4759 porro
2315 4686 2721 4740 simulacrorum
2755 4686 3096 4741 dedicatione
3117 4729 3132 4753 ,
3164 4687 3292 4741 alibi
3322 4686 3546 4741 diximus
3574 4681 3698 4755 (Dis-

412 4781 561 4850 ipsos
587 4779 847 4834 adversus
878 4782 1148 4850 quoslibet
1176 4796 1332 4836 casus
1356 4787 1516 4838 tutari
1544 4785 1858 4840 debebant?
1907 4789 2015 4843 Cur

414 4886 543 4939 ergo
569 4869 768 4926 ethnici
789 4912 806 4936 ,
839 4873 1014 4941 arguit
1039 4882 1231 4927 auctor
1255 4884 1438 4929 noster
1468 4874 1655 4947 (Ibid.,
1682 4895 1802 4949 pag.
1830 4878 2010 4950 205.),

411 4961 507 5016 illa
536 4978 602 5015 ne
627 4977 728 5031 qua
758 4964 948 5030 injuria
973 4964 1339 5029 afficerentur,
1359 4968 1702 5022 validissimis
1736 4972 2010 5038 claustris,

413 5055 688 5126 repagulis
709 5098 721 5120 ,
754 5056 983 5125 pessulis
1012 5058 1369 5122 claudebant,
1404 5074 1464 5113 ac
1495 5063 1850 5116 muniebant?
1881 5064 2010 5129 Cur,

413 5165 482 5203 ne
504 5165 534 5202 a
569 5149 774 5202 furibus
799 5149 940 5203 clam
963 5161 1190 5204 nuctuve
1214 5160 1552 5221 raperentur,
1583 5155 1809 5209 tedituis
1831 5156 2008 5210 millet

413 5241 488 5296 ita
509 5243 599 5297 ille
622 5244 877 5311 loquitur,
901 5243 1089 5316 (ιδιά.)
1118 5265 1133 5294 ι
1150 5247 1534 5314 protegebant;
1559 5257 1718 5316 atque
1733 5250 2015 5304 excubito—

415 5337 566 5389 ribus
587 5337 749 5389 inille.
767 5355 784 5386 ι
807 5336 1009 5390 Eodem
1033 5341 1192 5391 modo
1209 5346 1611 5408 argumentatur
1627 5340 2014 5407 Tertullianus,

412 5446 478 5484 ac
518 5431 610 5500 qui
645 5432 753 5484 sint
796 5433 870 5485 illi
914 5432 1256 5488 excubitores
1297 5435 1498 5488 clarius
1526 5438 1759 5505 explicat
1794 5454 1805 5489 :
1845 5456 1863 5488 ι
1899 5437 2018 5492 Jam

413 5525 598 5594 utique
625 5541 782 5592 suas,
826 5547 843 5577 ι
881 5529 1093 5597 inquit,
1130 5547 1149 5578 ι
1189 5530 1362 5598 primo
1391 5541 1616 5594 statuas,
1645 5539 1700 5583 et
1725 5533 2014 5602 imagines,

413 5629 468 5671 et
495 5619 642 5673 aedes
675 5630 974 5686 tuerentur,
1014 5636 1163 5689 quin,
1193 5629 1250 5673 ut
1293 5623 1504 5688 opinor,
1551 5622 1779 5676 Cessat-is
1818 5626 2017 5678 milites

412 5713 655 5766 excubiis
681 5715 792 5767 suis
824 5714 968 5767 salva
1025 5726 1280 5782 praestant
1309 5733 1326 5766 ι
1356 5714 1375 5786 (
1403 5713 1733 5782 Tertullian.,
1767 5716 2011 5788 Apolog.,

414 5820 531 5874 cap.
563 5806 664 5872 ‘29,
711 5825 829 5877 pag.
860 5807 974 5879 ‘29).
1023 5806 1196 5862 Antea
1243 5823 1369 5862 vero
1417 5820 1608 5864 auctor
1660 5810 1902 5879 epistolae
1948 5813 2014 5866 ad

421 5895 736 5966 Diognetum
786 5902 862 5954 sic
909 5901 1154 5955 ethnicos
1178 5898 1388 5966 aliatur,
1424 5911 1477 5956 et
1517 5901 1740 5972 corripit
1782 5920 1795 5956 :
1829 5902 2017 5959 Nonne

2127 4788 2245 4833 sert.
2274 4780 2327 4833 in
2360 4778 2582 4846 Minoa,
2613 4796 2724 4849 cap.
2758 4781 2844 4842 19,
2874 4789 2974 4833 art.
3008 4781 3031 4834 1
3060 4779 3099 4851 ).

2733 4907 3028 4948 ARTICULUS
3057 4908 3114 4946 ν.

2123 4984 2440 5035 Examinatur
2463 4983 2595 5032 aliud
2634 4981 2832 5032 Arnohii
2857 4985 3092 5034 adversus
3127 4984 3335 5034 deorum
3361 4985 3604 5036 simulacra
3626 4997 3700 5034 ar-

2185 5057 2494 5108 gumentum.
2537 5047 2649 5095 inde
2680 5050 2902 5109 petitum,
2927 5049 3053 5109 quod
3099 5047 3183 5096 illa
3223 5049 3286 5096 ab
3312 5051 3517 5099 ethnicis
3540 5049 3700 5108 trohro

2189 5117 2240 5159 et
2261 5109 2494 5173 dedecori
2537 5109 2721 5173 habita,
2749 5122 2804 5157 ac
2828 5109 3032 5173 spoliata
3066 5109 3250 5173 fuerint
3281 5127 3290 5158 :
3320 5127 3494 5173 nempe
3518 5111 3699 5159 simula-

2185 5171 2481 5237 cgumdovls
2505 5172 2565 5219 ab
2590 5171 2827 5237 Antiocho
2867 5172 3100 5237 Cyziceno
3135 5181 3186 5221 et
3229 5171 3463 5236 Dionysio
3495 5184 3696 5237 tyranno,

2185 5233 2446 5300 IEsculapi
2472 5238 2532 5282 ab
2554 5235 2732 5300 eodem
2755 5233 3004 5298 Dionysio,
3024 5235 3236 5300 Veneris
3257 5249 3285 5284 a
3311 5233 3629 5300 Pygmalione,
3655 5244 3701 5300 et

2184 5298 2279 5345 alio
2302 5297 2645 5360 adolescente;
2675 5296 2767 5345 alia
2809 5296 2924 5360 vero
2947 5305 3030 5347 aut
3059 5297 3238 5360 diruta,
3269 5296 3600 5359 aut'creuiatu,
3624 5298 3699 5346 ubi

2184 5361 2247 5409 de
2273 5362 2406 5409 vario
2431 5359 2654 5422 Capitolii
2676 5359 2919 5409 incendio.

2196 5467 2452 5522 Ultimum
2488 5468 2706 5521 Arnobii
2737 5466 2994 5522 adversus
3031 5467 3254 5524 deorum
3305 5470 3584 5525 simulacra
3617 5484 3700 5522 ar-

2122 5569 2432 5631 gumentum
2467 5575 2529 5614 ex
2562 5561 2626 5612 iis
2679 5560 2909 5622 ducitur,
2942 5577 3062 5630 qiuc
3093 5562 3327 5618 maximo
3371 5562 3606 5619 dedecori
3654 5571 3702 5615 et

2127 5652 2322 5722 probro
2362 5652 2561 5714 habita,
2612 5667 2730 5704 cum
2778 5654 3071 5722 opprobrio
3115 5654 3362 5723 spoliata,
3395 5671 3455 5710 ac
3503 5654 3698 5707 tandem

2125 5759 2233 5797 non
2279 5759 2432 5799 secus
2478 5759 2539 5796 ac
2579 5741 2774 5811 templa
2820 5743 3140 5812 deturbala,
3183 5756 3236 5800 ct
3291 5749 3496 5816 penitus
3537 5747 3698 5801 diruta

2124 5847 2268 5892 sunt.
2302 5839 2431 5904 Quis
2457 5838 2598 5892 enim
2629 5837 2844 5906 negabit
2872 5837 3020 5892 Jovis
3052 5848 3283 5893 statuam
3317 5855 3437 5894 cum
3471 5839 3699 5894 irrisione

2124 5942 2178 5988 et
2203 5930 2432 5988 ludibrio
2458 5933 2524 5987 ab
2557 5929 2824 5986 Antiocho
2849 5931 3116 6001 Cyziceno
3157 5934 3476 6002 spoliatam?
3508 5952 3525 5984 ι
3561 5931 3698 5987 "nuc
