3872 6340
162 376 252 431 69.0

1326 368 1393 424 IN
1420 364 1780 426 ARNOBIUM
1802 409 1817 435 ,
1859 368 2016 425 CAP.
2059 364 2230 426 XXII.

3359 372 3464 428 ϐω
3480 404 3482 406 ,

163 493 334 563 quippe
358 490 693 546 Antiochum
713 489 1032 560 Cyzicenum
1061 488 1271 552 ferunt,
1314 507 1332 539 ι
1367 487 1588 542 Arnohii
1618 501 1737 542 ver-
1770 495 1822 552 Α
1847 485 1936 540 lib.
1971 501 1988 539 ι
2044 485 2166 541 Var.
2201 485 2321 540 hist.
2354 528 2368 550 ,
2406 487 2433 559 §
2463 487 2542 556 8).
2574 486 2683 543 Cur
2727 501 2858 559 ergo
2878 531 2895 557 ,
2949 492 3115 547 instat
3145 491 3420 547 Arnobius
3445 533 3460 558 ,

160 588 232 643 his
257 587 480 650 utimur,
522 605 541 638 ι
571 584 873 656 quindecim
895 584 1197 638 cubitorum
1222 581 1409 636 Jovem
1435 597 1498 634 ex
1524 579 1748 635 delubro

161 694 362 736 aureum
394 678 682 734 sustulisse
701 720 715 743 ,
745 687 799 733 et
843 693 906 732 ex
935 691 1042 732 tere
1069 675 1354 732 bracteolis
1408 672 1748 730 substituisse

159 775 376 830 locatum
414 793 435 826 ι
471 773 720 844 (Arnob,
748 773 816 826 lib
862 788 949 835 Vl,
977 788 1092 841 pag.
1137 768 1290 841 905).
1344 769 1422 824 Ex
1470 768 1749 824 Clemente

160 879 318 922 autem
371 867 739 922 Alexandrino
770 866 898 919 illud
937 863 1289 934 proculdubio
1317 861 1610 916 delibatum
1644 872 1746 916 est.

159 958 312 1024 Audi,
352 973 562 1027 quzeso,
604 973 778 1025 graeca
810 957 928 1027 ejus
973 956 1134 1011 verba
1164 997 1176 1019 ,
1207 970 1271 1008 ac
1299 954 1349 1008 id
1399 953 1540 1007 haud
1587 953 1750 1008 dubie

159 1053 395 1108 fateberis
445 1071 458 1107 :
499 1051 810 1124 ’Δντίοχοςὸ
850 1051 1137 1116 Κυζικηνὸς,
1169 1047 1356 1116 inquit,
1399 1049 1749 1123 ἀπορούμενος

159 1146 451 1221 χρημάτων,
480 1150 568 1199 τοῦ
610 1146 719 1205 Διὸς
757 1146 813 1199 τὸ
847 1141 1056 1215 ἄγαλμα
1088 1143 1146 1196 τὸ
1190 1146 1454 1215 χρυσοῦν,
1482 1142 1749 1194 πεντεκαὶ-

158 1237 265 1291 dixit
280 1239 498 1308 πηχέων
514 1237 570 1291 τὸ
589 1237 794 1310 μέγεθος
821 1231 894 1298 ὃν,
916 1234 1203 1310 προσέταξε
1226 1239 1514 1305 χωνεῡσαι,
1550 1235 1638 1285 καὶ
1658 1239 1750 1292 τῆς

159 1328 290 1390 ἄλλης
325 1338 419 1389 τῆς
462 1331 767 1405 ἀτιμοτέρας
794 1328 917 1388 ὖλης
943 1324 1153 1400 ἄγαλμα
1185 1326 1548 1402 παραπλήσιον
1579 1326 1749 1396 ἐκείνῳ

157 1425 376 1484 πετάλοις
445 1425 847 1498 κεχρυσωμένον
924 1423 1176 1482 ἀναθεῖναι
1247 1420 1415 1474 πάλιν.
1475 1415 1752 1490 (Clemens

155 1517 466 1582 Alexandr.,
509 1518 768 1571 Admonit.
800 1516 868 1568 ad
922 1525 1056 1586 gent.
1113 1531 1232 1585 pag.
1278 1511 1416 1583 54.)
1469 1512 1750 1565 Antiochus

157 1611 444 1681 Cyzicenus,
474 1627 590 1668 cum
616 1619 780 1682 egeret
807 1609 1052 1677 pecuniis,
1081 1608 1224 1661 lovis
1245 1624 1455 1660 auream
1504 1614 1748 1672 statuam,

155 1719 254 1773 qius
277 1713 386 1756 erat
410 1703 780 1773 magnitudinis
801 1703 1086 1768 quindecim
1121 1699 1430 1764 cubitorum,
1456 1697 1604 1767 fundi
1626 1698 1748 1766 jus-

153 1798 229 1860 sit,
256 1805 298 1849 et
320 1813 385 1850 ea:
416 1797 523 1849 alia
548 1796 762 1849 materia
783 1804 1005 1849 statuant
1025 1793 1105 1847 illi
1131 1793 1348 1846 similem
1375 1792 1748 1846 laminisinau-

153 1898 303 1940 ratam
340 1903 548 1941 rursum
578 1889 778 1956 reponi.

216 1982 289 2036 Ex
331 1980 851 2051 eodemSCriptore
898 1995 1076 2052 graeco
1123 1978 1397 2035 Arnobius
1439 1978 1492 2031 in
1539 1977 1734 2031 librum

151 2089 288 2128 suum
318 2073 434 2128 haec
459 2073 636 2128 adhuc
662 2074 968 2128 transtulit:
1002 2092 1020 2123 ‹
1059 2072 1343 2144 Dionysius
1375 2071 1497 2137 ille,
1531 2071 1626 2126 sed
1651 2071 1736 2140 ju-

153 2167 278 2231 nior,
316 2182 438 2221 cum
469 2167 735 2221 velamine
779 2182 942 2221 aureo
989 2165 1243 2236 spoliaret
1288 2163 1497 2234 Jovem,
1540 2175 1594 2218 et
1639 2179 1738 2233 pro

159 2258 240 2311 illo
267 2260 480 2314 laneum
518 2259 792 2325 subderet,
819 2259 1147 2328 iocularibus
1195 2260 1354 2313 etiam
1409 2257 1620 2312 facetiis
1659 2258 1739 2310 lu-

152 2348 291 2415 dens,
333 2365 455 2405 cum
483 2365 604 2406 esse
631 2351 761 2408 illud
790 2353 840 2405 in
869 2351 1137 2420 rigoribus
1165 2351 1420 2420 algidum,
1448 2349 1550 2404 hoc
1576 2365 1740 2419 vapo-

152 2458 277 2508 rum,
307 2457 595 2497 onerosum
628 2444 755 2498 illud
793 2445 844 2498 in
871 2444 1147 2499 aestatibus
1170 2443 1391 2506 diceret,
1429 2444 1528 2497 hoc
1551 2459 1740 2498 rursus

151 2537 236 2591 sub
285 2537 569 2591 ardoribus
616 2536 794 2592 ﬂabile
849 2557 867 2589 ι
903 2537 1144 2609 (Arnob.,
1179 2539 1276 2591 loc.
1321 2537 1458 2607 cit.).
1486 2535 1738 2590 Clemens

151 2632 277 2684 enim
313 2631 706 2709 Alexandrinus
742 2631 954 2685 dixerat
983 2649 994 2683 :
1026 2633 1287 2691 Διονύσιος
1339 2629 1364 2682 ὁ
1412 2631 1680 2702 τύραννος,
1712 2629 1738 2683 ὁ

148 2730 397 2802 νεώτερος,
418 2728 476 2780 τὸ
499 2727 696 2799 ἱμάτιον
740 2728 798 2781 τὸ
827 2729 1057 2802 χρύσεον
1087 2726 1434 2802 περιελόμενος
1483 2729 1576 2776 τοῦ
1629 2726 1739 2783 Διὸς

153 2820 192 2872 ἐν
233 2822 437 2896 Σικελίᾳ,
460 2822 776 2896 προσέταξεν
808 2824 946 2894 αὐτῷ
973 2824 1142 2897 ἐρέουν
1170 2823 1494 2896 περιτιθέναι,
1525 2823 1738 2896 χαριέν-

149 2934 239 2972 τως
261 2919 442 2986 φήσας,
471 2920 624 2968 τοῦτο
650 2910 854 2986 ἄμεινον
884 2907 1010 2967 εἶναι
1036 2919 1124 2966 τοῦ
1156 2915 1383 2987 χρυσίου
1401 2954 1413 2974 ,
1449 2916 1536 2966 καὶ
1564 2913 1740 2987 θέρους

151 3006 468 3079 κουφότερον,
526 3008 616 3058 καὶ
680 3007 872 3080 κρύους
932 3003 1262 3079 ἀλεεινότερον
1329 3001 1562 3072 (Clem.,
1633 3003 1735 3056 loc.

151 3096 270 3166 cit.).
326 3098 600 3166 tiionysius
628 3107 878 3168 tyrannus
918 3096 1092 3164 iunior
1138 3111 1251 3147 cum
1294 3110 1503 3146 auream
1552 3103 1739 3146 uestem

152 3186 256 3240 lavi
273 3189 556 3243 abstulisset
582 3189 636 3241 in
661 3188 844 3243 Sicilia
867 3230 880 3254 ,
898 3190 1053 3257 jussit
1077 3205 1192 3240 eunt
1216 3187 1363 3240 indui
1387 3187 1506 3240 lana
1529 3229 1542 3251 ,
1577 3191 1739 3257 facete

1853 587 2138 647 utrumque
2169 578 2411 652 Dionysii
2467 591 2574 634 tam
2606 580 2778 635 audax
2813 581 3041 649 facinus,
3098 582 3314 654 utrique
3357 584 3462 640 deo

1852 681 1958 724 tam
2003 671 2322 740 probrosum
2349 715 2362 736 ,
2399 671 2543 726 illico
2594 681 2788 728 neuter
2824 673 3153 729 vindicavit?
3194 675 3302 730 Cur
3348 684 3460 730 tam

1853 766 2072 834 patienti
2105 768 2288 820 animo
2314 765 2584 829 toleravit,
2626 777 2681 821 et
2719 768 2856 822 alter
2897 768 3116 838 quidem
3165 768 3458 825 deformari

1856 857 2064 911 vultum
2097 873 2273 925 suum,
2309 859 2447 912 alter
2490 869 2669 913 autem
2699 872 2797 914 suo
2828 869 3149 915 ornamento
3171 860 3307 916 adeo
3346 875 3462 916 tur-

1853 952 1994 1019 piter
2027 951 2286 1018 spoliari?
2316 951 2425 1005 Cur
2449 951 2612 1005 ambo
2656 952 2734 1005 illi
2763 950 2840 1006 dii
2881 953 3072 1006 merita
3116 953 3326 1009 ultione
3354 968 3460 1008 nou

1852 1045 2294 1101 demonstrarunt
2323 1061 2382 1101 se
2411 1047 2465 1100 in
2497 1045 2802 1101 simulacris
2829 1047 2962 1111 suis,
2992 1048 3067 1101 uti
3095 1049 3326 1117 gentiles
3347 1047 3464 1119 opi-

1853 1140 2120 1194 nabantur
2144 1177 2159 1206 ,
2194 1149 2492 1208 praesentes
2529 1154 2672 1205 esse,
2729 1147 2891 1208 atque
2939 1140 3158 1194 illorum
3199 1140 3455 1196 custodes

1852 1248 1915 1287 ac
1936 1232 2289 1287 defensores?
2315 1231 2508 1286 Verum
2533 1233 2618 1294 hi,
2655 1251 2673 1283 t
2713 1234 2784 1286 ita
2809 1223 3044 1287 ludibrio
3069 1234 3232 1288 habiti
3259 1231 3404 1299 sunt,
3437 1251 3456 1286 ι

1851 1326 2025 1394 inquit
2055 1329 2412 1388 Ambrosius,
2459 1337 2515 1399 ut
2558 1341 2732 1396 neque
2778 1327 2989 1396 Jupiter
3045 1337 3254 1383 vestem
3305 1343 3460 1383 suam

1851 1417 2146 1473 defendere
2200 1420 2471 1486 potuerit,
2530 1433 2629 1473 nec
2678 1418 2901 1473 Barbam
2935 1419 3313 1489 Esculapius,
3363 1435 3464 1475 nec

1852 1511 2051 1582 Apollo
2077 1511 2252 1565 adhuc
2287 1512 2586 1580 pubescere
2612 1511 2840 1580 casperit
2862 1549 2876 1575 ,
2908 1525 3084 1582 neque
3114 1527 3305 1567 omnes
3330 1554 3344 1576 ,
3372 1513 3462 1584 qui

1855 1605 2107 1662 dicuntur
2130 1603 2204 1660 dii
2227 1607 2508 1661 retrahere
2537 1607 2810 1674 potuerint
2841 1616 3063 1676 patenas
3085 1648 3099 1670 ,
3132 1622 3267 1677 quas
3315 1616 3462 1662 lene-

1854 1702 2015 1766 bant,
2041 1718 2148 1755 non
2177 1712 2281 1754 tam
2318 1701 2441 1755 furti
2488 1704 2695 1755 reatum
2727 1701 2982 1755 timentes
3003 1743 3016 1764 ,
3051 1717 3208 1771 quam
3241 1717 3461 1757 sensum

1853 1813 1961 1852 non
2015 1797 2296 1851 habentes.
2318 1796 2451 1862 Quis
2480 1795 2640 1865 igitur
2671 1806 2765 1850 eos
2790 1795 2964 1862 colat,
2999 1794 3090 1865 qui
3131 1810 3231 1850 nec
3274 1795 3465 1851 delen-

1775 1888 1822 1947 B
1851 1890 1982 1947 dere
2009 1901 2098 1955 se,
2134 1890 2283 1959 quasi
2317 1889 2424 1952 dii,
2461 1901 2559 1942 nec
2599 1887 2938 1942 abscondere
2961 1929 2974 1949 .
3019 1887 3170 1958 quasi
3209 1886 3461 1942 homines

1842 1984 2108 2055 possum?
2141 2001 2158 2033 ι
2197 1982 2494 2050 (Ambros.,
2520 1979 2609 2034 lib.
2635 1995 2672 2034 ιι
2695 1980 2758 2034 de
2804 1979 3084 2050 Virginib.,
3116 1996 3231 2050 cap.
3261 1980 3317 2048 5,
3347 1978 3376 2051 §
3407 1975 3463 2046 7,

1841 2094 1964 2148 pag.
1993 2077 2146 2146 172.)

1913 2169 2096 2238 Neque
2126 2176 2209 2222 est
2235 2181 2364 2223 sane
2393 2167 2535 2238 quod
2562 2167 2809 2222 ethnicus
2837 2167 3022 2222 nescio
3050 2166 3168 2238 quis
3198 2181 3322 2222 cum
3351 2162 3465 2221 Va-

1841 2259 1976 2315 lerio
2000 2260 2234 2314 Maximo
2257 2260 2410 2314 nobis
2435 2259 2656 2328 ohjieiat
2673 2302 2688 2324 ,
2716 2259 2928 2314 tametsi
2953 2259 3243 2330 Dionysius
3275 2257 3459 2312 debita

1843 2353 2106 2424 supplicia
2135 2368 2244 2408 non
2293 2353 2616 2415 exsolverit.
2653 2353 2804 2407 illum
2839 2362 3021 2407 tamen
3052 2351 3321 2406 dedecore
3365 2349 3464 2409 lilii

1843 2459 2031 2516 poenas
2063 2454 2180 2512 post
2208 2454 2436 2498 mortem
2485 2443 2740 2505 dedisse,
2785 2459 2920 2514 quas
2972 2445 3127 2497 vivus
3175 2425 3462 2512 effugerat.

1842 2536 1979 2590 Nam
2011 2535 2102 2589 ille
2130 2535 2342 2588 debitas
2374 2552 2480 2589 non
2515 2545 2754 2603 paterna:
2806 2535 2899 2589 sed
2949 2550 3060 2589 sua:
3091 2529 3460 2599 crudelitaits,

1846 2630 1922 2682 uti
1952 2644 2017 2682 ex
2049 2627 2314 2682 Atlizeneo
2335 2668 2350 2689 ,
2379 2637 2433 2681 et
2474 2627 2689 2680 iustitio
2718 2627 3139 2692 historico,satis
3164 2628 3423 2695 probatur

1843 2735 2034 2790 poenas
2063 2722 2280 2790 pertulit
2307 2721 2560 2793 (ΑιΙιιειι.,
2609 2721 2700 2774 lib.
2735 2735 2815 2774 xu
2857 2719 3131 2790 Deipnos.,
3169 2737 3287 2790 pag.
3319 2718 3417 2773 5M
3447 2737 3461 2782 ;

1843 2813 2038 2868 Justin.
2069 2855 2084 2879 ,
2115 2813 2254 2868 Hist.
2289 2815 2376 2868 lib.
2406 2831 2516 2878 χιι,
2551 2831 2668 2885 cap.
2702 2813 2738 2868 Ξ
2765 2824 2812 2867 ει
2835 2813 2929 2886 5);
2973 2814 3114 2868 unde
3134 2813 3360 2867 Ovidius
3394 2811 3463 2866 de

1831 2905 1942 2960 .illo
1974 2909 2090 2960 inec
2119 2906 2348 2961 canebat
2383 2925 2396 2959 :

1939 3018 2028 3068 Ille
2054 3018 2479 3092 avraeosiaumodo
2502 3019 2789 3092 formidatus
2807 3022 2856 3069 in
2883 3021 3028 3092 urhe,

2064 3082 2158 3130 Vix
2187 3082 2359 3131 humili
2378 3084 2551 3130 duram
2573 3085 2795 3146 reppulit
2815 3091 2925 3132 arte
2945 3083 3141 3132 famem.

2003 3164 2188 3231 (0vid.,
2214 3166 2295 3216 lib.
2321 3183 2386 3228 iv,
2406 3166 2544 3230 epist.
2569 3180 2630 3219 ea:
2658 3171 2804 3218 Pont.
2829 3166 2992 3231 Epist.
3011 3170 3061 3229 ζ’),
3087 3181 3200 3234 pag.
3227 3167 3365 3232 5‘28.)

151 3283 310 3336 dicens
329 3325 341 3346 ,
370 3299 478 3336 eam
499 3299 608 3336 esse
635 3298 791 3334 aurea
814 3283 1094 3344 meliorem,
1126 3291 1178 3332 ut
1200 3297 1313 3350 quia
1337 3290 1464 3334 esset
1487 3290 1532 3333 et
1559 3289 1736 3334 wstate
1764 3277 1808 3339 C
1915 3275 2051 3343 Quid
2075 3290 2207 3331 vero
2225 3317 2240 3338 ,
2271 3275 2413 3345 quod
2441 3275 2631 3331 Cicero
2659 3275 2774 3342 ipse
2794 3317 2807 3339 ,
2839 3277 2938 3330 etsi
2971 3277 3189 3346 gentilis
3212 3318 3226 3341 ,
3256 3275 3452 3335 eodem

154 3373 316 3438 levior,
347 3384 392 3427 et
416 3375 594 3444 hyeme
613 3374 851 3427 calidior.
903 3374 976 3427 De
1008 3385 1233 3442 utraque
1274 3374 1359 3426 illa
1393 3372 1540 3427 lovis
1564 3382 1738 3426 Statua

151 3469 198 3520 in
218 3468 468 3535 superiori
493 3468 797 3536 Apparatus
819 3467 985 3520 nostri
1012 3477 1158 3520 tonio
1180 3467 1532 3519 disseruimus
1559 3469 1738 3534 (lom.t

151 3561 408 3629 Apparet,
435 3561 524 3614 lib.
549 3576 638 3625 ιιι,
666 3560 868 3612 dissert.
899 3576 950 3621 ι,
980 3577 1094 3627 cap.
1126 3559 1158 3612 8
1178 3601 1190 3622 ,
1224 3571 1318 3612 art.
1349 3558 1384 3611 οὶ
1415 3570 1458 3611 et
1491 3561 1525 3612 5
1563 3603 1576 3615 .
1613 3577 1734 3630 pag.

153 3654 248 3708 757
277 3669 317 3708 et
339 3657 484 3722 745).
512 3657 583 3709 At
611 3656 662 3709 in
693 3655 996 3710 simulacris
1027 3656 1138 3707 suis
1161 3697 1173 3714 .
1208 3653 1381 3722 arguit
1432 3655 1701 3708 Arnobius
1722 3697 1735 3717 ,

155 3749 192 3800 si
220 3748 285 3801 dii
332 3750 693 3816 habitassent,
745 3765 917 3819 neque
964 3747 1262 3803 Antiochus
1290 3758 1344 3801 et
1375 3748 1658 3819 Dionysius
1686 3749 1736 3802 id

153 3844 391 3900 fecissent
441 3849 692 3916 impune;
729 3845 1131 3915 nequelnpiter
1161 3855 1266 3897 tam
1297 3844 1557 3914 patienter
1598 3843 1737 3897 ferre

155 3944 399 4010 potuisset
423 3943 558 3995 tales
592 3949 872 4010 tantasque
917 3937 1272 3993 contumelias
1300 3980 1312 4000 ,
1359 3939 1457 3990 sibi
1486 3938 1554 3990 ab
1583 3937 1732 3990 infir-

155 4035 251 4086 mis
275 4033 577 4089 hominibus
607 4050 713 4088 non
742 4033 860 4088 sine
903 4032 1151 4086 irrisione
1202 4031 1396 4084 illatas.
1444 4031 1563 4100 ipse
1590 4030 1734 4084 enim

159 4124 268 4179 illas
294 4143 392 4180 non
430 4136 776 4197 ex~pectato,
813 4127 884 4179 uti
917 4127 966 4178 in
1013 4125 1292 4193 superiore
1330 4124 1558 4177 articulo
1593 4123 1733 4176 dixi-

157 4232 281 4282 mus,
310 4219 465 4274 ullius
491 4219 712 4274 alterius
742 4218 958 4281 auxilio,
994 4217 1172 4272 statim
1208 4216 1351 4270 ultus
1382 4215 1589 4269 fuisset.

225 4311 385 4384 Pergit
410 4325 600 4370 aurtor
627 4325 810 4370 noster
835 4325 993 4384 atque
1037 4312 1281 4367 eumdem
1319 4313 1629 4383 Dionysium
1659 4313 1732 4366 si-

158 4406 337 4462 militer
366 4410 540 4463 adhuc
563 4409 800 4478 jocatum
840 4425 959 4461 esse
991 4417 1191 4471 narrat,
1215 4422 1334 4460 cum
1366 4405 1732 4474 Aisculapium

160 4498 462 4566 amplissima
491 4502 651 4554 barba
683 4515 841 4554 nui-ca
871 4502 1128 4568 spoliaret
1155 4519 1167 4552 :
1200 4519 1215 4549 ι
1255 4499 1480 4553 Facinus
1517 4519 1534 4549 ι
1565 4500 1737 4552 enim-

162 4603 306 4653 vero,
344 4610 360 4642 ι
395 4608 515 4646 esse
545 4592 757 4646 diccbat
784 4593 1089 4661 indignum,
1123 4607 1189 4644 ex
1220 4591 1462 4660 Apolline
1489 4606 1734 4658 procrea-

1846 3371 2003 3441 planc
2035 3371 2194 3424 modo
2257 3385 2363 3440 quo
2408 3380 2595 3424 auctor
2629 3379 2852 3434 uoster,
2902 3371 3098 3440 aliique
3147 3370 3459 3424 christiana:

1845 3463 2124 3532 religionis
2155 3461 2473 3516 defensores
2496 3502 2510 3526 ,
2547 3477 2610 3516 ex
2643 3463 2884 3533 Dionysii
2909 3465 3076 3533 patris
3106 3462 3246 3516 facto
3296 3479 3456 3530 argu-

1843 3563 2117 3610 mentatur
2155 3573 2167 3607 :
2209 3574 2225 3605 ι
2269 3554 2420 3608 ilunc
2463 3555 2654 3624 igitur,
2695 3575 2713 3605 ι
2749 3557 2949 3621 inquit,
2989 3574 3007 3605 ‹
3048 3570 3145 3608 uec
3175 3552 3457 3625 Olympius

1843 3650 2051 3720 Jupiter
2094 3649 2320 3704 fulmine
2374 3651 2659 3719 percussit,
2719 3665 2817 3704 nec
2865 3650 3210 3718 jEsculapius
3258 3650 3458 3702 misero

1843 3747 2205 3814 diuturnoque
2248 3745 2440 3798 morbo
2471 3745 2894 3799 intabescentem
2928 3743 3238 3805 interemit,
3293 3753 3457 3813 atque

1842 3839 1896 3893 in
1940 3853 2037 3892 suo
2068 3839 2265 3892 lectulo
2297 3847 2539 3890 mortuus
2560 3878 2574 3901 ,
2602 3838 2653 3890 ιιι
2675 3835 3025 3906 Tympanidis
3057 3851 3248 3905 rogum
3273 3835 3455 3889 illatus

1842 3942 1926 3987 est
1945 3975 1958 3996 ,
1982 3947 2278 4001 eorumque
2302 3941 2620 3999 potestatem
2644 3971 2658 3995 ,
2689 3947 2847 4000 quam
2876 3931 2989 3999 ipse
3014 3945 3111 4000 per
3140 3931 3317 3985 scelus
3338 3941 3455 3984 erat

1843 4034 2063 4089 nactus,
2095 4025 2247 4092 quasi
2275 4025 2474 4093 justam
2508 4034 2560 4077 et
2610 4023 2905 4092 legitimam
2952 4023 3286 4077 hatreditatis
3332 4023 3454 4076 lOCl)

1843 4117 1955 4171 lilio
1988 4117 2206 4170 tradidit
2241 4135 2260 4168 ι
2295 4115 2512 4188 (Cicer.,
2543 4117 2641 4169 loc.
2671 4117 2805 4181 cit.).

1912 4208 2023 4263 Nec
2049 4208 2321 4261 etlinieutn
2358 4207 2854 4277 respouderejuvat
2879 4194 3031 4273 illas,
3065 4223 3187 4278 qua:
3216 4223 3450 4262 nomini-

1841 4301 1941 4355 hus
1962 4300 2243 4361 videntur,
2273 4299 2632 4353 contumelias
2658 4342 2672 4367 ,
2721 4315 2891 4370 eaque
2922 4301 3212 4370 Opprobria
3232 4341 3247 4366 ,
3277 4316 3304 4351 a
3350 4299 3452 4353 diis

1841 4398 1913 4450 ita
1946 4396 2105 4465 plane
2149 4395 2368 4464 negligi,
2399 4403 2453 4447 et
2476 4393 2660 4449 haberi
2691 4410 2787 4464 pro
2816 4395 3008 4461 nihilo,
3041 4406 3095 4448 ιιι
3126 4394 3450 4464 supplicium

1840 4489 1909 4544 de
1956 4489 2061 4542 illis
2111 4503 2325 4541 sumere
2372 4503 2478 4540 non
2535 4489 2866 4542 curaverint.
2897 4487 3012 4554 Qua
3042 4488 3188 4542 enim
3237 4487 3451 4550 fronte,

1841 4592 1994 4644 urget
2024 4580 2295 4638 Arnobius
2321 4621 2333 4643 ,
2370 4595 2540 4648 quave
2567 4580 2730 4633 animi
2761 4581 3181 4650 tranquillitate,
3227 4596 3325 4636 seu
3361 4597 3452 4651 po—

164 4688 261 4732 tuni
285 4683 378 4736 levi
399 4684 606 4753 glabi'o,
632 4685 1014 4753 similtmoque
1039 4683 1324 4750 itupuheri,
1362 4684 1428 4736 ita
1454 4682 1732 4736 barbatum
1761 4671 1817 4730 Ι)
1847 4676 1950 4729 tius
1972 4674 2284 4745 stnpiditate
2315 4673 2385 4727 dii
2421 4673 2651 4728 tolerare
2682 4684 2972 4743 potuerunt
3003 4690 3110 4730 non
3141 4677 3314 4731 solum
3359 4677 3450 4732 illa

166 4772 313 4828 lilium
361 4776 517 4846 litigi;
551 4778 680 4830 utin
709 4779 926 4846 ancipiti
974 4777 1330 4842 relinquatur.
1384 4787 1502 4829 uter
1548 4791 1734 4830 eorum

166 4876 296 4932 pater
323 4870 404 4933 sit,
440 4881 560 4923 uter
608 4870 768 4950 illius,
802 4871 964 4923 itnmo
992 4887 1057 4924 an
1083 4871 1190 4923 sint
1219 4871 1432 4939 generis
1461 4880 1513 4922 et
1542 4883 1737 4937 Cagna-

168 4960 307 5014 tionis
335 4965 486 5018 unius
519 4982 537 5014 ι
578 4963 817 5033 (Arnob.,
859 4963 944 5017 lib.
977 4979 1048 5024 vr,
1103 4981 1222 5034 pag.
1271 4962 1422 5029 206).
1473 4963 1737 5032 Numquid

172 5069 199 5100 ιι
224 5068 330 5107 vero
369 5057 409 5109 is
441 5059 664 5110 multum
692 5057 1044 5119 abet-raverit,
1077 5057 1167 5124 qui
1198 5057 1335 5110 istud
1363 5073 1426 5110 ex
1459 5058 1540 5110 his
1585 5058 1736 5110 (lice-

173 5147 295 5199 ronis
320 5149 492 5203 verbis
513 5150 826 5216 decerptum
872 5164 993 5202 esse
1041 5150 1348 5218 opinabitur
1379 5168 1391 5200 :
1427 5169 1443 5199 ι
1484 5150 1735 5218 [denique

177 5235 460 5310 Dionygius,
501 5262 518 5293 ι
557 5244 832 5310 inquiebat
875 5241 1096 5295 Latinus
1138 5241 1349 5305 Orator,
1384 5262 1400 5291 t
1443 5242 1732 5311 {Esculapii

179 5331 412 5399 Epidaurii
445 5338 662 5393 barbam
711 5353 929 5392 auream
961 5338 1101 5392 demi
1153 5339 1330 5407 jussit.
1361 5339 1543 5408 Neque
1588 5340 1730 5392 enim

181 5434 440 5488 convenire
472 5433 752 5486 barbatum
799 5449 918 5486 esse
973 5432 1171 5498 filium,
1205 5448 1325 5485 eum
1379 5433 1428 5484 in
1487 5434 1735 5484 omnibus

185 5518 292 5574 lanis
317 5535 460 5593 piter
486 5525 746 5579 imberbis
772 5537 912 5579 esset
953 5545 971 5576 ι
1003 5525 1210 5598 (Εἰσοικ,
1243 5527 1330 5578 lib.
1364 5541 1416 5578 ιιι
1447 5525 1508 5578 de
1542 5524 1732 5578 Nutitr.

186 5611 320 5679 deor.,
344 5635 453 5687 pag.
483 5615 637 5688 952).
676 5617 874 5671 Eadem
903 5617 969 5672 de
1010 5629 1234 5688 utroque
1290 5618 1524 5688 Dionysii
1575 5619 1738 5684 impio

189 5702 383 5764 facinore
421 5710 670 5766 Valerius
729 5711 1022 5776 Maximus,
1073 5713 1409 5776 Lactantius,
1460 5712 1741 5776 xiilianns,

191 5807 317 5867 alque
337 5803 436 5857 allii
459 5807 758 5859 retulerunt
793 5803 938 5873 (Val.
968 5805 1148 5867 illam”
1182 5807 1268 5858 lib.
1305 5821 1355 5866 ι,
1401 5821 1519 5874 cap.
1545 5805 1648 5870 ἓξὲξ
1687 5806 1740 5868 5,

191 5907 283 5960 ima.
312 5896 402 5963 9.0;
429 5897 684 5958 Lactant,
723 5899 811 5952 lib.
849 5915 911 5954 ll.
940 5917 1056 5964 cap,
1085 5898 1138 5965 lt,
1166 5915 1285 5966 pan.
1323 5898 1422 5953 157
1447 5917 1458 5956 :
1511 5897 1741 5963 ΛσῖΙὶαιιρ,

1849 4768 2010 4836 impia
2040 4768 2442 4837 Dionysiorum,
2474 4767 2807 4820 et‘Antiochi
2838 4769 3010 4833 facta;
3044 4769 3137 4824 sed
3162 4771 3262 4824 alia
3285 4772 3449 4826 etiam

1847 4860 2148 4914 execranda
2172 4903 2184 4925 ,
2223 4876 2321 4915 nec
2346 4863 2462 4915 sine
2481 4860 2706 4915 horrore
2728 4862 3058 4916 nominanda
3086 4864 3306 4935 ﬂagitia,
3332 4879 3450 4934 quae

1849 4970 1876 5008 a
1908 4955 2362 5023 Philostepbano,
2418 4967 2473 5010 et
2527 4960 2816 5028 Posidippo
2872 4963 3148 5014 inemorite
3197 4963 3450 5018 mandata

1848 5051 2008 5104 sunt?
2042 5051 2252 5104 Primus
2275 5053 2417 5105 enim
2438 5095 2451 5116 ,
2487 5071 2504 5104 t
2539 5054 2588 5105 in
2621 5050 2930 5123 Cypriacis,
2966 5073 2983 5105 ι
3013 5057 3088 5107 ait
3116 5067 3301 5110 auctor
3328 5072 3453 5111 nos-

1845 5154 1928 5199 ter
1948 5186 1962 5209 ,
2000 5163 2016 5194 t
2058 5158 2245 5199 auctor
2271 5155 2354 5199 est
2375 5147 2797 5217 Pygmalionem,
2824 5150 3200 5220 rcgemllypri,
3232 5154 3454 5207 simula-

1843 5255 1997 5293 crum
2026 5240 2271 5302 Veueris,
2305 5241 2445 5307 quod
2479 5245 2778 5296 sanctitatis
2811 5245 2952 5312 apud
2986 5248 3236 5316 Lyprios,
3280 5258 3334 5300 ct
3361 5264 3447 5304 re-

1844 5333 2055 5403 ligionis
2074 5333 2634 5403 habebaturantiquze,
2654 5337 2936 5392 atlatnasse
2955 5349 3010 5391 tit
3027 5339 3349 5394 feminam...
3371 5356 3452 5395 so-

1843 5424 1995 5478 litum
2017 5426 2296 5480 sublevato
2319 5427 2370 5480 in
2398 5427 2654 5482 lectulum
2676 5431 2895 5484 numine
2917 5432 3222 5499 copulat-iur
3238 5433 3446 5500 ample-

1847 5520 2114 5573 xibus.....
2148 5520 2424 5575 Consimili
2454 5522 2667 5577 ratione
2703 5523 3029 5592 Posidippus
3076 5525 3128 5575 iii
3179 5539 3247 5577 eo
3269 5525 3443 5590 libro,

1845 5631 2002 5685 quem
2037 5615 2289 5684 scriptum
2319 5632 2482 5684 super
2505 5615 2679 5670 Cnido
2713 5615 2944 5680 iudicat,
2980 5632 3250 5686 superque
3283 5617 3447 5671 rebus

1846 5709 1992 5777 ejus,
2043 5708 2438 5762 adolescentem
2474 5709 2614 5762 haud
2666 5708 2950 5780 ignobilem
2999 5719 3296 5774 memorat;
3351 5713 3446 5766 sed

1847 5802 2162 5855 vocabulum
2186 5801 2301 5870 ejus
2332 5800 2602 5866 obscurat,
2638 5810 2944 5868 correptum
2973 5802 3247 5855 amoribus
3273 5800 3446 5856 Vene-

1849 5897 1923 5948 ris
1947 5935 1962 5956 ,
2009 5903 2225 5962 propter
2254 5907 2411 5960 quam
2452 5892 2651 5947 liuidus
2679 5895 2730 5947 iu
2764 5892 2981 5947 nomine
3015 5903 3097 5946 est
3119 5935 3132 5954 ,
3158 5893 3452 5946 amatorias
