3872 6344
419 380 513 436 63!

416 595 592 663 signo,
638 590 936 662 genialibus
967 589 1141 644 fusum
1173 589 1319 652 toris,
1353 597 1406 641 et
1446 587 1784 656 voluptatum
1819 603 2016 643 conse-

417 687 693 755 quentium
723 682 952 738 finibus»
981 682 1221 755 (Arnob,
1250 681 1338 734 lib.
1363 696 1456 747 vtt,
1487 697 1607 751 pag.
1637 680 1740 735 106
1761 689 1806 735 et
1824 682 2008 753 seqq.).

361 794 365 798 ‘
415 780 484 832 At
514 778 629 832 haec
658 794 873 833 rursum
919 777 1006 831 ille
1033 790 1097 830 ex
1124 775 1400 831 Clemente
1421 775 1787 830 Alexandrino
1810 785 2021 831 mutua-

413 881 500 926 tus
524 883 627 926 est.
674 871 918 928 Totidem
965 870 1164 937 quippe
1217 867 1332 922 haec
1383 867 1525 921 illius
1555 877 1679 922 sunt
1728 868 1930 922 verba:
1959 867 2017 924 '0

415 968 636 1041 Κύπριος
658 963 1014 1037 ,ὁξῐιιυνμαλίων
1044 964 1227 1022 ἐκεῖνος
1265 962 1578 1035 ἐλεφαντίνου
1616 963 1808 1037 ἠράσθη
1865 963 2018 1035 ἀγάλ·

413 1078 597 1129 ματος.
626 1058 684 1110 τὸ
713 1052 918 1129 ἄγαλμα
943 1051 1236 1129 Ἀφροδίτης
1260 1049 1340 1115 ἧν,
1362 1056 1451 1106 καὶ
1469 1058 1633 1126 γυρνή
1658 1050 1735 1111 ἦν’
1763 1058 1966 1109 νικᾶται
1991 1052 2028 1108 ὅ·

412 1151 635 1224 Κύπριος
659 1155 732 1220 τῷ
765 1150 1028 1219 σχήματι,
1067 1149 1151 1198 καὶ
1181 1148 1499 1219 συνέρχεται
1527 1153 1600 1218 τῷ
1628 1145 1898 1218 ἀγάλματι.
1933 1148 2019 1200 καὶ

412 1248 566 1298 τοῦτο
591 1242 952 1314 Φιλοστέφανος
980 1241 1190 1314 ἱστορεῖ.
1224 1237 1488 1312 Ἀφροδίτη
1519 1236 1572 1294 δέ
1599 1236 1716 1297 ἄλλη
1738 1241 1788 1293 ἐν
1817 1237 1975 1311 Κνίδῳ
1998 1282 2012 1305 ,

411 1336 543 1395 λίθος
564 1332 642 1400 ἦν,
672 1338 758 1389 καὶ
782 1335 906 1392 καλή
929 1332 1004 1392 ἧν.
1035 1334 1210 1408 ἕτερος
1236 1335 1432 1409 ἠράσθη
1461 1334 1675 1395 ταύτης.
1709 1337 1796 1386 καὶ
1834 1336 2016 1406 pri-rw-

412 1452 499 1485 ται
524 1438 596 1503 τῷ
619 1431 753 1503 λίθῳ.
787 1427 1099 1488 Ποσίδιππος
1144 1429 1342 1503 ἱστορεῖ
1395 1428 1420 1482 ὁ
1470 1431 1558 1500 μὲν
1584 1428 1834 1504 πρότερος
1865 1429 1914 1481 ἐν
1942 1437 2016 1501 τῷ

413 1527 532 1599 περί
570 1521 850 1598 Κύπρου,ὁ
881 1520 936 1576 δὲ
973 1522 1147 1597 ἔτερος
1173 1522 1220 1574 ἐν
1265 1528 1339 1593 τῷ
1379 1525 1498 1598 περὶ
1539 1519 1714 1575 Κνίδου
1743 1518 2016 1592 (Clemens

413 1616 722 1673 Alexandra.
750 1616 989 1668 Admouil
1035 1613 1104 1665 ad
1150 1622 1311 1683 gent.,
1365 1630 1482 1683 pag.
1517 1615 1633 1681 58).
1703 1611 2016 1684 Pygmalion

413 1709 502 1763 ille
525 1706 748 1778 Cyprius
774 1708 1045 1765 eburneam
1071 1705 1259 1758 amavit
1289 1715 1510 1758 statuam
1529 1723 1549 1771 ;
1571 1714 1678 1758 erat
1710 1721 1770 1757 ea
1799 1704 2013 1758 simula-

413 1819 556 1856 crum
600 1801 822 1864 Veneris,
851 1813 898 1855 et
922 1809 1028 1855 erat
1056 1799 1272 1854 nudum.
1307 1798 1542 1854 Movetur
1572 1800 1740 1870 ﬁgura
1768 1798 2009 1867 Cyprius,

413 1908 460 1951 et
490 1898 590 1951 coit
634 1913 751 1949 cum
798 1897 1039 1967 imagine,
1081 1905 1128 1948 et
1178 1894 1274 1946 hoc
1320 1905 1498 1947 narrat
1546 1891 2004 1962 Philostephanus.
2041 1885 2088 1945 B

422 1989 592 2046 Venus
620 2000 788 2044 autem
811 1990 914 2044 alia
938 1989 992 2042 in
1022 1987 1186 2043 Cnido
1215 1997 1324 2040 erat
1346 1987 1508 2053 lapis,
1551 1997 1596 2039 et
1618 1995 1726 2039 erat
1758 1985 2005 2053 pulchra,

415 2085 550 2138 alius
573 2100 682 2137 eam
710 2084 919 2148 amavit,
952 2092 998 2136 et
1026 2098 1142 2134 cum
1168 2081 1340 2151 lapide
1377 2079 1584 2134 Veneris
1625 2080 1770 2133 habet
1797 2095 2008 2134 consue-

417 2180 663 2241 tuainem,
694 2189 746 2231 ut
793 2179 949 2250 refert
983 2175 1339 2246 Posidippus;
1372 2177 1512 2245 prior
1538 2176 1741 2246 quidem
1762 2176 1815 2230 iu
1844 2174 2011 2246 Opere

415 2273 479 2326 de
499 2273 690 2343 Cypro,
714 2271 843 2324 alter
863 2287 979 2325 vero
1000 2273 1053 2324 in
1083 2270 1248 2339 Opere
1309 2269 1374 2323 de
1411 2267 1597 2323 Cnido.
1633 2269 1842 2325 Videsis
1889 2283 2009 2338 quae

414 2370 483 2424 de
509 2370 575 2423 iis
605 2369 656 2421 in
688 2367 862 2436 primo
888 2367 1190 2435 Apparatus
1219 2365 1387 2418 nostri
1426 2373 1571 2419 tomo
1610 2364 2005 2418 adnotavimus.

415 2467 563 2537 (tam.
593 2466 885 2538 tApparat.
909 2462 998 2517 lib.
1034 2477 1112 2528 ιιι,
1144 2460 1369 2522 ὀίεαι-ι..
1402 2476 1442 2525 ι,
1465 2477 1581 2532 cap.
1611 2462 1666 2528 8,
1696 2462 1855 2527 arm,
1886 2476 2005 2532 pag.

414 2559 519 2614 745
540 2558 580 2630 ).

485 2653 715 2710 Ubinam
746 2654 906 2726 igitur
931 2645 1193 2724 gen—tium,
1227 2654 1302 2708 ait
1325 2653 1614 2720 Arnobius,
1644 2663 1764 2708 erat
1784 2656 2010 2723 utraque

414 2748 511 2803 illa
537 2749 737 2815 Venus,
759 2763 878 2818 quae
907 2747 1165 2804 eﬂ‘renem
1192 2759 1246 2803 et
1274 2748 1588 2803 indomitam
1621 2747 1811 2802 horum
1854 2747 2016 2816 juve-‘

416 2859 544 2897 num
565 2843 913 2912 petulantiam
936 2843 1254 2910 propulsare
1270 2856 1332 2896 ac
1357 2855 1611 2895 coercere
1634 2855 1740 2893 non
1763 2839 2010 2893 curavit?

415 2934 683 3004 Numquid
715 2933 1338 3004 respondebuntethnici
1368 2932 1490 2986 huic
1510 2933 1629 2988 dem
1675 2931 2010 3000 voluptatum

413 3041 469 3086 et
517 3028 754 3084 libidinis
810 3028 1114 3097 magistrm,
1144 3027 1480 3097 gratissimas
1532 3024 1702 3078 fuisse
1747 3023 2012 3093 ejustnodi

415 3123 806 3179 contumelias?
834 3122 939 3177 Sed
987 3121 1102 3176 hare
1142 3119 1280 3186 deae,
1309 3121 1384 3174 uti
1414 3118 1716 3173 fatebantur
1742 3117 1968 3187 gentiles
1995 3159 2009 3179 ,

416 3215 872 3271 lihidinosissimac
920 3215 1242 3280 simulacra,
1271 3219 1328 3266 et
1369 3211 1774 3266 sceleratissimi
1799 3224 2009 3264 ueorum

415 3311 684 3364 amatores
712 3307 995 3362 ultricibus
1020 3306 1251 3360 ﬂammis
1273 3305 1408 3358 tradi
1431 3290 1614 3372 utique
1640 3303 1927 3357 debebant.

488 3403 752 3459 Caeterum
793 3402 1002 3457 tametsi
1047 3401 1164 3455 dere
1207 3399 1397 3453 molles
1436 3408 1490 3452 et
1520 3396 1871 3465 voluptuaria:
1898 3396 2013 3451 haec

416 3497 647 3552 libenter
673 3494 1067 3566 permisissent,
1115 3491 1370 3572 numquid
1393 3488 1581 3545 eadem
1613 3489 1842 3542 aliorum
1882 3487 2013 3542 deo-

416 3609 534 3648 rum
565 3590 662 3646 fuit
693 3590 945 3644 mollities
987 3597 1042 3642 et
1081 3586 1369 3642 socordia?
1397 3585 1450 3640 Si
1480 3599 1609 3661 ergo
1650 3582 1822 3652 major
1850 3581 1903 3635 in
1934 3582 2014 3638 eis

415 3687 516 3742 fuit
561 3684 725 3739 animi
762 3683 988 3753 aequitas
1027 3691 1082 3736 et
1112 3679 1399 3742 fortitudo,
1445 3678 1694 3741 ubinam,
1719 3679 1793 3730 ait
1842 3679 2014 3729 Arno-

416 3779 538 3834 bius
565 3777 689 3846 (lib.
721 3792 808 3840 vt,
850 3792 970 3845 pag.
999 3772 1167 3842 207),
1220 3780 1334 3826 erat
1383 3771 1591 3837 Jupiter
1635 3769 2010 3835 Fulntinator,

418 3885 540 3925 cum
571 3867 918 3939 Capitolium,
951 3875 1005 3920 et
1035 3865 1183 3918 ilium
1213 3865 1501 3932 ipsummet
1529 3860 1884 3930 Capitolinum
1922 3859 2015 3914 Jo-

416 3978 536 4018 vem
567 3977 688 4017 eum
712 3973 880 4013 uxore
906 3967 962 4013 ct
993 3957 1103 4011 ﬁlia
1131 3955 1268 4010 edax
1297 3955 1434 4025 ignis
1461 3947 1620 4009 toties
1659 3954 1916 4024 corripuit
1960 3961 2014 4007 et

417 4053 757 4124 absumpsit?
788 4052 885 4107 Ubi
912 4050 1052 4106 Juno
1081 4049 1298 4119 Argiva,
1330 4045 1547 4117 quando
1573 4046 1713 4100 illius
1756 4045 2011 4114 templum

418 4163 538 4202 cum
567 4145 849 4201 sacerdote
874 4142 1169 4216 Chryside;
1215 4141 1303 4196 tibi
1329 4139 1548 4211 Serapis
1577 4139 1856 4211 Egyptius
1889 4154 2012 4194 cum

419 4240 594 4306 Iside;
621 4240 708 4293 ubi
733 4238 892 4293 Liber
913 4236 1254 4292 Eleutherius
1276 4251 1399 4289 cum
1426 4234 1682 4298 Athenis;
1713 4233 1797 4285 ubi
1827 4232 2011 4298 Diana,

419 4349 541 4389 cum
577 4331 806 4400 Ephesi;
839 4330 928 4384 ubi
961 4331 1265 4383 Dodonmus
1311 4327 1552 4396 Jupiter,
1579 4341 1700 4379 cum
1745 4324 2008 4392 Dodome;

419 4426 512 4482 ubi
543 4426 778 4495 denique
824 4423 1018 4495 Apollo
1043 4424 1258 4478 divinus
1290 4437 1413 4477 cum
1455 4436 1642 4477 eorum
1694 4420 1922 4488 templa,
1962 4431 2017 4475 et

330 4556 341 4573 .
419 4519 706 4574 simulacra
736 4526 828 4571 aut
875 4517 1104 4586 spoliata
1144 4530 1174 4569 a
1221 4515 1584 4585 praedonibus,
1631 4522 1724 4568 aut
1767 4513 2018 4570 incendio

1663 363 2112 425 [tlSSEliTATIO
2151 365 2429 424 PREVIA

416 512 469 555 et
498 501 670 569 ipsum
715 498 994 554 miscuisse
1037 497 1282 554 lascivias
1323 509 1440 549 cum
1491 494 1733 564 ejusdem
1775 497 2007 552 numinis
2037 501 2089 558 Α

3599 366 3690 425 652

2711 507 3003 549 Ακτιευιυε
3041 508 3114 548 Vi.

2121 603 2406 669 Ostenditur
2428 617 2574 669 quam
2591 605 2776 655 inﬁrma
2797 607 2862 655 sit
2889 605 3196 656 ethnicorum
3219 605 3495 669 responsio,
3519 602 3688 653 simula-

2182 681 2264 716 cra
2287 665 2491 717 deorum
2515 668 2626 717 ideo
2642 669 2935 730 retinenda;
2957 678 3010 718 ut
3047 669 3330 730 imperitum
3353 665 3528 728 vulgus
3541 679 3688 730 eorum

2185 732 2360 780 timore
2401 731 2470 793 in,
2491 729 2648 779 oﬂicio
2672 739 2726 793 et
2761 729 3004 793 religione
3029 729 3472 784 continereturzac
3506 729 3614 793 quid
3634 743 3688 780 ex

2185 793 2424 842 hactenus
2445 792 2591 843 dictis
2613 792 2966 855 colligendum.

2193 899 2465 953 Postrema
2497 898 2834 954 ethnicorum
2866 899 2931 953 ad
2963 915 3024 955 ea
3044 939 3058 962 ,
3088 914 3210 968 quae
3240 899 3499 955 hactenus
3526 908 3689 954 contra

2120 992 2376 1049 simulaca
2414 993 2636 1048 deorum
2665 992 3052 1063 disputavimus
3080 991 3331 1065 (Amob.,
3357 992 3444 1046 lib.
3471 1009 3545 1057 ιι,
3586 1010 3686 1065 pag.

2121 1083 2243 1156 108)
2266 1130 2280 1152 ,
2313 1087 2594 1156 responsio
2625 1095 2760 1152 erat,
2786 1102 2847 1142 se
2888 1085 3063 1155 palam
3112 1085 3313 1141 docere
3359 1084 3487 1139 deos
3516 1088 3563 1139 in
3600 1085 3693 1139 illis

2120 1177 2389 1241 residere,
2424 1180 2675 1248 ipsosque
2723 1179 3035 1243 essedeos,
3083 1192 3187 1232 non
3219 1177 3438 1248 quidem
3464 1178 3593 1248 quod
3633 1177 3691 1232 ita

2119 1287 2232 1325 rem
2256 1287 2315 1326 se
2340 1272 2538 1326 habere
2562 1272 2862 1337 crederent,
2884 1271 2976 1326 sed
3006 1278 3062 1324 ut
3087 1269 3215 1326 falsa
3235 1271 3336 1326 hac
3353 1270 3690 1339 persuasione,

2119 1378 2181 1418 ac
2212 1366 2561 1435 praisentium
2591 1364 2816 1420 deorum
2845 1374 3054 1419 terrore
3084 1365 3331 1431 imperita
3365 1363 3502 1433 vulgi
3535 1364 3694 1416 multi-

2119 1457 2269 1524 tudo,
2293 1473 2412 1528 qua:
2453 1459 2690 1513 maxima
2722 1458 2962 1511 omnium
3006 1457 3278 1511 civitatum
3313 1471 3438 1527 pars
3465 1466 3606 1521 erat,
3648 1457 3693 1511 in

2117 1547 2296 1605 ofﬁcio
2323 1560 2375 1604 et
2398 1549 2655 1620 religiene
2677 1549 3070 1604 ccutincretur.
3095 1549 3159 1604 Et
3186 1558 3336 1604 certe
3365 1547 3550 1603 Cicero
3567 1563 3696 1603 eam-

2117 1642 2236 1697 dem
2265 1643 2334 1698 ob
2365 1644 2628 1697 rationem
2652 1643 2904 1699 censebat
2937 1645 2988 1696 in
3018 1642 3238 1696 urbibus
3269 1641 3465 1711 templa
3486 1683 3500 1703 ,
3540 1652 3589 1696 et
3623 1640 3694 1694 Iu-

2114 1753 2212 1794 cos
2232 1737 2285 1792 in
2329 1739 2474 1809 agris
2496 1781 2510 1803 ,
2544 1748 2732 1793 contra
2764 1739 3047 1793 Persarum
3087 1736 3412 1791 sententiam
3433 1777 3446 1800 ,
3476 1750 3590 1791 esse
3614 1732 3696 1790 de-

2117 1830 2244 1886 bere
2265 1829 2483 1904 (Cicer.,
2517 1832 2604 1885 lib.
2649 1848 2687 1886 tt
2735 1833 2797 1886 de
2827 1830 3027 1901 Legib.,
3063 1847 3183 1901 pag.
3211 1827 3365 1900 535).
3399 1829 3472 1883 Ea
3520 1829 3696 1899 quippe

2113 1923 2328 1993 opinio,
2358 1939 2459 1992 qua
2489 1933 2712 1977 cunctas
2753 1922 2948 1986 urbes,
3003 1932 3056 1976 et
3102 1922 3335 1990 templa,
3367 1928 3525 1989 atquc
3574 1919 3694 1973 adeo

2114 2016 2397 2071 simulacra
2426 2017 2497 2071 dii
2533 2015 2771 2070 incolere
2816 2013 3147 2086 creduntur,
3183 2013 3498 2083 religionem
3544 2009 3699 2066 aufert

2111 2107 2421 2163 civitatibus
2447 2108 2698 2163 omnibus
2721 2107 2906 2163 utilem
2933 2149 2947 2173 ,
2977 2122 3040 2162 ac
3063 2089 3309 2162 homines
3328 2105 3565 2176 singulos
3590 2101 3698 2158 red-

2112 2203 2189 2257 dit
2218 2203 2480 2259 castiores
2507 2213 2562 2260 et
2589 2203 2963 2275 religiosiores

2184 2299 2255 2353 At
2277 2316 2434 2369 quem
2457 2342 2472 2366 ,
2516 2298 2810 2368 respondet
2841 2298 3114 2354 Arnobius
3155 2297 3415 2370 (Arnob.,
3471 2298 3564 2350 loc.
3595 2293 3698 2363 cit.)

2115 2404 2376 2449 terrorem
2400 2393 2587 2458 malis,
2612 2392 2892 2463 improbis,
2921 2401 2977 2447 et
3013 2392 3316 2456 sceleratis,
3364 2390 3556 2461 quibus
3594 2388 3700 2460 ple-

2115 2505 2216 2542 nus
2241 2503 2456 2556 semper
2484 2486 2584 2540 fuit
2612 2485 2841 2540 mundus
2861 2526 2876 2549 ,
2908 2486 3152 2539 incutere
3185 2493 3415 2554 possunt
3462 2480 3700 2536 falsorum

2114 2581 2339 2635 deorum
2372 2577 2698 2632 simulacra?
2726 2577 2916 2632 Nonne
2945 2576 3027 2641 hi,
3057 2575 3216 2648 sicuti
3250 2574 3435 2629 ceteri
3490 2585 3666 2627 onmes
3687 2611 3701 2635 ,

2113 2673 2356 2743 apprime
2405 2679 2671 2726 noverant
2701 2671 2786 2725 illa
2842 2671 3060 2739 impune
3090 2684 3118 2721 a
3151 2667 3396 2738 tyrannis
3419 2709 3433 2731 ,
3480 2663 3700 2724 furibus.

2114 2764 2482 2837 przedonibus,
2516 2773 2570 2820 et
2605 2765 2745 2832 aliis,
2779 2771 2836 2816 ut
2863 2777 3026 2831 supra
3060 2760 3262 2815 dictum
3295 2770 3406 2822 est,
3443 2755 3702 2827 appetita,

2115 2859 2345 2928 spoliata
2366 2901 2379 2922 ,
2433 2857 2643 2924 direpta
2665 2900 2680 2922 ,
2737 2864 3097 2924 transportata
3120 2898 3135 2919 ,
3185 2851 3505 2916 deturbata,
3534 2864 3592 2904 ac
3620 2861 3705 2918 per

2114 2966 2383 3008 summum
2416 2950 2651 3006 dedecus
2675 2991 2688 3011 .
2717 2960 2772 3014 et,
2800 2947 3150 3019 ignominiam
3182 2955 3409 3001 tractata
3431 2987 3446 3009 ,
3479 2942 3704 2998 tandem-

2114 3019 2219 3116 que
2247 3058 2438 3100 eversa
2472 3052 2527 3097 et
2553 3042 2794 3098 funditus
2825 3042 3022 3096 diruta.

2189 3138 2391 3192 Deinde
2435 3153 2564 3191 vero
2602 3136 2726 3207 quid
2783 3151 2850 3190 ex
2893 3133 3197 3189 simulacris
3253 3132 3475 3187 cuilibet
3515 3128 3704 3185 homini

2118 3230 2465 3286 metuendum
2510 3240 2626 3285 erat
2654 3228 2853 3302 (Ibid.,
2905 3244 3027 3298 pag.
3077 3225 3252 3296 209)?
3294 3223 3562 3295 Numquid
3611 3222 3703 3277 falx

2118 3324 2336 3379 Saturni
2369 3323 2647 3383 messoria,
2678 3322 2752 3376 ait
2778 3324 2979 3376 Auctor
3018 3329 3225 3384 noster,
3281 3315 3541 3388 numquid
3568 3314 3705 3370 Jovis

2119 3415 2347 3470 riciniati
2371 3414 2596 3476 fulmen,
2625 3413 2853 3469 Junonis
2893 3423 3112 3477 caestus,
3147 3426 3242 3466 seu
3276 3409 3574 3479 cingulum,
3605 3405 3704 3461 Ma-

2119 3509 2217 3563 tris
2245 3507 2404 3563 dcum
2429 3518 2701 3579 tympana,
2735 3504 2966 3560 Palladis
2987 3504 3164 3576 galea,
3198 3502 3450 3557 Mercurii
3481 3511 3704 3572 petasus,

2107 3602 2341 3659 baculus
2386 3599 2715 3670 Esculapii,
2748 3596 2963 3653 Cereris
2999 3611 3248 3652 mamma:
3289 3595 3554 3665 grandes,
3581 3592 3707 3647 For-

2118 3710 2260 3753 tuntr.
2279 3740 2294 3764 ,
2328 3713 2422 3751 seu
2451 3695 2772 3765 Amaltheae,
2801 3703 2859 3748 ut
2883 3693 2958 3748 ait
2993 3691 3290 3748 Pausanias
3315 3705 3508 3753 cornu,
3536 3686 3635 3752 vel,
3658 3695 3708 3738 ut

2117 3791 2207 3861 alii
2237 3790 2440 3855 dicunt,
2472 3788 2818 3856 cornucopia,
2867 3800 2930 3839 ac
2974 3784 3190 3838 tandem
3222 3781 3434 3837 ridiculi
3482 3779 3704 3836 Anubis.

2116 3883 2569 3958 quemadmodum
2604 3881 2869 3936 Diodorus
2894 3879 3106 3935 Siculus
3125 3921 3138 3941 ,
3163 3876 3466 3931 Macrobius
3485 3919 3499 3940 ,
3529 3873 3704 3927 ania-

2117 3998 2219 4037 nus
2239 3991 2294 4036 et
2333 3980 2420 4034 alii
2445 3980 2741 4042 declarant,
2789 3977 2977 4030 canina
3004 3976 3168 4031 facies
3197 3976 3214 4045 (
3238 3973 3494 4037 Pansam,
3518 3971 3604 4025 lib.
3626 3985 3673 4023 tv
3693 4010 3706 4030 ,

2116 4093 2237 4146 pag.
2269 4073 2375 4139 14;
2409 4082 2454 4125 et
2475 4071 2563 4126 lib.
2613 4087 2707 4134 vn,
2753 4086 2873 4141 pag.
2923 4069 3069 4132 23$;
3103 4066 3319 4121 Diodor.
3346 4065 3538 4127 Sicut,
3578 4063 3661 4117 lib.
3695 4079 3707 4115 ι

2118 4167 2388 4229 Bibliotlt.,
2433 4183 2554 4238 pag.
2588 4165 2687 4233 55;
2719 4162 2975 4229 Macrob.,
3005 4163 3093 4216 lib.
3124 4178 3141 4216 1
3175 4159 3547 4230 Metamorplt.,
3595 4175 3705 4230 pag.

2117 4261 2215 4317 201
2243 4278 2258 4326 ;
2292 4261 2535 4326 Lucium,
2563 4260 2625 4313 de
2653 4257 2917 4326 Sacriﬁc.,
2949 4273 3069 4328 pag.
3106 4253 3287 4323 186),?
3313 4252 3523 4309 Nemini
3573 4263 3710 4307 certe

2119 4353 2359 4424 homini,
2403 4355 2447 4409 si
2495 4367 2626 4408 sane
2679 4350 2877 4406 mentis
2907 4363 3144 4420 unquam
3176 4347 3298 4412 fuit,
3333 4345 3645 4417 persuaderi
3685 4359 3710 4396 a

2119 4464 2388 4520 quoquam
2435 4447 2606 4517 potuit
2650 4445 2700 4498 iu
2748 4442 2867 4508 bis,
2919 4457 3036 4512 qua:
3068 4441 3227 4510 paulo
3258 4449 3384 4494 ante
3410 4454 3438 4492 a
3471 4438 3625 4492 nobis
3661 4436 3709 4489 in

2121 4543 2224 4596 hoc
2252 4541 2450 4609 capite,
2479 4549 2533 4593 et
2559 4535 2942 4592 dissertatione
2972 4531 3242 4602 superiori
3270 4531 3554 4600 explanata
3595 4539 3713 4582 sunt

421 4621 736 4683 consumpta
768 4612 930 4666 sunt?
958 4621 1012 4665 at
1068 4609 1184 4664 haec
1231 4609 1407 4664 adhuc
1450 4623 1516 4662 ex
1551 4607 1662 4677 jam
1708 4609 1872 4662 citato
1896 4608 2011 4662 Cle-

2126 4607 2378 4706 (οὐκετι.
2402 4634 2456 4686 in
2497 4631 2715 4699 Minue,
2741 4646 2858 4701 cap.
2895 4627 2979 4696 15,
3023 4635 3123 4681 art.
3170 4624 3250 4696 2),
3301 4622 3501 4694 aliquid
3554 4620 3713 4675 fuisse

422 4710 621 4762 mentis
647 4705 994 4762 Alexandrini
1025 4704 1164 4759 libro
1184 4703 1413 4759 delibata
1438 4703 1631 4766 fuisse,
1651 4703 1806 4759 exiis
1836 4704 2016 4774 colligi

421 4809 620 4872 potest,
644 4816 765 4871 qua:
789 4800 840 4852 in
864 4798 1144 4868 superiore
1164 4796 1339 4852 adhuc
1357 4799 1658 4868 Apparatus
1681 4797 1852 4852 nostri
1871 4809 2018 4851 tomo

421 4881 654 4950 diximus
677 4893 822 4965 (tam.
852 4892 1173 4962 t.Apparat.,
1196 4888 1343 4953 ibid.,
1376 4906 1490 4960 pag.
1514 4888 1619 4943 729
1648 4897 1692 4943 et
1712 4895 1897 4960 seqq.).
1923 4888 2017 4942 Ni-

424 4988 498 5042 ltil
527 4989 704 5058 itaque
728 4987 810 5041 his
840 4984 1175 5054 adjiciemus,
1204 4984 1306 5039 nisi
1340 4986 1532 5054 triplex
1577 4984 1762 5050 fuisse,
1783 4983 2017 5054 Capitoli

423 5081 728 5136 incendium
765 5100 777 5135 :
807 5095 968 5134 unum
1005 5079 1147 5134 bello
1194 5080 1337 5134 civili
1367 5078 1614 5151 Scipione
1662 5088 1716 5134 et
1764 5079 2017 5135 Norbano

422 5174 578 5230 Coss.
602 5175 828 5228 alterum
860 5172 1141 5227 Vitelliano
1167 5171 1329 5233 bello.
1364 5171 1458 5226 sed
1483 5171 1800 5240 Capitolium
1825 5188 1854 5224 a
1885 5171 2018 5227 Ves-

424 5271 648 5339 pasiano
690 5280 873 5336 postea
922 5267 1297 5320 instauratum.
1329 5265 1564 5320 Tertium
1603 5275 1728 5320 ante
1754 5264 1858 5319 Titi
1885 5263 2018 5319 Ves-

423 5363 630 5434 pasiani
663 5361 805 5414 illius
834 5359 925 5414 lilii
950 5368 1198 5424 mortem,
1236 5375 1299 5413 ac
1323 5375 1508 5414 rursus
1534 5373 1561 5412 a
1591 5359 1896 5414 Domitiano
1925 5373 2015 5414 re-

424 5455 742 5509 aedificatum
772 5461 876 5508 est.
916 5452 1132 5520 Legesis
1170 5453 1505 5518 Marlianum,
1542 5452 1900 5508 Pancirolum
1962 5460 2020 5509 et

429 5549 688 5603 Donatum
737 5545 804 5600 de
833 5545 964 5600 urbe
994 5545 1193 5613 Roma,
1242 5559 1401 5617 atque
1447 5548 1640 5601 citatos
1670 5548 1738 5601 ab
1779 5547 1858 5604 eis
1887 5564 2019 5604 auc-

425 5657 572 5700 tores
621 5641 746 5716 (tom
775 5659 832 5698 ιιι
875 5643 1127 5714 Antiquit.
1149 5659 1375 5713 romam,
1397 5661 1518 5718 pag.
1538 5642 1628 5711 77,
1659 5644 1762 5699 544
1794 5653 1839 5698 et
1864 5643 2015 5715 577).

2127 4724 2446 4781 formidandi
2468 4739 2529 4778 ac
2550 4722 2837 4788 tremendi,
2867 4730 2959 4774 aut
2987 4734 3094 4791 quo
3115 4715 3313 4788 aliquis
3345 4731 3376 4770 a
3407 4729 3574 4786 pravo
3597 4723 3711 4769 actu

2123 4820 2414 4893 aliquando
2442 4818 2828 4873 deterreretur.

2197 4913 2430 4968 Tantum
2454 4925 2584 4965 vero
2613 4910 2784 4975 abest,
2802 4918 2858 4962 ut
2884 4907 2994 4974 illa,
3013 4907 3224 4975 aliaque
3247 4903 3471 4959 deorum
3497 4901 3713 4957 simula-

2123 5025 2214 5065 cra
2243 5009 2412 5064 malos
2461 5006 2708 5061 homines
2735 5021 2766 5059 a
2793 5005 3001 5061 scelere
3047 5004 3231 5074 aliquo
3279 5000 3608 5068 averterint;
3659 5010 3713 5054 ut

2124 5119 2226 5160 nec
2253 5105 2426 5175 legum
2455 5101 2740 5167 severitas,
2771 5115 2872 5155 nec
2917 5099 3082 5154 ullum
3125 5095 3372 5170 supplicii
3400 5110 3573 5165 genus
3597 5094 3712 5151 illo-

2123 5217 2240 5258 rum
2290 5201 2550 5256 hactenus
2592 5194 2976 5267 compresserit
3023 5192 3322 5248 audaciam.
3365 5189 3506 5258 Quin
3558 5190 3713 5244 immo

2123 5293 2250 5350 inde
2279 5295 2479 5364 saepius
2514 5290 2726 5362 pejores
2753 5287 2877 5343 facti
2906 5295 3033 5342 sunt
3053 5295 3106 5340 et
3135 5285 3454 5340 deteriores.
3497 5281 3710 5338 Falsum

2123 5398 2208 5446 est
2234 5388 2391 5459 Igitur
2418 5385 2857 5446 simulacrorum,
2880 5381 2993 5436 sive
3019 5379 3243 5435 deorum
3275 5380 3329 5434 in
3360 5378 3439 5434 eis
3470 5376 3711 5434 habitan-

2123 5483 2253 5535 tium
2288 5488 2434 5534 metu
2463 5479 2728 5532 sinceram
2760 5473 3078 5545 religionem
3107 5472 3332 5527 stabiliri
3378 5479 3472 5524 aut
3490 5485 3712 5528 conser-

2125 5573 2258 5626 vari.
2293 5571 2478 5642 Neque
2505 5569 2556 5624 id
2589 5568 2831 5636 ipsismet
2859 5563 3122 5632 ethnicis,
3147 5575 3239 5619 aut
3272 5564 3337 5619 iis
3365 5563 3565 5618 saltem
3587 5605 3601 5631 ,
3627 5566 3711 5636 qui

2123 5662 2263 5735 apud
2293 5663 2416 5718 illos
2447 5660 2707 5732 sapientia
2733 5669 2788 5715 et
2815 5659 3058 5714 dactrina
3087 5656 3440 5728 pra'stabant,
3474 5656 3713 5731 incogni-

2122 5767 2235 5813 tum
2263 5771 2385 5812 esse
2415 5755 2609 5826 potuit.
2633 5751 2763 5807 Nam
2789 5752 2980 5807 Cicero
3023 5749 3235 5805 Cottam
3282 5747 3475 5803 alicubi
3521 5750 3600 5807 sic
3640 5752 3712 5807 lo-

2123 5860 2378 5924 quentem
2407 5849 2532 5906 fecit
2557 5867 2571 5904 :
2605 5866 2625 5900 ι
2654 5847 2829 5916 Quid?
2853 5847 2899 5902 si
2925 5847 3013 5917 qui
3045 5844 3298 5900 dixerunt
3326 5851 3492 5898 totam
3518 5845 3586 5902 de
3613 5847 3710 5903 diis

2125 5943 2521 6000 immortalibus
2565 5940 2877 6012 opinionem
2925 5941 3102 5996 fictam
3135 5951 3257 5994 esse
3291 5936 3359 5992 ab
3409 5936 3710 5996 horninibus
