3872 6342
167 389 261 447 633
1380 385 1446 442 IN
1477 381 1860 452 ARNOBIUM,
1892 382 2046 439 CAP.
2091 381 2285 441 XXIII.

3374 385 3481 444 654

169 505 495 577 sapientibus
541 504 852 575 reipublicae
881 518 1064 571 causa,
1096 511 1154 558 ut
1176 517 1313 575 quos
1338 503 1477 559 ratio
1503 515 1619 557 non
1637 515 1765 572 pos—
1795 504 1845 564 Α
1870 513 1962 556 ces
1988 515 2055 556 ex
2087 498 2374 564 Macrobio,
2409 501 2501 571 qui
2525 511 2648 572 post
2682 502 2880 558 citatos
2907 517 2938 558 a
2965 517 3025 561 se
3065 503 3375 560 Trebatium
3423 513 3480 560 et

168 606 271 662 set,
301 612 404 652 eos
435 597 505 654 ad
553 597 792 654 officium
825 599 1011 669 religio
1054 597 1277 653 duceret
1297 641 1312 662 ,
1344 611 1522 651 nonne
1551 609 1767 650 onmem

168 691 486 762 religionem
518 691 758 748 funditus
789 691 1152 747 sustulerunt?
1188 711 1205 742 ι
1241 688 1466 763 (Ciam,
1513 688 1601 744 lib.
1627 703 1662 743 tt
1705 688 1769 742 de

173 781 350 839 Natur.
378 786 554 849 deam,
582 802 700 856 pag.
726 783 890 854 212.)

234 883 298 931 At
349 894 424 932 ex
457 877 544 932 bis
570 877 841 940 omnibus,
891 894 1010 948 quae
1062 879 1114 932 in
1163 878 1265 934 hoc
1304 885 1358 933 et
1398 875 1771 945 superioribus

175 972 414 1026 articulis
462 963 727 1041 disputata
757 982 918 1034 sunt,
949 971 1104 1027 facile
1130 971 1354 1042 quilibet
1381 971 1636 1041 colligere
1677 984 1772 1040 po-

176 1063 292 1116 terit
341 1063 416 1118 ab
471 1063 710 1117 Arnobio
764 1063 1106 1119 validissimis
1162 1063 1426 1117 rationum
1482 1061 1773 1156 momeptis

175 1158 518 1225 comprobari
551 1156 772 1211 deorum
823 1158 1080 1225 imagines
1109 1165 1161 1210 et
1205 1157 1491 1211 simulacra
1551 1165 1772 1226 prorsus

174 1248 480 1304 damnanda
524 1267 644 1307 esse
672 1260 727 1307 et
751 1251 1066 1321 rejieienda.
1112 1249 1354 1306 Gentiles
1405 1249 1670 1319 siquidem
1720 1249 1771 1303 in

176 1344 415 1398 animum
452 1357 603 1398 suum
635 1346 832 1399 frustra
861 1344 1185 1399 induxerant
1213 1359 1273 1399 ea
1298 1385 1313 1408 ,
1346 1344 1459 1399 sive
1480 1352 1604 1398 ante
1623 1385 1638 1407 ,
1663 1341 1777 1397 sive

177 1447 288 1506 post
337 1451 533 1490 eorum
571 1437 962 1492 dedicationem
993 1452 1057 1491 ac
1097 1425 1597 1502 consecrationem,
1642 1435 1775 1491 deos

177 1527 308 1592 ﬁeri,
328 1537 500 1599 atque
525 1529 589 1583 ab
613 1531 716 1586 illis
746 1530 980 1586 conferri
1011 1531 1109 1586 sibi
1142 1545 1300 1600 posse
1328 1546 1507 1600 opem,
1535 1531 1773 1594 favorem

177 1631 228 1674 et
257 1621 550 1676 beneficia.
604 1621 744 1678 Nihil
785 1626 1062 1679 enimvero
1088 1625 1141 1678 in
1172 1625 1250 1678 eis
1273 1634 1420 1688 erat,
1454 1623 1558 1678 nisi
1587 1638 1617 1678 a
1649 1637 1774 1677 vera

175 1711 461 1770 divinitate
491 1731 709 1785 prorsus
736 1717 1054 1785 abhorrens,
1084 1733 1147 1773 ac
1168 1733 1318 1773 suam
1348 1719 1664 1788 plerumque
1704 1717 1775 1772 ob

176 1807 564 1876 turpitudinem
606 1825 734 1865 vero
758 1821 811 1867 et
843 1814 1047 1882 optimo
1092 1811 1203 1867 Deo
1232 1813 1444 1880 penitus
1474 1813 1772 1883 indignum.

1877 594 2161 666 Virgilium
2188 595 2445 650 observat
2475 595 2580 651 hoc
2619 597 2919 653 hostiarum
2951 614 3141 669 genus,
3171 601 3326 671 cujus
3365 598 3481 655 sola

1871 685 2050 742 anima
2091 700 2360 755 sacratur,
2401 690 2470 746 ab
2513 690 2888 761 haruSpicibus
2915 693 3207 749 animalem
3247 693 3480 748 hostiam

1872 783 2050 836 vocari
2083 782 2368 854 (Macrob.,
2403 784 2491 838 lib.
2522 802 2579 840 ιιι
2613 784 2909 853 Saturual.,
2957 804 3073 858 cap.
3109 787 3162 854 5,
3212 804 3333 860 pag.
3375 787 3483 842 322

1871 886 1918 929 et
1941 875 2132 948 δέρᾳ).
2173 878 2369 935 Strabo
2400 889 2580 934 autem
2602 923 2617 944 ,
2647 880 2738 934 ubi
2787 880 2856 935 de
2889 880 3176 937 Persarum
3205 881 3483 938 sacrificiis

1872 969 2129 1039 disputat,
2182 972 2299 1028 haec
2343 973 2619 1029 memoria:
2663 973 2906 1045 prodidit
2948 992 2962 1027 :
3017 994 3037 1028 ι
3089 975 3285 1030 Dicunt
3311 975 3483 1032 Deum

1874 1062 2008 1116 nihil
2036 1063 2175 1118 velle
2203 1075 2400 1134 praeter
2440 1067 2632 1121 hostia:
2688 1070 2944 1122 animam.
2983 1085 3004 1120 ι
3040 1067 3268 1137 (Strab.,
3297 1067 3385 1122 lib.
3414 1083 3485 1124 xv

1875 1154 2086 1228 Geogr..
2149 1174 2267 1228 pag.
2327 1157 2481 1230 752.)
2512 1161 2670 1229 Atqui
2717 1160 2922 1216 ethnici
2973 1159 3169 1216 frustra
3229 1160 3489 1228 putabant

1875 1248 2009 1303 deos
2028 1250 2286 1316 animata,
2313 1250 2426 1304 sive
2459 1250 2769 1320 hujusmodi
2792 1252 3006 1307 victima
3037 1253 3234 1308 nutriri
3263 1273 3276 1308 :
3309 1272 3330 1305 ι
3367 1252 3482 1308 Nisi

1876 1339 2035 1403 forte,
2076 1360 2094 1393 ι
2125 1344 2199 1396 uti
2231 1343 2500 1398 Arnobius
2521 1342 2698 1400 facere
2719 1346 2920 1416 arguit,
2953 1364 2972 1397 ι
3014 1348 3311 1402 hostiarum
3339 1346 3474 1403 deus

1879 1434 2090 1489 animas
2117 1435 2362 1500 devorat,
2390 1447 2483 1490 aut
2508 1438 2616 1492 aris
2644 1438 2962 1494 ardentibus
2984 1439 3232 1496 nidorem
3254 1454 3484 1496 consec-

1879 1535 2043 1592 tatur,
2075 1539 2130 1584 et
2176 1527 2354 1584 fumos
2377 1571 2391 1596 ,
2425 1531 2772 1601 pasciturqne
2818 1531 2887 1586 de
2923 1532 3149 1598 cnissis,
3180 1520 3316 1604 quas
3358 1548 3488 1588 evo-

1880 1623 2304 1679 muntardentia
2329 1625 2554 1689 viscera,
2596 1625 2775 1681 adhuc
2816 1626 2950 1682 suda
2988 1627 3056 1681 de
3100 1629 3401 1699 sanguine,
3432 1637 3488 1683 et

1881 1719 2154 1788 prioribus
2186 1721 2433 1775 humecta
2460 1720 2530 1775 de
2559 1721 2737 1776 succis
2766 1740 2784 1772 ι
2840 1720 3080 1787 (Ἀθ-τιού..
3113 1722 3206 1779 lib.
3236 1739 3328 1789 vtt,
3363 1739 3482 1793 pag.

1880 1810 2031 1880 212).
2067 1811 2258 1867 (inissa
2289 1824 2489 1879 autem,
2520 1829 2697 1885 graece
2720 1817 2928 1880 κνίσσα,
2961 1816 3044 1871 vel
3087 1819 3258 1883 κνίσα,
3301 1827 3382 1871 est
3408 1816 3492 1871 ni-

178 1898 303 1966 Quae
333 1900 559 1971 quidem
587 1903 763 1958 adhuc
792 1904 986 1959 mirum
1015 1906 1065 1959 in
1099 1905 1318 1960 modum
1349 1921 1415 1961 ex
1462 1906 1527 1960 iis
1581 1907 1773 1961 conﬂr-
1809 1894 1856 1954 B
1882 1903 2002 1967 dor,
2029 1918 2124 1958 seu
2154 1905 2466 1960 animalium
2495 1907 2706 1972 arvina,
2751 1920 2805 1962 et
2832 1908 3127 1978 pinguedo,
3160 1910 3274 1964 sive
3309 1908 3489 1964 fumus

179 2003 416 2058 mantur,
452 2009 574 2063 quae
598 1994 708 2065 jam
731 1985 857 2052 alibi
888 1997 1027 2052 haud
1049 1999 1217 2054 semel
1259 1998 1774 2066 animadvertimus,

180 2083 265 2140 tibi
295 2088 466 2140 etiam
497 2089 778 2144 manifeste
801 2133 815 2154 ,
864 2093 935 2145 uti
970 2095 1271 2162 opinamur,
1301 2093 1492 2159 cuivis,
1522 2094 1777 2164 pra-judi-

177 2177 308 2233 catis
353 2181 705 2248 Opinionibus
737 2199 841 2237 non
875 2185 1086 2258 penitus
1106 2198 1407 2253 excaecata,
1441 2188 1780 2243 ostendimus

177 2270 306 2325 nihil
359 2272 492 2327 inde
532 2282 717 2329 contra
749 2276 1008 2347 imagines
1039 2279 1122 2347 pie
1143 2295 1171 2332 a
1193 2280 1502 2335 christianis
1542 2281 1646 2335 coli
1683 2296 1776 2336 so-

177 2363 294 2419 litas
323 2382 488 2436 posse
505 2367 794 2440 quidquam
818 2372 1004 2427 conlici
1027 2371 1291 2442 (Dissert.,
1322 2375 1374 2427 in
1405 2373 1626 2439 Μίνωα,
1659 2391 1777 2444 cap.

178 2456 264 2523 I9,
287 2467 391 2514 art.
413 2457 468 2526 2;
507 2470 630 2514 tam.
657 2461 963 2534 tApparat.,
995 2464 1083 2518 lib.
1103 2481 1156 2527 v,
1178 2466 1381 2520 dissert.
1400 2467 1451 2530 I,
1472 2484 1588 2537 cap.
1605 2466 1659 2532 9,
1675 2477 1777 2521 art.

176 2551 227 2616 5,
259 2569 381 2625 pag.
409 2556 518 2610 745
533 2567 578 2610 et
597 2561 784 2627 seqq.).
817 2556 923 2613 Sed
953 2558 1021 2613 de
1053 2558 1136 2612 bis
1165 2559 1341 2614 adhuc
1373 2561 1425 2616 in
1440 2562 1777 2634 subsequen-

177 2644 316 2701 tibus
342 2648 820 2706 dissertationibus
849 2652 1045 2707 nostris
1078 2653 1366 2723 agendum.

750 2790 977 2848 CAPUT
1005 2792 1198 2850 XXIII.

633 2929 714 2985 De
750 2930 1016 3001 gentilium
1042 2932 1328 2999 sacriﬁciis.

711 3083 1007 3124 ARTICULUS
1029 3084 1239 3125 PRIIIUS.

174 3203 359 3273 Quibus
376 3208 691 3273 argumentis
715 3206 965 3257 Arnobius
981 3208 1107 3257 nulla
1134 3211 1372 3260 sacrificia
1397 3210 1494 3261 diis
1517 3211 1783 3273 gentilium

231 3269 458 3321 facienda
485 3285 601 3321 esse
635 3271 962 3331 demonstret,
1012 3280 1163 3333 atque
1201 3287 1263 3335 ον
1329 3274 1447 3323 .itas
1488 3269 1780 3335 earumdem

231 3333 493 3387 Rentilium
539 3335 761 3384 rationes
804 3340 1017 3387 evertat.
1066 3335 1248 3386 ubiede
1267 3287 1434 3387 mna
1471 3337 1686 3387 animali.
1713 3339 1779 3387 de

231 3333 505 3400 gentilium
539 3335 761 3384 rationes
804 3340 1017 3394 evertat,
1066 3333 1434 3397 ubiedehostia
1471 3333 1686 3400 animali,
1713 3339 1779 3389 de

233 3398 398 3447 cnissa
414 3406 468 3447 et
492 3397 667 3447 hostiae
691 3400 868 3446 anima.

247 3502 306 3558 Si
359 3502 470 3558 ﬁcti
513 3504 980 3576 commentitiique
1026 3505 1133 3560 sint
1162 3505 1341 3577 dii,.si
1371 3507 1514 3561 nulla
1546 3509 1776 3579 proinde

177 3596 242 3649 iis
273 3596 495 3665 templa,
522 3596 773 3660 delubra,
798 3594 918 3652 fana
946 3599 1330 3660 construenda,
1350 3599 1393 3652 si
1425 3599 1641 3678 illorum
1674 3601 1784 3655 sint

171 3687 326 3744 falsae
346 3690 633 3759 imagines,
661 3691 846 3746 lictitia
866 3693 1017 3760 signa
1038 3700 1094 3746 et
1118 3691 1428 3761 simulacra,
1451 3667 1630 3747 tiamne
1656 3692 1781 3747 inde

171 3783 420 3850 sequitur
450 3781 592 3836 nulla
623 3798 844 3852 prorsus
870 3783 1133 3838 sacrificia
1166 3784 1364 3839 debere
1396 3800 1648 3852 umquam
1677 3784 1782 3838 illis

172 3874 334 3929 ﬁeri?
367 3875 528 3946 Atqui
561 3877 750 3945 prima:
794 3877 1209 3948 propositiones,
1245 3879 1318 3932 ιιιὶ
1369 3877 1616 3946 superius
1646 3877 1783 3933 vidi-

172 3985 319 4034 mus,
365 3972 435 4026 ab
489 3972 734 4028 Arnobio
787 3973 1139 4028 invictissime
1192 3975 1510 4044 probantur.
1558 3973 1702 4045 Ergo
1726 3981 1784 4030 et

173 4064 363 4120 ultima
391 4064 554 4120 simul
580 4082 703 4119 cum
739 4067 848 4121 illis
878 4077 986 4119 tam
1035 4075 1222 4135 aperte
1264 4065 1633 4120 demonstrata
1663 4077 1778 4132 ρει,

174 4168 234 4210 ut
283 4173 352 4212 ne
381 4157 602 4212 minima
634 4159 853 4228 quidem
902 4157 1131 4228 amplius
1176 4158 1494 4227 probatione
1539 4157 1782 4230 indigere

173 4251 443 4306 videatur.
473 4251 676 4308 Verum
708 4252 979 4322 prioribus
1019 4251 1123 4306 illis
1166 4252 1442 4306 erroribus
1466 4251 1778 4321 singillatim

174 4344 492 4406 confutatis.
545 4354 600 4399 et
650 4344 793 4399 hunc
847 4359 1060 4416 quoque
1100 4344 1452 4414 posteriorem
1508 4345 1780 4400 Arnobius

174 4439 479 4508 speciatim,
509 4453 572 4493 ac
602 4437 958 4506 peculiaribus
978 4436 1276 4492 rationibus
1303 4453 1329 4489 a
1362 4452 1421 4491 se
1458 4437 1781 4508 impugnan-

175 4532 308 4587 dttm
330 4533 738 4603 essejudieavit.

250 4626 595 4682 Manifestum
635 4629 811 4696 itaque
838 4627 1014 4696 primo
1057 4625 1186 4680 facit
1223 4625 1422 4680 nullam
1452 4627 1664 4694 penitus
1693 4642 1781 4681 sa-

177 4721 370 4775 crificii
403 4720 564 4775 ullius
593 4721 698 4775 diis
723 4721 1003 4790 gentilium
1047 4719 1276 4774 faciendi
1315 4733 1532 4774 causam
1562 4735 1722 4791 posse
1750 4736 1779 4776 a

177 4828 451 4884 quoquam
471 4813 742 4883 adsignari
767 4814 1006 4882 (Aruob.,
1031 4812 1119 4866 lib.
1142 4829 1235 4875 vu.
1255 4830 1372 4884 pag.
1404 4813 1511 4868 212
1527 4823 1572 4867 et
1591 4811 1778 4886 seqq.).

179 4907 328 4964 Nihil
353 4912 497 4966 enim
521 4909 812 4975 commodi,
834 4918 935 4972 aut
959 4909 1111 4975 lucri,
1147 4919 1240 4962 aut
1267 4907 1475 4963 fructus
1493 4923 1560 4964 ex
1593 4911 1658 4963 iis
1683 4909 1778 4973 dii,

179 5003 225 5056 si
275 5004 365 5072 qui
408 5003 554 5070 sint,
600 5003 877 5072 percipere
919 5017 1152 5072 unquam
1196 5011 1510 5071 potuerunt.
1557 5000 1778 5056 Falsum

180 5095 447 5164 siquidem
477 5104 563 5150 est
590 5109 686 5150 eos
710 5095 987 5149 sacriﬁciis
1016 5094 1107 5159 ali,
1137 5106 1192 5149 et
1227 5095 1439 5150 mttriri.
1473 5093 1605 5149 Nam
1634 5095 1781 5164 quis-

180 5187 312 5258 quis
333 5188 433 5242 cibi
476 5198 529 5244 et
558 5187 804 5243 alimenti
843 5187 1044 5257 aliquid
1081 5187 1298 5256 accipit,
1348 5189 1393 5242 is
1425 5188 1668 5262 mortalis
1709 5187 1783 5242 sit

181 5294 418 5352 oportet.
455 5284 533 5338 Dii
559 5299 688 5338 vero
713 5282 1048 5338 immortales
1069 5297 1190 5338 esse
1218 5282 1438 5338 debent:

262 5375 465 5432 Deinde
496 5376 640 5444 quod
680 5377 904 5432 deorum
938 5377 1201 5431 altaribus
1245 5377 1568 5432 admovetur
1605 5376 1782 5430 inani-

187 5481 389 5525 matum
420 5473 550 5528 illud
574 5483 679 5538 est,
699 5481 791 5525 aut
825 5473 1120 5526 animatum
1152 5471 1363 5544 (Ibid).
1392 5474 1462 5525 At
1485 5471 1558 5526 dii
1590 5480 1784 5525 neutro

184 5564 260 5617 ali
294 5576 529 5632 possunt.
571 5565 687 5620 Non
733 5565 1033 5619 inanimato
1065 5564 1315 5634 quidem,
1361 5563 1462 5616 nisi
1511 5563 1781 5632 corporei,

186 5657 348 5711 sicuti
373 5659 613 5714 homines
643 5659 914 5719 dicantur.
949 5673 1012 5712 ac
1051 5658 1280 5728 proinde
1310 5657 1381 5711 dii
1418 5670 1522 5709 non
1548 5657 1674 5710 sint.
1703 5655 1784 5709 Ad
1820 5683 1828 5690 -

187 5749 317 5805 hac
344 5767 462 5808 vero
495 5753 674 5808 nullus
700 5750 1022 5807 difﬁtehitur
1052 5751 1117 5805 iis
1137 5753 1429 5818 animatum
1459 5751 1634 5820 potius
1656 5762 1786 5802 con-

190 5848 376 5903 venire
410 5865 566 5919 quam
599 5850 976 5905 inanimatum.
1020 5846 1327 5900 Animatum
1376 5843 1553 5907 enim,
1603 5850 1665 5896 ut
1711 5842 1788 5896 ait

189 5941 478 6011 Arnobius,
499 5952 582 5998 est
601 5941 844 5998 animalis
872 5939 1061 5995 hostia.
1095 5937 1225 6006 Qum
1248 5947 1431 5996 autem
1458 5951 1523 5992 ea
1552 5935 1643 6003 sit,
1672 5933 1783 5989 dis-

1883 2014 2043 2069 quem
2070 2014 2196 2055 cum
2220 2000 2395 2056 hostia
2423 2002 2791 2070 comburitur,
2837 2005 2975 2074 ignis
3003 2004 3238 2060 exhalat.
3287 2002 3492 2061 Ultimo

1883 2104 2066 2147 autem
2099 2094 2202 2148 hoc
2228 2109 2389 2149 sensu
2421 2096 2489 2150 ab
2515 2107 2740 2152 auctore
2765 2107 2954 2153 nostro
2982 2099 3266 2169 accipitur.

1955 2188 2025 2242 At
2053 2186 2285 2257 gentiles
2305 2203 2496 2242 revera
2518 2188 2817 2244 credidisse
2848 2189 2982 2245 deos
3005 2205 3136 2245 suos
3169 2191 3252 2246 his
3293 2189 3492 2247 cnissis

1884 2284 2033 2353 pasci
2065 2294 2120 2338 et
2144 2283 2395 2348 saturari,
2442 2298 2508 2337 ex
2543 2285 2627 2337 his
2665 2283 2894 2356 colliges
2931 2284 3230 2340 Clementis
3256 2285 3494 2341 Alexan-

1882 2375 2023 2430 drini
2051 2375 2229 2430 verbis
2263 2394 2276 2428 :
2307 2379 2438 2444 ,Ζεὺς-
2463 2375 2516 2431 δὲ
2569 2377 2787 2456 ὕστερον
2846 2379 3123 2453 ἐπιφανεὶς,
3172 2381 3216 2433 si
3257 2377 3365 2440 θεὸς
3408 2376 3490 2447 ἧν,

1883 2474 2035 2544 τάχα
2054 2493 2156 2526 που
2187 2479 2279 2532 τῆς
2301 2474 2514 2532 micon;
2536 2480 2637 2528 τῶν
2661 2473 2970 2545 ὀπτωμένων
2985 2480 3144 2548 κρεῶν
3165 2473 3487 2545 μδταλοιϐὠν,

1885 2563 1943 2626 ἧς
1973 2564 2026 2620 δὲ
2051 2567 2110 2622 τὸ
2147 2567 2302 2641 γέρας
2346 2566 2528 2637 λαχεῖν
2579 2565 2912 2640 ὁμολογοῦσιν
2957 2568 3100 2640 ὑμῶν
3139 2569 3184 2621 οἱ
3222 2569 3325 2622 θεοὶ
3354 2564 3495 2639 (Cle-

1885 2677 2027 2714 mens
2057 2659 2366 2724 Alexandr.,
2403 2661 2666 2714 Admonit.
2692 2661 2761 2713 ad
2786 2671 2948 2731 gent.,
2984 2677 3104 2732 pag.
3145 2656 3255 2732 η).
3284 2657 3493 2732 Jupiter

1885 2765 2054 2808 autem
2081 2770 2198 2808 cunt
2223 2765 2397 2822 postea
2425 2755 2774 2822 apparuisset,
2805 2754 2850 2807 si
2877 2753 3082 2824 quidem
3110 2752 3236 2807 deus
3264 2759 3396 2816 erat,
3425 2761 3485 2806 ut

1884 2850 1970 2920 qui
2018 2864 2254 2901 assarum
2289 2849 2522 2901 carnium
2573 2847 2799 2901 cnissam
2851 2850 2982 2918 forte
3034 2847 3294 2912 sensisset,
3341 2847 3491 2914 cujus

1887 2941 2084 3009 praemii
2110 2957 2166 2995 se
2206 2957 2313 2994 esse
2340 2940 2619 3010 participes
2649 2941 2800 2995 uestri
2839 2938 2922 2993 dei
2948 2941 3274 3006 conﬁtentur.
3305 2938 3492 3010 Neque

1885 3033 2063 3087 minus
2111 3034 2396 3102 perspicue
2440 3032 2494 3086 id
2552 3032 2765 3102 probari
2812 3041 2987 3102 potest
3015 3032 3337 3088 auctoritate
3380 3031 3491 3087 Lu-

1885 3126 2048 3189 ciani,
2083 3126 2174 3196 qui
2206 3125 2445 3192 quidem,
2473 3126 2725 3195 quamvis
2753 3123 3009 3180 etlmicus
3040 3123 3225 3188 homo,
3253 3138 3382 3179 suos
3412 3133 3493 3178 ta-

1885 3235 2007 3276 men
2035 3220 2166 3276 deos
2199 3219 2303 3274 hoc
2349 3227 2655 3296 σαρκοσμῷ,
2689 3218 2923 3274 irridere
2954 3232 3119 3272 ausus
3151 3228 3233 3273 est
3265 3234 3280 3273 :
3335 3237 3354 3270 ι
3403 3217 3486 3272 Dii

1880 3313 2030 3386 juxta
2058 3315 2244 3370 Jovem
2267 3314 2596 3380 adsidentes,
2625 3317 2676 3367 in
2707 3325 2904 3368 terram
2927 3311 3255 3383 despiciunt,
3278 3319 3335 3367 et
3356 3326 3494 3382 quo-

1884 3423 1992 3479 quo
2018 3423 2232 3464 versum
2263 3408 2472 3463 intento
2499 3409 2675 3478 capite
2705 3449 2721 3475 ,
2754 3407 3236 3478 circumspectant,
3265 3404 3490 3461 sicunde

1885 3502 2267 3558 subvolantem
2301 3503 2479 3572 ignem
2503 3501 2744 3564 videant,
2769 3501 2853 3555 vel
2879 3498 3123 3554 nidorem
3155 3499 3209 3554 in
3230 3514 3358 3554 aere
3378 3512 3496 3552 sur-

1884 3604 2126 3665 gentem,
2157 3594 2187 3654 ἢ
2219 3597 2594 3672 ἀναφερομένην
2619 3597 2858 3660 κνίσσαν,
2888 3595 3141 3662 circaque
3167 3591 3372 3646 fumum
3404 3605 3491 3646 ro—

1887 3697 2087 3741 tantem
2117 3701 2262 3741 esse.
2311 3687 2466 3754 Quod
2503 3686 2547 3741 si
2576 3686 2695 3756 quis
2731 3685 2875 3741 forte
2900 3700 3115 3740 sacrum
3155 3685 3335 3751 faciat,
3362 3701 3494 3756 epu-

1886 3778 2068 3834 lantur
2091 3794 2302 3844 onmes,
2336 3781 2481 3834 l'umo
2515 3779 2807 3844 inhiantes,
2858 3793 2923 3833 ac
2950 3793 3259 3833 muscarum
3293 3777 3346 3833 in
3374 3794 3498 3833 mo-

1885 3889 2001 3930 rem
2043 3875 2360 3944 sanguinem
2398 3883 2757 3946 exsugentes,
2805 3873 3008 3928 circum
3048 3888 3168 3928 aras
3205 3871 3435 3930 effusum
3474 3893 3490 3922 ι

1887 3972 2082 4028 Lucian
2115 4015 2130 4038 ,
2164 3973 2228 4026 de
2251 3972 2516 4038 Sacriﬁc.,
2541 3989 2662 4042 pag.
2695 3971 2847 4042 1‘85).

1960 4068 2065 4125 Sed
2099 4068 2241 4124 hanc
2263 4066 2710 4123 absurdissimum
2739 4066 3052 4136 opinionem
3079 4063 3356 4119 Arnobius
3378 4063 3499 4119 ideo

1888 4159 2121 4225 refellit;
2149 4158 2271 4231 quia
2301 4159 2432 4211 nihil
2467 4158 2626 4228 plane
2655 4172 2724 4212 ex
2749 4156 3024 4211 immolata
3052 4155 3294 4227 qualibet
3323 4156 3498 4212 hostia

1885 4255 1951 4308 ad
1983 4253 2208 4307 deorum
2252 4251 2611 4306 substantiam
2652 4248 2918 4321 pervenit.
2959 4248 3232 4320 Quidquid
3255 4250 3404 4305 enim
3432 4250 3503 4307 ab

1885 4346 2179 4417 gentilibus
2214 4342 2620 4407 immolabatur,
2651 4341 2969 4398 remanebat
2993 4344 3046 4396 in
3079 4353 3242 4403 terra,
3272 4343 3365 4396 ani.
3389 4356 3505 4398 sur-

1886 4456 2005 4496 sum
2052 4440 2431 4504 snblevatum,
2469 4448 2634 4508 atque
2687 4439 2738 4492 itt
2788 4438 3002 4492 cineres
3046 4437 3390 4502 dissolutum.
3445 4440 3498 4495 in

1885 4547 2004 4588 eam
2034 4532 2334 4586 recidebat.
2379 4531 2515 4587 Hinc
2555 4546 2768 4588 rursum
2810 4530 2952 4585 idem
2981 4529 3251 4587 Lucianus
3304 4549 3318 4586 :
3370 4531 3424 4588 Ἦ
3445 4532 3499 4589 δὲ

1885 4627 2075 4682 κνίσσα
2097 4626 2374 4686 Θεσπέσιος
2394 4625 2475 4679 mi
2499 4625 2809 4704 ἱεροπρεπὴς
2831 4634 3004 4702 χωρεῖ
3025 4622 3149 4691 ἅνω,
3177 4631 3256 4681 καὶ
3273 4629 3324 4689 ἐς
3346 4629 3501 4684 αὐτὸν

1889 4720 1973 4775 τὸν
2029 4721 2236 4795 οὐρανὸν
2292 4717 2628 4774 διασκδνᾶται
2675 4720 2854 4794 ⁶ἠρέμει
2905 4716 3056 4787 (Luc.
3083 4760 3099 4783 ,
3150 4719 3317 4786 ibtd.,
3374 4736 3496 4791 pag.

1892 4809 2045 4882 186).
2090 4809 2262 4863 Nidor
2307 4811 2442 4863 enim
2493 4810 2582 4863 ille
2627 4826 2772 4863 sacer
2825 4819 2978 4879 atque
3031 4811 3232 4866 divinus
3291 4830 3498 4868 sursum

1891 4906 2077 4975 fertur,
2126 4913 2274 4972 atque
2302 4904 2355 4956 in
2381 4902 2548 4972 ipsum
2577 4903 2758 4957 caelum
2792 4903 3076 4972 subvectus,
3105 4907 3358 4974 paulatim
3388 4906 3496 4980 dif-

1890 4997 2147 5068 funditur.
3467 5067 3472 5071 _

1960 5088 2322 5157 Quamobrem
2353 5085 2606 5143 Clemens
2629 5088 3027 5145 Alexandrinus
3051 5091 3178 5148 inde
3196 5103 3342 5148 recte
3363 5108 3498 5151 con.

1891 5187 2007 5241 ﬁcit
2033 5186 2148 5240 haec
2169 5202 2195 5237 a
2221 5183 2534 5239 christianis
2550 5185 3050 5255 meritissimojure
3062 5190 3274 5257 penitus
3301 5190 3451 5260 rejici
3479 5211 3491 5246 :

1889 5284 2108 5343 Εἰκότως
2155 5279 2260 5360 ἄρα
2324 5289 2398 5354 τῷ
2472 5287 2539 5354 μὴ
2592 5283 2852 5355 νικωμένῳ
2912 5280 3114 5344 ἡδοναῖς
3186 5285 3369 5339 θυσίαν
3435 5288 3496 5340 οὐ

1889 5377 2219 5451 προσάγομεν
2249 5415 2264 5438 ,
2317 5375 2454 5428 κάτω
2501 5372 2615 5428 ⁵που
2675 5378 2761 5428 καὶ
2811 5373 2928 5430 οὐδὲ
2986 5377 3136 5452 μέχρι
3181 5385 3336 5451 νεφῶν
3396 5386 3496 5433 τῶν

1890 5472 2240 5542 παχυτάτων,
2275 5473 2473 5544 μακρὰν
2504 5467 2558 5523 δὲ
2594 5471 2919 5533 καὶτούτων,
2949 5480 3040 5531 τῆς
3078 5469 3163 5525 διὰ
3189 5478 3280 5526 ’ἑοῦ
3304 5479 3495 5527 καπνοῦ

1890 5561 2282 5631 ἀναθυμιάσεως
2341 5562 2624 5634 φθανούσης
2658 5601 2672 5626 ,
2730 5558 2780 5614 εἴ
2830 5583 2932 5615 που
2984 5562 3153 5634 φθάνει
3214 5560 3499 5632 (Clemens

1889 5652 2198 5715 Λρκτων..
2251 5668 2324 5705 vn
2373 5652 2656 5717 Stromat.,
2702 5670 2825 5723 pag.
2866 5652 3014 5724 707).
3075 5653 3260 5708 Merito
3290 5670 3411 5727 ergo
3452 5658 3499 5710 ri

1889 5762 1991 5800 non
2017 5744 2277 5812 offerimus
2295 5744 2629 5810 sacri/icium,
2657 5746 2743 5810 qui
2768 5745 3110 5815 voluptatibus
3137 5763 3237 5799 non
3265 5748 3493 5812 capitur,

1890 5854 2005 5891 cum
2026 5836 2244 5908 inferius
2273 5851 2364 5888 nec
2388 5852 2546 5906 usque
2567 5836 2635 5889 ad
2659 5836 3006 5890 crassissimus
3032 5837 3187 5891 nubes
3211 5841 3491 5907 perveniat,

1889 5934 1978 5988 sed
2010 5934 2160 6004 longe
2209 5931 2362 5988 etiam
2401 5932 2465 5987 ab
2492 5934 2556 5987 iis
2585 5934 2850 5999 consistat,
2892 5949 3008 6005 qua:
3062 5935 3117 6004 ﬁt
3166 5949 3258 6003 per
3297 5937 3496 6005 {mnum
