3872 6346
465 347 532 403 55
1704 348 2154 409 DlSSEIiTATlO
2193 350 2473 410 PREVIA
3621 352 3704 410 656

425 465 709 532 exhalatio,
736 466 780 518 si
808 466 959 519 modo
991 470 1270 536 perveniat.
1312 466 1508 523 Postea
1541 477 1668 522 vero
1697 467 1837 522 hanc
1863 467 2024 522 insul-
2051 465 2102 528 Λ

427 573 541 613 sam
571 558 908 613 ethnicorum
937 559 1249 630 opinionem
1279 559 1388 613 alio
1433 569 1750 628 argumento
1773 558 1971 614 refellit
2006 576 2020 612 :

426 655 482 708 El
511 651 564 708 δέ
588 656 662 726 τῷ
692 649 796 707 “rt
824 655 853 712 ἡ
880 655 1068 708 κνίσσα
1095 656 1248 729 ’γέρας
1274 655 1388 708 ἐστὶ
1415 653 1535 707 θεῶν
1566 659 1663 705 τῶν
1705 651 1827 724 παρ’
1847 647 2021 710 Ἐλλη-

429 768 533 813 aut,
561 749 647 801 οὐκ
679 743 738 801 ἂν
769 749 992 820 φθάνοιεν
1017 752 1105 802 καὶ
1130 749 1250 808 τοὺς
1279 750 1550 823 μαγείρους
1577 749 1947 808 θεοποιοῦντες,
1977 746 2022 801 οἳ

426 849 520 900 τῆς
549 839 667 901 ἴσης
691 839 1014 912 εὐδαιμονίας
1039 839 1312 904 ἀξιοῦνται.
1340 843 1425 893 καὶ
1453 841 1535 894 τὸν
1563 840 1702 911 ἰτμὸν
1717 841 1866 892 αὐτὸν
1885 837 2023 908 (lege

428 933 590 995 ἰπνὸν,
625 949 719 988 seu
752 935 926 1001 ponus
967 938 1057 991 τὴν
1104 934 1307 1003 κάμινον
1353 934 1528 991 αὐτὴν.
1572 929 2022 1008 προσκυνοῦντες)

429 1029 862 1103 προσσχιστέραν
876 1027 1134 1098 γινομένην
1220 1027 1404 1099 κνίσσῃ
1499 1025 1827 1098 πολυτιμήτῳ
1840 1023 1857 1092 (
1871 1021 1889 1074 Ι
1897 1021 1982 1074 bid
1988 1060 2021 1088 .,

430 1137 549 1192 pag.
587 1119 735 1192 716).
761 1119 862 1175 Sin
892 1134 1058 1172 autem
1083 1135 1257 1173 revera
1288 1119 1454 1172 cniua
1484 1129 1558 1172 est
1587 1133 1769 1170 manus
1793 1117 2020 1181 deorum,

428 1215 514 1286 qui
542 1215 682 1285 apud
707 1215 914 1270 (ἓν-ωερε
945 1223 1084 1280 sunt,
1116 1231 1207 1267 cur
1236 1229 1336 1267 non
1370 1214 1514 1285 prius
1541 1226 1736 1282 quoque
1759 1228 1944 1280 coquos
1971 1213 2023 1264 in

429 1309 550 1363 deos
579 1312 828 1379 referunt,
861 1309 946 1380 qui
976 1309 1160 1378 aequali
1179 1310 1461 1376 dignantur
1485 1306 1815 1369 beatitudine,
1843 1316 1893 1360 et
1921 1321 2022 1358 non

425 1402 595 1471 ipsum
620 1401 838 1455 adorant
867 1401 1146 1464 caminum,
1174 1402 1260 1472 qui
1301 1413 1374 1454 est
1398 1401 1515 1454 huic
1547 1397 1815 1454 venerabili
1844 1398 2024 1452 missa:

425 1498 756 1569 propinquior
772 1499 796 1552 .9

499 1588 746 1644 Secunda
777 1589 1113 1644 ethnicorum
1145 1589 1282 1643 ratio
1325 1605 1422 1645 cur
1460 1587 1720 1644 sacrificia
1764 1587 1866 1643 diis
1909 1583 2021 1640 suis

430 1680 692 1742 facerent.
724 1682 838 1736 hmc
863 1692 997 1747 erat,
1034 1682 1233 1736 hostias
1276 1681 1563 1752 voluptatis
1598 1684 1766 1752 gratia
1806 1680 1870 1736 iis
1901 1696 2021 1735 esse

427 1773 749 1837 medendae;
783 1784 838 1827 ut
866 1782 992 1844 pote
1023 1777 1111 1844 qui
1139 1775 1335 1844 gaudio
1363 1783 1417 1828 et
1443 1774 1625 1828 lmtitia
1655 1773 1776 1827 inde
1801 1774 2020 1843 perfun-

2726 482 3017 524 ARTICULUS
3055 485 3114 526 Il.

2123 580 2374 648 Quomodo
2413 580 2788 648 ArnobiusLalia
2821 588 3026 648 evertat
3059 587 3361 635 ethnicorum
3404 594 3700 648 argumenta.

2186 645 2364 705 quibus
2386 644 2623 692 sacrificia
2646 643 2740 693 diis
2757 647 2858 694 suis
2875 659 2986 694 esse
3008 647 3226 696 facienda
3253 643 3700 706 probare'niteban-

2186 714 2291 766 tur;
2319 707 2401 754 ubi
2421 708 2483 754 de
2503 709 2597 755 ritu
2610 720 2718 772 quo
2738 708 2879 755 iidem
2908 709 3087 758 ethnici
3122 718 3382 772 antequam
3410 709 3598 772 templa
3619 712 3702 760 adi-

2187 776 2319 834 rent,
2343 781 2519 834 corpus
2531 769 2831 834 abluebant,
2855 779 2906 819 et
2951 772 3227 834 explicatur
3257 769 3382 833 'quid
3432 775 3499 821 sit
3524 769 3698 828 ’Bulba,

2185 831 2505 895 Immissnlus,
2531 831 2706 889 Buteo,
2738 833 2989 895 Solipuga,
3022 831 3210 893 ’natrlx,
3237 831 3509 894 cuminum,
3534 842 3695 883 nastur-

2185 895 2333 961 cium,
2352 893 2547 953 bulbus,
2571 895 2751 954 cunila,
2770 904 2822 944 et
2841 893 3104 946 mo'tacilla.

2198 1000 2444 1071 Vulgaris
2473 1004 2749 1072 gentilium
2796 1004 2998 1073 opinio.
3042 1013 3092 1058 et
3129 1006 3324 1077 magni,
3373 1006 3453 1059 uti
3493 1005 3696 1059 arbitra-

2124 1095 2337 1163 bantur,
2369 1097 2624 1166 ponderis
2647 1097 2711 1152 ad
2735 1099 2995 1153 sacrificia
3027 1099 3128 1152 diis
3155 1098 3394 1154 facienda
3421 1103 3696 1168 “argumen-

2127 1196 2266 1253 tum,
2301 1190 2702 1244 hac.fundatum
2732 1203 2848 1246 erat
2876 1205 3011 1245 vana
3045 1193 3414 1262 persuasione,
3445 1207 3546 1261 qua
3571 1191 3696 1244 exis-

2127 1281 2386 1336 timabant
2412 1298 2506 1336 eos
2537 1297 2563 1335 a
2594 1285 3025 1340 sacrificantibus
3055 1285 3277 1355 placari,
3311 1296 3471 1354 atque
3499 1285 3692 1337 illorum

2124 1375 2301 1430 sedari
2349 1375 2695 1431 iracundiam.
2743 1378 2846 1436 Sed
2885 1378 3021 1434 hanc
3049 1381 3408 1448 opinationem
3444 1378 3695 1433 Arnobius

2124 1467 2374 1522 falsitatis
2411 1471 2815 1526 evidentissime
2853 1474 3026 1542 arguit
3064 1473 3301 1542 (Arnob.,
3353 1473 3438 1526 lib.
3465 1488 3558 1536 vn,
3593 1491 3693 1543 pag.

2121 1558 2272 1632 2M).
2303 1560 2494 1617 Nullus
2519 1566 2714 1633 quippe
2750 1566 2799 1618 in
2831 1581 2958 1619 vero
2983 1566 3092 1620 Deo
3119 1581 3238 1621 esse
3269 1576 3440 1635 potest
3473 1566 3569 1620 inc
3601 1581 3694 1619 mo-

2124 1664 2224 1717 tus,
2257 1655 2453 1725 quippe
2476 1658 2564 1726 qui
2596 1657 2786 1710 belluis
2812 1659 3104 1728 proximus,
3135 1673 3319 1712 eorum
3353 1668 3561 1712 tantum
3594 1675 3694 1713 esse

2123 1756 2319 1816 potest,
2347 1749 2437 1816 qui
2471 1749 2730 1803 mortales
2770 1759 2915 1814 sunt,
2948 1764 3048 1803 nec
3092 1749 3263 1802 adhuc
3310 1750 3472 1803 beati.
3511 1749 3617 1804 Sed
3641 1752 3695 1804 de

421 1865 616 1922 dantur
643 1840 884 1938 (Arnob,
910 1868 1000 1921 lib.
1026 1840 1119 1931 vn,
1142 1840 1273 1938 ipag.
1299 1867 1446 1936 213).
1467 1865 1623 1926 Nam.
1646 1866 1720 1920 uti
1751 1840 2015 1920 Lucianus

2132 1842 2200 1893 ira
2233 1840 2321 1895 Dei
2353 1840 2523 1894 fusius
2562 1842 2613 1894 in
2659 1842 3003 1912 subsequenti
3031 1840 3412 1896 dissertatione
3441 1842 3691 1912 agendum

428 1974 459 2013 a
492 1959 649 2013 nobis
673 1959 784 2028 jam
818 1959 1061 2014 laudatus
1092 1960 1226 2013 dixit
1257 1975 1269 2011 :
1299 1963 1386 2021 Τίς
1404 1963 1488 2014 οὐκ
1514 1954 1572 2013 ἂν
1596 1961 1840 2014 εἰκάσειεν
1870 1958 2018 2017 ἥδεσ-

420 2057 503 2107 οαι
531 2053 668 2108 ταῦθ’
689 2052 916 2131 ὁρῶντας
938 2055 1059 2113 τοὺς
1081 2054 1254 2114 θεοὺς;
1291 2053 1417 2119 Quis
1465 2068 1575 2114 non,
1605 2051 1755 2119 facile
1777 2053 2020 2121 conjectel

421 2147 647 2218 gaudere
675 2145 831 2211 deos,
878 2163 993 2200 cum
1029 2148 1125 2201 ista
1153 2147 1421 2216 spectant?
1451 2146 1689 2217 (Lucian.
1717 2187 1732 2210 ,
1768 2147 1862 2212 ib.,
1896 2157 2014 2216 pag.

421 2239 574 2309 186.)

491 2337 563 2388 At
587 2333 789 2388 nemini
816 2345 1051 2404 unquam
1084 2347 1189 2388 non
1233 2333 1407 2388 Insani
1450 2333 1642 2403 capitis
1672 2333 1871 2388 hutnini
1900 2345 2014 2400 per-

423 2424 695 2491 suadebis,
723 2425 891 2495 inquit
921 2425 1208 2492 Arnobius,
1237 2425 1390 2490 deos,
1424 2425 1570 2479 velut
1612 2425 1879 2494 quoddam
1904 2416 2010 2475 aulo

421 2517 547 2582 mal,
589 2517 945 2574 delectatione
991 2519 1166 2587 aliqua
1206 2528 1260 2572 et
1291 2516 1487 2587 gaudio
1522 2518 1702 2572 adiici.
1746 2517 2008 2586 Voluptas

423 2611 686 2680 siquidem
718 2611 952 2681 quinque
997 2611 1241 2680 corporis
1283 2609 1532 2664 sensibus
1578 2609 1887 2678 percipitur.
1935 2607 2012 2660 Dii

420 2713 622 2772 autem,
656 2705 701 2759 si
732 2705 838 2759 sint
866 2704 1217 2770 immortales,
1261 2703 1508 2758 sensibus
1552 2703 1656 2756 illis
1697 2716 1883 2757 carere
1914 2701 1998 2756 de-

418 2798 568 2854 bent.

488 2891 760 2946 Prteterea
805 2891 962 2960 quale
997 2891 1125 2945 illud
1172 2901 1252 2944 est
1292 2891 1568 2959 gaudium,
1600 2905 1707 2960 quo
1759 2904 1880 2960 quis
1933 2891 2011 2943 ins

417 2982 701 3040 noxiorum
726 2986 1035 3038 animalium
1058 2983 1208 3038 czcde
1233 2985 1482 3038 Iactatur?
1514 2984 1700 3039 Nonne
1728 2984 1823 3037 feri
1853 2985 2014 3037 etiam

418 3079 672 3134 homines
701 3080 914 3134 illorum
962 3088 1372 3133 commoventur
1400 3079 1684 3149 aliquando
1725 3079 2015 3132 commise-

416 3172 656 3228 ratiottc?
696 3172 905 3240 Quanto
935 3173 1090 3242 igitur
1118 3173 1289 3241 magis
1320 3172 1412 3232 dii,
1464 3186 1598 3240 quos
1651 3171 1795 3240 pios,
1830 3172 2012 3237 mites,

2121 1933 2359 2005 (Dissert.
2387 1935 2439 1986 in
2467 1933 2729 1999 Lactant.,
2761 1951 2877 2004 cap.
2905 1936 2994 2000 15,
3015 1944 3114 1988 art.
3147 1951 3158 1987 l
3182 1944 3227 1988 et
3256 1933 3426 2004 seqq.)

2192 2029 2298 2080 Fac
2319 2035 2503 2083 tamen
2535 2043 2675 2082 nunc
2697 2030 2738 2082 si
2766 2029 2916 2091 velis,
2952 2029 3023 2081 ait
3052 2028 3340 2092 Arnobius,
3364 2027 3500 2082 deos
3526 2043 3693 2083 revera

2119 2117 2429 2172 hominibus
2462 2119 2640 2184 irasci,
2673 2133 2778 2172 non
2803 2119 2926 2173 inde
2954 2134 3048 2187 eos
3079 2118 3356 2172 sacrificiis
3387 2119 3697 2188 mitigandos

2120 2226 2241 2265 esse
2295 2227 2528 2281 unquam
2579 2213 2850 2267 conficies.
2901 2211 3017 2266 Non
3068 2213 3210 2265 enim
3252 2222 3542 2282 antequam
3594 2213 3695 2267 irati

2120 2303 2248 2368 sint,
2274 2305 2598 2359 sacrificium
2620 2307 2699 2359 eis
2731 2305 2842 2360 fieri
2866 2306 3048 2361 delet.
3067 2305 3201 2359 Tum
3221 2305 3387 2370 enim,
3409 2309 3546 2362 sicut
3566 2306 3695 2370 feris,

2121 2414 2188 2452 ne
2218 2399 2480 2465 smviant,
2531 2415 2651 2454 esca
2699 2400 2967 2470 obiicitur,
3003 2401 3075 2454 ita
3125 2401 3451 2456 sacrificium
3481 2399 3696 2455 futuram

2120 2491 2344 2545 deorum
2399 2493 2532 2546 iram
2581 2492 2878 2549 cohiberet.
2918 2492 3100 2564 Neque
3148 2495 3308 2549 etiam
3353 2494 3456 2547 diis
3482 2495 3591 2564 jam
3632 2494 3697 2547 ira

2121 2584 2470 2641 inﬂammatis
2527 2588 2934 2642 sacrificandum
3001 2599 3102 2642 est.
3164 2587 3294 2642 Nam
3358 2599 3698 2658 przctcrquam

2119 2680 2260 2748 quod
2283 2681 2350 2734 ab
2379 2681 2691 2735 hominibus
2715 2682 2786 2735 dii
2813 2681 2934 2735 ltedi
2966 2693 3262 2752 nequeunt,
3297 2683 3457 2736 nullis
3477 2696 3606 2737 sane
3633 2680 3699 2733 illi

2118 2771 2328 2841 legibus
2370 2789 2603 2843 unquam
2655 2771 3048 2828 constituerunt
3075 2774 3346 2844 quodnam
3385 2775 3452 2826 ab
3483 2773 3700 2828 homini-

2119 2865 2220 2918 bus
2249 2866 2770 2934 pr.cvaricatoribus,
2805 2883 2871 2922 ne
2900 2879 3083 2935 pinnas
3108 2868 3217 2920 laesi
3238 2869 3474 2922 numinis
3500 2868 3698 2932 darent,

2120 2973 2329 3010 sacrum
2363 2961 2628 3028 agendum
2671 2971 2806 3014 erat.
2841 2962 3042 3016 lleinde
3068 2977 3195 3016 vero
3225 2961 3293 3015 ab
3320 2964 3464 3015 omni
3498 2975 3701 3032 prorsus

2120 3051 2591 3105 verisimilitudine
2628 3053 2885 3108 abhorret
2925 3055 3044 3107 illos
3085 3043 3271 3124 porco,
3305 3065 3394 3107 aut
3441 3054 3699 3122 gallinula,

2120 3151 2210 3195 aut
2238 3143 2356 3195 aliis
2389 3143 2686 3211 pecudibus
2721 3145 3031 3210 immolatis,
3067 3146 3199 3199 iram
3231 3161 3454 3214 ponere,
3488 3155 3544 3198 ct
3576 3145 3699 3213 inju-

417 3280 477 3318 ac
509 3264 974 3318 mansuetissimus
995 3277 1116 3317 esse
1139 3264 1446 3316 finxerunt?
1471 3263 1836 3330 Quamobrem
1864 3271 2015 3316 vetus

2132 3235 2322 3288 riarum
2355 3235 2598 3290 oblivisci
2667 3235 2961 3290 Criminum
3009 3238 3153 3291 enim
3212 3249 3318 3290 tam
3361 3235 3516 3290 facile
3568 3235 3699 3290 redi.

416 3359 629 3428 quidam
659 3369 812 3427 poeta
838 3374 865 3412 a
902 3357 1200 3429 Porphyrio
1245 3359 1439 3411 citatus
1469 3357 1582 3410 lucc
1613 3357 1810 3412 cecinit
1846 3355 2008 3426 (Par.

417 3455 564 3524 pltg.,
596 3453 680 3507 lib.
712 3469 746 3507 tt
775 3453 838 3508 de
859 3453 1054 3507 Abstitt.
1087 3452 1325 3515 animal.,
1361 3469 1484 3522 pag.
1515 3450 1668 3520 230).

603 3619 672 3670 Τις
695 3620 765 3662 ὗδι
788 3630 930 3673 μῶρος,
953 3625 1014 3662 καὶ
1035 3623 1117 3662 λὶιν
1143 3624 1327 3672 incisim;
1347 3653 1356 3669 ,

602 3685 780 3731 Εὖπιστος
803 3683 957 3736 ἀνδρῶν,
980 3685 1081 3732 ὅστις
1107 3685 1241 3731 ἰλπίζιι
1263 3687 1362 3730 Osci);
1379 3716 1388 3729 ,

603 3741 728 3787 ὑηνῶν
747 3751 928 3799 dirigunt,
953 3753 1015 3786 καὶ
1034 3749 1143 3799 χςλής
1169 3752 1389 3796 πνοὴ-»μιῆς
1413 3778 1425 3794 ,

604 3801 635 3850 λ
659 3813 718 3848 mi.
741 3817 842 3848 κυσὶν
865 3817 1030 3849 nivi-etv
1053 3812 1132 3860 οὐχὶ
1164 3816 1328 3859 βᾳὼσιμσ.
1349 3841 1359 3856 ,

604 3878 751 3924 Χαιριιν
776 3875 953 3918 «inﬁrme,
977 3876 1036 3910 ui.
1053 3876 1157 3924 γιρας
1181 3874 1301 3922 λαχιῖν
1324 3868 1441 3916 τόδι;

510 3992 630 4050 Quis
655 3992 722 4039 ita
743 3989 939 4048 stultus,
968 3996 1017 4038 et
1039 3994 1136 4037 tam
1164 3990 1420 4044 remissus.

508 4053 847 4115 Credulttsque
875 4052 1142 4109 hominum,
1161 4055 1242 4115 qui
1262 4057 1432 4113 Speret
1449 4051 1590 4110 deos,

509 4117 707 4167 Ossibus
750 4112 1061 4174 excarnibus,
1087 4121 1140 4164 et
1173 4112 1258 4162 bili
1292 4112 1414 4175 igne
1464 4115 1758 4172 examinata,
1807 4125 1898 4162 seu
1923 4125 2008 4162 ex-

1853 4182 1988 4224 cocta

511 4243 630 4299 Quae
656 4242 860 4290 canibus
885 4239 1122 4289 famelicis
1148 4253 1243 4287 non
1266 4246 1436 4288 essent
1457 4239 1729 4291 esculenta.
1831 4177 1849 4236 [
1995 4213 2008 4236 ’

509 4305 694 4354 Omnes
719 4303 958 4364 gaudere,
986 4310 1037 4352 et
1055 4304 1309 4366 praemium
1330 4299 1447 4351 illud
1471 4302 1749 4364 consequi?

416 4436 574 4491 Prius
625 4450 755 4489 vero
795 4435 884 4489 ille
931 4435 1158 4502 ipsemet
1212 4435 1542 4505 Porphyrius
1584 4433 1799 4488 dixerat
1843 4434 2014 4488 malos

416 4529 709 4590 daanneS,
747 4529 834 4598 qui
873 4527 946 4582 dii
988 4528 1150 4581 videri
1181 4529 1420 4596 cupiunt,
1448 4531 1623 4602 νίσσῃ,
1649 4537 1702 4581 et
1726 4526 2018 4580 sacrificio-

2120 3328 2435 3380 mendorum
2471 3328 2568 3382 hac
2612 3345 2705 3398 Spe
2727 3330 2872 3396 data,
2901 3341 3167 3384 crestterct
3197 3330 3356 3383 dubio
3385 3331 3567 3399 procul
3597 3345 3702 3383 sce-

2119 3419 2406 3473 leratorum
2430 3420 2702 3474 hominum
2726 3423 3028 3475 multitudo.
3055 3423 3206 3490 Quod
3236 3424 3447 3489 quidem
3473 3423 3702 3493 Pcrphy-

2115 3513 2224 3565 rius
2253 3511 2420 3567 fusius
2444 3529 2508 3566 co
2534 3515 2721 3581 probat
2740 3513 3027 3585 (Porpftyr.
3053 3516 3141 3568 lib.
3166 3532 3197 3568 tl
3223 3517 3284 3569 de
3306 3516 3446 3570 Αὑδι.
3471 3518 3700 3576 anin:al.,

2115 3621 2232 3674 pag.
2264 3605 2372 3659 252
2395 3616 2440 3657 et
2476 3608 2664 3677 δείνῳ),
2691 3607 2832 3676 quod
2859 3608 2955 3660 hac
2976 3611 3183 3664 ratione
3213 3611 3458 3664 inductus
3491 3610 3704 3681 quilibet

2117 3699 2393 3768 improbus
2411 3701 2590 3765 homo,
2610 3704 2792 3756 credet
2815 3701 3004 3757 factam
3019 3705 3117 3758 sibi
3137 3706 3336 3773 injuste
3352 3707 3548 3760 ctmale
3566 3720 3707 3774 agen-

2115 3792 2165 3844 di
2199 3803 2513 3861 poteslatem
2549 3811 2559 3844 :
2591 3809 2746 3849 secus
2787 3813 2934 3860 vero,
2989 3800 3032 3851 si
3078 3800 3350 3854 existimet
3391 3815 3485 3853 sua
3512 3807 3702 3853 tantum

2115 3895 2334 3954 propter
2367 3887 2503 3939 bona
2543 3902 2704 3956 Opera
2734 3892 3038 3946 mercedem
3072 3909 3101 3946 a
3126 3893 3226 3946 illiS
3257 3905 3626 3962 accepturum.

2186 3980 2342 4033 Addit
2369 3983 2583 4051 insuper
2613 3984 2875 4036 Arnobius
2907 3986 3140 4053 iniquum
3169 3988 3389 4040 omnino
3418 3987 3606 4050 videri,
3635 3991 3700 4047 ut,

2113 4088 2214 4144 pro
2243 4088 2335 4127 reo
2367 4084 2420 4128 et
2461 4076 2629 4129 noxio
2654 4077 2869 4130 homine
2896 4077 3155 4132 innocens
3197 4080 3368 4132 bestia
3415 4079 3703 4133 ocridatur.

2114 4167 2286 4222 Simili
2321 4178 2637 4237 argumento
2667 4168 3000 4241 Porphyrius
3024 4173 3261 4226 ostendit
3283 4174 3484 4226 nullum
3515 4170 3703 4225 animal

2113 4261 2454 4332 gratitudiuis
2471 4276 2652 4326 causa,
2677 4271 2729 4314 et
2755 4261 2820 4316 ad
2843 4265 3043 4331 gratias
3068 4264 3171 4319 diis
3201 4267 3576 4336 rependcndas
3595 4280 3706 4319 esse

2113 4356 2520 4413 sacriﬁcandum
2553 4359 2745 4427 (Idem,
2793 4359 2941 4426 ibid.,
2988 4377 3108 4429 pag.
3146 4359 3296 4430 163).
3347 4359 3448 4426 Qui
3481 4374 3705 4429 namque

2115 4467 2212 4521 pro
2243 4464 2467 4521 accepto
2497 4455 2761 4508 beneficio
2790 4456 2989 4524 gratias
3019 4453 3147 4524 agit,
3175 4454 3218 4507 is
3253 4469 3358 4507 non
3389 4453 3548 4508 debet
3577 4453 3707 4506 male

2116 4561 2441 4614 quemquam
2492 4547 2761 4602 immerito
2793 4548 3010 4601 afficere
3063 4562 3163 4600 nec
3195 4563 3292 4615 pro
3321 4549 3479 4600 noxio
3507 4557 3562 4600 et
3593 4547 3696 4600 cri-

415 4636 534 4674 rmn
577 4620 767 4674 nidore
818 4619 1072 4673 recreari.
1116 4619 1473 4685 Quamobrem
1503 4620 1578 4672 vir
1626 4619 1804 4684 bonus,
1845 4619 2015 4687 inquit

2132 4639 2280 4691 minis
2309 4639 2523 4691 conscio
2549 4639 2765 4694 homine
2793 4640 2960 4693 ullutn
2990 4640 3254 4693 innocens
3282 4639 3502 4694 animal.

417 4711 530 4771 ille.
557 4720 601 4764 et
620 4710 823 4779 sapiens
851 4709 912 4763 ab
937 4710 1185 4774 eiusmodi
1213 4711 1476 4774 sacriﬁciis
1497 4709 1686 4764 cavebit
1707 4703 1741 4774 ,‘i
1761 4725 1828 4764 ne
1857 4709 1922 4763 ad
1955 4724 2015 4763 se

419 4804 638 4857 adliciat
682 4804 814 4857 tales
848 4803 1136 4870 impietatis
1175 4802 1478 4872 magistros.
1521 4804 1789 4869 Quantum
1830 4812 2010 4856 autem

419 4894 748 4948 inmunibus
772 4910 834 4948 ac
861 4894 1107 4962 singulis,
1139 4910 1258 4962 qua!
1289 4895 1654 4964 exposuimus,
1678 4895 2014 4964 argumentis

419 4988 488 5041 sit
516 4988 732 5052 virium,
765 4986 924 5042 facile
957 4997 1014 5040 ut
1045 4996 1316 5056 putamus,
1359 4989 1584 5054 quisque
1613 4987 1922 5054 perspiciet.
1956 4984 2013 5040 Si

420 5082 540 5150 quis
571 5095 700 5134 vero
726 5081 878 5148 plura
909 5081 1257 5136 desiderabit.
1282 5079 1395 5131 haec
1419 5079 1556 5147 apud
1585 5079 1870 5132 Eusebium
1901 5095 2014 5133 ma-

420 5188 525 5242 gno
567 5173 683 5226 sine
723 5173 905 5226 labore
947 5173 1182 5226 inveniet
1231 5171 1469 5243 (Euseb.,
1518 5170 1604 5224 lib.
1662 5187 1712 5224 tv
1771 5170 2010 5241 Pra'par.

421 5281 626 5334 evang,
659 5283 772 5336 cap.
805 5264 896 5328 22,
926 5284 1046 5336 pag.
1083 5267 1216 5328 17.3;
1262 5266 1348 5319 lib.
1387 5283 1438 5330 v,
1471 5282 1584 5333 cap.
1612 5265 1668 5329 9.,
1701 5283 1819 5337 pag.
1864 5265 2011 5334 139.).

423 5358 700 5413 Neminem
733 5375 891 5426 porro
931 5375 1048 5414 esse
1089 5361 1432 5424 arbitramur,
1467 5361 1554 5429 qui
1587 5376 1650 5414 ex
1678 5361 1883 5415 cunctis
1912 5366 2012 5412 Ar-

424 5453 568 5506 nobii
597 5452 908 5514 rationibus,
934 5453 1092 5506 simul
1120 5454 1385 5515 collectis,
1411 5468 1515 5507 non
1550 5453 1774 5506 fateatur
1799 5454 1901 5506 illis
1923 5453 2015 5508 ab-

424 5548 643 5601 surdum
673 5547 949 5616 gentilium
980 5564 1218 5604 errorem
1261 5551 1472 5619 penitus
1503 5548 1739 5603 subverti
1772 5548 2011 5619 (Arnob.,

426 5641 511 5694 lib.
548 5656 623 5709 VI,
653 5658 772 5710 pag.
800 5639 950 5711 201).

2188 4730 2387 4785 Contra
2438 4747 2567 4786 vero
2616 4733 2885 4786 instabant
2933 4731 3105 4786 adhuc
3150 4734 3386 4796 ethnici,
3420 4730 3707 4802 maiorique

2117 4839 2251 4879 voce
2278 4825 2578 4878 clamabant
2605 4826 2722 4879 ideo
2745 4809 2962 4879 cuilibet
2983 4824 3085 4878 deo
3110 4826 3315 4880 hostias
3338 4825 3704 4885 immolandas,

2128 4928 2183 4970 ut
2214 4933 2302 4971 res
2335 4918 2489 4971 nobis
2524 4919 2719 4971 tribuat
2766 4933 3068 4987 ῃτοερθιθε,
3113 4929 3168 4972 et
3199 4920 3453 4972 adversas
3485 4926 3704 4971 axertat.

2127 5012 2229 5066 Sed
2253 5012 2366 5065 lucc
2398 5012 2536 5064 ratio
2557 5013 2760 5066 auctori
2795 5022 2976 5064 nostro
3003 5028 3106 5064 non
3137 5013 3484 5070 videturaljis
3509 5013 3706 5064 firmior

2126 5115 2218 5158 aut
2245 5105 2470 5160 validior
2493 5106 2737 5171 (Arnob,
2762 5105 2848 5158 lib.
2877 5121 2964 5166 vn,
2985 5123 3103 5175 pag.
3137 5105 3263 5168 517,
3297 5116 3342 5159 et
3368 5105 3553 5175 seqq.).
3585 5102 3706 5157 Eth-

2127 5201 2368 5254 nicorum
2417 5200 2682 5268 siquidem
2718 5199 3154 5268 philosophorum
3186 5200 3532 5254 eruditissimi
3578 5215 3708 5267 przc-

2126 5292 2291 5348 fracte
2319 5295 2586 5349 docebant
2609 5295 2787 5348 omnia
2808 5294 2912 5346 fato
2939 5293 3212 5362 fatalique,
3241 5293 3427 5346 utalibi
3457 5292 3707 5350 vidimus,

2127 5388 2446 5440 necessitate
2486 5386 2617 5441 fieri.
2673 5387 2737 5438 At
2770 5385 2891 5441 inde
2931 5394 3114 5455 aperte
3152 5386 3394 5454 sequitur
3420 5384 3556 5438 deos
3590 5384 3709 5437 nihil

2124 5481 2341 5550 penitus
2388 5480 2696 5534 hominibus
2745 5490 2834 5533 aut
2865 5481 2994 5534 dare
3035 5494 3226 5550 posse,
3277 5490 3365 5532 aut
3406 5479 3707 5546 prohibere,

2125 5585 2285 5644 atque
2317 5575 2519 5629 idcirco
2547 5574 2735 5627 hostiis
2762 5576 2991 5628 victimis
3013 5616 3026 5640 ,
3065 5574 3426 5635 lihationihus,
3463 5586 3517 5627 et
3547 5573 3709 5628 sacri-

2127 5669 2263 5723 ficiis
2297 5667 2491 5721 frustra
2523 5667 2730 5737 fatigari
2761 5667 3000 5734 (Disscrt.
3031 5667 3082 5718 in
3115 5665 3338 5730 Minoa,
3369 5682 3409 5718 c.
3446 5666 3500 5728 ti,
3531 5666 3707 5733 arm).

2202 5764 2466 5818 Praderca
2515 5765 2558 5815 si
2603 5762 2673 5814 dii
2725 5776 2972 5831 prmpcra
3021 5758 3346 5827 largiuntur,
3390 5766 3448 5810 et
3494 5760 3707 5812 adversa

2128 5857 2456 5928 propellunt,
2499 5871 2595 5910 cur
2641 5856 2904 5911 innumeri
2946 5853 3214 5920 homines,
3261 5861 3412 5920 atque
3458 5852 3492 5906 ii
3535 5855 3707 5918 etiam,
