3872 6356
177 384 266 442 637

1388 388 1456 444 1N
1486 382 1866 458 ARNOBIUM,
1907 379 2060 451 CAP.
2104 377 2291 448 XXIII.

3356 395 3462 453 658

177 501 254 572 qui
295 499 558 569 perpetuis
603 500 882 557 sacriﬁciis
913 515 1033 557 aras
1077 512 1325 571 onerant,
1372 503 1438 558 ad
1467 509 1738 560 extremas
1764 507 1818 567 Α
1843 507 1916 560 ιιιί
1937 505 2087 561 labes
2109 521 2209 562 nec
2227 507 2578 565 diuturnitate
2595 525 2912 578 vanescere,
2938 526 3038 567 nec
3059 511 3307 568 manibus
3336 511 3463 568 ullis

175 593 419 663 angustias
441 593 699 660 orbitate,
736 595 964 660 morbis,
997 594 1307 667 naufragiis,
1335 596 1561 667 aliisque
1588 597 1744 651 malls

175 696 223 741 et
249 684 538 740 infortuniis
568 685 770 741 redacti
803 687 963 741 sunt?
994 687 1181 745 Nonne
1222 690 1461 742 omnium
1496 690 1746 761 ingratis-

175 777 280 834 simi
310 788 482 834 esseut
521 779 621 844 dii,
656 781 702 834 si
747 779 865 835 haec
895 791 1013 835 cum
1065 783 1294 852 possint.
1341 783 1548 838 nollent
1579 785 1748 853 impe-

176 873 294 941 dire,
323 873 553 942 nihilque
584 874 783 928 vellent
817 875 1022 944 piorum
1049 891 1288 931 annuere
1316 876 1640 946 postulatis?

234 970 296 1022 At
321 967 482 1038 prius,
508 967 740 1036 inquies,
772 968 1069 1023 hostiarum
1099 971 1359 1040 sanguine
1390 981 1442 1026 et
1470 971 1751 1027 sacriﬁciis

173 1057 510 1132 comparanda
536 1071 590 1116 et
615 1061 844 1116 emenda
872 1073 998 1116 sunt
1031 1063 1256 1118 deorum
1294 1063 1580 1121 beneficia.
1611 1063 1749 1132 Quid

173 1154 262 1222 ais,
294 1155 369 1208 vir
392 1154 574 1209 bone?
594 1153 770 1220 Quod,
799 1153 993 1208 amabo
1014 1165 1085 1223 te,
1119 1155 1222 1211 diis
1248 1158 1419 1228 magis
1446 1156 1746 1228 indignum,

173 1264 314 1318 quam
336 1248 543 1302 venalia
566 1247 765 1302 habere
792 1247 1092 1315 benefacta,
1127 1266 1190 1304 ac
1220 1252 1337 1305 sine
1355 1251 1460 1305 illis
1487 1237 1750 1320 prodesse

175 1339 392 1396 nemini?
413 1339 554 1408 Quid
580 1350 731 1402 vero,
770 1340 913 1407 quod
954 1343 998 1395 si
1031 1342 1146 1396 sola
1183 1341 1554 1412 hujuscemodi
1585 1343 1751 1397 sacri-

176 1431 279 1485 ﬁcia
320 1434 555 1500 prosint,
582 1439 730 1486 certe
768 1432 931 1487 homo
973 1433 1147 1500 dives,
1179 1436 1271 1504 qui
1302 1435 1456 1506 plura
1496 1433 1750 1489 animalia

175 1537 351 1593 magno
376 1523 621 1593 quidem,
668 1523 765 1580 sed
815 1523 861 1578 si
893 1539 1023 1594 opes
1053 1527 1172 1595 ejus
1210 1527 1490 1595 respicias,
1539 1528 1752 1584 modico

174 1618 331 1686 pretio
375 1625 578 1686 empta,
628 1616 732 1672 diis
775 1617 1052 1686 mactabit,
1099 1618 1168 1675 ab
1213 1617 1278 1674 iis
1328 1628 1477 1674 tanto
1523 1621 1746 1692 majora,

173 1723 356 1784 quanto
385 1715 594 1769 minora
624 1729 851 1784 pauper,
872 1715 961 1785 qui
982 1716 1238 1786 exiguum
1274 1713 1499 1785 aliquid,
1532 1716 1635 1771 sibi
1675 1726 1748 1769 ta-

1849 599 1954 654 elui
2002 609 2197 670 potest.
2263 602 2484 672 (Cicer.,
2540 603 2628 659 lib.
2669 621 2741 671 ll,
2784 605 2848 660 de
2883 604 3098 678 Legib.,
3147 624 3267 678 pag.
3299 605 3461 678 335.)

1855 685 2144 748 Testatum‘
2193 711 2321 751 vero
2389 696 2688 754 Macrobius
2738 699 2863 753 facit
2915 714 3257 756 communem
3318 700 3460 758 hanc

1857 788 2023 843 fuisse
2052 787 2328 859 gentilium
2359 789 2808 847 consuetudinem
2829 835 2842 857 ,
2876 791 2971 848 sed
2991 793 3364 863 aspersionem
3395 793 3463 848 ab

1857 877 2135 936 ablutione
2182 875 2507 954 distinguit:
2545 903 2564 936 ι
2592 883 2820 939 Constat
2860 885 3040 950 enim,
3089 885 3291 951 inquit,
3343 884 3450 940 diis

1856 977 2069 1045 superis
2108 988 2260 1032 sacra
2311 967 2576 1033 facturum
2635 979 2881 1048 corporis
2919 978 3194 1034 ablutione
3226 980 3462 1051 purgari.

1861 1069 1995 1123 Cum
2032 1083 2163 1124 vero
2191 1069 2375 1126 inferis
2403 1069 2662 1125 litandum
2694 1083 2808 1133 est.
2842 1074 2974 1127 satis
3005 1081 3184 1127 actum
3214 1072 3429 1127 videtur
3449 1114 3464 1138 ,

1857 1160 1903 1220 si
1947 1161 2190 1229 aspersio
2215 1150 2328 1216 sola
2357 1163 2623 1233 contingit
2659 1183 2676 1215 ι
2741 1160 3037 1234 (Macrob.,
3070 1163 3158 1218 lib.
3191 1179 3252 1219 ιιι
3281 1161 3470 1220 Satur-

1857 1252 2004 1320 παι,
2048 1255 2166 1324 cap.
2213 1254 2289 1327 1).
2336 1251 2499 1309 Multa
2547 1255 2616 1311 ibi
2641 1255 2742 1313 ille
2777 1273 2844 1312 ex
2888 1249 3156 1328 Virgilio,
3206 1267 3260 1313 et
3310 1258 3470 1330 longe

1861 1347 2010 1416 plura
2031 1346 2339 1402 Brissonius
2370 1363 2435 1408 ex
2466 1351 2656 1405 eodem
2689 1360 2848 1420 poeta
2868 1343 3096 1422 aliisque
3115 1351 3468 1422 scriptoribus

1859 1439 1929 1495 de
1974 1437 2077 1495 hac
2127 1433 2407 1511 gentilium
2465 1442 2568 1497 ritu
2617 1444 2876 1499 retulere.
2925 1437 3036 1499 Hos
3081 1454 3266 1500 autem
3314 1445 3471 1500 adire

1863 1532 2004 1587 haud
2057 1527 2347 1590 difficiliter
2416 1537 2658 1606 poteris,
2711 1537 2851 1591 sicut
2906 1526 3341 1605 Tertullianum,
3409 1552 3474 1592 ac

1860 1622 2136 1679 Justiuum
2168 1626 2333 1681 etiam
2366 1636 2658 1699 martyrem
2679 1669 2692 1692 ,
2722 1629 2813 1698 qui
2861 1627 2950 1684 ubi
2979 1627 3342 1686 ‘christianam
3387 1645 3475 1684 re-

1863 1714 2117 1786 ligiOnem
2146 1726 2333 1772 contra
2381 1718 2628 1774 ethnicos
2680 1730 2897 1787 tuetur,
2931 1719 3002 1774 ibi
3052 1719 3240 1775 scribit
3284 1736 3314 1775 a
3364 1719 3476 1776 da:—

174 1821 280 1860 men
311 1822 403 1876 pro
431 1817 678 1876 egestate
715 1808 1027 1872 maximum,
1071 1804 1283 1874 offeret,
1322 1806 1584 1865 beneﬁcia
1616 1811 1758 1865 acci-
1789 1819 1838 1880 Β
1865 1809 2116 1865 monibus
2143 1851 2158 1875 ,
2187 1809 2278 1881 qui
2317 1809 2643 1866 lavationem
2691 1813 2758 1865 ah
2790 1811 2947 1866 Esaia
2997 1812 3256 1883 propheta
3304 1807 3476 1866 indic-

175 1915 286 1969 pere
311 1900 561 1957 debebit?
593 1902 723 1969 Qtia:
747 1912 926 1956 autem
958 1904 1131 1973 major
1162 1897 1262 1959 hac
1289 1919 1411 1959 esse
1454 1913 1630 1971 potest
1674 1904 1757 1959 in-

169 1993 294 2063 juria
319 2006 370 2049 et
395 1995 693 2064 iniquitas?
721 1995 920 2050 Eadem
942 2008 1073 2051 vero
1104 1995 1334 2060 ratione,
1368 1993 1411 2050 si
1435 1994 1544 2052 duo
1573 1997 1760 2066 p0puli

169 2101 333 2142 secum
355 2088 502 2144 bello
529 2078 890 2154 decertantes,
923 2091 1110 2145 eadem
1145 2091 1368 2145 Omnino
1392 2092 1654 2146 sacriﬁcia
1687 2091 1762 2146 fa-

170 2182 317 2244 ciant.
347 2194 460 2237 tum
489 2183 564 2238 dii
597 2185 703 2239 illis
731 2197 912 2255 opem,
943 2200 1102 2256 quam
1129 2187 1312 2256 utique
1336 2200 1520 2256 parem
1549 2200 1763 2241 meren-

171 2286 262 2339 tur,
292 2276 434 2334 ferre
460 2290 756 2348 numquam
790 2287 1063 2348 poterunt.
1653 2295 1661 2298 '

232 2370 425 2426 Verum
486 2384 552 2429 ea
595 2373 894 2440 sacrificia,
937 2374 1154 2430 aiebant
1191 2374 1428 2439 ethnici,
1472 2373 1540 2428 ad
1587 2373 1763 2429 hono-

175 2469 360 2525 randos
387 2471 560 2536 deos,
619 2472 1158 2544 amplificandamquc
1202 2489 1388 2527 eorum
1443 2471 1759 2543 dignitatem

169 2573 302 2617 recte
345 2563 594 2618 instituta
645 2573 790 2620 sunt.
823 2565 930 2620 Sed
984 2566 1035 2621 id
1081 2567 1257 2636 palam
1299 2566 1566 2636 planeque
1606 2573 1764 2637 negat

168 2655 423 2711 Arnobius
450 2657 670 2726 (Arnob.
695 2699 708 2720 ,
740 2659 828 2712 lib.
862 2674 933 2714 vn
956 2699 970 2722 ,
1018 2677 1137 2733 pag.
1171 2660 1278 2716 29.0
1314 2673 1359 2714 et
1397 2658 1582 2731 seqq.).
1628 2659 1762 2716 Nam

169 2746 422 2802 honorum
459 2748 889 2820 dignitatumque
931 2751 1208 2806 attributio
1257 2760 1312 2806 et
1361 2752 1761 2807 incrementum

169 2843 216 2896 in
279 2844 406 2897 solis
455 2843 768 2898 hominibus
833 2844 1007 2898 locum
1061 2845 1238 2900 habet.
1284 2842 1423 2900 Deus
1487 2846 1765 2900 enimvero

169 2937 307 2992 nullo
345 2954 574 3008 prorsus
615 2936 775 2993 modo
819 2938 1111 3008 dignitate,
1158 2940 1428 3009 potentia,
1467 2939 1764 2994 honoribus

169 3032 343 3102 augeri
382 3043 584 3102 potest.
634 3032 771 3098 Quin
803 3034 964 3087 etiam
1008 3033 1098 3102 qui
1139 3022 1422 3097 humanis,
1470 3033 1542 3086 ait
1585 3033 1764 3086 Arno-

170 3126 313 3194 bius,
341 3127 643 3181 honoribus
685 3136 958 3192 mactatur,
1004 3128 1055 3181 id
1096 3138 1178 3182 est
1217 3127 1441 3191 Servio,
1487 3128 1768 3183 Brissonio

1867 1911 1974 1957 tam
2002 1897 2374 1974 cognoverant
2397 1955 2409 1971 ,
2448 1891 2698 1960 effectum
2733 1894 2902 1959 fuisse
2931 1922 2943 1968 ;
2978 1913 3037 1958 ut
3073 1904 3304 1976 gentiles
3336 1915 3477 1958 tem-

1863 1999 1953 2068 pla
1996 2013 2090 2052 sua
2119 1999 2429 2069 ingresuri,
2483 2015 2543 2053 se
2571 1993 2716 2068 ipsos
2748 2006 2802 2054 et
2832 2015 2986 2070 aqua:
3031 1999 3348 2072 aspersione
3396 1999 3482 2053 lu-

1861 2092 2127 2154 strarent,
2162 2090 2218 2146 ef.
2246 2088 2360 2146 toto
2388 2091 2551 2146 etiam
2575 2103 2804 2163 corpore
2836 2094 3146 2148 lavarentur
3173 2090 3465 2166 (Brisson.,

1863 2182 1954 2235 lib.
1987 2200 2000 2236 ι
2032 2180 2096 2237 de
2150 2181 2329 2239 Form.
2354 2225 2369 2250 ,
2419 2198 2539 2254 pag.
2595 2183 2628 2238 6
2653 2194 2700 2238 et
2747 2194 2929 2254 seqq.;
2964 2180 3193 2239 Tertull.
3218 2226 3234 2252 ,
3278 2184 3369 2239 lib.
3418 2180 3483 2238 de

1861 2275 2152 2347 Baptism,
2197 2294 2313 2350 cap.
2353 2275 2427 2343 5;
2469 2277 2669 2333 Justin.
2694 2322 2707 2346 ,
2753 2279 2975 2351 Apolog.
3017 2296 3090 2345 ιι,
3119 2297 3207 2334 seu
3232 2296 3284 2346 ι,
3325 2299 3379 2350 p.
3413 2279 3485 2335 94

1864 2379 1910 2424 et
1935 2377 2120 2441 δέρᾳ).
2161 2370 2502 2441 QuaprOpter
2532 2372 2877 2440 Lactantius,
2931 2374 3003 2425 uti
3048 2387 3148 2427 suo
3178 2374 3300 2428 loco
3330 2369 3484 2428 vide-

1865 2466 2072 2532 bimus,
2104 2479 2202 2520 eos
2228 2465 2481 2536 corripit,
2530 2475 2813 2536 propterea
2865 2465 3008 2534 quod
3051 2466 3137 2535 pie
3181 2480 3240 2520 se
3276 2465 3485 2520 sacrifi-

1865 2563 2022 2614 casse
2085 2557 2498 2623 existimarent,
2559 2558 2604 2612 si
2660 2565 2818 2612 antea
2878 2544 3123 2613 laverint
3168 2556 3478 2631 (Lactant.,

1868 2650 1955 2704 lib.
1982 2666 2015 2704 ν
2039 2649 2278 2705 Institut.
2304 2694 2318 2717 ,
2364 2664 2482 2720 cap.
2531 2645 2604 2707 ‘20
2628 2693 2640 2714 ,
2687 2659 2811 2720 pag.
2839 2647 2992 2721 512).

1938 2743 2047 2800 Sed
2071 2743 2187 2799 [nec
2216 2742 2490 2799 sacrificiis
2521 2744 2808 2816 praemissa
2843 2742 3040 2798 lavatio
3061 2784 3076 2810 ,
3109 2753 3204 2797 seu
3233 2741 3440 2798 ablutio
3466 2784 3483 2810 ,

1868 2846 1961 2892 aut
1987 2837 2232 2908 aspersio
2278 2853 2385 2892 non
2428 2832 2732 2900 efficiebat,
2769 2842 2827 2890 ut
2879 2833 3144 2890 Caesarum
3173 2832 3476 2890 bosﬁarum

1869 2933 2130 3003 sanguine
2151 2974 2165 2997 ,
2189 2941 2245 2988 et
2276 2933 2561 3002 putoribus
2583 2974 2596 2994 ,
2629 2946 2768 3002 quos
2799 2945 2901 2984 nec
2929 2929 3032 3010 ipsi
3080 2929 3486 2997 sacriﬁcantes,

1871 3027 2010 3080 sicut
2056 3035 2246 3079 auctor
2278 3034 2464 3078 noster
2508 3030 2656 3078 recte
2705 3013 2883 3093 arguit
2926 3011 3147 3091 (Arnob.
3176 3062 3190 3086 .
3243 3011 3333 3075 lib.
3365 3031 3438 3075 vn
3467 3061 3481 3081 ,

1873 3136 1992 3190 pag.
2024 3116 2188 3189 ἓξὲξ),
2233 3114 2375 3174 ferre
2423 3126 2670 3188 poterant
2701 3117 2772 3172 dii
2828 3118 3243 3171 honorarentur.
3281 3115 3471 3183 Neque

176 3230 222 3271 ct
251 3220 366 3274 aliis
393 3220 812 3291 interpretibus,
849 3224 998 3290 quasi
1046 3222 1216 3291 magis
1257 3230 1482 3288 augetur
1505 3263 1518 3288 ,
1563 3221 1656 3275 illo
1689 3223 1767 3275 in-
1792 3207 1836 3269 C
1871 3211 2072 3265 dixeris
2097 3227 2125 3263 a
2153 3210 2416 3265 Cicerone
2443 3209 2623 3263 citatis
2653 3206 2862 3279 legibus
2893 3222 3014 3262 cum
3062 3206 3307 3291 corporis
3341 3205 3488 3261 lava-

175 3312 331 3367 fcrior
361 3323 446 3369 est
467 3355 481 3379 ,
527 3314 681 3382 cnjns
721 3323 945 3382 augetur
986 3314 1220 3382 potentia
1252 3313 1438 3384 (Serv.
1467 3357 1480 3377 ,
1511 3314 1563 3366 in
1595 3315 1683 3369 lib.
1717 3331 1770 3368 tv

172 3405 379 3462 .Eneid.
404 3423 502 3474 ,1,
548 3425 668 3477 pag.
712 3407 850 3472 516,
901 3417 945 3460 et
982 3405 1251 3470 Brisson.,
1297 3407 1385 3460 lib.
1418 3424 1434 3460 ι
1479 3408 1541 3460 de
1582 3405 1764 3461 Form.

170 3519 281 3573 pag.
319 3503 437 3574 21).
473 3502 544 3558 At
570 3503 656 3570 id,
702 3515 794 3558 aut
821 3504 944 3573 quid
978 3505 1153 3558 simile
1181 3504 1248 3559 de
1291 3504 1400 3560 Deo
1451 3505 1638 3560 dicere
1684 3507 1768 3561 vel

171 3599 398 3666 cogitare
429 3597 654 3666 impium
686 3606 769 3652 est
809 3597 936 3665 (Cic.
967 3641 982 3664 ,
1013 3603 1200 3669 fragm.
1224 3640 1238 3663 ,
1268 3615 1390 3670 pag.
1422 3599 1537 3671 16).

234 3690 341 3745 Nos
375 3691 560 3760 itaque
585 3690 757 3745 Deum
790 3706 948 3755 vere,
975 3707 1036 3745 ac
1065 3692 1298 3746 maxime
1318 3735 1331 3754 ,
1374 3701 1428 3745 et
1468 3707 1630 3763 super
1660 3708 1768 3747 casa

175 3793 282 3838 tera
331 3785 514 3838 omnia
565 3784 897 3838 honoramus
950 3793 1020 3857 et.
1058 3785 1315 3850 colimus;
1357 3801 1478 3839 cum
1534 3786 1603 3840 de
1654 3787 1772 3855 ipso

173 3875 324 3945 digne
369 3875 642 3931 sentimus
691 3876 948 3943 (Arnob.,
1001 3876 1090 3932 lib.
1126 3892 1234 3941 \‘lt,
1282 3894 1402 3948 pag.
1433 3877 1584 3946 2'22).
1630 3877 1771 3932 Nihil

172 3969 365 4038 quippe
390 3968 664 4025 credimus
711 3971 762 4024 in
797 3971 887 4025 illo
928 3985 1054 4026 esse
1077 4013 1090 4034 ,
1139 3971 1282 4041 quod
1316 3973 1444 4026 solis
1484 3974 1773 4027 conveniat

171 4064 528 4130 mortalibus,
588 4074 679 4118 aut
735 4065 837 4134 ipsi
891 4067 1268 4129 extrinsecus,
1321 4081 1428 4134 quo
1468 4065 1771 4136 perturbari

174 4157 376 4223 possit,
419 4156 687 4211 adveniat.
740 4153 921 4211 Palam
954 4172 1170 4227 quoque
1218 4156 1450 4212 fatemur
1480 4158 1632 4211 illum
1678 4171 1776 4212 sua

175 4247 225 4300 vi
270 4264 330 4302 se
381 4246 776 4317 perfectissime
828 4264 1187 4320 cognoscere,
1224 4249 1488 4321 necj’ullo
1537 4265 1775 4320 unquam

177 4338 468 4395 iracundia:
496 4382 511 4406 ,
544 4341 868 4411 voluptatis,
904 4342 1214 4396 ambitionis
1238 4384 1254 4408 ,
1288 4342 1632 4412 cupiditatis,
1684 4351 1777 4397 aut

175 4433 368 4501 quovis
395 4433 578 4503 ejusce
605 4433 752 4488 modi
788 4435 893 4488 alio
926 4444 1075 4490 motu
1099 4435 1309 4503 agitari.

243 4527 378 4593 Quis
399 4543 530 4598 ergo
559 4543 666 4581 non
695 4528 811 4584 sine
831 4529 989 4582 sibilo
1013 4529 1267 4598 explodat
1290 4530 1538 4584 ethnicos
1560 4526 1774 4602 (1ὁὶί1.),

1875 3306 2020 3359 tione
2046 3311 2253 3359 castum
2287 3304 2526 3357 animum
2569 3290 2792 3373 requiri.
2824 3298 2957 3356 Nam
2991 3297 3126 3356 nihil
3157 3301 3224 3356 de
3258 3290 3344 3354 illa
3377 3317 3476 3354 cu-

1874 3404 2064 3457 rabant
2095 3403 2342 3472 gentiles.
2376 3401 2494 3469 Quo
2527 3411 2709 3476 autem
2754 3400 2916 3454 modo
2947 3392 3130 3453 castus
3160 3413 3284 3453 esse
3329 3409 3487 3469 pote-

1875 3508 2164 3550 ratcorum
2210 3493 2451 3558 animus,
2482 3495 2570 3564 qui
2602 3493 2704 3548 diis
2749 3493 2930 3559 omni,
2969 3492 3044 3545 uti
3090 3489 3485 3556 venditabant,

1875 3586 2300 3642 effrenatissimze
2331 3585 2571 3642 libidinis
2614 3593 2668 3640 et
2705 3583 3055 3654 impudicitia:
3104 3598 3309 3655 genere
3356 3597 3490 3637 con-

1875 3681 2142 3735 taminatis
2171 3696 2232 3735 ca
2256 3693 2375 3748 qua:
2403 3680 2632 3734 diximus
2653 3721 2666 3742 ,
2700 3679 2968 3734 faciebant
2999 3675 3263 3733 sacriﬁcia
3287 3676 3310 3728 ἲ

1950 3777 2217 3829 i—‘mterea
2269 3789 2437 3838 vero,
2484 3774 2528 3827 si
2579 3770 2895 3827 sacriﬁcatis
2941 3765 3268 3826 animalibus
3313 3770 3489 3825 honos

1877 3870 1979 3925 diis
2012 3870 2282 3932 redditur,
2319 3882 2415 3922 cur
2454 3867 2685 3922 ethnicis
2735 3868 2799 3920 iis
2856 3883 2962 3920 non
3011 3865 3327 3920 mactabant
3371 3863 3486 3919 eicc

1877 3965 2142 4032 phantos,
2200 3977 2394 4025 ursos,
2446 3975 2645 4024 canes,
2679 3956 2892 4025 belbas,
2943 3959 3109 4013 codex
3161 3974 3262 4013 ms.
3311 3959 3489 4026 regius

1879 4059 2107 4122 belluas,
2141 4058 2315 4111 littera
2344 4072 2397 4110 ιι.
2434 4072 2532 4126 pro
2561 4055 2609 4109 b.
2666 4071 2818 4109 more
2868 4054 3027 4108 solito
3058 4055 3227 4123 posita
3273 4051 3442 4126 (Ibid.
3466 4096 3481 4122 ,

1880 4167 2000 4221 pag.
2021 4149 2173 4220 223).
2205 4148 2363 4204 Belba
2397 4159 2575 4203 autem
2607 4144 2746 4203 idem
2773 4145 3040 4216 significat
3069 4159 3230 4216 atque
3264 4147 3452 4216 hymno
3474 4189 3488 4212 ,

1878 4243 2336 4314 quemadmodum
2366 4241 2612 4311 epistola:
2636 4255 2665 4293 a
2697 4240 2944 4294 Barnaba
2973 4240 3187 4308 scripta:
3220 4240 3492 4308 interpres

1880 4335 2401 4406 pseudo-Clemens,
2433 4329 2769 4405 Capitolinus
2801 4345 2852 4388 et
2897 4331 3199 4408 Cotelcrius
3229 4332 3457 4388 observa
3477 4364 3491 4371 -

1880 4441 2007 4486 runt
2060 4428 2354 4503 (Barnab.,
2403 4429 2617 4500 Epist.,
2657 4447 2799 4483 num.
2854 4427 2958 4493 if);
3010 4427 3206 4492 Clem.,
3251 4426 3340 4480 lib.
3392 4443 3492 4481 vnt

1881 4527 2148 4596 Recognit.
2181 4567 2197 4592 ,
2226 4526 2253 4597 §
2285 4525 2356 4580 2‘31
2377 4543 2396 4589 ;
2419 4523 2642 4595 Capitol.
2668 4567 2681 4590 ,
2707 4524 2797 4578 sub
2819 4523 2911 4591 ﬁn.
2933 4564 2947 4587 ,
2971 4521 3133 4575 Gardi
3155 4523 3186 4576 5
3205 4539 3223 4586 ;
3243 4519 3451 4574 Coteler
3477 4565 3491 4588 ,

177 4623 264 4691 qui
315 4623 700 4678 existimabant
727 4638 785 4676 se
813 4639 920 4677 non
951 4625 1234 4679 minimum
1268 4625 1370 4680 diis
1399 4627 1511 4679 suis
1541 4624 1761 4680 tribuert

1885 4619 1936 4673 in
1983 4621 2124 4672 citat.
2158 4620 2305 4689 epist.
2335 4617 2615 4688 Barnab.).
2665 4617 2773 4672 Cur
2821 4619 2982 4671 etiam
3010 4615 3215 4670 ethnici
3248 4630 3356 4669 non
3390 4617 3495 4669 im-

183 4708 479 4780 lionorem,
532 4715 577 4768 si
607 4730 761 4770 sacra
791 4716 1020 4786 quadam
1050 4719 1295 4787 corporis
1329 4719 1599 4773 Iavatione
1629 4720 1779 4790 prius

180 4806 569 4872 abluerentur,
617 4822 778 4875 quam
831 4816 956 4862 ante
998 4807 1211 4862 illorum
1257 4824 1350 4863 ora
1406 4808 1635 4875 bovem,
1687 4820 1781 4866 aut

178 4897 319 4952 aliud
373 4898 573 4953 animal
613 4898 924 4953 occiderent
969 4900 1219 4971 illiusque
1264 4901 1606 4958 effunderent
1657 4918 1780 4957 san-

177 4991 434 5059 guinem?
485 4991 704 5060 Templa
760 4991 1038 5047 enimvero
1095 5003 1379 5062 antequam
1435 4992 1778 5059 adirent,ab

179 5083 318 5136 omni
345 5082 457 5136 labe
480 5098 540 5137 se
568 5099 758 5154 puros,
787 5092 845 5137 ut
873 5083 946 5137 ait
992 5085 1261 5140 Arnobius
1307 5084 1500 5157 (Ibid.)
1519 5129 1533 5151 ,
1570 5087 1738 5141 lautos
1761 5129 1776 5153 ,

178 5191 271 5232 seu
324 5178 570 5243 lavatos,
613 5178 1023 5248 castissimosquc
1067 5180 1412 5248 praestabant,
1463 5191 1556 5235 aut
1601 5181 1780 5252 potius

182 5285 238 5324 se
297 5280 557 5340 praestare
586 5270 1006 5326 arbitrabantur.
1056 5272 1130 5327 De
1183 5273 1274 5326 illo
1313 5284 1491 5327 autem
1538 5273 1780 5328 ethnico-

180 5378 298 5418 rum
332 5378 451 5418 sese
470 5361 685 5417 levandi
709 5379 860 5417 more
882 5363 1098 5432 scripsit
1124 5365 1346 5420 Cicero:
1369 5365 1592 5421 «Castos
1619 5365 1781 5420 Jubet

181 5458 267 5512 lcx
296 5458 446 5514 adire
467 5459 530 5512 ad
549 5457 705 5526 deos,
726 5457 906 5512 animo
927 5453 1195 5529 videlicet,
1221 5465 1270 5518 in
1296 5481 1399 5535 quo
1429 5474 1554 5520 sum
1576 5466 1775 5518 omnia.

179 5547 290 5604 Nec
325 5551 458 5605 tollit
482 5549 862 5606 casdmoniam
892 5556 1132 5624 corporis
1158 5575 1170 5610 :
1195 5557 1292 5611 sed
1317 5558 1419 5612 hoc
1447 5567 1666 5628 oportet
1694 5559 1778 5612 in-

181 5645 379 5714 telligi,
411 5661 528 5700 cum
553 5645 780 5700 multum
809 5646 1017 5700 animus
1044 5653 1256 5720 corpori
1300 5660 1546 5720 priestet,
1595 5653 1780 5707 obser-

183 5751 444 5809 vaturque
493 5752 548 5794 ut
603 5750 756 5795 casto
816 5755 1046 5811 corpore
1108 5744 1370 5810 adeatur,
1439 5746 1610 5800 multo
1662 5762 1784 5802 csse

187 5835 239 5888 in
267 5836 462 5890 animis
485 5836 808 5892 servandum
839 5838 1025 5907 magis.
1060 5835 1190 5893 Nam
1229 5839 1362 5896 illud
1406 5843 1489 5897 vel
1538 5842 1664 5895 illud
1698 5859 1782 5896 as-

198 5931 513 5998 aspersione
537 5947 712 6002 aquae,
749 5931 836 5988 vel
869 5931 1082 5988 dierum
1127 5950 1352 5992 numero
1383 5936 1586 5993 tollitur
1620 5955 1632 5989 :
1665 5937 1781 5990 ani-

1884 4715 2160 4770 molabant
2204 4712 2562 4767 Immissulum
2611 4723 2657 4766 et
2712 4710 3007 4772 Puteoues,
3057 4710 3146 4779 qui
3192 4718 3326 4763 teste
3383 4708 3495 4762 Pli-

1885 4809 2011 4870 nio,
2066 4806 2462 4871 Aldrovando,
2525 4817 2580 4860 et
2626 4805 2747 4859 aliis
2799 4803 3051 4873 quantum
3109 4810 3265 4856 erant
3313 4802 3493 4855 avium

1883 4915 2080 4972 genera
2106 4918 2120 4966 ;
2149 4917 2247 4956 cur
2274 4917 2375 4957 nec
2401 4901 2655 4972 solifugas
2679 4916 2771 4954 seu
2797 4899 3063 4969 solipugas
3104 4939 3119 4961 ,
3155 4910 3252 4951 seu
3292 4896 3496 4950 bestio-

1885 4997 1962 5049 las
2015 4995 2322 5059 maleficas,
2374 5011 2495 5065 quae
2541 5011 2661 5049 cum
2714 4992 2794 5046 s’ol
2863 4991 3139 5046 ardentior
3199 4998 3317 5052 est,
3381 4999 3491 5042 tum

1884 5090 2063 5144 acrius
2116 5100 2398 5160 pungunt;
2455 5104 2552 5144 cur
2580 5104 2678 5143 nec
2729 5087 2986 5150 natrices,
3021 5100 3114 5137 seu
3164 5089 3485 5151 serpentes,

1884 5200 2153 5240 venenum
2185 5186 2236 5238 in
2282 5200 2474 5256 aquam
2506 5182 2793 5237 fundentes
2819 5223 2833 5246 ,
2879 5177 2947 5234 de
2992 5177 3185 5249 quibus
3215 5175 3357 5229 idem
3386 5172 3498 5230 Pli-

1884 5279 2036 5338 nius,
2085 5278 2337 5342 Solinus,
2389 5277 2676 5342 Lucanus,
2728 5274 3004 5329 Isidorus.
3061 5272 3287 5332 Cicero,
3327 5266 3495 5321 Colu-

1885 5370 2080 5436 mella,
2113 5381 2167 5424 et
2198 5386 2295 5426 nos
2325 5371 2453 5424 alibi
2498 5368 2668 5440 (Plin.
2691 5412 2705 5432 ,
2737 5365 2825 5421 lib.
2877 5382 3006 5420 xvm
3075 5362 3271 5416 Natur.
3328 5362 3448 5413 hist.
3479 5401 3494 5425 ,

1885 5482 2001 5533 cap.
2033 5465 2064 5519 7
2094 5476 2139 5520 et
2165 5466 2234 5528 8;
2275 5465 2443 5530 idem,
2487 5467 2576 5518 lib.
2609 5479 2736 5525 vm,
2773 5480 2889 5534 cap.
2947 5459 3055 5521 50;
3095 5458 3186 5512 lib.
3221 5470 3332 5509 χχιι
3375 5471 3494 5523 cap.

1885 5559 2147 5625 ult.;lib.
2181 5577 2349 5630 xxix,
2400 5578 2518 5629 cap.
2549 5561 2621 5622 4;
2677 5559 2888 5619 Solim,
2939 5571 3057 5623 cap.
3111 5555 3172 5614 4,
3219 5564 3343 5619 pag.
3391 5547 3493 5612 48;

1887 5650 2084 5708 Lucan.
2113 5696 2127 5716 ,
2152 5653 2239 5708 lib.
2281 5670 2330 5706 Ix
2353 5696 2366 5718 ,
2409 5669 2536 5706 vers.
2569 5651 2710 5713 857;
2740 5650 2931 5703 Isidor.
2959 5688 2972 5708 ,
3033 5643 3121 5699 lib.
3173 5658 3243 5696 xu
3295 5636 3448 5708 Orig.
3472 5679 3486 5703 ,

1887 5765 2003 5817 cap.
2034 5749 2102 5812 lt;
2132 5745 2294 5800 Cicer.
2320 5787 2333 5810 ,
2369 5747 2460 5800 lib.
2492 5762 2542 5800 ιν
2597 5731 2744 5797 acad.
2794 5741 3014 5807 Qu'z‘stq
3065 5755 3186 5810 pec.
3219 5734 3330 5791 55:
3377 5731 3484 5787 Co-

1889 5841 2062 5894 lumel.
2088 5881 2101 5904 ,
2132 5839 2219 5892 lib.
2253 5853 2301 5900 ι,
2338 5855 2452 5908 cap.
2501 5838 2577 5906 5).

1967 5927 2392 6001 Respondebant
2419 5929 2644 6002 gentiles
2671 5969 2685 5994 ,
2717 5937 2770 5982 ut
2794 5921 3008 5981 debitus
3053 5924 3156 5981 diis
3184 5921 3359 5975 honos
3408 5917 3502 5972 tria
