3872 6356
377 329 483 388 639

1633 344 2086 405 DISSERTATIO
2111 347 2391 410 PR/EVIA

3572 365 3661 421 640

371 445 604 515 buatur,
641 461 705 506 ea
730 463 854 508 esse
877 451 1263 525 sacriﬁcando,
1296 472 1416 530 qum
1445 458 1523 517 illi
1551 461 1618 516 ad
1647 462 1811 518 vitam
1858 479 1980 520 sus-
2008 469 2059 530 Α
2085 465 2256 524 videri
2285 469 2523 538 possint;
2556 483 2714 526 nemo
2744 480 2920 528 tamen
2962 473 3278 534 difﬁtebitur
3306 479 3374 534 iis
3416 482 3650 539 omnibus

372 542 684 600 tentandsm
710 545 868 602 nobis
892 550 1326 624 suppeditarunt.
1350 553 1492 624 Ergo
1516 597 1532 620 ,
1581 556 1754 627 inquit
1781 568 1960 613 auctor

374 644 595 702 noster,
626 637 1036 697 sacriﬁcandum
1063 653 1147 698 est
1169 645 1248 699 eis
1270 686 1286 711 ,
1317 646 1598 710 cuminum,
1630 649 1805 715 cujus,
1835 666 1967 720 pra-

378 736 460 781 ter
487 726 626 783 alios
679 733 925 787 meminit
951 733 1154 789 Plinius
1179 733 1345 796 (Plin.
1372 777 1388 804 ,
1421 737 1512 793 lib.
1545 755 1637 794 xtx
1664 739 1802 795 Hist.
1833 751 1966 810 nat.,

375 837 492 892 cap.
518 821 588 887 8,
640 841 762 896 pag.
790 826 919 896 6l3)
946 867 962 893 ,
1010 828 1093 881 vel
1140 831 1496 898 nasturcium,
1533 833 1601 888 ab
1649 849 1716 891 eo
1754 851 1972 908 quoque

376 924 774 985 memoratum,
833 926 889 973 et
935 933 1072 989 quo,
1120 930 1472 986 tit-testatur,
1518 923 1743 994 Cicero,
1793 929 1974 985 Persa:

377 1009 525 1064 vesci
567 1009 844 1076 solebant;
879 1011 962 1066 vel
1011 1013 1218 1082 bulbos,
1265 1015 1334 1070 ab
1378 1017 1591 1084 Ovidio,
1623 1030 1676 1076 et
1731 1021 1974 1078 Martiale

381 1100 574 1172 (Plin.,
605 1101 730 1156 ibid.
752 1147 766 1168 ,
797 1121 916 1176 pag.
947 1107 1074 1170 6H;
1096 1105 1204 1164 Cic.
1227 1151 1242 1174 ,
1273 1108 1367 1164 lib.
1401 1112 1465 1166 de
1487 1110 1695 1180 Finib.,
1729 1132 1783 1186 p.
1804 1115 1893 1182 66,
1928 1125 1976 1170 cl

375 1193 465 1248 lib.
491 1211 520 1247 v
545 1194 758 1251 Tuscul.
781 1239 798 1265 ,
851 1216 973 1271 pag.
995 1200 1132 1267 192;
1170 1201 1348 1269 0vid.,
1377 1207 1470 1260 sub
1501 1206 1604 1275 ﬁne
1643 1207 1732 1263 lib.
1762 1208 1971 1262 Rcmcd.

373 1303 581 1356 auten;
613 1291 876 1358 ἅπτεαι..
905 1294 996 1350 lib.
1025 1311 1102 1355 ttt.
1125 1294 1310 1370 Epigr.
1341 1299 1434 1373 3b)
1465 1299 1810 1368 decantatas,
1843 1315 1979 1373 quo-

375 1397 493 1437 rum
524 1395 734 1450 natura,
755 1397 891 1443 teste
919 1387 1114 1453 Plinio,
1157 1391 1316 1448 sis-eri
1343 1404 1397 1448 et
1421 1395 1709 1464 pastinacae
1734 1395 1976 1464 proxima

376 1487 481 1544 est;
511 1479 595 1535 vel
617 1482 844 1550 acinum,
865 1498 960 1538 seu
989 1499 1264 1557 ocymum,
1281 1487 1493 1544 ocinnm
1516 1497 1570 1543 et
1589 1488 1765 1552 ozina,
1791 1487 1980 1558 dequo

377 1582 580 1638 praeter
602 1574 714 1641 jam
746 1574 1018 1631 laudatum
1045 1576 1277 1632 Plinium
1311 1578 1514 1646 Varro,
1539 1581 1692 1644 Cato,
1715 1590 1771 1636 et
1797 1580 1976 1636 Theo-

377 1665 828 1741 phrastus_(Plin.
856 1715 871 1737 ,
904 1671 992 1726 lib.
1025 1673 1113 1726 cit.
1133 1715 1149 1739 ,
1194 1691 1316 1744 pag.
1347 1675 1443 1729 591
1470 1693 1490 1742 ;
1515 1676 1650 1731 idem
1669 1718 1684 1742 ,
1733 1676 1822 1732 lib.
1852 1694 1946 1733 χιι
1965 1719 1981 1744 ,

379 1774 497 1828 cap.
531 1759 594 1827 8,
628 1777 752 1831 pag.
786 1762 929 1829 ﬁll;
965 1760 1116 1820 Varr.
1150 1766 1214 1820 de
1239 1765 1318 1820 Re
1339 1777 1494 1833 rust.,
1539 1768 1625 1822 lib.
1661 1785 1699 1835 t,
1730 1786 1846 1840 cap.
1880 1771 1984 1835 31;

2073 572 2256 614 secum
2313 562 2662 631 compositis,
2728 573 2889 635 atque
2949 569 3250 640 conjunctis
3308 574 3656 641 superstitiosa

2072 655 2348 722 gentilium
2374 655 2632 712 sacriﬁcia
2659 658 2814 728 plane
2839 663 3157 732 penitusque
3178 664 3443 722 subverti.
3471 666 3548 724 Ad
3569 669 3656 724 alia

2075 745 2282 817 itaque,
2313 742 2360 802 si
2399 747 2578 816 lubet,
2629 751 2948 808 excutienda
2990 757 3293 811 veniamus.

2684 882 2971 926 Αιτιουιυε
3009 887 3087 926 ΙΙΙ.

2081 979 2392 1030 Ponderatur
2416 982 2545 1033 aliud
2583 981 2783 1033 Arnobii
2825 984 3064 1035 adversus
3105 986 3416 1038 ethnicorum
3449 985 3662 1038 sacriﬁcia

2141 1051 2508 1111 argumentum,
2524 1046 2645 1111 inde
2664 1047 2898 1111 petitum,
2923 1049 3052 1111 quod
3069 1049 3244 1111 hostiae
3269 1051 3356 1101 uni
3373 1051 3489 1110 deo,
3506 1060 3555 1101 et
3569 1052 3662 1101 alia:

2138 1103 2314 1218 tigri-ge
2328 1103 2715 1168 immolabantur,
2749 1111 2833 1159 ubi
2871 1103 3066 1164 de'diis
3101 1110 3294 1176 inferis,
3328 1120 3383 1164 et
3414 1103 3562 1164 scrofa
3592 1115 3663 1166 in-

2157 1293 2476 1363 Rejicienda
2516 1311 2638 1354 esse
2684 1298 2963 1368 gentilium
2997 1301 3272 1374 sacriﬁcia
3306 1311 3366 1359 ut
3413 1303 3667 1360 Arnobius

2081 1389 2252 1458 magis
2299 1390 2573 1461 magisque
2626 1391 2940 1461 patefaciat,
2978 1375 3046 1448 ab
3087 1394 3190 1451 illis
3240 1397 3417 1466 poscit
3457 1413 3552 1454 cur
3588 1401 3666 1453 uni

2081 1478 2185 1533 deo
2229 1489 2472 1547 taurum,
2512 1482 2665 1538 alteri
2693 1483 2906 1539 [nedum
2929 1527 2943 1550 ,
2978 1486 3103 1541 huic
3129 1503 3290 1548 oves.
3326 1489 3398 1544 illi
3442 1490 3660 1546 inscien-

2083 1581 2188 1626 tem
2229 1578 2473 1646 scrofam,
2501 1575 2548 1630 id
2574 1584 2658 1632 est
2681 1592 2831 1633 suem
2862 1580 3136 1650 gravidam
3155 1624 3169 1646 ,
3191 1591 3247 1637 et
3279 1586 3454 1653 partui
3486 1585 3668 1655 proxi-

2085 1682 2226 1721 mam
2250 1711 2265 1734 ,
2316 1684 2414 1723 cur
2461 1671 2688 1739 singulis
2723 1671 2830 1727 diis
2865 1675 3192 1746 singularem
3223 1678 3516 1747 quamdam
3552 1678 3670 1733 hos-

2101 1759 2262 1824 tiam,
2315 1769 2478 1830 atque
2531 1762 2635 1817 illis
2669 1762 2968 1831 fmminini,
3013 1765 3097 1821 his
3134 1767 3416 1824 masculini
3450 1772 3670 1841 generis,

379 1849 540 1919 Cato,
587 1854 652 1908 de
686 1854 764 1910 Re
801 1857 982 1913 rustic.
1008 1900 1023 1924 ,
1055 1875 1170 1931 cap.
1201 1861 1305 1925 ὄις
1352 1860 1613 1933 Tlteopbr.
1635 1906 1650 1929 ,
1681 1863 1772 1918 lib.
1807 1880 1878 1920 vtt
1921 1866 1984 1921 dc

2105 1852 2404 1923 ptibusdam
2457 1854 2564 1910 albi
2621 1858 2704 1913 vel
2759 1858 2894 1924 ruﬁ,
2949 1859 3074 1914 aliis
3126 1862 3272 1932 nigri
3325 1864 3527 1919 coloris
3573 1866 3674 1919 ani-

380 1944 584 2014 Plant.,
614 1965 733 2015 cap.
761 1949 833 2024 3)
866 1951 952 2008 vel
974 1953 1216 2008 cumilain
1247 1955 1506 2023 bubulam,
1536 1959 1692 2026 cujus
1722 1959 1980 2029 plurimas

380 2039 638 2096 utilitates
692 2041 1007 2098 describunt
1071 2044 1311 2112 Plinius,
1372 2047 1708 2117 Columella,
1759 2059 1815 2105 et
1862 2050 1982 2123 sal-

385 2133 591 2189 masius
634 2133 829 2206 (Plin.,
861 2137 950 2192 lib.
982 2154 1105 2200 six.
1139 2155 1258 2209 cap.
1287 2139 1343 2207 8,
1376 2150 1423 2195 ct
1452 2141 1540 2196 lib.
1588 2158 1658 2196 xx
1679 2184 1694 2210 ,
1724 2159 1840 2212 cap.
1880 2144 1982 2209 l5;

383 2227 634 2285 Columcl.
659 2271 674 2294 ,
707 2231 797 2284 lib.
826 2221 916 2286 XVI
959 2233 1023 2286 de
1070 2232 1149 2288 Re
1175 2235 1354 2290 rustic.
1374 2278 1387 2302 ,
1418 2252 1535 2307 cap.
1565 2237 1668 2302 l5;
1705 2236 1934 2293 Salmas.
1965 2280 1979 2304 ,

383 2323 436 2377 in
467 2322 639 2379 Solin.
662 2365 678 2390 ,
711 2341 834 2396 pag.
875 2325 1015 2381 1275
1045 2338 1094 2380 ct
1118 2330 1304 2399 θείη).

456 2417 622 2490 Urget
647 2420 895 2476 ethnicos
917 2421 1138 2490 (Arnob.
1165 2464 1181 2491 ,
1207 2424 1294 2478 lib.
1325 2441 1398 2480 vtt
1417 2467 1431 2489 ,
1456 2442 1576 2496 pag.
1595 2424 1702 2480 εει
1727 2435 1774 2480 et
1818 2424 1983 2498 seqq.)

382 2511 694 2568 Arnobius:
725 2514 781 2569 Si
810 2529 972 2570 canes
995 2557 1011 2580 ,
1043 2516 1218 2582 asini,
1259 2517 1445 2586 porci,
1492 2519 1806 2586 motacillte,
1855 2535 1984 2576 aves

382 2605 624 2672 scilicet,
675 2621 796 2678 quae
851 2616 1142 2664 attestante
1181 2607 1408 2679 (νυνι,
1469 2611 1558 2665 lib.
1605 2627 1656 2666 tv
1713 2612 1778 2665 de
1829 2611 1984 2684 Ling.

383 2697 477 2752 lat.
500 2739 516 2764 ,
549 2715 669 2768 pag.
705 2697 1044 2771 i9)Varrone
1065 2741 1080 2766 ,
1112 2699 1340 2755 caudam
1394 2717 1610 2772 semper
1641 2714 1858 2759 movent
1882 2746 1898 2768 ,
1945 2705 1988 2759 si

396 2793 746 2865 hirundines,
791 2807 1015 2865 accepto
1044 2795 1225 2866 aliquo
1271 2796 1620 2852 humanitatis
1649 2813 1842 2864 sensu,
1874 2814 1991 2853 cre-

390 2887 586 2943 derent
634 2886 765 2943 deos
815 2903 914 2944 nos
958 2904 1117 2953 esse,
1166 2891 1428 2960 nobisque
1469 2907 1619 2946 sacra
1649 2891 1825 2948 facere
1875 2895 1991 2948 vel-

389 2979 534 3047 lent,
566 2980 824 3052 numquid
882 2982 1073 3037 honori
1125 2982 1450 3038 duceremus
1499 2985 1568 3038 ab
1612 2985 1716 3039 illis
1747 3002 1992 3050 muscas,

384 3073 672 3139 formicas,
727 3084 1006 3140 stercora,
1054 3075 1286 3147 aliaque,
1337 3077 1534 3147 quibus
1567 3078 1806 3142 aluntur,
1840 3079 1998 3134 nobis

385 3164 720 3221 sacriﬁcari?
761 3165 926 3237 Atqui
970 3165 1046 3222 dii
1097 3168 1347 3222 mactatis
1387 3180 1692 3234 taurorum,
1739 3171 1997 3226 aliorum-

2081 1944 2585 2003 malimmol'arent.
2648 1949 2763 2019 Qua
2820 1966 2947 2007 vero
2993 1952 3151 2024 lege,
3205 1954 3420 2025 inquit,
3473 1955 3527 2011 id
3582 1957 3674 2011 ali-

2082 2037 2297 2107 quando
2370 2048 2628 2094 statutum
2679 2041 2807 2096 est?
2859 2041 2998 2109 Quid
3059 2045 3222 2099 etiam
3299 2045 3466 2102 refert
3525 2048 3668 2118 cujus

2084 2133 2331 2188 animalis
2376 2134 2524 2189 caede
2575 2135 2791 2207 aliquod
2824 2137 3062 2193 hominis
3107 2139 3334 2194 debitum
3383 2142 3576 2208 litatur,
3619 2151 3670 2198 et

2085 2226 2307 2283 sedetur
2337 2227 2562 2284 deorum
2612 2231 2927 2287 iracundia?
2969 2233 3238 2309 Numquid
3271 2235 3356 2291 his
3383 2236 3546 2292 unius
3589 2253 3678 2306 po-

2087 2323 2192 2377 tius
2223 2336 2387 2390 quam
2439 2323 2660 2379 alterius
2693 2327 2913 2396 sanguis
2961 2327 3168 2398 gratior
3193 2337 3280 2384 est
3301 2338 3355 2384 et
3380 2331 3678 2399 acceptior?

2161 2414 2582 2486 ReSpondebant
2630 2417 2830 2474 ethnici
2883 2419 3015 2476 deos
3046 2435 3226 2477 mares
3274 2436 3401 2478 esse
3432 2432 3490 2478 et
3538 2423 3680 2478 femi-

2094 2522 2223 2574 nas,
2263 2507 2400 2563 alios
2435 2508 2658 2564 dextros
2688 2509 2825 2566 alios
2853 2511 3050 2574 laevos.
3103 2511 3371 2583 quosdam
3421 2528 3673 2586 superos,

2094 2609 2148 2653 et
2201 2601 2490 2655 nonnullos
2535 2601 2772 2669 inferos,
2822 2615 2987 2675 atque
3041 2605 3244 2662 idcirco
3286 2607 3393 2663 illis
3441 2609 3680 2664 victimas

2097 2695 2297 2750 diversi
2328 2697 2545 2767 generis
2574 2697 2882 2754 credendas.
2915 2701 2986 2756 At
3017 2699 3068 2755 id
3105 2701 3320 2771 quidem
3353 2719 3383 2757 a
3417 2702 3526 2758 diis
3553 2719 3683 2774 pra:-

2099 2801 2312 2860 ceptum
2347 2792 2512 2846 fuisse
2555 2793 2786 2863 probare
2827 2785 3051 2850 forsitan
3095 2804 3344 2866 poterant
3393 2797 3494 2852 hoc
3524 2797 3685 2868 Apol-

2100 2881 2222 2938 linis
2253 2885 2476 2939 oraculo
2497 2926 2512 2950 ,
2541 2887 2733 2955 grtecis
2776 2887 3024 2942 versibus
3065 2887 3212 2942 edito
3233 2931 3246 2953 ,
3276 2887 3422 2958 quod
3467 2905 3533 2944 ex
3564 2888 3688 2942 Por-

2100 2976 2291 3049 pltyrio
2332 2977 2594 3034 Eusebius
2624 2979 2896 3049 decerpsit
2932 2978 3186 3051 (Euseb.,
3235 2981 3326 3035 lib.
3363 2996 3418 3034 tv
3450 2977 3680 3050 Prapar.

2101 3083 2278 3140 evang.
2309 3114 2320 3135 ,
2355 3087 2470 3140 cap.
2503 3072 2557 3137 9,
2590 3089 2707 3142 pag.
2744 3072 2847 3126 MS
2897 3083 2943 3125 et
2991 3070 3177 3144 καφ).
3209 3071 3316 3127 Sed
3368 3073 3494 3143 quia
3544 3072 3668 3127 illud

2105 3163 2267 3230 paulo
2296 3163 2508 3234 longius
2553 3175 2664 3226 est,
2711 3164 2930 3220 latinam
2959 3164 3240 3220 dumtaxat
3277 3164 3492 3223 illorum
3525 3168 3684 3222 inter-

387 3273 494 3328 que
543 3259 895 3324 animalium,
927 3275 1049 3330 qnte
1094 3274 1224 3320 mox
1269 3270 1624 3331 putrescunt,
1670 3264 1990 3334 corporibus
2021 3249 2067 3313 C
2101 3257 2460 3325 Prelalionem
2501 3256 2856 3327 praferemus.

388 3365 499 3406 non
527 3351 696 3420 magis
728 3349 1084 3423 honorantur.

468 3443 668 3500 Verum
715 3445 910 3516 aliquis
941 3462 1040 3501 nos
1091 3447 1179 3502 hic
1219 3448 1547 3514 morabitur,
1593 3465 1655 3503 ac
1702 3441 1997 3522 redarguet'

391 3539 595 3596 nullius
646 3542 904 3596 momenti
951 3556 1075 3597 esse
1116 3542 1249 3597 illud
1297 3543 1525 3598 Arnobii
1573 3555 1987 3613 argumentum;

391 3633 828 3704 quandoquidem
888 3633 1058 3689 Judaei
1112 3634 1226 3689 Deo
1278 3651 1408 3690 vero
1459 3651 1622 3695 oves.
1679 3638 1879 3704 boves,
1927 3654 1992 3694 ac

395 3727 552 3798 plura
577 3727 678 3782 alia
699 3729 953 3782 animalia
979 3729 1478 3798 mactabant.Atqui
1499 3729 1616 3786 haec
1631 3731 1892 3786 sacrificia
1919 3734 1993 3787 illi

392 3829 548 3890 grata
577 3830 768 3886 erant,
803 3822 970 3876 immo
995 3821 1063 3874 ab
1094 3822 1212 3890 ipso
1255 3823 1548 3892 imperata,
1600 3835 1760 3894 atque
1792 3826 1994 3882 ideirco

396 3915 448 3968 in
479 3915 598 3984 ejus
631 3913 772 3969 facta
805 3914 1089 3970 honorem.
1116 3914 1222 3970 Sed
1255 3918 1343 3985 qui
1372 3916 1486 3970 hmo
1512 3917 1730 3987 objiciet
1755 3934 1818 3972 eo
1850 3919 1991 3989 ipso,

395 4025 504 4080 quo
536 4007 737 4064 fatetur
769 4009 857 4063 illa
889 4009 960 4064 ab
984 4011 1104 4080 ipso
1133 4010 1245 4065 Deo
1273 4012 1587 4083 praescripta
1635 4012 1835 4079 fuisse,
1882 4017 1991 4070 sol-

396 4090 472 4158 vit
501 4105 735 4172 nodum,
783 4106 827 4159 si
869 4106 990 4176 quis
1016 4105 1122 4169 sit,
1156 4107 1449 4176 propositae
1482 4121 1510 4159 a
1554 4121 1613 4162 se
1638 4106 1993 4164 difﬁcultatis.

396 4200 514 4256 Jam
547 4201 692 4256 enim
722 4215 884 4269 supra
925 4200 1266 4256 ostendimus
1291 4200 1478 4271 (Supr.
1502 4243 1517 4266 ,
1547 4217 1660 4270 cap.
1691 4201 1756 4266 8,
1780 4213 1882 4258 art.
1909 4205 1994 4273 Δ),

398 4304 452 4348 et
482 4295 644 4364 paulo
675 4303 798 4364 post
827 4293 1064 4358 dicetur,
1098 4293 1279 4348 omnia
1323 4293 1693 4360 ethnicorum,
1719 4296 2000 4364 quodlibet

399 4387 505 4443 diis
532 4391 645 4443 suis
669 4388 1067 4442 immolantium
1090 4429 1105 4452 ,
1134 4386 1402 4444 sacriﬁcia
1430 4387 1640 4444 idcirco
1670 4389 1737 4444 ab
1759 4389 1999 4447 Arnobio
2054 4445 2058 4448 η

401 4480 718 4550 reprobari,
753 4480 877 4551 quia
927 4479 1068 4534 nulla
1121 4495 1342 4550 prorsus
1382 4481 1699 4536 earumdem
1733 4483 1954 4537 deorum
1981 4526 1996 4550 ,

400 4576 490 4646 qtti
525 4575 712 4642 utique
745 4574 877 4628 nulli
919 4584 1104 4634 erant,
1135 4574 1250 4644 lege
1287 4573 1581 4628 constituta
1610 4591 1845 4643 unquam
1889 4575 2002 4631 fue-

2187 3371 2351 3435 Ierna
2375 3372 2575 3435 quidem
2598 3371 2821 3433 Laribus,
2849 3375 3052 3425 totidem
3079 3387 3273 3425 sacrare
3298 3382 3556 3424 memento

2187 3433 2456 3499 leitibus,
2482 3450 2655 3499 verum
2680 3437 2775 3485 hoc
2795 3438 3078 3486 discrimine
3102 3453 3120 3498 ;
3147 3438 3350 3488 candida
3369 3451 3550 3499 nempe

2187 3496 2460 3556 leitibus,
2489 3497 2685 3547 Larium
2712 3501 2776 3548 sit
2800 3500 3028 3548 concolor
3045 3496 3203 3550 hostia
3223 3509 3389 3550 terrm.

2189 3561 2307 3627 Qua:
2335 3559 2541 3627 Laribus
2557 3559 2694 3627 ﬁent,
2721 3564 2769 3611 in
2797 3563 3154 3627 teruas_divide
3179 3572 3346 3627 partes
3374 3577 3386 3610 :

2189 3622 2354 3686 atque
2378 3623 2476 3670 diis
2493 3622 2663 3682 Erebi,
2692 3631 2824 3673 terra
2850 3622 3064 3684 sepelito
3085 3622 3317 3686 sub'alta,
3400 3649 3405 3653 ε

2194 3683 2588 3747 fumantemque
2610 3688 2744 3736 cavis
2763 3683 3018 3737 scrobibus
3033 3687 3243 3737 demitte
3263 3683 3495 3737 cruorem

2193 3745 2404 3813 Ifuudite
2432 3745 2530 3795 mel
2551 3747 2802 3813 Nymphis,
2829 3758 2882 3798 et
2903 3749 3064 3798 mollia
3087 3749 3213 3799 dona
3239 3748 3365 3813 Lyaei
3387 3763 3399 3799 τ

2191 3808 2312 3866 Quae
2337 3808 2728 3859 cirrumvolitaitt
2755 3811 2970 3860 humiles
2995 3824 3117 3870 vaga
3140 3808 3336 3862 numina
3352 3820 3536 3870 terras,

2193 3871 2282 3938 llis
2301 3873 2746 3938 circumexundans
2769 3887 3002 3923 succensa
3030 3874 3199 3923 altaria
3221 3877 3421 3938 sanguis

2191 3933 2418 3998 impleat.
2447 3941 2499 3982 et
2523 3947 2687 3998 sacros
2711 3937 2812 3984 avis
2839 3938 3029 3997 integra
3054 3938 3194 3985 cedat
3219 3939 3267 3986 in
3287 3933 3443 3998 ignes.

2194 3996 2293 4060 Sed
2317 3999 2461 4060 prius,
2477 3997 2635 4060 infuso
2653 3999 2892 4060 subigens
2909 3996 3047 4047 tunsa
3074 3999 3255 4047 hordea
3280 3996 3449 4051 melle.

2191 4058 2312 4124 ilzec
2337 4059 2467 4124 thuri
2494 4058 2803 4124 admixta,et
2827 4059 2980 4124 salsas
2998 4074 3150 4118 super
3168 4063 3311 4124 injice
3332 4061 3523 4121 fruges.

2194 4120 2318 4186 pum
2343 4122 2498 4183 glauci
2521 4124 2670 4170 maris
2693 4123 2750 4170 ad
2776 4123 3182 4186 tettuesfacturus
3193 4120 3368 4186 arenas

2198 4183 2426 4248 Yeneris.
2456 4186 2504 4234 in
2523 4192 2669 4248 caput
2689 4183 2966 4248 excussam,
2993 4193 3246 4244 totantgue
3266 4183 3536 4248 profundos

2195 4244 2436 4311 Pot'ricito
2455 4249 2504 4294 in
2525 4244 2700 4311 fluctus
2724 4247 2993 4311 volucrem.
3022 4249 3174 4307 Queis
3199 4244 3295 4297 rite
3318 4248 3546 4311 peractis,

2194 4308 2499 4371 Admagnos
2523 4309 2705 4358 exinde
2732 4310 2906 4358 choros
2924 4313 3129 4369 vestigia
3155 4311 3304 4360 ﬂecte

2194 4369 2470 4419 leituum.
2499 4371 2649 4420 Sacer
2669 4371 2890 4421 mtberiis
2911 4373 3065 4421 honor
3082 4375 3308 4422 omnibus
3325 4373 3474 4431 idem,

2197 4432 2415 4482 Effusum
2439 4435 2684 4483 scatebris
2708 4434 2766 4482 ad
2790 4434 2949 4482 farrea
2972 4435 3066 4483 liba
3093 4448 3322 4484 cruorem

2197 4495 2459 4560 Stagnare,
2489 4503 2541 4560 et
2559 4496 2739 4560 devota
2762 4497 2871 4545 deis
2890 4509 3144 4560 apponere
3169 4500 3408 4557 membra,

2197 4557 2399 4606 Summa
2419 4558 2619 4621 quidem
2642 4559 2848 4608 ﬂammis
2865 4557 3137 4622 imponere,
3161 4568 3346 4610 caetera
3373 4561 3580 4610 mensis.

402 4677 551 4724 runt.
585 4668 787 4724 Contra
811 4679 991 4722 autem
1045 4667 1218 4724 .ludtci
1251 4684 1383 4724 vero
1413 4669 1524 4722 Deo
1546 4709 1561 4736 ,
1609 4671 1764 4723 sicuti
1799 4685 2004 4738 praece-
2032 4649 2084 4709 D
2111 4663 2236 4718 lla‘c
2268 4664 2356 4718 ille
2377 4707 2391 4724 .
2425 4665 2579 4718 sicuti
2631 4673 2685 4718 et
2729 4664 2898 4718 Lilius
2926 4664 3177 4720 Giraldns
3199 4707 3213 4729 ,
3245 4666 3335 4736 qui
3364 4665 3556 4722 eadem
3585 4678 3697 4719 car-

403 4771 556 4832 perat
584 4762 978 4828 sacriﬁcantes,
1009 4778 1134 4817 eum
1160 4762 1311 4817 hisce
1327 4764 1608 4818 sacriﬁciis
1627 4762 2004 4820 honorabant?

402 4857 592 4914 Nonne
621 4859 765 4914 enim
795 4860 888 4929 qui
937 4858 1150 4927 jubeuti
1182 4857 1559 4928 obtemperat,
1589 4874 1656 4913 eo
1696 4859 1812 4928 ipso
1853 4859 2004 4914 debi-

407 4962 517 5007 tum
553 4953 628 5007 illi
659 4951 844 5005 tribuit
887 4950 1194 5006 honorem?

475 5047 746 5102 Praeterea
777 5045 1024 5114 plurimis
1062 5043 1300 5114 antiquis
1329 5043 1586 5099 Ecclesia:
1619 5045 1872 5101 Patribus
1894 5089 1908 5109 .
1940 5062 2004 5101 ac

407 5140 803 5196 recentioribus
837 5137 1111 5203 theologis
1156 5138 1358 5190 nostris
1405 5136 1576 5190 visum
1623 5147 1706 5191 est
1737 5137 2005 5194 sacriﬁcia

409 5233 614 5290 Iudaeis
635 5250 662 5286 a
692 5233 803 5288 Deo
826 5231 1136 5302 praescripta
1165 5230 1332 5286 fuisse
1356 5273 1370 5294 .
1402 5246 1506 5285 non
1539 5231 1750 5298 quidem
1790 5234 2006 5302 potissi-

405 5342 552 5382 mum
577 5336 635 5381 ut
666 5327 732 5380 iis
763 5325 1124 5380 honoraretur
1144 5367 1160 5392 ,
1198 5323 1293 5378 sed
1321 5340 1388 5378 ne
1418 5325 1518 5392 ipsi
1548 5323 1716 5386 .ludtei
1751 5326 1801 5378 iu
1830 5325 2006 5380 idolo-

411 5422 618 5480 latriae,
670 5420 736 5474 ad
766 5433 927 5489 quam
974 5417 1377 5486 propensissimi
1421 5426 1616 5482 erant,
1662 5419 1838 5473 scelus
1865 5418 2006 5474 dila-

410 5515 690 5570 bet-entur.
743 5513 983 5582 Denique
1035 5511 1318 5575 Arnobius,
1364 5509 1708 5566 ethnicorum
1749 5525 2006 5580 responsa

410 5608 474 5662 iis
528 5608 580 5661 in
636 5605 824 5674 primis
876 5603 1076 5659 refellit
1122 5604 1393 5658 rationum
1441 5604 1766 5666 momentis,
1813 5605 2008 5674 quibus

411 5705 488 5757 illi
536 5719 596 5756 se
625 5703 690 5755 ad
722 5701 826 5754 diis
853 5701 968 5755 suis
993 5699 1405 5753 sacrificandum
1431 5697 1678 5753 induetos
1707 5711 1830 5751 esse
1852 5697 2008 5766 jacti-

414 5797 615 5850 tabam.
664 5795 937 5849 Caeterum
985 5792 1087 5847 etsi
1113 5790 1325 5861 singula
1355 5793 1493 5845 hanc
1531 5791 1765 5844 aliamve
1808 5788 1861 5841 in
1891 5804 2006 5842 rem

417 5890 485 5944 ab
521 5902 588 5942 eo
631 5887 942 5958 proposita,
975 5901 1081 5940 non
1136 5883 1382 5954 ejusdem
1429 5883 1642 5939 roboris
1683 5880 2007 5951 quibusdam

2111 4759 2254 4813 mina
2301 4760 2461 4814 aliter
2507 4758 2672 4813 latine
2703 4759 2971 4824 reddidit,
3019 4775 3081 4814 ac
3122 4759 3290 4814 fusius
3337 4761 3694 4830 prosequitur.

2109 4855 2452 4923 Quapromer
2481 4852 2702 4907 Servius
2724 4854 3009 4919 observat,
3049 4873 3067 4905 t
3102 4855 3242 4908 sicut
3269 4855 3544 4923 prosperis
3578 4851 3693 4914 diis,

2114 4958 2169 5002 ut
2191 4948 2416 5017 juvent,
2451 4948 2520 4999 ita
2551 4945 2795 5000 adversis
2817 4988 2830 5011 ,
2864 4962 2931 5000 nc
2959 4948 3140 5001 obsint
3177 4945 3611 5001 sacriﬁcandum.
3637 4943 3697 4999 Ct

2117 5039 2322 5109 nigram
2354 5039 2531 5110 Ityemi
2567 5038 2822 5107 pecudem
2849 5081 2862 5099 ,
2897 5039 3150 5111 zephyris
3179 5037 3423 5092 felicibus
3451 5037 3641 5093 albam.
3677 5055 3692 5086 ι

2116 5131 2367 5206 (Girald.,
2407 5131 2538 5185 Hist.
2573 5132 2737 5193 ἄιον..
2769 5142 3022 5204 syntagrn.
3052 5132 3140 5195 17,
3177 5146 3298 5202 pag.
3322 5130 3428 5186 480
3451 5141 3500 5184 et
3525 5142 3696 5200 seqq.,‘

2116 5224 2272 5282 Sero.
2294 5267 2308 5287 ,
2355 5228 2405 5278 in
2438 5226 2525 5278 lib.
2554 5240 2604 5278 tv
2635 5223 2853 5279 .IEncid.
2874 5267 2887 5288 ,
2936 5243 3056 5297 pag.
3089 5223 3242 5296 516).

2186 5319 2386 5374 Verum
2419 5327 2776 5388 praeterquam
2830 5317 2972 5387 quod
3017 5318 3162 5370 citati
3213 5317 3414 5371 oraculi
3465 5315 3697 5378 falsitas,

2115 5411 2182 5466 ab
2214 5413 2358 5481 ipso,
2409 5411 2498 5478 qui
2547 5425 2664 5463 cam
2711 5410 2926 5473 retulit,
2977 5409 3308 5478 Porphyrio,
3360 5409 3698 5480 quemadmo-

2114 5504 2240 5559 dum
2276 5505 2540 5558 Eusebius
2582 5512 2808 5556 testatur
2852 5502 3102 5575 (Enseb.,
3153 5503 3279 5556 ibid.
3311 5544 3326 5565 ,
3373 5521 3494 5574 pag.
3547 5501 3696 5573 148).

2115 5599 2296 5668 agnita
2327 5607 2440 5658 est,
2475 5604 2625 5650 certe
2656 5605 2844 5649 auctor
2872 5604 3059 5649 noster
3087 5595 3188 5649 hoc
3219 5595 3359 5650 idem
3391 5595 3696 5656 oraculum,

2112 5702 2169 5747 et
2207 5692 2311 5746 alia
2357 5690 2588 5745 errantis
2643 5688 2887 5743 humana:
2928 5689 3122 5743 mentis
3163 5689 3324 5743 allata
3371 5687 3438 5742 ab
3483 5687 3700 5743 ethnicis

2115 5795 2420 5838 commenta
2453 5783 2611 5838 facile
2629 5781 2902 5852 redarguit
2929 5798 2992 5836 ac
3018 5781 3238 5837 refellit.
3266 5781 3479 5836 Falsum
3511 5781 3700 5853 quippe

2115 5887 2264 5943 erat,
2292 5880 2366 5933 uti
2397 5876 2757 5948 sapientiores
2787 5875 3168 5946 doctioresque
3208 5876 3409 5932 ethnici
3450 5873 3693 5932 fateban-
