3872 6342
178 333 267 388 (ill
1427 337 1495 401 ΙΝ
1534 336 1765 404 ΑΒΝΟΒ

1953 349 2109 407 CAP.
2152 347 2341 412 XXIII.
3375 366 3479 424 642

177 456 281 512 tur,
307 454 366 501 et
393 449 648 518 superius
679 449 772 506 ille
796 449 1265 511 domonstravcrat
1286 498 1302 524 ,
1330 457 1462 514 deos
1499 475 1619 517 esse
1651 479 1766 518 ma-
1798 477 1852 536 Α
2471 487 2764 529 Αιιτιοιιιυε
2803 488 2874 530 iv.

183 554 260 592 res
299 546 355 593 et
389 539 638 595 feminas.
671 541 782 597 Nec
809 543 987 598 minus
1010 554 1228 615 aperte,
1258 549 1331 601 uti
1378 551 1611 608 vidimus
1653 555 1776 624 (Ar-

373 632 383 642 .
908 597 913 598 ί
970 597 979 598 ί
1045 597 1070 615 r
1088 597 1129 600 ί-
1149 597 1192 601 -τ
1216 597 1228 612 ν
1263 597 1331 601 ““
1654 597 1736 624 “"
1877 597 2128 658 Quomodo
2151 602 2398 656 Arnobius
2411 605 2506 658 diis
2529 621 2626 658 non
2650 621 2765 659 esse
2780 608 3147 663 sacriﬁcandum
3168 613 3480 667 demonstret

176 629 314 696 νεοίη,
346 631 437 685 ltb.
473 647 585 697 vn,
623 650 744 706 pag.
793 636 897 690 223
933 647 979 690 et
1007 639 1202 711 ιαμ),
1236 644 1472 698 ostendit
1521 646 1659 703 falso
1704 651 1772 705 ab
1937 677 1998 711 ex
2026 666 2146 711 itisis
2170 669 2338 711 rebus-
2365 683 2475 711 mm
2501 672 2549 711 in
2583 669 2832 711 υριίῆρίίς
2864 673 3224 711 minimum...-
3265 679 3348 711 nhi
3389 693 3479 711 ον-

272 671 314 696 ο,
346 671 437 685 ην-
484 671 548 688 ηι
571 681 585 697 ,
623 671 744 704 μυυ-
795 671 897 690 μιν)
933 671 978 690 ω
1007 671 1202 704 οςιΙιΙοῘ,
1236 671 1472 698 υδιυιιυιι
1521 671 1557 700 li

1937 677 2001 733 ex
2026 666 2146 726 ipsis
2169 669 2338 726 rebus,
2365 683 2475 733 qua:
2501 672 2552 719 in
2583 669 2832 722 sacriﬁciis
2864 673 3240 732 adhibebantur.
3265 679 3349 726 ubi
3389 666 3479 729 ex;

174 720 363 776 iisdem
427 723 658 778 ethnicis
723 727 894 781 asseri
956 728 1086 784 deos
1137 733 1395 800 quosdam
1438 746 1629 793 natura
1675 756 1770 795 sua

177 814 340 853 mnlnc
371 829 496 853 anno
541 825 589 853 nl
624 815 913 853 advntu-cnc-
965 822 1394 853 ηιιηηιιιιη..;.ι1ι..η
1428 843 1584 853 ..........
1631 831 1770 853 n-___

1941 720 2145 834 plicatur
2167 733 2283 793 quid
2307 720 3476 814 s'it'farcimen,.apexaho,hircitegsilicertiidm,

1946 801 2163 853 pngavo,
2193 796 2350 853 unde,
2381 803 2554 851 laetum,
2584 797 2830 853 poltmina.
2875 797 3061 853 plasea.
3104 800 3270 853 Stlizo.
3319 803 3476 853 bulla.

176 814 341 869 malos
371 829 496 870 esse
541 825 595 871 et
621 815 916 884 adversos;
965 822 1394 892 quandoquidem
1428 843 1586 884 verus
1631 831 1773 887 Deus
1937 801 2353 917 iiﬂﬁieiﬁ’aiﬁiﬁi
2373 801 3478 926 éfii'iiié,"giﬁ'$§ad’,laerigpé'aﬁﬁ’

182 904 351 926 .--ε-ν
382 907 574 926 εᾲλεμν-
638 916 680 926 ᾉ.
726 909 746 926 ι
798 909 900 926 ηᾉργ
955 912 966 924 ,
1049 914 1080 926 _.
1207 924 1214 926 ξ
1531 923 1559 926 --
1652 923 1659 926 λ
1938 911 1985 926 ¹“¹
2384 921 2389 926 Δ
2452 919 2462 926 ⁸
2620 920 2631 926 ³

179 904 580 977 benignissime
626 916 683 962 et
723 909 1112 969 benefacientis
1136 924 1223 970 est
1250 927 1476 974 naturae.
1530 923 1771 995 Denique

1941 893 1969 897 -_
1985 893 2148 912 ...-.....,
2169 893 2229 903 ...-
2246 893 2353 917 .uu,
2373 893 2422 920 οι
2433 893 2582 916 υιιιια,
2609 893 2911 918 mnu-usuusu,
2937 893 3257 926 wuapvuulu,
3281 893 3478 925 ιυυυια,

1941 911 2251 996 liliutnz‘ca'ro
2269 919 2512 996 sti-ebullit,
2552 920 2888 996 pulpamenti),
2919 924 3177 975 salsamiua
3214 933 3483 990 quadrimis

179 1007 336 1068 negat
379 999 520 1054 ullos
547 1017 667 1056 esse
694 1001 828 1058 deos
857 1005 1090 1072 inferos,
1119 1022 1183 1064 ac
1222 1010 1324 1064 sub
1355 1019 1499 1068 terra
1549 1014 1602 1069 in
1635 1016 1770 1072 Plu-
1936 976 2312 1114 ,‘i‘ﬂffgmi‘
2314 980 3481 1114 1333igiﬁi‘iniéeiiugfﬁgé‘é'é’fﬁsfeigaiﬁﬂi

179 1090 361 1114 i--..’-:-
422 1094 597 1114 _-__-:_
655 1093 795 1114 J___,
827 1106 897 1114 .,_
953 1098 1053 1114 ΙΙι·
1081 1101 1092 1114 ι
1383 1104 1503 1114 μυ...-
1597 1109 1637 1114 _-
1936 1105 1982 1114 ,η
2503 1109 2510 1114 .

173 1090 364 1146 tonicis
421 1094 600 1163 regnis
647 1093 906 1166 degentes
947 1098 1152 1170 (lbid.,
1205 1121 1326 1176 pag.
1380 1104 1531 1178 226).
1596 1109 1763 1180 Negat

1941 1079 2030 1093 .-.νν
2051 1079 2133 1102 ο...
2183 1079 2300 1104 νυν,
2317 1079 2574 1094 ιιιιιιιιωινι
2590 1079 2633 1096 ια
2655 1079 2854 1106 υωιιιιιει,
2869 1079 3206 1112 συδιυῠυιυων
3228 1079 3480 1114 ιιιαδιυῠιι-

1941 1105 2057 1184 tum,
2089 1079 2653 1184 veiameu‘sanguinum,
2678 1112 2929 1184 praesit-tat,
2951 1124 3010 1184 ac
3029 1113 3272 1184 quomodo
3295 1118 3480 1166 Auctor

204 1143 237 1193 ε,

173 1194 334 1238 etiam
365 1182 680 1254 Juvenalts,
737 1187 985 1244 ethnicus
1016 1207 1131 1262 ipse
1162 1204 1318 1263 poeta
1342 1237 1356 1261 ,
1383 1196 1436 1252 id
1469 1198 1637 1253 ullum
1671 1200 1767 1255 ho-

171 1276 372 1332 minem
402 1278 630 1334 credere
693 1279 798 1336 nisi
823 1279 965 1338 forte
1004 1298 1139 1354 puer
1179 1287 1278 1355 sit,
1314 1292 1490 1346 aetatis
1521 1291 1658 1347 adeo
1685 1302 1768 1349 te-

173 1383 344 1437 nerre,
390 1380 450 1425 ut
490 1371 728 1426 nondum
761 1374 993 1443 publicis
1025 1378 1077 1432 in
1125 1377 1351 1436 thermis
1385 1397 1462 1437 aes
1485 1384 1552 1439 ad
1585 1385 1770 1441 lavan-

172 1461 293 1518 dum
327 1464 398 1520 ab
447 1481 514 1523 eo
551 1466 886 1538 exigeretur.
937 1470 1055 1540 ipsa
1089 1483 1270 1528 autem
1308 1473 1426 1530 hate
1471 1486 1598 1531 sunt
1627 1477 1770 1535 illius

1945 1313 2149 1372 Praeter
2196 1318 2399 1376 hostias
2449 1332 2504 1378 et
2558 1324 2827 1392 victimas,
2878 1343 2941 1383 ea
2994 1328 3173 1386 adhuc
3221 1332 3482 1403 pleraque

1844 1420 1846 1423 '
1874 1406 2073 1474 omnia,
2098 1426 2220 1480 qua:
2244 1414 2296 1467 in
2320 1415 2601 1471 sacrificiis
2619 1417 3040 1490 adhibebantur,
3069 1423 3212 1479 aliud
3241 1426 3483 1483 Arnobio

1873 1499 2291 1559 subministrant
2320 1519 2722 1578 argumentum,
2748 1527 2855 1582 quo
2880 1513 2971 1568 illa
2998 1517 3214 1585 penitus
3246 1519 3483 1576 tollenda

2357 1560 2412 1578 κν
2752 1560 2854 1582 Γ,
2880 1560 2971 1568 ----
2998 1560 3214 1585 γυνη..-
3246 1560 3483 1576 .ν...,......

171 1560 458 1617 carmina:
1872 1606 1996 1647 esse
2023 1599 2367 1664 apertissime
2414 1601 2770 1659 demonstrat.
2829 1606 3042 1664 Ethnici
3094 1611 3291 1682 quippe
3336 1614 3484 1668 varia

257 1675 385 1773 ᾖδε
410 1678 600 1773 ³¹¹ίί1υοε
623 1680 811 1773 Nilne?»
834 1689 886 1732 οι
906 1682 1234 1773 subterranea
1258 1697 1434 1757 regna.
1874 1685 1977 1738 diis
2000 1689 2112 1741 suis
2142 1687 2447 1746 oli‘erebant
2474 1693 2838 1765 farciminum,
2873 1699 3130 1766 lihorum,
3160 1705 3406 1773 pultium,
3430 1715 3487 1761 et

332 1751 428 1773 mn
454 1755 530 1773 nm
581 1752 628 1773 nl
650 1757 672 1773 α
698 1758 810 1773 uuln
831 1758 971 1773 panno
995 1759 1044 1773 an
1069 1759 1212 1773 έναι-ιη·
1240 1760 1265 1773 n
1291 1760 1457 1773 num-Iun

256 1739 315 1789 Et
332 1739 552 1800 contum,
581 1752 633 1792 et
650 1739 810 1816 stygio
831 1758 973 1794 ranas
995 1745 1044 1794 in
1068 1747 1266 1855 gurgite
1291 1739 1477 1808 οἷαν-ζέε,

552 1813 773 1898 ﬁeri?
797 1785 1610 1898 ῖῇὲςυξξέίτξηιξέῑάξ

2096 1739 2104 1741 .
2152 1739 2268 1744 --,-
2288 1739 2447 1746 ---ης
2474 1739 2543 1748 -.ι--
2559 1739 2838 1765 vnn-"un",
2873 1739 3002 1755 ιιυυι
3020 1739 3130 1766 usu,
3161 1739 3406 1773 γυιιιυιιι,
3430 1739 3485 1761 CI

1941 1777 2150 1833 illarum
2179 1797 2402 1852 genera,
2435 1803 2557 1856 qua:
2583 1788 2688 1844 diis
2716 1806 2822 1846 non
2865 1793 3039 1848 solum
3071 1795 3309 1868 indigna,
3340 1818 3359 1849 ‹
3388 1799 3485 1855 sed

1941 1868 2066 1898 νξιιιιη
2125 1891 2139 1898 -
2175 1877 2409 1898 Λυκίη-2,
2437 1891 2551 1898 _-,.
2593 1880 2603 1898 9
2700 1897 2710 1898 κ
2735 1897 2741 1898 ,
2815 1883 2847 1898 II
3044 1887 3075 1898 .0
3241 1889 3253 1898 -

255 1863 365 1916 Nec
385 1869 529 1929 pueri
552 1868 782 1926 credunt,
804 1870 895 1920 nisi
917 1870 1002 1932 qui
1028 1870 1243 1920 nondum
1265 1863 1363 1922 ὧτε
1389 1863 1631 1922 lavantur.
1801 1874 1848 1933 B
1874 1868 2088 1937 quibus,
2122 1891 2140 1923 ι
2173 1877 2412 1932 auctoris
2435 1880 2605 1934 nostri
2657 1897 2752 1937 eos
2779 1883 3108 1955 alloquentis
3143 1889 3302 1945 verba
3335 1901 3480 1960 sunt,

572 1948 842 2016 (JuvenaL,
863 1952 1009 2004 satir;
1024 1953 1074 2013 2,
1098 1965 1225 2005 vers.
1252 1954 1340 2004 uo
1359 1959 1403 2004 et
1421 1957 1579 2021 seqq.)

1941 1964 2152 2019 nomina
2182 1967 2457 2026 indidistis
2486 1971 2740 2042 obscura,
2775 1979 3047 2048 vulgoque
3077 1989 3136 2034 ut
3163 1995 3347 2039 essent
3384 2001 3483 2040 au-

238 2053 293 2110 Si
323 2055 442 2111 sola
491 2068 667 2126 poetae
709 2058 1002 2115 auctoritas
1051 2059 1144 2114 tibi
1173 2076 1280 2114 non
1326 2060 1588 2129 sufficiat,
1642 2063 1767 2118 audi

1944 2056 2108 2112 stiora
2144 2058 2370 2130 fecistis,
2411 2083 2431 2115 ›
2467 2074 2522 2119 et
2549 2077 2607 2120 ut
2637 2069 2798 2137 paulo
2819 2080 2945 2126 ante
2974 2072 3208 2140 dixerat,
3246 2095 3265 2127 ε
3296 2093 3484 2148 mago-

173 2157 439 2204 oratorem
468 2149 718 2206 similiter
765 2150 1080 2218 ethnicum,
1124 2153 1212 2208 cui
1237 2156 1425 2224 procul
1453 2156 1614 2211 dubio
1658 2172 1768 2213 non

1941 2166 1987 2202 m
2016 2151 2342 2209 cohaerentia
2371 2157 2703 2226 disciplinis»
2740 2158 2986 2234 (Arnob..
3018 2167 3056 2223 ι.
3091 2183 3182 2236 vn,
3213 2186 3268 2240 p.
3301 2169 3408 2226 229
3438 2181 3487 2226 et

175 2241 572 2312 refragaberis,
619 2245 878 2299 nimirum
921 2245 1274 2314 Ciceronem,
1329 2250 1418 2318 qui
1465 2248 1595 2304 deos
1628 2249 1763 2305 infe-

1941 2240 2058 2313 ιφ).
2085 2263 2104 2296 ›
2131 2243 2269 2312 Quid
2292 2259 2470 2305 autem
2497 2252 2611 2308 haec
2637 2254 2825 2310 ultima
2843 2257 3006 2313 verba
3023 2259 3348 2329 significent,
3377 2280 3484 2319 non

174 2349 257 2390 ros
287 2335 540 2390 exsibilat
566 2345 622 2391 et
651 2336 928 2406 explodit:
957 2357 976 2388 ‹
1007 2339 1133 2406 Dic,
1165 2355 1370 2409 quaeso,
1395 2341 1604 2412 inquit,
1639 2360 1765 2399 num
1873 2352 1975 2391 una
2019 2347 2100 2394 est
2136 2342 2468 2398 eruditorum
2501 2347 2704 2414 Opinio.
2751 2351 2977 2419 Quidam
3018 2355 3161 2410 enim
3206 2366 3396 2428 putant
3421 2375 3485 2415 ea

179 2437 226 2482 te
278 2428 368 2482 illa
412 2437 651 2496 terrent,
699 2428 900 2500 triceps
952 2431 1095 2501 apud
1147 2430 1351 2488 inferos
1401 2435 1766 2493 Cerberus...
1872 2434 2089 2487 numina
2139 2436 2274 2500 dici,
2328 2455 2595 2511 magorum
2641 2437 2949 2501 εοῚιιενεηιὶα
2978 2448 3307 2518 disciplinis;
3357 2453 3485 2523 quia

177 2521 398 2577 Adeone
434 2536 524 2576 me
570 2522 807 2578 delirare
847 2537 1038 2579 censes
1059 2564 1075 2590 ,
1118 2535 1174 2578 ut
1201 2526 1271 2580 ita
1297 2539 1420 2582 esse
1449 2528 1764 2585 credam....
1873 2526 2158 2582 tenebrosa
2183 2539 2236 2583 et
2260 2529 2493 2587 obscura
2519 2543 2696 2600 erant,
2721 2549 2772 2591 et
2801 2537 2865 2592 iis
2887 2541 3106 2606 similia,
3129 2543 3324 2613 quibus
3345 2545 3486 2616 magi

178 2615 230 2669 Si
257 2631 388 2686 ergo
416 2616 555 2687 apud
585 2616 796 2673 inferos
827 2618 1010 2674 miseri
1045 2635 1151 2674 non
1175 2629 1334 2685 sunt,
1385 2636 1454 2676 ne
1479 2633 1606 2676 sunt
1644 2625 1766 2694 qui.
1874 2620 2180 2678 utebantur.
2205 2624 2314 2680 Sed
2339 2630 2932 2688 contenditSalmasius
2956 2633 3092 2690 nihil
3114 2651 3236 2694 esse
3256 2615 3487 2696 Arnohii

180 2708 297 2762 dem
323 2709 466 2780 apud
499 2709 699 2765 inferos
723 2710 841 2765 ulli.
882 2710 957 2765 Ita
984 2727 1211 2782 prorsus
1239 2715 1526 2770 existimo»
1553 2715 1766 2786 (Ciam,
1878 2719 2046 2772 menti
2079 2721 2253 2792 magis
2283 2725 2618 2779 contrarium
2653 2725 2936 2799 (Saluiam,
2965 2737 3232 2789 exercitat.
3286 2735 3341 2790 in
3385 2737 3489 2792 So-

178 2798 261 2855 lib.
292 2816 308 2854 ι
341 2799 551 2856 Ταεειιι.
576 2841 592 2870 ,
620 2819 742 2873 pag.
774 2803 879 2858 116
899 2843 916 2870 ,
958 2804 1053 2858 lin.
1082 2805 1197 2876 55).

1941 2826 1994 2876 ι.,
2048 2827 2102 2880 ρ.
2163 2811 2312 2883 128).
2363 2815 2563 2870 Censet
2617 2819 2801 2890 itaque
2854 2824 3151 2882 Arnobium
3201 2828 3272 2884 de
3323 2830 3491 2886 variis

175 2906 200 2954 ι,
244 2893 350 2949 Sed
395 2906 551 2960 esto,
601 2897 775 2967 pergit
820 2895 1124 2963 Arnobius,
1158 2898 1414 2955 cedamus
1467 2916 1590 2957 esse
1637 2902 1769 2959 deos
1873 2900 2215 2960 farciminum
2273 2908 2642 2981 liborumque,
2671 2917 3070 2989 generibusque
3115 2922 3305 2994 loqui,
3365 2941 3488 2996 quae

179 2985 410 3054 inferos,
455 2988 619 3044 rebus
667 2991 954 3060 prasfectos
1001 2992 1246 3047 tristibus
1291 3002 1345 3046 et
1371 2991 1650 3060 infaustis,
1685 3003 1770 3048 at-
1874 2994 1942 3048 ab
1990 3011 2056 3050 eo
2109 2997 2364 3056 dicuntur
2427 3018 2704 3072 magorum
2767 2985 3068 3080 disciplinis
3115 2985 3484 3087 cohaerentia;

179 3098 281 3154 que
330 3081 532 3139 idcirco
563 3082 734 3138 hostia
759 3084 898 3155 nigri
945 3084 1143 3139 coloris
1181 3085 1284 3139 illis
1331 3086 1552 3141 mactari
1579 3086 1775 3142 debeat
1875 3090 2131 3158 quoniam
2163 3094 2300 3163 magi
2326 3110 2433 3149 non
2461 3098 2660 3165 solida,
2681 3110 2736 3156 et
2757 3103 2959 3160 illibata
2981 3116 3256 3165 taurorum
3277 3113 3484 3170 viscera

179 3172 438 3246 (.lrnob.,
493 3175 582 3230 tib.
638 3191 746 3243 vn,
791 3193 912 3248 pag.
969 3175 1127 3248 226).
1181 3179 1254 3232 At
1308 3193 1414 3248 quo
1452 3189 1640 3249 pacto,
1689 3180 1771 3232 in-
1799 3263 1837 3277 ﬂ
1877 3179 1981 3234 diis
2010 3187 2456 3252 concremahant,
2490 3191 2587 3245 sed
2618 3206 2962 3253 omentorum
3007 3201 3270 3260 duntaxat
3301 3218 3486 3277 partes

178 3270 316 3339 quit,
371 3269 477 3326 hoc
525 3269 644 3326 fieri
703 3269 918 3340 potest?
979 3269 1170 3325 Nonne
1213 3270 1407 3326 videtis
1462 3271 1763 3326 boetiarum
1793 3263 1837 3326 C
1871 3276 2223 3346 etprosicias.
2254 3279 2390 3337 Vide
2407 3292 2585 3339 autem
2609 3297 2788 3343 utrum
2819 3290 2935 3347 hinc
2963 3296 3150 3365 opinio
3175 3299 3488 3359 conﬁrmari

182 3366 386 3435 dentes,
421 3380 546 3421 ossa
568 3405 584 3432 ,
617 3365 898 3436 pinguitie:
919 3407 935 3432 ,
965 3381 1059 3421 seu
1095 3366 1502 3437 pinguedinem,
1530 3377 1765 3434 omenta,
1873 3373 2049 3441 possit
2098 3372 2187 3428 his
2231 3374 2517 3434 Strabonis
2548 3380 2617 3437 de
2663 3382 2948 3446 Persarum
2979 3392 3248 3448 sacrificio
3279 3396 3481 3462 verbis,

179 3475 238 3515 ac
281 3459 547 3516 medullas
573 3457 682 3513 albi
724 3472 846 3514 esse
873 3457 1110 3513 coloris?
1149 3459 1218 3514 At
1267 3459 1502 3528 vellera,
1556 3461 1770 3531 inquie-
1873 3478 1992 3533 qua:
2025 3469 2104 3520 sic
2138 3467 2304 3523 latine
2332 3483 2550 3539 sonant,
2583 3474 2846 3532 Xilandro
2878 3464 3216 3551 interprete:
3249 3506 3269 3539 ε
3299 3488 3485 3545 Sacri-

179 3553 304 3608 bant
355 3551 588 3616 ethnici,
647 3550 790 3626 sicut
838 3560 894 3606 et
944 3550 1259 3605 animalium
1307 3560 1478 3618 θείω,
1533 3552 1588 3607 id
1639 3564 1765 3622 est,
1873 3556 2039 3613 licam
2071 3560 2122 3614 in
2174 3561 2295 3617 loco
2322 3566 2525 3620 mundo
2553 3582 2676 3622 cum
2707 3550 3208 3645 imprecationibus,
3240 3589 3295 3634 et
3321 3596 3484 3637 coro-

182 3648 273 3720 pili
316 3646 614 3703 crassiores
637 3685 653 3712 ,
681 3659 744 3699 ac
773 3643 1060 3715 rigidiores
1083 3684 1099 3710 ,
1135 3655 1190 3699 et
1231 3645 1336 3698 alia
1387 3645 1635 3714 quedam
1677 3661 1770 3702 eo-

1949 3662 2055 3708 tam
2084 3655 2318 3712 hostiam
2344 3668 2610 3717 statuunt.
2646 3663 2748 3719 Ubi
2791 3683 3000 3738 magus,
3031 3673 3122 3740 qui
3155 3643 3482 3731 sacrificium

180 3757 294 3797 rum
341 3740 582 3796 membra
634 3746 751 3793 atra
797 3746 926 3792 sunt
973 3746 1028 3792 et
1069 3737 1241 3807 nigra.
1288 3737 1493 3802 Recte,
1549 3739 1621 3792 ait
1669 3741 1771 3793 Ar-
1874 3757 2112 3814 enarrat,
2146 3764 2343 3805 carnes
2370 3753 2423 3806 in
2455 3757 2736 3824 portiones
2763 3758 3061 3827 distribuit,
3114 3771 3210 3819 sua
3253 3769 3484 3839 quisque

181 3835 382 3890 nubius.
416 3833 543 3889 Hzec
569 3845 698 3903 ergo
726 3831 837 3886 sola
862 3871 880 3897 ,
932 3845 1041 3884 non
1064 3840 1244 3885 autem
1287 3830 1506 3901 integra:
1538 3829 1771 3900 pecudes

1941 3851 2117 3910 cepta,
2149 3842 2372 3911 abeunt,
2424 3848 2569 3902 nulla
2622 3864 2774 3920 parte
2829 3853 2931 3907 diis
2976 3855 3234 3912 relicta...
3270 3829 3484 3917 IDicunt

183 3927 282 3982 diis
321 3927 508 3984 inferis
549 3925 748 3981 debent
776 3923 1069 3978 immolari.
1115 3922 1256 3987 Quid
1299 3938 1431 3979 vero
1460 3923 1527 3977 iis
1569 3923 1771 3978 facien-
1873 3933 2018 3986 enim
2050 3934 2211 3990 deum
2243 3936 2376 3992 nihil
2405 3940 2564 4005 velle,
2598 3955 2797 4010 praeter
2827 3946 3021 4003 hostia:
3047 3950 3285 4006 animam
3315 3970 3330 4008 :
3357 3956 3482 4025 qui-

184 4021 341 4087 dum,
394 4022 488 4092 qui
542 4022 724 4090 plura,
758 4034 877 4089 quae
905 4018 1044 4072 sicut
1091 4017 1272 4072 oleum
1303 4026 1358 4070 et
1378 4017 1629 4086 sanguis,
1662 4033 1769 4072 non
1875 4026 2021 4092 dam,
2051 4027 2319 4095 utl'ertur,
2343 4035 2547 4088 omenti
2567 4047 2774 4104 partem
2808 4039 2919 4110 igni
2950 4044 3262 4111 imponunt)
3284 4045 3482 4118 (Stra.,

184 4125 306 4171 sunt
329 4115 462 4188 nigri
491 4113 867 4180 coloris,diis
894 4111 1082 4168 inferis
1121 4110 1384 4167 litabant?
1413 4109 1606 4165 Nonne
1646 4110 1771 4165 inde
1875 4120 1912 4174 ι,
1968 4137 2040 4176 xv
2091 4122 2313 4196 6809,...
2368 4146 2423 4198 ρ,
2474 4129 2626 4194 5591).
2681 4131 2790 4187 Sed
2840 4109 2885 4187 Si
2943 4109 3214 4193 eo'seusu
3260 4109 3485 4212 n‘mgicis'

191 4211 406 4282 pulchra
438 4211 531 4267 illa
560 4209 750 4281 religio
775 4208 1044 4265 solvitur?

1941 4217 2180 4285 sciplinis
2225 4218 2598 4287 cohaerebant,
2647 4226 2774 4295 quid
2806 4238 2954 4282 vetat
2982 4234 3275 4300 quominus
3306 4208 3483 4292 Arno-

260 4304 543 4370 l’raeterea,
577 4311 673 4359 our
699 4313 846 4358 certa
876 4301 1125 4373 quantam
1158 4300 1333 4356 hostia
1361 4299 1588 4354 caeditur
1612 4300 1732 4355 Jovi
1752 4340 1768 4364 ,
1873 4307 1995 4363 bius
2024 4310 2224 4366 dixerit
2254 4314 2369 4368 inec
2396 4315 2584 4372 cadent
2621 4321 2783 4373 verba
2814 4299 3060 4377 nefandis
3092 4324 3284 4382 iisdem
3316 4328 3480 4385 disci.

192 4411 280 4456 aut
316 4399 558 4468 Baccho,
589 4409 682 4456 aut
726 4397 994 4453 Mercurio
1015 4438 1030 4464 ,
1061 4408 1115 4453 et
1143 4415 1249 4452 non
1279 4397 1381 4451 alia
1425 4395 1652 4468 (Mitt)?
1683 4397 1772 4450 Di-
1878 4403 2038 4471 plinis
2091 4405 2370 4462 cohaarere
2420 4425 2514 4463 sua
2544 4409 2894 4477 obscuritate,
2949 4431 3052 4485 qua
3080 4417 3222 4475 sicut
3253 4423 3481 4492 magica,

190 4495 374 4551 cebant
436 4494 656 4567 quidem
715 4493 920 4548 ethnici
985 4493 1037 4548 id
1093 4493 1314 4562 antiqua
1383 4493 1774 4547 consuetudine
1875 4497 1963 4551 vel
1997 4500 2219 4568 magicis
2246 4501 2467 4569 similia,
2500 4504 2572 4562 ita
2602 4505 2762 4576 vulgo
2791 4512 3100 4578 augustiora
3130 4513 3245 4568 fieri
3297 4516 3487 4573 crede-

190 4592 548 4646 constitutum.
609 4588 717 4644 Sed
763 4587 882 4643 baac
933 4587 1306 4654 consuetudo,
1355 4588 1532 4656 arguit
1600 4591 1776 4642 Arno-
1875 4588 2091 4646 bantur.

192 4684 332 4748 bins,
383 4684 728 4756 quantumvis
781 4682 1041 4754 antiqua,
1099 4699 1162 4739 ex
1214 4683 1524 4738 hominibus
1564 4679 1851 4739 tantumD
1949 4684 2020 4740 Ut
2051 4696 2108 4738 ut
2153 4686 2245 4752 sit,
2296 4689 2509 4761 longam
2559 4702 2750 4747 auctor
2807 4705 2992 4751 noster
3039 4697 3232 4755 horum
3278 4706 3478 4760 seriem

191 4778 434 4834 manavit.
468 4779 548 4834 Ad
578 4777 842 4834 sacrificia
891 4786 1071 4831 autem
1102 4777 1208 4832 diis
1235 4775 1482 4833 facienda
1503 4774 1506 4777 ’
1528 4778 1774 4833 ctelicum
1883 4777 2051 4832 texuit
2076 4779 2387 4848 verborum,
2435 4801 2552 4854 quae
2582 4787 2838 4858 pleraque
2861 4805 2982 4845 cum
3012 4795 3198 4848 multis
3222 4812 3326 4852 non
3353 4801 3486 4856 satis

191 4881 244 4927 ει
268 4873 492 4928 divinum
519 4883 848 4943 preci-ptum
881 4871 1192 4941 requiritur.
1878 4872 2104 4931 forsitan
2140 4888 2263 4932 nota
2297 4879 2421 4944 sint,
2465 4896 2494 4934 a
2534 4883 2691 4937 nobis
2722 4899 2828 4939 non
2862 4888 2979 4942 sine
3023 4889 3224 4959 aliqua,
3275 4894 3318 4947 si
3371 4896 3487 4950 fieri

258 4967 361 5032 Qua
379 4967 539 5022 etiam
560 4965 681 5035 lege
704 4964 1020 5019 animalium
1038 4964 1142 5019 diis
1162 4963 1613 5020 immolandorum
1637 4963 1774 5019 facta
1878 4978 2059 5038 queat,
2086 4971 2449 5038 explicatione
2480 4984 2642 5044 atque
2681 4979 3008 5036 enodatione
3035 4982 3235 5038 debent
3263 4997 3490 5052 praster-

195 5067 268 5113 est
309 5060 517 5127 divisio,
569 5074 639 5114 ac
661 5074 763 5129 qua
791 5059 1003 5114 ratione
1049 5067 1232 5113 taurus
1261 5058 1378 5113 Jovi
1426 5059 1572 5113 verbi
1606 5061 1776 5130 gratia
1883 5062 2018 5116 mitti
2055 5063 2227 5132 (Ant,
2257 5066 2294 5118 Ι.
2323 5082 2413 5133 vn,
2443 5085 2495 5137 p.
2527 5068 2681 5142 229).
2702 5071 2940 5127 Primum
2971 5075 3154 5144 itaque
3183 5079 3252 5134 ab
3277 5097 3343 5135 eo
3372 5099 3490 5137 me-

196 5153 354 5220 potius
378 5171 536 5224 quam
563 5152 719 5208 alteri
747 5153 851 5208 deo
879 5153 1074 5207 dicitur
1094 5151 1424 5207 convenire?
1454 5153 1772 5220 Resionde-
1877 5171 2141 5223 moratur,
2182 5179 2201 5210 ‹
2240 5159 2560 5228 Farcimen,
2615 5168 2732 5222 sive
2785 5182 2913 5223 caro
2967 5174 3205 5236 concisa,
3247 5193 3266 5224 ι
3317 5177 3492 5246 inquit

194 5243 308 5300 bant
333 5249 558 5317 gentiles
602 5245 827 5314 Telluri,
863 5254 1049 5315 utpote
1076 5247 1258 5310 matri,
1292 5245 1527 5300 scrofam
1574 5247 1776 5301 incien-
1881 5248 2143 5313 Isidorus,
2183 5270 2201 5303 t
2233 5265 2287 5307 ct
2310 5256 2537 5319 minuta,
2566 5266 2620 5312 et
2650 5257 2776 5315 inde
2806 5259 3062 5318 farcimen
3095 5265 3319 5334 dictum,
3345 5243 3490 5338 quod

197 5345 318 5403 tem,
352 5343 510 5410 paulo
537 5350 667 5394 ante
696 5354 726 5393 a
758 5339 916 5394 nobis
954 5348 1330 5400 memoratam;
1365 5337 1616 5393 Minerva!
1645 5356 1774 5394 vero
1881 5360 1944 5400 ea
1996 5346 2308 5402 intestinum
2363 5348 2638 5418 lareiatur,
2692 5353 2794 5410 hoc
2844 5367 2946 5417 est.
3004 5360 3313 5429 impleatur,
3365 5379 3488 5420 cum

195 5434 364 5506 virgini
404 5436 627 5492 vitulam
658 5435 945 5505 virginem,
995 5444 1049 5490 et
1091 5451 1212 5504 qna:
1245 5433 1446 5488 nullum
1491 5448 1644 5503 passa
1692 5445 1778 5488 est
1879 5438 2104 5493 aliarum
2144 5457 2322 5496 rerum
2371 5445 2755 5500 commixtione
2801 5445 3053 5516 (Isidor,
3103 5452 3141 5506 ι.
3200 5469 3267 5507 xx
3316 5455 3488 5526 0rig.,

192 5527 379 5600 iugum,
405 5531 742 5588 caedendum.
776 5530 880 5586 Sed
912 5528 956 5584 si
990 5544 1076 5583 res
1121 5529 1191 5583 ita
1241 5545 1300 5583 se
1332 5529 1544 5593 habeat,
1601 5529 1773 5596 arguit
1879 5549 1926 5586 c.
1960 5533 2073 5601 20).
2109 5554 2125 5585 ι
2169 5535 2334 5589 Varro
2359 5547 2538 5590 autem
2570 5555 2582 5589 :
2621 5557 2638 5589 ι
2681 5539 2924 5596 Afartum
2953 5543 3228 5599 farciinina
3272 5548 3325 5602 in
3351 5552 3491 5605 extis

195 5621 461 5691 Arnobius,
517 5623 708 5678 musici
757 5624 965 5678 musico
1016 5623 1270 5690 Apollini,
1321 5620 1531 5676 medico
1574 5620 1772 5676 IEscu-
1881 5625 2170 5694 appellata,
2213 5642 2242 5680 a
2275 5644 2380 5696 quo
2408 5630 2547 5698 quod
2581 5632 2630 5683 in
2663 5647 2728 5685 eo
2757 5636 3137 5691 tenuissimum
3171 5639 3489 5696 intestinum

197 5712 319 5785 Iapio
348 5720 558 5786 medici,
591 5718 726 5774 fabri
762 5717 1002 5774 Vulcano
1033 5717 1184 5772 fabro
1217 5717 1440 5771 mactari
1482 5717 1770 5772 debebant.
1883 5720 2078 5773 fartum
2114 5740 2133 5771 ι
2165 5718 2380 5792 (Varro,
2416 5721 2450 5774 ι.
2487 5739 2540 5776 ιν
2569 5725 2632 5778 de
2666 5724 2817 5797 Ling.
2853 5729 3029 5797 latin,
3066 5741 3119 5802 ρ.
3149 5730 3263 5799 28).
3299 5732 3492 5804 Itaque

197 5807 314 5875 Quid
343 5821 514 5871 autem
567 5812 824 5885 ineptius,
867 5822 922 5869 et
964 5812 1222 5869 insulsius
1250 5810 1376 5883 tingi
1408 5826 1641 5882 unquam
1674 5826 1771 5882 po-
1883 5811 2141 5868 farcimen
2192 5813 2503 5869 intestinum
2551 5827 2635 5872 est
2672 5825 2887 5874 concisa
2921 5826 3124 5880 minute
3155 5839 3318 5879 carne
3351 5827 3490 5881 alia-

199 5905 322 5962 m”
1884 5924 1988 5982 que
2036 5907 2235 5966 fartura
2266 5909 2541 5981 oppletum
2597 5924 2650 5970 ct.
2682 5912 2904 5988 fartum,
2959 5921 3112 5994 cujus
3164 5919 3494 5981 conficiendi
