3872 6342
417 298 519 355 645

411 510 642 577 coquin.,
674 527 720 565 c.
753 510 836 585 5).

487 603 751 676 Apexabo,
803 607 919 664 sive
950 618 1008 663 ttt
1034 609 1086 663 in
1114 624 1213 664 ms.
1242 609 1367 666 cod.
1419 610 1568 683 regio
1601 612 1798 686 legitur
1838 615 2014 688 (Arn.,

414 698 514 752 loc.
545 687 681 772 cit.),
721 687 1045 774 Apexaones,
1074 719 1178 756 una
1211 699 1508 760 farcitninis
1537 721 1660 776 pars
1691 718 1831 777 erat,
1863 712 2018 780 cujus

413 799 530 848 haec
586 794 729 864 apud
782 795 1054 851 laudatum
1109 795 1404 852 Varronem
1449 802 1698 886 mentio:
1735 822 1754 854 ι
1783 803 1936 873 Quod
1964 807 2017 859 in

413 884 537 951 hoc,
579 905 598 938 ι
635 885 828 958 inquit,
869 907 888 941 t
922 883 1202 944 farcimine
1233 908 1448 948 summo
1491 883 1745 965 quiddam
1792 899 2017 968 eminet,

413 987 470 1032 ut
522 980 572 1033 in
626 982 801 1051 capite
850 995 1006 1051 apex.
1035 984 1257 1054 eminet,
1307 984 1551 1056 apexabo
1581 987 1722 1045 dicta
1749 1005 1769 1044 ι
1804 990 2017 1064 (Varr.,

413 1067 604 1139 Ibid.).

485 1161 680 1218 Hircita
732 1164 849 1221 sive
901 1165 1058 1234 Ircei,
1109 1179 1167 1223 ut
1221 1170 1410 1227 scribit
1461 1171 1691 1243 Festus,
1749 1171 2017 1247 quoddam

413 1252 590 1308 adhuc
621 1266 776 1310 erant
803 1272 978 1327 genus
1027 1259 1324 1317 farcimiuis
1377 1263 1434 1318 in
1484 1267 1767 1323 sacriﬁciis
1793 1267 2020 1323 adhibiti

415 1345 646 1418 (Festus,
678 1349 746 1403 ad
774 1351 909 1408 verb.
930 1351 1119 1424 Ῑιιοει).

482 1439 839 1510 Silicernium,
865 1444 1082 1513 quidam
1111 1446 1314 1504 dictum
1344 1459 1573 1506 censent
1602 1466 1633 1505 a
1659 1451 1826 1516 silice,
1859 1459 2021 1523 atque

409 1547 474 1588 eo
506 1535 724 1589 nomine
756 1550 942 1591 senem
993 1531 1352 1609 decrepitum,
1383 1543 1706 1611 incurvum,
1732 1559 1796 1598 ac
1840 1544 2022 1600 silices

409 1634 723 1681 cernentem
783 1631 988 1684 vocari.
1021 1635 1092 1684 At
1119 1629 1388 1702 signiﬁcat
1417 1635 1577 1688 etiam
1609 1649 1844 1701 ctenam,
1877 1650 2018 1705 quae,

408 1727 468 1771 ut
517 1718 593 1772 ait
642 1719 905 1787 Donatus,
965 1739 984 1771 ι
1017 1706 1270 1779 ίὶιιΐεηω·
1304 1724 1406 1779 diis
1435 1725 1700 1792 Manibus,
1732 1729 1874 1798 quod
1899 1743 2020 1783 eam

405 1811 629 1868 silentes
656 1822 905 1881 cernant,
937 1814 988 1869 id
1019 1825 1124 1884 est,
1157 1817 1363 1872 umbras
1392 1813 1706 1889 possideant
1731 1838 1742 1873 :
1767 1823 1850 1876 vel
1876 1822 2020 1892 quod
2053 1835 2099 1894 Β

407 1904 498 1971 qui
531 1903 649 1959 haec
682 1904 940 1973 inferunt,
977 1921 1204 1963 cernant
1237 1920 1466 1976 tantum,
1501 1928 1676 1983 neque
1709 1915 2016 1983 degustent.

407 1995 538 2051 Nam
566 1996 633 2052 de
655 1997 762 2065 his,
795 2008 911 2068 quae
934 2002 1173 2057 libantur
1196 1998 1406 2071 inferis,
1432 2008 1676 2076 quisquis
1698 2008 2013 2072 comederit,

404 2097 498 2159 aut
526 2089 742 2156 biberit,
775 2087 1100 2149 funestatur.
1137 2093 1383 2165 (Donat.,
1415 2099 1469 2150 in
1509 2083 1715 2152 Terent.
1770 2097 2016 2170 Adelph.,

404 2190 509 2236 act.
540 2186 592 2246 4,
623 2195 762 2238 scen.
809 2181 866 2249 2,
915 2186 967 2238 in
1021 2186 1141 2258 ﬁn.)
1181 2180 1388 2242 Nonius
1419 2204 1550 2261 vero
1579 2189 1808 2258 primam
1840 2191 2014 2259 eitpli-

406 2276 676 2330 cationem
697 2277 955 2346 expiodit,
978 2288 1032 2332 et
1050 2280 1341 2333 secundam
1364 2279 1447 2335 his
1468 2281 1787 2351 comprobat
1805 2282 2017 2338 verbis:

412 2383 428 2415 ι
464 2366 810 2422 Silice‘rnium
838 2371 1074 2440 pessime
1102 2369 1470 2442 intelligentes
1501 2375 1570 2427 ita
1604 2375 1851 2443 posuisse
1909 2375 2017 2460 Te-

407 2459 642 2512 rentium
663 2469 871 2528 putant,
902 2459 1046 2530 quod
1071 2463 1393 2518 incurvitate
1411 2463 1591 2520 silices
1611 2477 1801 2521 cernat
1825 2481 2015 2523 senex.

406 2548 752 2606 Silicernium
807 2559 892 2607 est
932 2555 1148 2624 proprie
1203 2556 1509 2611 convivium
1566 2558 1813 2626 funebre,
1870 2561 2018 2631 quod

402 2643 625 2697 senibus
653 2643 962 2700 exhibetur.
999 2665 1018 2698 ›
1057 2648 1458 2718 Atqueeodem
1489 2651 1791 2721 significatu
1821 2653 2021 2723 accipi-

404 2744 545 2800 tura
573 2737 929 2806 Tel-tulliano,
963 2746 1052 2811 qui
1104 2741 1446 2797 silicernium
1492 2760 1615 2798 cum
1663 2744 1811 2800 Jovis
1858 2744 2020 2817 epulo

401 2831 680 2900 componit
719 2830 1074 2903 (Ter-tullium,
1107 2833 1366 2906 _Apoiog.,
1423 2853 1544 2906 cap.
1599 2837 1702 2906 1‘5;
1736 2837 1904 2906 Fest,
1953 2839 2020 2892 ad

402 2924 543 2982 vcrb.
575 2924 980 2998 Stuctantuuu).
1566 3017 1599 3023 ,γ
1858 3020 1860 3023 .

472 3021 658 3076 Tento
681 3022 898 3076 tandem
925 3021 1147 3088 Paulus,
1172 3026 1223 3078 et
1242 3020 1481 3089 Verrius,
1508 3039 1539 3078 a
1561 3017 1724 3080 Festo
1748 3020 2018 3094 laudatus,

399 3114 693 3181 observant
720 3113 1053 3169 silicernium
1083 3101 1393 3184 signiﬁcare
1416 3115 1687 3186 quoddam
1718 3115 2020 3173 farciminis

399 3220 589 3277 genus,
645 3219 751 3277 quo
798 3205 1003 3261 familia
1051 3207 1122 3262 ob
1151 3194 1378 3278 alicujus
1419 3219 1649 3265 mortem
1683 3214 1898 3282 purgari
1931 3229 2013 3268 so-
2047 3222 2091 3285 ρ

402 3300 564 3354 lebat.
618 3297 699 3354 Eo
752 3308 934 3355 autem
991 3314 1155 3356 sensu
1209 3291 1298 3355 ab
1333 3301 1575 3357 Arnobio
1640 3314 1828 3359 nostro
1874 3307 2015 3361 sumi

405 3391 532 3447 inde
560 3390 852 3462 colligitur,
882 3393 1006 3463 quia
1035 3391 1104 3448 de
1150 3394 1311 3448 variis
1340 3392 1683 3451 farciminum
1731 3398 2014 3468 speciebus

399 3484 661 3554 disputat.
706 3532 719 3546 ,

468 3578 722 3651 Longari,
757 3589 862 3636 ms.
895 3577 1018 3634 cod.
1070 3592 1183 3651 reg.
1233 3580 1470 3653 longazvi,
1506 3591 1780 3653 corrupte,
1816 3580 2012 3639 melius

395 3677 635 3744 longaoo,
668 3672 752 3728 vel
784 3673 1030 3744 longano.
1082 3673 1216 3728 Nam
1243 3675 1311 3730 ab
1341 3675 1528 3746 Apicio
1559 3677 1824 3746 scriptum
1879 3675 2012 3750 legi-

398 3783 518 3822 mus
545 3786 559 3821 :
594 3782 612 3819 t
637 3766 998 3835 Longanones
1015 3766 1270 3835 porcinos
1296 3766 1465 3822 fartos
1488 3785 1555 3822 ex
1574 3769 1695 3838 jure
1713 3769 2012 3825 Tarentino

392 3870 577 3915 coctos
605 3859 884 3914 concisos»
908 3857 1086 3931 (Ann,
1120 3858 1157 3912 ι.
1202 3875 1295 3923 vn,
1327 3877 1381 3931 p.
1414 3860 1554 3926 229;
1607 3859 1862 3931 Apicius.,
1893 3863 1928 3917 ι.
1959 3879 2013 3918 tv

391 3943 454 4008 de
483 3954 557 4008 Re
584 3953 817 4024 coquin.,
850 3969 898 4006 c.
926 3949 1010 4022 2).
1037 3951 1265 4020 Quidam
1297 3962 1476 4008 autem
1507 3963 1690 4023 putant
1739 3956 2010 4026 longanon

390 4063 512 4103 esse
544 4047 859 4102 inteStinum
892 4053 1126 4102 rectum.
1177 4043 1287 4101 Sed
1343 4043 1516 4100 Varro
1555 4059 1738 4104 censet
1787 4051 2005 4105 tertium

390 4156 511 4196 esse
545 4139 794 4205 «fartum,
821 4137 967 4208 quod
998 4139 1210 4210 longius
1257 4155 1420 4208 quam
1454 4138 1562 4194 duo
1603 4135 1710 4196 itiia
1749 4163 1768 4195 i
1797 4142 2005 4216 (Varr.,

391 4234 427 4286 ι.
472 4249 522 4288 tv
566 4233 628 4285 de
652 4232 806 4303 Ling.
838 4231 958 4299 fat.,
1016 4249 1067 4302 p.
1101 4231 1214 4303 28).
1272 4230 1440 4286 Recte
1469 4232 1718 4302 quidem,
1774 4245 1830 4290 et
1878 4237 2008 4292 satis

391 4324 642 4396 apposite
672 4324 736 4379 ad
768 4332 1005 4379 mentem
1031 4323 1281 4392 Arnobii,
1311 4324 1401 4395 qui
1428 4323 1544 4379 haec
1569 4334 1821 4394 quatuor,
1855 4342 1884 4381 a
1912 4345 2008 4382 no-

392 4418 476 4473 bis
529 4426 851 4482 memorata,
908 4416 1147 4472 declarat
1176 4431 1297 4472 esse
1336 4435 1354 4469 ‹
1391 4416 1733 4472 farciminum
1785 4435 2001 4490 genera,

390 4511 666 4582 hirquino,
700 4529 718 4562 ›
751 4510 864 4566 sive
916 4510 1072 4578 hirci,
1111 4530 1130 4562 ι
1169 4509 1270 4566 alia
1314 4511 1601 4581 sanguine,
1661 4514 2005 4568 comminutis

387 4606 489 4660 alia
545 4604 808 4658 inculcata
840 4603 1208 4673 pulmonibus,
1250 4621 1269 4655 ι
1303 4603 1354 4658 id
1381 4613 1485 4670 est,
1515 4604 1870 4661 vehementer
1920 4609 2003 4661 in-
2030 4619 2083 4680 Ι)

387 4698 620 4763 sinuata,
651 4705 829 4766 atque,
861 4698 937 4751 uti
970 4698 1228 4765 diximus,
1259 4697 1476 4752 infarta.
1508 4697 1676 4754 Vides
1703 4715 1833 4755 sane
1864 4701 2006 4757 inter

385 4801 618 4861 quatuor
673 4788 766 4844 illa
816 4787 1096 4843 farcimina
1149 4805 1258 4844 non
1310 4801 1562 4860 magnum
1619 4791 1885 4862 profecto,
1941 4809 2004 4849 ac

385 4885 625 4941 nominis
654 4884 855 4953 potius.
890 4898 1051 4952 quam
1083 4885 1161 4940 rei
1193 4896 1315 4939 esse
1359 4885 1673 4940 discrimen.
1703 4885 1836 4941 Nam
1870 4887 1998 4955 alia,

386 4974 583 5048 inquit,
616 4976 749 5031 hirci
782 4977 1067 5046 sanguine,
1123 4992 1278 5046 quem
1335 4978 1578 5031 noonulii
1622 4980 1994 5049 sanguiculum

385 5081 602 5137 vocant,
636 5070 740 5124 alia
787 5071 1089 5124 imminutis
1132 5069 1478 5138 pulmonibus
1528 5073 1766 5126 contorta
1817 5082 1994 5128 erant.

386 5170 551 5225 Tacet
574 5179 751 5223 autem
780 5150 933 5237 cujus
959 5165 1230 5233 animalis,
1264 5167 1364 5220 nisi
1390 5165 1663 5221 subaudiri
1697 5169 1826 5223 velit
1858 5169 1997 5231 hirci

385 5263 453 5318 de
479 5262 631 5332 cujus
659 5258 924 5330 sanguine
951 5259 1023 5314 ibi
1056 5259 1313 5329 loquitur.
1346 5257 1620 5314 Fortassis
1647 5264 1808 5316 etiam
1839 5261 1995 5319 nobis

384 5353 898 5425 subinteliigendum
933 5352 1150 5424 reliquit
1180 5354 1286 5408 duo
1319 5356 1496 5425 priora
1531 5353 1698 5420 hirci',
1733 5367 1784 5411 et
1817 5367 1998 5428 poste-

384 5452 527 5506 riora
560 5451 694 5504 facta
724 5447 890 5504 fuisse
917 5451 1261 5506 comminutis
1287 5451 1407 5522 ejus
1437 5451 1802 5522 pulmonibus.
1858 5451 1994 5526 Tur-

384 5544 644 5600 neimium
709 5553 968 5612 prmterea
1004 5585 1019 5610 ,
1075 5544 1119 5596 si
1174 5545 1322 5600 lubet
1377 5554 1434 5601 et
1477 5554 1663 5611 vacat,
1716 5549 1936 5606 consule
1967 5571 1986 5602 ι

388 5636 603 5707 (Turn.,
634 5648 741 5690 χχιι
779 5634 1018 5704 Advera.,
1064 5651 1109 5690 c.
1145 5635 1222 5707 6).

457 5729 638 5798 Pergit
687 5729 958 5782 Arnobius
989 5747 1001 5781 :
1046 5748 1062 5780 t
1101 5725 1238 5798 Quid
1272 5731 1442 5796 ιίιξᾱω,
1497 5732 1625 5802 quid
1659 5736 1829 5790 taeniae
1859 5735 1986 5808 (ms.

389 5823 506 5878 cod.
537 5821 747 5893 naenize)
792 5821 918 5891 quiti
951 5820 1089 5887 offae,
1121 5838 1229 5878 non
1261 5825 1420 5895 vulgi,
1455 5825 1548 5882 sed
1577 5826 1771 5896 quibus
1790 5839 1872 5885 est
1894 5847 1990 5887 no-

1685 308 2022 369 DlSSERTA
2030 313 2142 373 ΤΙΟ
2182 319 2460 384 PREVIA
3600 345 3679 403 εις

411 415 591 470 varios
613 415 830 487 Apicius
861 419 1052 476 modos
1080 419 1366 494 descripsit
1394 422 1673 494 (Apicius.,
1703 426 1741 480 ι.
1775 444 1808 482 ιι
1835 427 1898 482 de
1927 428 2006 484 Re
2032 435 2086 495 Α
2113 457 2233 496 men
2249 444 2607 513 appellatione
2629 449 2828 517 penita;
2848 469 2867 504 ι

2911 453 3089 525 (Arn.,
3109 459 3146 513 ι.
3172 473 3266 526 vn,
3291 453 3470 532 p.299
3490 471 3676 540 etseqq).

2121 537 2226 591 Sed
2247 537 2361 594 haec
2381 548 2435 594 et
2454 538 2834 613 subsequentia
2866 549 3028 605 verba
3049 551 3251 609 librarii
3282 557 3544 627 imperitia
3570 563 3677 620 Rede

2121 641 2371 700 corrupta
2414 641 2558 686 sunt.
2591 633 2950 701 Quamobrem
2982 642 3180 715 aliquis
3205 647 3277 703 ibi
3305 649 3408 722 legi
3439 654 3677 711 voiuittu-

2121 733 2248 788 ccta,
2279 725 2471 794 quibus
2500 741 2642 781 esca:
2671 732 2854 802 regite,
2907 745 2966 789 ut
3009 738 3083 793 ait
3121 736 3458 812 Fulgentius,
3506 748 3678 820 signiﬁ-

2123 827 2309 870 cantur
2339 817 2514 887 (ι‹ὐι.,
2547 821 2610 875 de
2644 820 2766 879 νοτ.
2798 828 2926 882 anti.
2956 828 3046 883 sub
3073 829 3217 905 lim).

2196 910 2394 966 Verum
2428 914 2539 970 huic
2565 916 2699 971 nihil
2730 917 2934 977 faciunt
2962 923 3027 979 ad
3061 930 3294 984 auctoris
3318 933 3487 988 nostri
3517 947 3680 1009 propo-

2121 1003 2304 1058 situm.
2351 1005 2645 1062 Salmasius
2691 1021 2871 1068 autem
2923 1021 3323 1078 emendandum
3381 1003 3680 1101 suspicatur,

2121 1096 2244 1165 quid
2273 1099 2470 1154 texite?
2499 1103 2622 1169 quid
2648 1107 2872 1161 nauita?
2894 1109 3072 1181 ibique
3095 1129 3194 1169 nos
3221 1096 3490 1175 admonet—
3504 1128 3683 1184 nomine

2124 1199 2300 1254 taxea,
2320 1207 2414 1248 seu
2436 1196 2598 1261 taxia,
2623 1198 2767 1252 unde
2792 1201 2861 1255 ab
2889 1202 3110 1262 indocto
3140 1208 3362 1267 librario
3391 1217 3550 1284 (cedre,
3575 1222 3684 1275 scri-

2121 1296 2274 1354 ptum
2295 1290 2567 1357 Opinatur,
2602 1292 2741 1348 idem
2771 1295 3064 1366 signiﬁcari
3093 1312 3255 1374 atque
3275 1310 3458 1364 arvina
3487 1322 3540 1367 et
3565 1314 3685 1372 lardo

2125 1375 2406 1448 (δάηται,
2437 1384 2699 1438 exercitat.
2728 1386 2784 1440 in
2817 1387 3008 1460 Solim,
3042 1403 3094 1464 ῃ.
3131 1395 3277 1470 128).
3314 1402 3397 1456 An
3445 1415 3568 1461 vero
3589 1423 3688 1464 sco-

2125 1488 2249 1541 pum
2300 1475 2391 1530 ille
2434 1481 2692 1549 attigerit,
2741 1483 3014 1552 conjicere
3045 1491 3246 1558 poteris
3270 1507 3339 1548 ex
3369 1489 3487 1552 data
3518 1499 3689 1559 ibidem

2125 1564 2264 1621 illius
2292 1571 2524 1630 nominis
2577 1575 2645 1628 ab
2692 1577 2934 1634 Arnobio
2963 1581 3065 1637 hac
3109 1586 3470 1656 explicatione
3503 1611 3514 1645 :
3550 1613 3567 1647 ι
3598 1593 3690 1651 Pri-

2125 1677 2269 1716 mum
2297 1665 2348 1717 in
2383 1667 2623 1736 exiguas,
2657 1689 2679 1722 ι
2718 1673 2912 1744 inquit,
2952 1694 2971 1728 ι
3006 1679 3190 1734 arvina
3214 1690 3300 1737 est
3323 1684 3543 1741 miculas
3569 1689 3692 1745 catil-

2125 1754 2382 1812 iaminum
2430 1761 2632 1817 insecta
2660 1761 2728 1819 de
2759 1782 2908 1822 more
2941 1788 2960 1821 ι
2996 1770 3176 1842 (Am.,
3203 1774 3240 1828 ι.
3273 1792 3368 1843 vn,
3402 1799 3454 1848 ρ.
3483 1781 3622 1854 250).
3646 1781 3694 1838 in

2129 1864 2229 1904 ms.
2254 1850 2439 1908 codice
2467 1855 2617 1924 regio
2660 1857 2908 1928 legimus,
2953 1864 3381 1938 catiltominuam,
3416 1872 3468 1926 itt
3499 1850 3693 1944 quibus-

2122 1941 2243 1995 dam
2275 1943 2454 2011 editis,
2484 1956 2536 2000 at
2579 1947 2673 2003 illa
2702 1953 2956 2018 minutim,
2991 1956 3045 2009 in
3089 1959 3228 2026 aliis,
3257 1971 3301 2016 et
3343 1964 3436 2018 ilia
3465 1941 3690 2024 minutim.

2121 2033 2356 2090 Primam
2385 2047 2562 2094 autem
2592 2042 2879 2100 lectionem
2910 2061 2938 2100 a
2967 2063 3098 2104 vera
3124 2055 3347 2123 propius
3382 2058 3568 2115 abesse
3592 2061 3696 2118 inde

2122 2131 2306 2201 liquet,
2352 2136 2495 2204 quod
2528 2137 2750 2195 librario
2800 2142 2980 2199 latinas
3024 2146 3221 2217 linguae
3266 2151 3456 2222 ignaro
3487 2156 3696 2225 proclive

2121 2225 2219 2279 fuit
2271 2242 2430 2282 unam
2482 2231 2716 2302 litteram
2766 2238 2972 2292 nomini
3021 2241 3121 2296 sibi
3181 2245 3453 2317 incognito
3499 2250 3692 2307 addere.

2121 2317 2455 2374 Catitlamina
2483 2334 2685 2389 autem,
2715 2337 2770 2382 et
2797 2331 2907 2385 alio
2933 2333 3159 2390 Arnobii
3189 2336 3242 2391 in
3272 2339 3414 2395 libro
3445 2339 3635 2414 (lbid.,
3659 2357 3698 2399 et

2120 2409 2158 2463 ι.
2192 2426 2250 2477 ll,
2284 2429 2336 2481 p.
2372 2413 2484 2484 75),
2520 2415 2916 2477 Castellamenta
2959 2425 3212 2494 lucanica,
3267 2409 3512 2502 quaedam
3549 2437 3699 2493 adhuc

2119 2498 2415 2560 fareiminis
2446 2510 2656 2576 species
2689 2523 2836 2582 sunt,
2886 2531 3006 2586 quae
3033 2521 3194 2576 etiam
3224 2522 3384 2596 longe
3410 2529 3595 2583 notiori
3620 2530 3699 2584 bo—

2121 2594 2352 2650 tulorum
2382 2602 2602 2656 nomine
2646 2608 3112 2677 nuncupabantur.
3147 2594 3348 2673 Sensus
3375 2617 3551 2691 itaque
3575 2621 3699 2678 illius

2120 2697 2203 2741 cst
2250 2691 2514 2759 arvinam,
2570 2710 2667 2750 seu
2717 2699 2906 2755 sebum
2966 2705 3108 2760 inter
3160 2710 3410 2768 animalis
3451 2724 3618 2770 cutem
3653 2693 3720 2772 et‘

2122 2782 2330 2838 viscera
2360 2787 2727 2858 interjectum,
2763 2795 3152 2858 minutissimas
3181 2804 3234 2858 in
3263 2817 3444 2876 partes
3468 2809 3694 2878 divisum,

2121 2876 2282 2946 atque
2312 2879 2365 2932 in
2401 2880 2706 2938 botulorum
2740 2885 2970 2945 formam
3000 2898 3389 2966 compositum,
3449 2903 3698 2960 sacriﬁciis

2121 2967 2344 3026 deorum
2373 2974 2579 3031 adoleri
2608 2978 2796 3049 (lbid.,
2849 3003 2902 3054 ρ.
2954 2986 3104 3060 229).
3164 2990 3240 3047 De
3287 2995 3534 3052 laconicis
3576 2998 3701 3055 haud

2121 3063 2291 3117 semel
2335 3065 2610 3139 Martialis,
2659 3084 2820 3145 atque
2866 3078 2918 3131 in
2957 3077 3061 3136 hoc
3084 3083 3429 3152 potissimum
3455 3091 3700 3163 epigram-

2123 3165 2266 3212 mate
2291 3177 2304 3214 ἓ

2216 3271 2344 3353 Fili:
2364 3274 2565 3353 Picena;
2586 3285 2732 3353 venio
2750 3283 2993 3353 Lucanica
3018 3303 3180 3353 porcae
3204 3307 3216 3341 :

2305 3336 2531 3391 Pultibus
2553 3344 2666 3395 hinc
2689 3347 2846 3398 niveis
2869 3336 3004 3412 grata
3018 3336 3216 3403 26:66;
3233 3357 3398 3410 datur.

2304 3419 2564 3487 (Martia.
2584 3423 2671 3479 lib.
2692 3445 2798 3494 xm,
2822 3432 2979 3498 δρίαν.
3000 3439 3088 3501 55;
3113 3446 3159 3490 et
3181 3438 3266 3491 lib.
3286 3457 3356 3503 iv,
3375 3442 3531 3512 θυίαν.
3548 3447 3645 3513 46.)

2114 3520 2221 3578 Sed
2248 3525 2417 3582 dehis
2442 3546 2542 3586 nos
2573 3535 2724 3604 plura
2752 3540 2856 3594 sub
2903 3541 3064 3599 ﬁnem
3110 3546 3276 3617 hujus
3301 3551 3696 3611 dissertationis.

2115 3619 2422 3678 Secundum
2473 3629 2817 3699 botulorum,
2870 3637 2987 3693 sive
3036 3640 3304 3711 ejusmodi
3357 3648 3694 3716 farciminum,

2114 3726 2282 3778 genus
2334 3716 2387 3770 in
2434 3724 2804 3795 manuscripto
2829 3730 3018 3785 codice
3054 3744 3108 3790 et
3132 3738 3368 3808 antiquis
3393 3742 3694 3798 editionibus

2111 3809 2415 3877 appellatur
2444 3817 2626 3870 uenite
2655 3817 2831 3890 (Arn.,
2862 3824 2899 3877 ι.
2932 3841 3021 3890 γιι,
3069 3845 3124 3897 p.
3178 3829 3333 3903 229).
3369 3833 3476 3891 Sed
3511 3836 3694 3892 ultimae

2111 3900 2334 3957 editioni
2374 3909 2716 3978 praepositus,
2773 3916 3030 3989 Scaligeri
3063 3900 3436 3993 conjecturam
3473 3940 3691 3999 secutus,

2109 3997 2272 4052 scribi
2305 4000 2493 4055 mainit
2524 4007 2710 4060 taenia.
2737 4007 2905 4080 Hujus
2937 4023 3117 4071 tamen
3145 4023 3496 4079 correctionis
3524 4026 3695 4081 inunc-

2111 4105 2248 4156 mor,
2279 4107 2402 4147 cum
2430 4099 2643 4153 caeteris
2691 4102 3036 4174 editionibus,
3086 4120 3142 4164 et
3170 4112 3358 4170 codice
3388 4127 3571 4173 nostro
3595 4135 3693 4172 ma-

2111 4184 2388 4254 nuscripto
2441 4189 2601 4258 paulo
2648 4205 2767 4262 post
2814 4213 3009 4254 nomen
3064 4205 3263 4260 itania:
3329 4209 3564 4265 retinuit.
3632 4211 3693 4266 At

2108 4276 2318 4332 etiamsi
2349 4277 2417 4333 de
2446 4280 2545 4336 hac
2592 4285 2823 4342 lectione
2873 4306 2977 4345 non
3026 4307 3323 4366 constaret,
3375 4303 3526 4359 nobis
3574 4318 3688 4359 sane

2106 4371 2302 4425 sufﬁcit
2327 4375 2517 4430 tradita
2547 4379 2615 4432 ab
2663 4381 2890 4451 ipsemet
2914 4396 3134 4446 auctore
3159 4391 3274 4449 haec
3302 4395 3442 4453 illius
3467 4399 3685 4468 explica-

2107 4465 2182 4517 tio
2211 4483 2223 4517 :
2261 4483 2279 4515 ι
2310 4465 2463 4534 Quod
2493 4470 2542 4523 in
2575 4476 2815 4530 secundo
2845 4478 3008 4534 situm
3039 4493 3140 4549 est,
3172 4487 3409 4544 intestini
3455 4501 3530 4546 est
3569 4506 3683 4563 por-

2108 4558 2312 4623 rectio,
2348 4575 2444 4627 per
2471 4578 2630 4630 quam
2682 4568 2952 4636 proluvies
2999 4574 3176 4631 editur
3227 4583 3399 4637 succis
3438 4585 3684 4639 exsiccata

2108 4649 2379 4717 vitalibus,
2407 4673 2425 4705 ι
2453 4655 2565 4710 sive
2591 4659 2808 4716 brevius
2835 4665 3004 4732 colon,
3034 4679 3129 4724 aut
3157 4672 3467 4732 intestinum
3497 4688 3684 4733 rectum

2109 4742 2298 4815 (lbid.,
2340 4764 2392 4815 p.
2433 4747 2587 4819 251).
2636 4752 2890 4811 Nonnulli
2932 4769 3110 4816 autem
3153 4767 3367 4834 probari
3414 4786 3563 4841 posse
3597 4786 3683 4841 pu-

2106 4845 2219 4892 tant
2250 4841 2470 4896 nomine
2513 4847 2702 4913 nwnia,
2735 4849 2863 4906 illud
2893 4855 3181 4925 signiﬁcari
3229 4861 3312 4918 bis
3341 4863 3507 4920 Plauti
3533 4866 3681 4922 versi-

2102 4929 2200 4988 bus
2227 4951 2240 4986 :

2195 5044 2250 5137 Si
2276 5045 2367 5094 tibi
2393 5057 2471 5137 est
2485 5052 2744 5137 machaera,
2766 5062 2817 5106 et
2836 5060 2976 5130 nobis
2995 5066 3194 5137 vervina
3216 5066 3349 5137 domi
3375 5083 3467 5137 est,

2197 5107 2522 5193 rQuarquidetn
2541 5122 2592 5163 te
2619 5107 2806 5192 iaciam,
2831 5124 2872 5170 si
2899 5107 2977 5193 tne
3004 5107 3298 5193 irritaveris;

2195 5169 2555 5224 Confossiorem
2573 5183 2785 5231 soricina
2795 5169 2983 5235 ’πιέζηιῇἶᾶ

2489 5260 2736 5324 (Plautus,
2762 5266 3062 5334 Bacchilt'd.,
3089 5277 3201 5328 Act.
3226 5294 3293 5342 tv,
3321 5295 3451 5335 scen.
3469 5283 3538 5346 8.)

2103 5361 2154 5418 id
2181 5374 2283 5431 est,
2330 5365 2480 5436 juxta
2521 5373 2873 5440 quorumdam
2918 5378 3448 5456 interpretationem,
3489 5400 3536 5446 te
3574 5403 3676 5444 ma-

2099 5459 2179 5529 gis
2200 5457 2510 5515 confossum
2545 5462 2759 5532 faciam,
2785 5484 2943 5539 quam
2978 5472 3182 5530 Soricis
3203 5477 3258 5533 in
3289 5480 3568 5550 muscipula
3594 5481 3678 5535 de-

2101 5552 2374 5621 prehensi,
2409 5566 2464 5610 et
2493 5568 2637 5611 certa
2667 5560 2897 5630 quadam
2933 5565 3332 5628 machinatione
3363 5574 3572 5644 perfossi
3601 5573 3676 5626 in-

2102 5646 2377 5698 testinutn.

2173 5738 2376 5795 Dehinc
2401 5742 2468 5796 ab
2495 5754 2712 5802 auctore
2757 5760 2942 5807 nostro
2998 5769 3365 5817 memorantur
3411 5780 3428 5813 ι
3456 5761 3548 5816 otia
3583 5775 3673 5831 pe-

2100 5833 2230 5899 nita,
2269 5852 2286 5885 ι
2319 5851 2438 5904 qua:
2486 5837 2603 5906 ipso
2634 5855 2940 5914 enarrante,
2980 5867 2997 5899 t
3036 5860 3122 5905 est
3147 5867 3266 5910 eum
3298 5854 3543 5927 particula
3567 5855 3668 5908 vis-
