3872 6356
190 347 288 405 645

180 467 322 522 ceris
348 463 516 519 cauda
543 462 760 535 pecoris
781 466 1050 532 amputata
1082 477 1102 512 ι
1138 454 1288 531 (Ara,
1331 460 1369 515 ι.
1408 475 1504 526 vn,
1555 475 1607 530 p.
1638 435 1790 530 250).
1822 468 1873 526 Α

190 563 254 615 At
278 558 501 628 antiqui,
555 557 634 612 uti
669 555 860 627 Festus
889 563 941 608 et
969 552 1164 608 Paulus
1193 552 1365 618 aiunt,
1419 569 1436 602 ι
1467 565 1662 621 penem
1692 563 1785 604 co.

190 653 303 706 datu
331 651 601 706 vocabam
630 667 643 703 :
675 664 704 702 a
729 663 832 720 qua
859 647 1176 717 antiquitate
1201 646 1493 702 etiamnum
1525 644 1628 700 oli‘a
1661 660 1785 714 por-

187 747 298 800 cina
339 761 460 801 cum
491 743 659 799 cauda
689 745 742 798 in
774 743 946 799 omnis
979 740 1126 811 puris
1152 739 1254 794 olla
1288 740 1465 811 penita
1487 749 1731 794 vocatur.
1757 756 1776 790 ι

191 838 391 912 (Festus
437 848 484 890 et
517 835 700 903 Puul.,
731 836 799 889 ad
828 833 976 887 verba
1004 833 1165 888 PsNis
1193 842 1241 887 et
1287 831 1542 902 PENITA).
1567 830 1786 886 Addidit

188 933 374 988 Festus
395 947 414 984 ;
458 948 477 982 ι
523 930 765 985 Penitam
798 926 959 984 ollam
988 926 1204 982 Naavius
1228 926 1467 998 appellat
1492 926 1785 997 absegmen

187 1024 357 1080 carnis
385 1038 510 1078 cum
539 1022 729 1077 cauda.
765 1039 784 1072 ι
819 1020 1042 1075 Plautus
1073 1033 1203 1075 vero
1230 1018 1360 1074 dicit
1390 1037 1403 1072 :

272 1136 424 1189 Aufer
447 1136 587 1188 illam
611 1135 752 1197 ollam
767 1137 982 1196 penitarn
997 1134 1214 1197 {probus
1235 1133 1318 1183 hic
1341 1145 1530 1196 conger
1553 1131 1780 1197 frigidus.

531 1196 738 1265 (PluuL,
757 1194 867 1249 Mil.
895 1194 1113 1264 glorias,
1133 1201 1244 1247 Act.
1269 1211 1336 1256 ιιι,
1362 1194 1492 1247 scen.
1522 1195 1593 1258 1.)

261 1312 329 1364 At
365 1308 516 1363 dictu
561 1306 779 1362 omnino
804 1305 1097 1360 absurdum
1125 1313 1226 1365 est.
1260 1305 1332 1358 ait
1359 1301 1648 1368 Arnobius,
1682 1300 1786 1357 diis

182 1413 356 1473 gratas
407 1417 534 1456 esse
591 1400 754 1456 hasce
806 1399 1012 1454 nzenias
1077 1395 1320 1468 oﬂ‘asque
1389 1398 1618 1468 penitas,
1681 1409 1784 1450 nec

189 1516 206 1550 ι
245 1497 389 1566 prius
430 1497 540 1551 iras
582 1502 742 1565 atque
791 1493 1004 1546 animos
1049 1506 1274 1562 ponere,
1309 1490 1410 1544 nisi
1441 1490 1542 1545 sibi
1576 1488 1784 1544 adoleri

185 1598 410 1659 paratas.
445 1584 832 1657 conspexerint
863 1584 1068 1638 namias
1117 1583 1358 1653 oﬂ'asque
1406 1582 1717 1650 redemptus
1756 1599 1776 1632 ι

182 1682 352 1753 (Anu,
381 1681 425 1734 l.
452 1697 547 1744 vn,
577 1697 628 1748 p.
655 1679 810 1747 251).
843 1677 951 1734 Sed
983 1675 1130 1748 quid,
1149 1676 1382 1746 inquies,
1406 1674 1506 1729 sibi
1538 1675 1651 1728 vult
1679 1672 1784 1728 hoc

183 1773 366 1828 ultimo
400 1771 622 1826 nomine
650 1770 975 1839 redemptus?
1026 1769 1212 1822 Potius
1259 1769 1405 1822 enim
1459 1766 1638 1820 dicere
1681 1764 1781 1819 de-

180 1865 381 1920 buisset
414 1863 830 1932 redemptrices,
862 1861 1058 1932 quibus
1090 1860 1341 1915 videlicet
1371 1857 1599 1925 ethnici,
1641 1857 1783 1912 sicut
1812 1863 1860 1922 Β

182 1960 289 2029 ipse
329 1959 535 2014 ibidem
587 1965 1017 2027 argumentatur,
1065 1954 1291 2010 deorum
1336 1956 1566 2024 gratiam
1599 1967 1658 2007 se
1689 1967 1778 2007 re-

181 2055 381 2109 dimere
410 2052 817 2108 existimabant.
870 2050 1001 2104 Nam
1044 2049 1242 2105 ibidem
1285 2049 1442 2113 dixit,
1473 2046 1547 2102 dii
1575 2056 1629 2099 ut
1659 2061 1782 2117 pro-

180 2147 272 2201 sint
321 2147 573 2202 testiculis
604 2145 856 2215 pecudum
884 2143 1228 2197 redimuntur.
1269 2142 1374 2196 Sed
1414 2141 1542 2211 quid
1575 2151 1782 2195 statuas

180 2252 359 2297 contra
395 2242 637 2307 unicum,
667 2240 758 2310 qui
782 2249 1052 2309 superest,
1083 2238 1364 2293 codicem?
1391 2237 1527 2303 Quid
1560 2251 1710 2302 vero,
1737 2234 1782 2290 si

181 2332 452 2390 Arnobius
479 2333 576 2386 has
604 2331 736 2398 oﬂ'as
762 2331 1051 2401 redemptus
1073 2331 1363 2397 vocaverit,
1386 2345 1519 2401 quas
1541 2329 1782 2399 plerique

181 2444 364 2485 omnes
390 2429 496 2483 diis
526 2428 769 2483 libandas
800 2427 1083 2482 emerant?

247 2524 351 2580 Sed
383 2523 528 2591 vide,
577 2539 783 2592 qureso,
827 2538 1109 2593 quousque
1143 2521 1469 2591 processerit
1499 2517 1781 2590 gentilium

179 2616 510 2686 superstitio.
546 2615 660 2669 Diis
710 2617 824 2669 suis
869 2615 1169 2671 offerebant
1201 2630 1309 2669 non
1361 2614 1537 2669 solum
1583 2611 1784 2666 caudas

179 2712 510 2773 animalium.
544 2711 638 2766 sed
690 2712 853 2766 etiam
902 2712 1169 2782 polimina.
1221 2709 1298 2764 Ne
1329 2710 1449 2779 quis
1478 2716 1657 2763 autem
1686 2721 1783 2760 ne-

180 2805 355 2870 sciret,
386 2805 516 2875 quid
543 2819 608 2859 ea
636 2805 767 2871 sint,
819 2821 881 2860 ac
911 2814 1170 2874 quantum
1213 2803 1453 2872 indigna,
1501 2817 1622 2871 quae
1672 2799 1783 2853 illis

180 2895 518 2960 oﬂ‘errentur,
551 2897 667 2952 haec
694 2907 882 2952 auctor
912 2908 1101 2953 noster
1129 2897 1207 2952 sic
1251 2895 1513 2950 describit
1542 2909 1554 2945 :
1595 2912 1614 2944 r
1644 2893 1785 2948 Sunt

181 3006 257 3066 ea,
281 3007 404 3062 quae
434 3008 532 3046 nos
563 2993 744 3061 proles
771 2991 1130 3047 verecundius
1167 2991 1436 3056 dicimus;
1469 3005 1497 3045 a
1544 2988 1784 3060 vulgari-

179 3082 271 3137 bus
299 3100 480 3139 autem
534 3086 782 3141 adsolent
811 3087 1139 3155 cognomine
1168 3087 1385 3141 testium
1420 3085 1723 3155 nuncupari
1758 3102 1777 3135 ι

180 3173 333 3245 (Ibid.
355 3194 408 3246 p.
429 3175 584 3248 220).
612 3176 810 3231 Eadem
843 3178 1024 3247 itaque
1055 3187 1210 3231 erant
1239 3191 1302 3231 ac
1325 3177 1782 3246 polimenta,qure

1463 337 1530 396 IN
1568 334 1948 404 ABNOBIUM,
1976 333 2131 393 CAP.
2175 331 2366 391 XXIII.

3395 323 3503 384 646

1992 451 2232 502 Servatur
2252 448 2464 501 domino.
2479 506 2490 515 ι
2507 508 2529 515 _
2695 497 2707 515 ,
2834 505 2860 515 ί,

2472 497 2746 570 (Juvenal,
2766 505 2906 560 satir.
2923 507 2974 567 5,
2999 517 3123 558 vers.
3145 503 3250 568 69.)

1890 622 2052 679 Plura
2081 621 2150 679 de
2180 621 2392 692 siligine
2435 619 2660 685 Seneca,
2715 618 2941 684 Plinius,
2988 615 3249 672 Isidorus.
3303 614 3498 669 Plasea

1890 716 2069 786 itaque
2110 723 2230 770 erat
2257 713 2428 770 cauda
2473 713 2650 780 bovis,
2699 711 2923 782 optima,
2957 710 3219 780 nivesque
3249 707 3418 763 farina
3449 714 3506 762 et

1889 809 2150 879 sanguine
2177 808 2416 865 delibuta
2445 807 2677 878 (Senec.,
2727 808 2874 877 epist.
2909 803 3014 861 119
3041 813 3090 859 et
3120 801 3248 871 125,
3297 820 3352 874 p.
3394 799 3503 855 226

1887 912 1936 954 et
1963 900 2105 966 252;
2143 899 2311 970 Plin\.,
2343 901 2608 968 lib.'xvtn,
2637 917 2684 954 c.
2713 902 2768 968 8,
2796 917 2849 970 p.
2883 898 3025 967 462;
3071 895 3292 964 Isidem,
3325 896 3365 957 ι,
3409 910 3502 950 XIX

1891 991 2120 1064 0rigin.,
2153 1009 2198 1047 c.
2231 993 2307 1064 ὅ).

1962 1085 2099 1141 Tum
2131 1085 2330 1140 deinde
2358 1084 2630 1141 Arnobius
2663 1101 2677 1138 :
2709 1084 2848 1152 Quid
2883 1084 2935 1138 in
2963 1082 3189 1140 deorum
3220 1079 3502 1139 sacriﬁciis

1887 1178 2094 1248 iuvant,
2149 1176 2351 1244 Fitilla,
2397 1179 2632 1247 'frumen,
2667 1193 2786 1240 qua:
2817 1176 3036 1248 quidem
3082 1177 3295 1231 diversa
3342 1181 3503 1230 erant

1889 1271 2116 1341 pultium
2144 1286 2365 1340 genera.
2393 1269 2602 1325 Plinius
2623 1270 2767 1325 enim
2798 1268 2938 1324 haud
2961 1269 3192 1325 obscure
3209 1267 3496 1340 signiﬁcat,

1885 1362 2175 1434 frictillum,
2209 1377 2330 1426 seu,
2382 1370 2441 1416 ut
2489 1362 2579 1416 alii
2610 1359 2874 1426 scribunt,
2907 1361 3173 1427 lritillam,
3225 1359 3497 1433 quoddam

1885 1469 2008 1509 esse
2051 1455 2210 1523 pultis
2239 1469 2430 1523 genus,
2460 1456 2512 1506 in
2544 1454 2716 1507 sacris
2745 1453 3067 1509 adhibitum.
3128 1452 3257 1508 Hmc
3297 1453 3500 1524 quippe

1887 1547 2000 1619 ipsa
2030 1557 2156 1603 sunt
2183 1548 2300 1618 ejus
2330 1547 2493 1604 verba
2528 1565 2539 1600 :
2581 1565 2599 1599 ι
2637 1547 2705 1601 Et
2731 1546 2894 1601 hodie
2941 1561 3096 1602 sacra
3127 1546 3302 1616 prisca
3334 1557 3498 1616 atque

1886 1641 2143 1697 natalium
2194 1641 2338 1711 pulte
2391 1641 2572 1696 l'ritilla
2605 1639 3002 1706 conﬁciuntur;
3035 1640 3356 1711 videturque
3387 1649 3495 1694 tam
3583 1674 3585 1678 ι

1886 1735 2005 1802 puls
2027 1735 2208 1803 ignota
2239 1734 2487 1800 Gracche,
2518 1749 2682 1804 quam
2715 1733 2886 1789 Italiae
2910 1735 3150 1804 polenta.
3183 1752 3204 1786 ι
3228 1734 3498 1805 Hierony-

1888 1841 2006 1881 mus
2036 1837 2219 1881 autein
2242 1827 2528 1882 Joviniano
2549 1829 2680 1881 vitio
2711 1829 2894 1894 vertit,
2926 1828 3070 1898 quod
3098 1828 3163 1882 ad
3194 1828 3418 1899 popinas
3445 1835 3501 1883 et

1886 1921 2097 1992 fritillus
2126 1936 2185 1976 se
2216 1920 2508 1977 conferret.
2563 1921 2680 1989 Quo
2712 1921 2932 1991 quidem
2965 1922 3132 1976 ιρι·ὺο
3177 1922 3410 1992 fritillus,
3452 1920 3500 1975 si

1889 2029 2063 2071 tamen
2093 2016 2387 2084 genuinum
2428 2023 2535 2079 est,
2583 2015 2763 2085 pultes
2809 2014 3070 2070 delicatas
3103 2014 3374 2086 intelligit.
3401 2012 3498 2069 Vi-

1885 2108 2035 2162 desis
2079 2108 2336 2177 Scaligeri
2374 2109 2427 2162 in
2461 2106 2762 2162 Varronem
2795 2107 3297 2163 animadversiones
3343 2109 3364 2178 (
3397 2105 3500 2161 Ar-

1885 2203 2027 2268 nab.,
2059 2203 2146 2257 lib.
2175 2220 2268 2270 vn,
2301 2221 2355 2274 p.
2388 2204 2524 2270 250;
2557 2201 2725 2270 Plin.,
2758 2202 2847 2256 ιιι».
2876 2217 3012 2257 xvm
3056 2201 3247 2257 Nutur.
3281 2203 3424 2269 hist.,
3448 2221 3496 2258 c.

1884 2300 1937 2366 8,
1972 2318 2028 2371 p.
2059 2299 2198 2364 561;
2229 2299 2559 2369 Hieronym,
2593 2299 2682 2352 lib.
2714 2315 2753 2363 ι,
2786 2299 2840 2352 in
2866 2296 3161 2364 Jovinian.;
3189 2297 3417 2371 Sculig.,
3445 2299 3501 2352 in

1885 2397 1976 2451 lib.
2007 2412 2060 2461 v;
2103 2395 2278 2462 Varr.,
2311 2394 2374 2448 de
2405 2393 2557 2467 Ling.
2592 2395 2764 2457 latin.,
2800 2411 2852 2464 p.
2876 2393 2991 2465 82).

1958 2487 2189 2543 Frumen
2235 2504 2361 2543 vero
2415 2478 2875 2558 quemadmodum
2926 2488 3185 2554 Donatus,
3248 2487 3497 2557 Servius,

1885 2580 2127 2636 Isidorus
2159 2580 2380 2646 docent,
2413 2592 2494 2636 est
2528 2580 2779 2636 eminens
2806 2590 2900 2635 aut
2930 2594 3139 2635 summa
3170 2581 3310 2652 gula:
3349 2597 3499 2651 pars,

1875 2691 1984 2746 per
2021 2690 2180 2747 quam
2222 2675 2403 2746 lingua
2431 2676 2613 2729 cibum
2646 2677 2698 2730 in
2727 2686 2970 2731 ventrem
3003 2675 3242 2730 demittit
3275 2673 3497 2748 (Donat.

1888 2770 2206 2838 ianerent.
2265 2770 2516 2837 Adelph.,
2565 2781 2668 2824 act.
2722 2785 2773 2835 ν,
2830 2787 2969 2825 scen.
3027 2771 3081 2836 8,
3131 2781 3179 2827 et
3234 2770 3501 2840 Phormi.,

1886 2876 1987 2918 act.
2035 2881 2097 2928 tt,
2169 2881 2306 2918 scen.
2355 2863 2423 2928 2;
2477 2863 2690 2918 Servius
2757 2865 2810 2918 in
2871 2864 3032 2938 Virg.,
3081 2867 3168 2920 lib.
3222 2883 3240 2921 ι
3285 2866 3501 2939 Georg.,

1883 2976 2009 3030 pug.
2046 2957 2137 3022 66,
2168 2967 2213 3012 et
2240 2959 2329 3012 lib.
2361 2974 2380 3012 ι
2409 2956 2652 3023 ίΕιιεὶά.,
2679 2975 2799 3030 pag.
2833 2959 2968 3024 181;
3024 2958 3243 3028 lsidor.,
3297 2961 3386 3015 lib.
3423 2977 3502 3016 xx

1890 3054 2061 3124 θήρη
2093 3070 2212 3122 cap.
2247 3056 2328 3122 :2).
2362 3054 2602 3107 Donatus
2640 3069 2769 3109 vero
2808 3054 3034 3109 verbum
3073 3055 3237 3126 fruor,
3277 3064 3334 3112 et
3369 3056 3501 3112 Ser-

1886 3152 2006 3205 vius
2035 3165 2232 3205 nomen
2262 3155 2576 3222 frumentum
2606 3165 2636 3203 a
2664 3151 2888 3220 frumine
2915 3149 3056 3206 facta
3085 3165 3209 3206 esse
3233 3150 3503 3208 arbitran-

180 3243 420 3332 Verrius.
450 3243 671 3337 Festus,
707 3285 770 3325 ac
799 3243 998 3325 deinde
1026 3271 1225 3326 Paulus
1257 3243 1400 3325 hunc
1426 3243 1698 3340 explicant
1726 3269 1781 3323 in
1811 3263 1856 3325 C
1891 3255 1998 3299 lu"
2034 3244 2171 3310 Quid
2204 3259 2334 3340 eis"
2374 3245 2595 3309 mimm’
2628 3243 2674 3298 εί
2715 3243 2785 3298 ab
2822 3243 2945 3340 alii?
2983 3243 3056 3340 δέ
3085 3243 3502 3340 εὲε-ηίθοεῖιάμυηι

184 3365 397 3418 modum
424 3382 437 3418 :
476 3384 493 3416 ι
517 3365 741 3436 Antiqui
768 3366 1021 3421 dicebant
1050 3367 1331 3420 testiculos
1359 3381 1638 3435 pecorum,
1659 3380 1781 3419 cum

177 3473 267 3512 eos
317 3461 649 3525 castrabant,
683 3476 711 3513 a
747 3462 1007 3530 politione
1039 3470 1308 3534 segetum,
1343 3472 1434 3516 aut
1485 3462 1784 3517 vestimen-

181 3560 371 3614 torum,
401 3555 544 3624 quod
578 3555 830 3609 similiter
859 3565 1021 3626 atque
1065 3556 1156 3610 illa
1196 3567 1456 3611 curentur
1489 3576 1506 3608 ι
1570 3555 1784 3628 (Festus

177 3659 220 3700 et
253 3647 432 3713 Paul.,
467 3652 536 3703 ad
557 3651 706 3704 verba
737 3650 1094 3724 Pouuenra).
1120 3653 1374 3724 Expludit
1397 3653 1614 3725 quidem
1646 3653 1784 3705 hanc

177 3744 553 3814 etymologiam
588 3745 851 3818 Scaliger,
884 3749 1155 3817 aliamque
1185 3748 1410 3818 profert,
1444 3751 1538 3804 sed
1572 3765 1688 3819 quae
1715 3747 1785 3802 ab

177 3836 278 3890 alio
318 3839 560 3893 vicissim
614 3841 924 3909 exploditur
974 3838 1168 3906 (Scul.,
1202 3844 1253 3895 in
1301 3842 1389 3896 lib.
1426 3858 1476 3894 iv
1520 3842 1582 3894 de
1626 3839 1779 3911 Ling.

181 3931 289 3995 Ial.,
324 3949 376 4000 p.
401 3933 518 4000 41).
565 3933 701 3999 Quia
734 3950 862 3989 vero
895 3934 1028 3988 nihil
1069 3933 1187 3988 haec
1217 3935 1282 3988 ad
1313 3944 1559 3988 nostrum
1587 3949 1785 4003 propo-

178 4025 333 4079 situm
367 4028 702 4095 conducunt,
738 4029 868 4082 satis
901 4031 1003 4084 erit
1034 4028 1491 4084 animadvertisse
1524 4027 1783 4098 polirnina

179 4136 278 4174 non
306 4120 410 4175 alia
432 4137 575 4189 esse,
607 4139 669 4177 ac
698 4123 1012 4192 polimenta,
1039 4139 1157 4194 quae
1186 4133 1448 4179 nutantnr
1479 4123 1580 4179 hoc
1607 4123 1785 4178 Plauti

178 4227 408 4269 Clll'lllllle
434 4233 446 4267 ε

265 4309 359 4356 Aut
382 4308 647 4371 polimenta
678 4313 893 4373 porcina,
921 4317 1002 4360 ant
1026 4308 1213 4373 aliquid
1235 4311 1294 4360 ad
1321 4324 1434 4360 eum
1458 4311 1675 4359 modum.

760 4372 969 4433 (Plaut.,
993 4372 1145 4434 Μαηζ,
1185 4380 1281 4424 act.
1301 4388 1337 4432 1,
1362 4386 1494 4424 scen.
1519 4375 1596 4436 5.)

248 4478 485 4534 Ειιιιιίεἱε
514 4480 692 4533 adhuc
718 4480 990 4535 Arnobius
1017 4480 1206 4549 objicit
1228 4479 1470 4534 oblatum
1489 4479 1594 4534 diis
1611 4495 1785 4532 autem

1889 3339 2108 3409 aliquod
2149 3337 2314 3408 pultis
2351 3351 2522 3408 genus
2562 3348 2883 3406 usurpatum
2922 3335 3125 3392 fuerit?
3158 3337 3234 3393 De
3264 3338 3503 3408 pultibus

1889 3448 2056 3505 porro
2092 3433 2292 3488 videsis
2337 3433 2583 3504 Apicium
2626 3429 2846 3499 (Donat.
2887 3432 2942 3485 in
2980 3429 3182 3486 Terent.
3230 3430 3501 3501 Eunuch.,

1889 3536 1991 3581 act.
2028 3543 2102 3589 tv,
2136 3542 2275 3581 scen.
2308 3525 2369 3590 7;
2395 3525 2572 3596 Apic.,
2604 3525 2722 3580 libr.
2754 3540 2787 3576 v
2815 3524 2879 3578 de
2914 3523 2987 3580 Re
3006 3525 3240 3592 coquin.,
3269 3539 3388 3595 cup.
3421 3524 3500 3596 1).

1963 3619 2070 3675 Sed
2102 3618 2241 3686 haec,
2281 3618 2357 3673 ait
2397 3618 2694 3685 Arnobius,
2742 3617 3011 3684 ethnicos,
3051 3617 3156 3673 diis
3191 3617 3305 3673 suis
3337 3619 3504 3674 sacri-

1890 3714 2137 3783 ﬁcantes,
2182 3731 2290 3769 non
2329 3701 2507 3784 magis
2541 3713 2824 3784 iuvabant,
2854 3729 3015 3785 quam
3042 3714 3230 3784 ufriciu
3266 3714 3499 3785 gratillu,

1887 3819 2199 3872 catumeum,
2239 3809 2582 3877 conspolium,
2612 3808 2822 3874 cubulu,
2857 3824 2979 3880 quae
3018 3808 3241 3879 quidem
3282 3809 3505 3864 liborum

1888 3902 2097 3968 Species
2120 3915 2240 3956 esse
2262 3901 2394 3954 satis
2418 3899 2699 3970 perspicue
2722 3900 2992 3970 signiﬁcat
3020 3901 3260 3970 (Arnob.,
3284 3902 3375 3956 lib.
3404 3918 3500 3972 vti,

1889 4010 2008 4064 pag.
2036 3992 2188 4059 259).
2219 3991 2413 4047 Libum
2444 4001 2622 4047 autem
2644 4007 2675 4046 a
2696 3991 2914 4058 Libero,
2940 4008 3036 4048 seu
3065 3993 3280 4051 Baccho
3296 3995 3504 4054 dictum

1889 4089 2052 4142 fuisse
2080 4086 2306 4142 Ovidius
2331 4086 2416 4140 his
2445 4087 2778 4142 carminibus
2803 4088 2990 4142 canit:

1982 4209 2194 4258 Nomine
2219 4208 2281 4258 ab
2305 4208 2523 4257 auctoris
2549 4207 2735 4257 ducunt
2757 4206 2988 4256 libamina
3008 4215 3192 4257 nmen

2075 4271 2316 4335 Libaque,
2341 4271 2472 4335 quod
2487 4272 2642 4320 sacris
2663 4284 2778 4335 pars
2798 4269 2942 4335 datur
2963 4271 3083 4335 inde
3104 4269 3244 4322 focis.

1985 4335 2102 4384 Liba
2128 4331 2228 4384 deo
2247 4331 2447 4392 faciunt,
2475 4337 2638 4384 succis
2654 4331 2767 4396 quia
2790 4331 3016 4383 dulcibus
3037 4332 3122 4396 ille

2080 4396 2292 4456 Gaudet,
2319 4403 2370 4447 et
2391 4411 2416 4445 a
2440 4397 2634 4446 Baccho
2658 4395 2804 4446 metu
2828 4403 3032 4460 reperta
3062 4395 3243 4446 ferant.

2475 4478 2667 4543 (om,
2685 4476 2769 4528 lib.
2793 4478 3074 4541 mFuslor.,
3101 4477 3259 4545 sto.)

180 4580 306 4638 tum,
346 4589 521 4643 graece
548 4576 808 4629 ἐπίπλοον.
857 4574 1168 4628 Membrana
1195 4585 1380 4628 autem
1409 4582 1494 4629 est
1523 4573 1702 4628 tenuis
1731 4582 1787 4626 et
1824 4659 1846 4660 η
1889 4591 1958 4644 At
2005 4588 2196 4658 varro,
2252 4591 2340 4644 cui
2389 4589 2475 4644 am
2523 4586 2907 4660 sum-agantur.
2960 4587 3064 4642 hoc
3118 4596 3316 4644 nomen
3372 4589 3505 4648 inde

180 4666 407 4735 pinguis,
441 4682 546 4735 qua
598 4667 883 4721 inferiores
914 4667 1120 4720 ventris
1170 4675 1354 4736 partes
1401 4675 1680 4737 teguntur,
1730 4659 2110 4738 ethucium
2163 4692 2333 4753 putat,
2379 4682 2522 4754 quod
2572 4682 2772 4737 libandi
2812 4695 2972 4738 causa
3018 4681 3131 4737 ﬂat.
3181 4667 3324 4740 Alibi
3374 4701 3504 4742 vero

177 4759 548 4815 intestinorum
621 4761 968 4815 involvuntur
1021 4760 1317 4817 anfractus.
1391 4762 1563 4816 Antea
1628 4775 1780 4828 vero,

181 4853 502 4909 Omentorum
555 4853 939 4920 membranulis,
993 4855 1060 4909 ab
1110 4855 1201 4909 illo
1252 4866 1663 4924 nuncupantur,
1715 4854 1784 4909 de

129 5019 132 5023 Δ
176 4947 359 5016 quibus
392 4948 572 5019 legere
603 4948 807 5017 poteris
838 4947 1103 5014 Persium,
1135 4948 1398 5014 Plinitnn,
1428 4960 1480 5004 et
1515 4949 1780 5004 Isidorum

182 5039 354 5108 (Anu,
386 5043 486 5096 loc.
519 5047 633 5108 cit.,
667 5052 718 5096 et
743 5043 778 5096 ι.
808 5059 884 5106 ιιι,
916 5061 969 5113 ρ.
999 5044 1140 5109 107;
1169 5043 1347 5107 Pers.,
1381 5045 1529 5098 sutir.
1553 5044 1608 5112 2,
1640 5060 1771 5098 vers.

173 5129 275 5196 47;
309 5133 471 5201 Plin,
498 5134 584 5188 lib.
618 5151 652 5188 ιι
688 5134 826 5190 Hist.
854 5145 1050 5203 nulur.,
1100 5153 1147 5191 c.
1171 5136 1263 5206 57,
1295 5154 1349 5208 p.
1377 5137 1522 5203 574;
1552 5135 1772 5204 lsidor.,

175 5225 264 5279 lib.
294 5243 324 5280 ιι
355 5226 524 5300 0rig.,
556 5245 601 5282 ε.
639 5226 718 5300 1).

244 5319 322 5376 Ab
345 5332 562 5378 auctore
583 5323 782 5379 deinde
812 5333 998 5379 nostro
1029 5326 1260 5394 palasea,
1291 5326 1405 5380 sive
1433 5327 1573 5380 sicut
1598 5341 1627 5380 a
1655 5326 1778 5396 qui-

177 5413 385 5470 busdam
417 5418 715 5472 vocabatur
749 5437 767 5469 ι
807 5419 1008 5486 plasea,
1040 5439 1058 5471 ι
1093 5419 1171 5474 sic
1217 5419 1511 5486 delinitur,
1550 5439 1569 5472 ‹
1603 5421 1774 5477 cauda

181 5501 318 5556 bovis
338 5507 546 5578 siligine
572 5519 625 5562 et
657 5510 923 5578 sanguine
953 5509 1189 5563 delibuta
1227 5529 1248 5562 ι
1305 5508 1484 5582 (Ανη.,
1521 5513 1558 5566 l.
1591 5527 1684 5578 vn,
1720 5530 1773 5580 ν.

175 5589 395 5662 250).Αι
417 5600 569 5667 siligo
593 5611 674 5653 est
695 5599 864 5653 farina
896 5615 962 5655 ex
986 5603 1192 5670 optimo
1221 5603 1402 5656 tritico
1427 5604 1776 5660 exactissime

180 5703 206 5739 a
235 5687 509 5748 furfuribus
540 5703 854 5765 repurgata.
915 5692 1068 5750 Unde
1109 5694 1195 5750 hic
1225 5694 1503 5752 Juvenalis
1533 5697 1601 5753 de
1636 5711 1775 5768 pane

179 5795 347 5839 νεηιιε
369 5804 381 5840 ἶ

266 5896 352 5949 Sed
377 5909 517 5957 tener
544 5913 595 5958 et
613 5906 813 5968 niveus,
832 5901 1072 5968 mollique
1097 5905 1293 5970 siligine
1320 5905 1492 5968 factus,

1888 4776 2142 4846 scripsit:
2180 4775 2382 4841 Libum,
2420 4776 2558 4848 quod
2583 4776 2850 4842 libaretur,
2891 4777 3190 4848 priusquam
3222 4787 3370 4841 esset,
3407 4794 3504 4835 seu

1886 4879 2094 4936 essent,
2141 4878 2197 4922 ut
2240 4880 2349 4924 erat
2389 4880 2610 4937 coctum,
2659 4870 2711 4925 id
2752 4877 2856 4937 est,
2902 4867 3046 4941 quod
3096 4879 3308 4926 c0ctum
3354 4874 3502 4944 prius

1887 4963 2176 5028 libabatur,
2211 4977 2370 5034 quam
2411 4963 2543 5018 illud
2586 4963 2958 5020 comedissem
2995 4963 3205 5035 (νάπη,
3241 4965 3331 5022 lib.
3356 4983 3411 5022 vi
3440 4967 3506 5022 de

1888 5054 2041 5126 Ling.
2086 5057 2203 5123 lut.,
2248 5073 2368 5127 pag.
2398 5055 2502 5121 8t);
2543 5054 2709 5122 Ibid.,
2738 5054 2827 5110 lib.
2860 5073 2897 5125 ι,
2934 5069 3054 5129 pag.
3096 5056 3191 5126 26,
3231 5066 3282 5113 et
3312 5059 3503 5131 seqq).

1956 5149 2089 5218 Quae
2119 5167 2246 5208 vero
2278 5151 2381 5208 liba
2415 5152 2540 5217 sint,
2575 5160 2629 5208 et
2669 5151 2860 5222 quibus
2889 5158 2953 5207 ex’
2982 5152 3145 5208 rebus
3175 5152 3390 5221 ﬁerent,
3425 5154 3504 5210 sic

1885 5247 2121 5316 explicat
2158 5247 2379 5303 Servius
2412 5267 2424 5300 :
2459 5245 2587 5300 Liba
2617 5259 2735 5302 sunt
2765 5249 3016 5319 placentur
3045 5249 3109 5302 de
3136 5247 3294 5316 farre,
3329 5251 3500 5317 melle,

1888 5349 1933 5394 et
1964 5341 2094 5404 oleo,
2128 5342 2287 5396 sacris
2327 5351 2473 5413 apta.
2513 5339 2625 5397 Nec
2665 5343 2832 5400 semel
2875 5343 2977 5399 hoc
3014 5335 3166 5413 dixit,
3215 5345 3309 5400 sed
3349 5347 3502 5416 prius

1887 5447 2193 5490 asseruerat
2253 5436 2362 5492 liba
2415 5450 2536 5493 esse
2589 5439 2863 5507 placentas
2920 5436 3120 5511 (Serm,
3171 5439 3225 5494 in
3286 5437 3498 5512 Virgil.,

1886 5529 1976 5585 lib.
2003 5544 2074 5585 vn
2118 5527 2356 5596 zEneid.,
2380 5545 2510 5586 vers.
2537 5530 2666 5595 108;
2688 5532 2843 5600 idem,
2866 5533 2919 5586 in
2941 5532 3101 5606 eclog.
3133 5532 3189 5602 7,
3214 5551 3346 5591 vers.
3381 5536 3500 5608 55).

1887 5621 2020 5678 Cato
2057 5634 2235 5679 tamen
2262 5626 2562 5694 placentam
2588 5624 2754 5681 adibo
2780 5623 3081 5698 distinguit,
3111 5630 3295 5701 aitque
3327 5624 3502 5688 libum

1884 5714 2000 5769 ﬁeri
2031 5731 2098 5770 ex
2129 5732 2308 5784 caseo,
2346 5715 2515 5773 farina
2543 5717 2810 5790 siliginea,
2836 5720 2949 5775 sive
2977 5719 3285 5794 similagine
3311 5734 3366 5779 et
3392 5739 3505 5783 ovo

1885 5819 2011 5873 uno,
2045 5809 2238 5879 quibus
2267 5811 2407 5866 bene
2441 5812 2733 5881 permistis,
2759 5823 2816 5869 et
2842 5809 3087 5884 subjecto
3116 5815 3267 5884 folio,
3298 5817 3500 5878 leniter

1884 5912 2188 5970 coquuntur
2220 5899 2389 5973 (Cato,
2435 5903 2497 5957 de
2543 5904 2614 5959 Re
2655 5903 2858 5977 rustic.,
2887 5923 3002 5979 cap.
3035 5907 3107 5965 54
3134 5921 3177 5965 et
3212 5908 3326 5982 76).
3359 5912 3501 5976 Tum
