3872 6354
398 320 500 376 σιτ
1675 313 2121 375 DISSERTATIO
2159 314 2322 373 PRIE
2334 314 2441 374 VIA
3579 320 3657 376 (ii8

397 434 596 491 deinde
633 434 792 491 docet
821 434 1096 506 quomodo
1128 435 1372 507 placenta
1407 433 1495 488 fiat
1525 447 1592 489 ex
1625 433 1794 488 farina
1823 432 1996 503 siligi-
2025 437 2072 494 Α
2105 445 2352 501 mentum,
2378 450 2406 489 a
2433 435 2590 505 pulpa
2631 432 2982 504 proculdubio
3013 433 3266 491 derivari.
3298 428 3462 505 Pulpa
3492 446 3656 502 autem,

399 546 522 592 nea,
551 530 686 585 alica
727 531 918 601 prima,
959 547 1111 602 aqua:
1149 528 1343 595 infusa,
1376 529 1576 584 recenti
1617 543 1776 584 caseo
1814 528 1997 592 ovillo,
2107 528 2185 581 uti
2216 525 2594 581 animadvertit
2623 527 2879 593 Donatus,
2911 545 2930 579 ‹
2961 529 3175 596 proprie
3207 542 3270 582 ea
3299 537 3384 581 est
3410 542 3548 592 caro,
3569 544 3660 600 qua:

399 622 562 676 melle
594 621 756 689 bono,
788 624 982 692 quibus
1011 625 1149 678 inter
1176 636 1234 676 se
1264 621 1586 688 commistis,
1619 629 1673 676 et
1703 621 1835 674 lauri
1863 620 2003 674 foliis
2108 616 2493 685 manducatur,
2539 634 2604 673 eo
2648 620 2790 690 quod
2833 620 3092 690 pulsetur,
3138 630 3194 676 et
3233 619 3613 674 consciudatur.
3643 641 3656 672 ι

399 713 715 783 suppositis,
749 714 991 782 placenta
1023 713 1382 783 componitur,
1415 714 1553 768 bene
1580 723 1631 767 et
1663 713 1836 767 otiose
1877 728 2002 782 per-
2108 710 2346 766 Isidorus
2395 726 2522 766 vero
2552 729 2565 762 z
2601 730 2618 760 ι
2654 711 2839 782 Pulpu,
2871 730 2889 762 ι
2925 711 3116 781 inquit,
3155 729 3172 762 ι
3208 712 3371 777 dicta,
3416 713 3532 781 quia
3568 727 3662 766 cum

400 807 705 876 coquenda.
741 807 846 864 Sed
882 809 994 862 haec
1029 807 1122 862 libi
1157 817 1211 861 et
1239 806 1498 878 placentae
1526 809 1694 874 tanta,
1725 807 1801 861 uti
1827 807 2000 874 vides,
2111 805 2256 874 pulte
2301 805 2427 858 olim
2471 803 2762 857 commixta
2803 805 3139 860 vescebatur.
3172 824 3188 854 ›
3223 805 3327 859 Sed
3359 804 3502 868 alibi,
3532 815 3595 870 et,
3623 819 3668 860 ut

399 914 507 952 non
554 910 635 954 est
677 899 1010 962 dilferentia,
1055 899 1184 969 quin
1229 899 1295 953 ad
1344 915 1508 953 unum
1550 899 1798 970 idemque
1837 915 2006 970 genus
2110 896 2296 950 multis
2343 897 2576 964 videtur,
2620 897 2856 952 melius:
2891 915 2910 948 ‹
2944 897 3104 966 Pulpa
3147 909 3229 951 est
3267 912 3395 951 caro
3431 897 3540 953 sine
3577 898 3669 967 pitt-

407 1002 682 1065 nequeant
721 992 930 1047 referri.
971 992 1140 1063 Magis
1171 996 1368 1064 quippe
1405 1009 1434 1047 a
1470 994 1671 1049 Catone
1704 993 2007 1062 explicatur
2107 989 2362 1057 guedine,
2411 988 2572 1056 dicta,
2628 990 2769 1059 quod
2823 990 3075 1059 palpitet;
3128 989 3298 1042 resilit
3350 991 3491 1043 enim
3535 1005 3668 1058 smpe-

401 1104 507 1157 quo
541 1088 667 1142 fiant
703 1086 884 1144 modo.
920 1069 1094 1158 quam
1113 1099 1291 1142 utrum
1320 1104 1378 1142 re
1407 1089 1519 1156 ipsa
1545 1091 1686 1142 inter
1711 1102 1770 1142 se
1796 1087 2004 1142 discre-
2109 1080 2260 1136 Hanc
2282 1081 2528 1152 plerique
2549 1092 2602 1136 et
2627 1084 2831 1136 viscum
2875 1089 3089 1148 vocant,
3118 1079 3260 1152 quod
3286 1081 3548 1152 glutinosa
3573 1084 3664 1136 siti

400 1190 548 1253 p’enl.
607 1181 970 1247 Quamobrem
1036 1182 1271 1236 Isidorus
1305 1199 1318 1235 :
1366 1201 1384 1233 ι
1426 1183 1716 1246 ΡΙςιεειιιω,
1758 1201 1774 1233 i
1812 1182 1929 1252 inqu

2139 1171 2353 1240 Donat.,
2388 1175 2442 1227 in
2473 1172 2676 1227 Terent.
2715 1172 2932 1245 Hecyr.,
2963 1186 3064 1228 act.
3097 1188 3170 1237 Ill,
3209 1190 3348 1227 scen.
3383 1172 3446 1239 4;
3484 1173 3668 1242 lsidor.,

407 1291 426 1324 ι
457 1283 600 1338 sunt,
633 1290 754 1346 qua:
792 1275 924 1329 fiunt
963 1289 1028 1330 ex
1073 1277 1235 1341 farre,
1270 1291 1400 1345 quas
1439 1275 1530 1329 alii
1562 1276 1664 1330 liba
1701 1275 1907 1341 dicunt,

1848 1285 1907 1341 ιι,
1939 1290 2006 1329 eo
2112 1265 2200 1319 lib.
2235 1283 2290 1320 ιι
2336 1267 2563 1340 0rigin.,
2596 1284 2711 1338 cap.
2749 1270 2774 1323 1
2807 1278 2854 1321 et
2885 1267 3001 1322 libr.
3032 1284 3124 1332 xx,
3155 1285 3268 1338 cap.
3295 1267 3377 1337 Ξ).

398 1368 540 1436 quod
569 1367 790 1435 libeant,
820 1379 876 1424 et
930 1369 1180 1440 placeant
1213 1387 1230 1420 ι
1270 1367 1513 1439 (lsidor.,
1560 1370 1649 1427 lib.
1703 1385 1771 1422 xx
1832 1367 2004 1440 0rig.,
2184 1362 2279 1416 His
2341 1363 2412 1416 ita
2478 1363 2802 1428 observatis,
2867 1362 3126 1431 particula
3196 1361 3440 1432 negativa
3492 1379 3580 1417 non
3631 1363 3671 1418 in

401 1476 522 1530 cap.
557 1460 637 1531 Ξ).
2111 1456 2336 1514 Arnobii
2371 1465 2518 1509 textu
2552 1455 2709 1511 nobis
2739 1471 2836 1510 suo
2867 1457 2988 1510 loco
3019 1465 3163 1518 mota
3192 1467 3438 1525 apparet,
3470 1466 3522 1511 et
3547 1472 3672 1527 repo-

470 1555 736 1616 Czcterum
775 1555 1018 1625 quamvis
1049 1553 1218 1610 libum
1259 1568 1315 1609 et
1355 1555 1604 1625 placenta
1649 1569 1839 1623 parum
1871 1551 2010 1608 adeo
2111 1549 2286 1604 nenda
2329 1560 2452 1603 ante
2493 1565 2688 1604 nomen
2732 1550 3086 1620 palpamenta,
3123 1558 3283 1618 atque
3323 1557 3446 1603 ante
3483 1549 3668 1603 verbum

401 1646 542 1701 inter
580 1663 640 1703 se
679 1647 1074 1718 discreparent,
1126 1647 1172 1702 si
1222 1647 1352 1702 Cato
1405 1659 1580 1702 tamen
1625 1663 1687 1703 ea
1736 1647 2005 1712 distinxit,
2113 1652 2230 1696 exta
2254 1652 2347 1695 aut
2374 1642 2768 1709 subaudienda,
2799 1652 2890 1695 aut
2921 1643 3114 1698 iterum
3156 1641 3502 1702 collocanda;
3535 1640 3593 1694 ita
3631 1652 3673 1694 ut

400 1739 533 1793 nihil
569 1740 807 1808 profecto
837 1723 1132 1809 prohibere
1155 1738 1389 1806 videtur,
1417 1740 1707 1807 quominus
1739 1739 1807 1794 ab
1834 1742 2006 1793 Arno—
2113 1737 2190 1790 sic
2232 1737 2500 1790 scribatur
2527 1755 2539 1788 ε
2569 1735 2686 1790 Non
2720 1736 2894 1806 placet
2927 1736 3205 1790 nominare
3232 1751 3450 1790 carnem
3494 1734 3672 1789 Streba-

400 1833 490 1887 bio
519 1833 769 1889 distincta
814 1828 1021 1888 fuerint.
1049 1835 1172 1899 alia,
1208 1849 1314 1887 non
1353 1835 1579 1887 multum
1612 1850 1640 1887 a
1673 1849 1733 1888 se
1775 1835 2002 1888 invicem
2038 1832 2084 1891 Β
2117 1830 2391 1896 lanam...
2428 1845 2529 1882 non
2559 1829 2889 1899 palpamenta
2915 1846 3055 1893 assa.
3083 1845 3195 1898 qua:
3221 1830 3274 1881 in
3304 1829 3511 1882 verubus
3540 1839 3672 1884 sunt:

403 1926 614 1982 diversa
655 1926 883 1982 liborum
927 1943 1146 1997 genera,
1192 1943 1311 1997 qua:
1355 1927 1424 1981 ab
1468 1927 1561 1981 illo
1590 1944 1602 1955 '
1631 1926 1854 1998 Africia,
1888 1943 2011 1998 gn»
2116 1940 2216 1976 non
2249 1933 2362 1976 exta
2390 1923 2638 1987 animata,
2677 1934 2784 1978 etc.
2821 1922 2909 1996 Sic
2939 1924 3082 1977 enim
3121 1933 3338 1992 apertus
3367 1924 3468 1979 erit
3493 1925 3570 1979 hic
3595 1928 3673 1978 Ar-

407 2019 552 2086 tilla,
609 2028 930 2083 catumeum,
989 2020 1341 2089 conspoliuni,
1406 2031 1452 2072 et
1506 2019 1694 2072 cubula
1755 2030 2014 2073 vocantur
2117 2017 2260 2071 nobii
2307 2031 2540 2072 sensus:
2573 2016 2628 2070 In
2675 2016 2952 2071 sacriﬁciis
2997 2014 3192 2070 frustra
3237 2015 3441 2071 adoleri
3484 2032 3591 2070 assa
3631 2015 3671 2070 in

406 2111 650 2183 (.lrnob.,
681 2113 769 2167 lib.
803 2129 897 2176 vn,
936 2128 1054 2184 pag.
1089 2113 1238 2185 230).
1273 2113 1388 2168 Non
1422 2113 1562 2166 aliud
1586 2115 1727 2167 enim
1759 2114 1898 2167 inter
1925 2114 2010 2167 illa
2115 2110 2350 2164 verubus
2397 2111 2762 2181 pulpamenta,
2817 2111 2920 2164 hoc
2965 2117 3065 2173 est,
3120 2110 3312 2164 molles
3357 2121 3410 2164 et
3456 2109 3673 2164 delicatas

408 2207 588 2260 omnia
621 2206 909 2262 discrimen
941 2205 1314 2260 intercessisse
1342 2205 1571 2271 videtur,
1602 2204 1703 2259 nisi
1735 2221 1801 2259 ex
1844 2214 2013 2260 mate-
2115 2205 2293 2259 carnis
2339 2206 2457 2259 sine
2503 2205 2823 2275 pinguedine
2869 2213 3068 2274 partes,
3118 2217 3239 2272 qum
3291 2219 3441 2257 suam
3492 2213 3674 2271 propter

407 2300 508 2364 ria,
534 2310 584 2353 et
611 2300 818 2353 ratione
840 2314 943 2368 qua
977 2300 1089 2353 fieri
1119 2300 1385 2353 solebant.
1411 2299 1574 2353 Suum
1609 2311 1787 2353 autem
1818 2316 2009 2354 nomen
2116 2298 2396 2354 mollitiem
2442 2299 2720 2368 palpitant.
2762 2297 2980 2352 Frustra
3011 2298 3172 2352 etiam
3214 2297 3359 2351 litari
3400 2299 3674 2351 animalium

407 2392 492 2445 vel
525 2391 668 2458 inde,
698 2391 833 2445 vela
857 2392 1000 2455 loco,
1031 2391 1117 2446 ubi
1154 2392 1385 2461 primum
1416 2391 1553 2445 facta
1587 2401 1731 2452 sunt,
1763 2391 1900 2446 vela
1932 2392 2013 2445 di-
2115 2402 2258 2458 exta,
2305 2392 2452 2461 prius
2495 2395 2746 2454 animata,
2792 2405 2845 2446 ct
2887 2392 3210 2446 carbonilms
3251 2391 3550 2455 torrefacta,
3579 2407 3676 2458 qum

407 2499 564 2539 versa
595 2499 690 2538 sua
720 2483 892 2537 forma
924 2493 978 2538 et
1010 2487 1176 2555 ligura
1215 2493 1562 2553 acceperunt.
1599 2482 1792 2537 Nostra
1832 2495 2011 2538 autem
2115 2484 2330 2554 quidem
2361 2500 2466 2539 non
2503 2485 2554 2539 in
2585 2484 2839 2548 verubus,
2873 2485 2965 2540 sed
2991 2486 3266 2540 succensis
3292 2495 3493 2540 tantum
3519 2485 3676 2539 carbo—

405 2577 548 2632 scire
580 2590 765 2644 parum
795 2576 1019 2631 interest
1049 2577 1192 2631 unde
1221 2576 1462 2632 derivata
1489 2578 1597 2630 sint
1629 2575 1742 2630 lucc
1771 2577 2006 2641 nomina,
2117 2576 2275 2632 nibus
2302 2576 2496 2631 torreri
2533 2585 2801 2646 poterant.
2835 2577 2904 2630 Ea
2933 2586 3110 2630 autem
3141 2576 3244 2630 diis
3270 2577 3445 2633 oblata
3473 2578 3616 2631 fuisse
3642 2577 3678 2631 si

413 2680 506 2725 aut
548 2669 674 2742 quid
714 2685 906 2726 revera
952 2670 1276 2741 significent,
1328 2671 1421 2726 sed
1463 2680 1662 2740 quanta
1711 2671 2013 2726 insulsntate
2114 2672 2349 2741 dubites,
2381 2673 2668 2727 certiorem
2711 2672 2902 2728 Festus
2945 2683 2995 2727 te
3027 2671 3202 2732 faciet.
3243 2674 3331 2742 qui
3364 2672 3486 2728 inde
3514 2688 3680 2726 nomen

404 2762 637 2832 gentiles
689 2761 807 2817 haec
853 2762 1060 2817 fictitiis
1109 2762 1210 2818 diis
1263 2763 1394 2831 suis,
1447 2764 1600 2833 quasi
1649 2763 2011 2819 esurientibus
2115 2782 2270 2820 suum
2328 2767 2516 2818 sortita
2565 2779 2686 2818 esse
2731 2764 3045 2819 existimat:
3087 2783 3104 2814 ‹
3143 2764 3301 2829 Exta,
3337 2785 3356 2817 ι
3388 2767 3479 2832 ait,
3515 2783 3532 2816 ι
3561 2765 3682 2818 dicta

407 2858 710 2913 libaverint.
2113 2857 2256 2929 quod
2285 2873 2347 2912 ea
2377 2857 2480 2912 diis
2512 2868 2879 2926 prosecentur,
2919 2874 3038 2928 quas
3070 2859 3305 2914 maxime
3338 2869 3538 2920 extant.
3567 2857 3681 2914 emi-

481 2951 642 3006 Multa
672 2953 793 3019 alia,
827 2968 978 3023 teque
1000 2952 1248 3018 ridicula,
1282 2953 1557 3007 Arnobius
1582 2956 1831 3008 consulto
1853 2957 2007 3009 omit-
2115 2961 2370 3020 nentque.
2405 2969 2423 3002 ›
2456 2948 2686 3019 (Festus,
2716 2951 2785 3003 ad
2815 2952 2946 3004 verb.
2985 2951 3194 3021 Exn.)

409 3045 471 3100 tit
501 3044 712 3119 (lbid.),
750 3046 933 3117 aitque
971 3047 1073 3102 sibi
1105 3061 1210 3100 non
1243 3045 1511 3116 placuisse
1546 3063 1764 3102 carnem
1794 3048 2009 3102 strebu-
2189 3044 2352 3098 Addit
2399 3044 2666 3099 Arnobius
2697 3061 2709 3096 :
2746 3063 2764 3095 ‹
2799 3044 2916 3098 Non
2945 3045 3255 3113 salsamina,
3295 3063 3415 3118 qua:
3449 3058 3566 3102 sunt
3599 3063 3682 3100 una

407 3142 515 3198 lam
556 3143 861 3206 nominare,
899 3157 1016 3210 qua:
1057 3150 1324 3194 taurorum
1362 3142 1722 3195 coxendicibus
1765 3142 2007 3196 demitur.
2115 3139 2430 3194 commixtio
2495 3139 2773 3209 quadrinis
2819 3139 3065 3208 copulata
3118 3140 3360 3211 frugibus
3405 3161 3422 3192 I
3467 3141 3680 3210 (Aruobz,

409 3238 498 3304 At,
535 3236 692 3291 Festo
713 3236 756 3289 si
787 3235 1074 3296 credimus,
1116 3233 1220 3288 hoc
1249 3249 1446 3288 nomen
1479 3235 1546 3287 ab
1565 3233 1802 3289 Umbria:
1837 3249 2005 3304 papu-
2034 3221 2079 3284 C
2113 3233 2203 3288 lib.
2237 3250 2330 3299 vn,
2367 3251 2488 3305 pag.
2524 3231 2678 3302 230).
2712 3233 2900 3288 Nonne
2936 3249 3064 3288 vero
3094 3232 3175 3288 his
3208 3235 3386 3288 verbis
3410 3236 3570 3290 salsas
3595 3234 3685 3288 fru-

407 3328 474 3384 lis
521 3342 700 3384 ortum
747 3327 960 3392 habuit;
1003 3327 1128 3398 quia
1172 3327 1278 3382 illis
1325 3328 1494 3396 magis
1548 3343 1708 3396 quam
1754 3326 2011 3382 Romanis
2114 3342 2208 3396 gos
2251 3326 2519 3396 intelligit,
2557 3342 2690 3394 quas
2721 3327 2773 3381 in
2810 3326 3088 3381 saeiiliciis
3120 3325 3320 3381 ethnici
3353 3326 3686 3382 adhibebant?

409 3422 664 3476 usitatum
708 3431 826 3476 erat
877 3419 1110 3492 (Festus,
1159 3421 1229 3473 ad
1278 3420 1605 3487 Srnesuu).
1656 3419 2010 3474 Observatum
2115 3420 2281 3476 Sinon
2312 3420 2510 3490 quippe
2540 3419 2680 3490 apud
2710 3419 2990 3490 Virgilium
3021 3419 3136 3474 illBC
3166 3420 3368 3475 dixisse
3397 3420 3596 3476 fertur:

407 3515 675 3584 siquidem
722 3514 790 3568 ab
829 3529 895 3569 eo
936 3513 1204 3584 legimus:
1241 3533 1259 3565 ‹
1296 3514 1568 3569 Strebula.
1616 3511 1869 3569 Utulirico
1908 3529 2009 3568 uo-
2205 3533 2414 3598 iamque
2431 3532 2752 3598 digginfauda
2777 3534 2966 3594 aderat,
2988 3533 3104 3582 mihi
3126 3547 3262 3584 sacra
3287 3536 3463 3598 parm,

408 3609 552 3662 mine
592 3606 814 3661 Plautus
856 3606 1091 3675 appellat
1136 3605 1459 3660 coxendices
1514 3607 1832 3667 hostiarum,
1876 3621 2012 3674 quas
2207 3595 2432 3646 Ειδδιὸἱε
2453 3596 2642 3659 fruges-

409 3700 572 3770 grtnci
601 3701 762 3774 μηρία
791 3697 997 3761 dicunt,
1030 3712 1151 3765 qua:
1181 3697 1233 3749 in
1272 3696 1460 3750 altaria
1502 3697 1702 3766 imponi
1742 3696 1938 3750 solebat

1938 3704 2008 3761 nt,
2519 3677 2752 3745 (Virgil.,
2775 3678 2860 3730 lib.
2888 3697 2922 3730 ιι
2949 3680 3157 3740 ,Εηρὶεέη
3184 3693 3312 3731 vers.
3337 3681 3467 3742 129.)

411 3802 468 3846 ut
507 3790 729 3845 Plautus
772 3789 844 3843 ait
887 3789 938 3842 in
987 3786 1303 3851 Frivolaria.
1338 3808 1356 3839 ι
1389 3787 1528 3843 Nulli
1571 3790 1749 3858 itaque
1787 3789 2009 3844 dubium
2114 3787 2316 3844 Plinius
2346 3795 2522 3842 autem
2563 3786 2719 3842 docet
2750 3803 2779 3841 a
2808 3786 2978 3842 Numa
3012 3803 3138 3858 rege
3170 3788 3474 3844 institutum
3513 3810 3530 3841 ‹
3569 3790 3688 3844 Deos

411 3900 532 3941 esse
564 3894 767 3954 potest,
799 3883 926 3953 quin
959 3897 1019 3938 ea
1053 3898 1181 3937 caro
1210 3884 1260 3935 in
1292 3883 1627 3937 ethnicorum
1663 3885 1828 3939 Sacris
1856 3883 2011 3937 adhi-
2123 3884 2273 3954 fruge
2299 3885 2503 3947 colere,
2531 3892 2585 3936 ct
2614 3882 2753 3936 mola
2776 3883 2915 3936 salsa
2943 3882 3268 3954 supplicare.
3305 3902 3322 3935 ι
3354 3883 3565 3939 Servius
3587 3898 3696 3938 vero

407 3978 650 4035 beretur.
681 3977 816 4033 Nam
845 3988 899 4033 et
928 3976 1115 4032 Pollux
1146 3977 1234 4031 ubi
1265 3977 1438 4030 varias
1469 3977 1716 4045 loquendi
1753 3979 2012 4033 formulas
2116 3981 2170 4035 in
2201 3979 2395 4034 citatos
2425 3977 2634 4049 Virgilii
2663 3993 2850 4033 versus
2881 3977 3132 4032 observat
3161 3981 3238 4033 sal
3267 3990 3324 4034 et
3353 3978 3433 4034 far
3468 3980 3567 4035 dici
3594 3995 3694 4034 mo-

409 4070 478 4126 ad
508 4086 660 4125 sacra
692 4070 1022 4141 pertinentes
1067 4080 1336 4134 recenset,
1392 4070 1527 4124 hanc
1559 4081 1823 4126 memorat
1852 4076 2014 4150 μηρία
2117 4072 2222 4128 lam
2263 4074 2483 4137 salsam,
2513 4087 2672 4142 quam
2712 4071 2918 4126 Plinius
2960 4073 3012 4125 in
3048 4072 3299 4126 omnibus
3342 4071 3626 4135 sacrificiis,
3653 4081 3697 4122 et

411 4167 652 4220 ἐπιθεῖναι
707 4162 931 4235 (Pollux
988 4163 1281 4229 Onomast.,
1338 4163 1427 4217 lib.
1489 4180 1536 4229 ι,
1587 4164 1613 4235 §
1655 4165 1743 4228 14,
1789 4182 1901 4236 cap.
1960 4167 2011 4231 1,
2117 4183 2236 4224 eam
2265 4168 2435 4222 solam
2469 4184 2494 4220 a
2526 4168 2851 4238 pauperibus
2884 4167 3193 4221 hominibus
3238 4168 3444 4224 litatam
3485 4169 3698 4223 aflirmat

415 4275 533 4329 pag.
581 4257 660 4327 8),
703 4259 1000 4312 coxendices
1043 4260 1326 4329 imponere.
1382 4257 1464 4313 Ad
1511 4259 1561 4313 id
1613 4270 1790 4314 autem
1842 4261 2015 4319 facere
2120 4261 2316 4335 (Plin.,
2368 4261 2458 4316 lib.
2493 4278 2618 4317 xvnt
2650 4260 2788 4316 Hist.
2820 4273 3154 4334 notur.,cap.
3186 4262 3242 4326 ἓ,
3268 4280 3390 4334 pag.
3415 4263 3547 4328 473;
3581 4261 3698 4314 Ρω-

415 4347 689 4405 nonnullis
717 4349 931 4405 videtur
972 4349 1079 4415 hic,
1124 4351 1334 4405 tametsi
1381 4361 1668 4420 corruptus
1699 4368 1729 4405 a
1763 4353 2014 4420 librariis,
2120 4357 2248 4428 lag.,
2294 4357 2380 4410 lib.
2428 4373 2466 4421 ι,
2509 4373 2630 4427 pag.
2670 4356 2726 4419 5,
2765 4365 2810 4409 et
2840 4355 2926 4410 lib.
2966 4372 3114 4422 xxxi,
3147 4372 3263 4426 cap.
3304 4358 3355 4423 7,
3405 4375 3519 4428 pag.
3565 4356 3695 4422 809).

414 4444 674 4501 Varronis
699 4443 878 4511 locus,
912 4445 1001 4499 ubi
1031 4444 1272 4500 diversas
1304 4445 1481 4500 Plauti
1511 4446 1810 4502 comtedias
1841 4449 1971 4503 citat
2001 4468 2014 4503 ε
2123 4451 2228 4509 Sed
2260 4451 2483 4506 Tibulus
2513 4453 2582 4507 ab
2609 4451 2860 4507 omnibus
2898 4461 3185 4521 utrumque
3221 4450 3302 4506 lar
3331 4462 3387 4507 et
3413 4451 3493 4506 sal
3524 4450 3700 4520 sacpius

421 4557 441 4589 ‹
477 4538 533 4591 lu
570 4536 846 4602 Cestione,
878 4537 1221 4601 cerastibola,
1258 4547 1314 4592 ut
1355 4537 1421 4593 de
1459 4539 1642 4594 lumbo
1680 4539 2016 4595 obcmnabis.
2121 4545 2421 4601 adhibitum
2452 4546 2598 4600 canit
2631 4565 2644 4598 :

414 4632 748 4688 Cerastibola
789 4631 995 4703 Opilius
1038 4632 1225 4686 scribit
1267 4633 1471 4687 circum
1518 4635 1851 4689 coxendices
1896 4644 2019 4690 sunt
2046 4614 2100 4674 D

417 4723 579 4778 nobis
603 4741 617 4778 :
649 4722 698 4777 id
724 4737 956 4793 graecum
979 4731 1061 4777 est
1082 4723 1151 4776 ab
1174 4721 1328 4789 hujus
1352 4723 1452 4778 loci
1503 4740 1721 4779 versura
1754 4745 1770 4776 ι
1802 4722 2016 4793 (Vurr.,
2219 4726 2283 4800 Et
2300 4740 2475 4799 vanum
2501 4735 2730 4800 metuens
2752 4728 3002 4800 hominum
3025 4741 3201 4800 genus,
3226 4732 3388 4779 omnia
3407 4731 3555 4781 noctis

421 4815 510 4872 lib.
545 4833 600 4870 γι
651 4789 912 4888 de'Ling.
959 4816 1076 4878 lat,
1111 4834 1231 4887 pag.
1275 4815 1388 4887 εὖ).
1435 4817 1510 4872 Ibi
1549 4821 1690 4872 enim
1737 4789 1950 4889 legendi

1629 4821 1690 4872 im
1737 4789 2019 4889 “gendum
2223 4789 2374 4840 Farre
2400 4791 2482 4853 pio
2503 4796 2714 4855 placant,
2733 4797 2786 4841 et
2805 4793 3018 4883 saliente
3037 4792 3158 4841 sale.

417 4919 608 4981 putant
645 4926 764 4965 caro
803 4875 1156 4976 strebula,vde
1181 4875 1296 4977 ’ψη
1339 4875 1525 4966 auctor
1563 4921 1742 4967 ucster
1776 4875 2019 4967 disserit.
2771 4875 2998 4940 (Ti-buli"
3020 4875 3105 4926 ’ἔθ’
3135 4892 3234 4939 xu"
3259 4879 3383 4942 elei"
3405 4878 3476 4938 δ’)

419 5003 634 5060 Vidcsis
663 5004 922 5074 Scaligeri
971 5005 1021 5057 in
1064 5005 1177 5057 haec
1211 5003 1469 5058 Varronis
1509 5006 1668 5060 verba
1711 5006 2019 5061 annotatio-
2129 5001 2410 5070 Quomodo
2452 5013 2655 5069 autem,
2705 5017 2735 5057 a
2784 5005 2996 5072 quibus,
3048 5014 3103 5059 et
3147 5020 3253 5075 quo
3301 5016 3537 5075 tempore
3579 5004 3699 5059 uiola

420 5094 679 5163 nes,acsi
698 5096 850 5161 velis,
870 5093 2019 5164 TuruebiAdversaria(Turneb,lib.xxm,
2130 5096 2270 5151 salsa
2301 5097 2453 5153 lieret
2482 5097 2737 5152 describit
2767 5098 3003 5162 Servius,
3053 5115 3213 5169 quem
3255 5101 3494 5155 consule.
3543 5102 3698 5152 Arno-

418 5205 535 5259 cap.
570 5187 680 5260 18).
2131 5189 2251 5244 bius
2294 5206 2455 5259 porro
2500 5188 2738 5245 declarat
2778 5208 2898 5247 esse
2937 5191 3322 5259 quadrinarum
3364 5209 3458 5248 seu
3497 5201 3702 5263 quatuor

493 5282 699 5338 Dehinc
750 5298 878 5337 vero
928 5281 1201 5338 Arnobius
1241 5301 1252 5336 :
1295 5302 1313 5334 ι
1351 5281 1462 5338 Nec
1511 5281 1710 5354 placet,
1759 5305 1775 5335 ι
1828 5285 2020 5352 inquit,
2127 5279 2342 5353 frugum
2372 5282 2834 5338 commixtionem.
2871 5286 2939 5338 At
2971 5283 3224 5353 Virgilius
3269 5286 3432 5339 citato
3468 5287 3570 5351 jam
3598 5297 3699 5336 car-

426 5397 446 5431 r
481 5377 764 5432 nominare
799 5375 1136 5446 pulpamenta
1187 5392 1292 5432 non
1337 5392 1480 5443 assa,
1524 5393 1640 5447 quae
1692 5380 1743 5432 in
1789 5380 2024 5434 verubus
2128 5377 2274 5432 mine
2327 5377 2507 5447 plures
2559 5376 2835 5432 indelinite
2886 5382 3062 5448 fruges
3114 5390 3378 5432 memorat
3426 5377 3612 5446 (Sena,
3653 5378 3698 5426 iu

419 5485 542 5530 exta
583 5484 730 5536 sunt,
769 5471 1002 5526 animata
1034 5473 1183 5540 prius
1211 5481 1264 5527 et
1308 5471 1594 5528 torrefacta
1641 5472 1965 5527 carbonibus
1999 5493 2016 5524 ι
2141 5466 2321 5538 Virgil.
2354 5470 2513 5538 eclog.
2546 5469 2600 5533 8,
2633 5487 2752 5540 pag.
2795 5468 2896 5528 36).

419 5567 660 5637 (.lrnob.,
694 5566 780 5619 lib.
811 5581 903 5630 vn,
937 5582 1056 5634 pag.
1090 5564 1243 5634 230).
1283 5566 1386 5621 Sed
1427 5565 1584 5635 hujus
1620 5574 1796 5620 textus
1823 5567 2022 5622 obscu-
2204 5558 2330 5615 Vult
2361 5578 2574 5632 quoque
2609 5563 2880 5617 Arnobius
2907 5564 3054 5634 rejici
3082 5567 3333 5632 [‘eittlicus,
3364 5581 3455 5620 seu
3484 5577 3535 5619 ut
3558 5565 3695 5630 aliqui

420 5662 553 5716 ritas
598 5659 750 5713 illum
789 5658 858 5712 ab
902 5658 1175 5728 imperito;
1208 5671 1298 5711 aut
1331 5658 1595 5712 oscitante
1632 5658 1847 5712 librario
1876 5658 2026 5712 adul-
2130 5654 2415 5726 legendum
2441 5664 2628 5726 putant
2656 5655 2882 5723 feudicus
2911 5655 3149 5728 (.lrnob.,
3176 5659 3263 5711 lib.
3295 5675 3386 5725 vn,
3420 5677 3531 5731 pag.
3561 5655 3692 5726 “250).

424 5757 651 5806 teratum
677 5766 795 5806 esse
817 5753 948 5807 satis
968 5750 1225 5806 Ostendit.
1253 5752 1590 5820 Quapropter
1619 5761 1675 5805 ut
1708 5749 1794 5805 lux
1822 5752 2020 5822 aliqua,
2129 5747 2210 5803 Ex
2259 5749 2420 5804 variis
2468 5762 2644 5803 autem
2688 5750 2994 5806 nominibus
3028 5753 3096 5806 ab
3143 5753 3236 5809 illo
3276 5754 3568 5816 recensitis,
3607 5750 3696 5805 hoc

428 5858 474 5904 ts
519 5848 630 5901 lieri
673 5855 853 5916 queat,
902 5845 947 5902 ci
994 5844 1266 5911 offeratur,
1311 5845 1600 5902 observare
1639 5847 1805 5916 juvat,
1842 5851 2021 5918 pltlptt-
2128 5845 2375 5901 nonnulli
2428 5862 2592 5902 unum
2633 5860 2752 5901 esse
2795 5856 3001 5917 putant,
3050 5848 3188 5919 quod
3236 5866 3374 5907 nunc
3424 5852 3689 5920 ignoratur.
