3872 6396
139 386 225 444 649

1298 387 1365 444 ΙΝ
1404 383 1782 457 ARNOBIUM,
1824 383 1981 444 CAP.
2011 383 2204 442 XXIII.

3328 391 3435 449 650

140 502 224 559 Alii
248 499 546 571 opinantur,
588 497 722 555 illud
760 513 790 554 a
819 499 988 558 verbo
1016 500 1161 571 ﬁndo
1185 511 1391 572 ortum,
1434 507 1556 577 quia
1599 507 1712 562 ten-
1739 510 1792 568 Α
1817 503 1971 567 secla,
1997 517 2062 557 eo
2089 498 2390 571 signiﬁcatu
2415 514 2444 554 a
2474 498 2728 557 Lucretio
2752 501 2893 557 haud
2920 503 3088 560 semel
3113 514 3427 576 usurpatur.

138 595 250 649 dicte
271 609 334 648 ex
369 592 512 648 fissis
537 593 787 647 carnibus
827 594 978 649 facta:
1014 604 1192 651 erant.
1243 596 1439 653 Verum
1487 600 1722 668 ipsemet

140 695 320 749 auctor,
364 685 491 756 quid
523 687 634 741 sint
665 685 892 742 lendicze
934 687 1017 742 his
1058 687 1310 744 edisserit
1343 690 1559 746 verbis:
1594 691 1722 758 Quae

140 791 181 835 et
206 781 322 850 ipsa:
366 790 487 836 sunt
529 780 658 835 hine
687 780 817 852 (MS.
849 781 973 836 cod.
1003 790 1059 838 et
1098 783 1216 837 alite
1258 783 1390 838 edit.
1431 784 1580 851 dirae,
1626 785 1721 840 sed

143 874 426 945 mendose),
458 890 586 943 quas
614 874 774 946 plebis
797 874 960 928 oratio
991 875 1083 928 ilia
1110 875 1245 942 (MS.
1279 876 1496 931 codices
1519 885 1572 932 et
1601 877 1720 947 qui-

139 968 244 1024 dam
280 967 406 1023 editi
441 966 555 1034 illa,
587 968 681 1023 sed
707 967 990 1040 legendum
1018 968 1179 1038 billa)
1204 969 1352 1034 solet,
1376 985 1493 1022 cum
1522 969 1720 1035 eloqui-

1825 595 2041 652 Alicubi
2073 597 2219 651 enim
2249 593 2445 650 cecinit
2472 611 2486 649 :

2613 688 2759 742 Secia
2784 691 3021 743 ferarum.

2451 773 2691 839 (Lucret.,
2711 774 2793 826 lib.
2821 790 2878 836 ιι,
2899 789 3027 828 vers.
3048 776 3212 842 1075.)

1826 877 1882 934 id
1915 889 2020 947 est,
2049 878 2352 936 belluarum
2378 894 2601 952 genera.
2634 880 2702 936 Et
2731 875 2890 952 paulo
2922 893 3042 954 post
3070 902 3085 939 :

1923 993 2050 1060 Quin
2074 996 2316 1060 cujusque
2339 995 2472 1046 sient
2497 995 2619 1060 secli
2647 997 2993 1060 permultaque
3020 1000 3198 1049 eodem

1921 1058 2032 1107 Sint
2055 1058 2272 1120 genere,
2299 1059 2350 1107 in
2368 1058 2538 1121 primis
2563 1059 2879 1118 animalibus,
2899 1058 3064 1111 indice
3089 1070 3277 1112 mente.

140 1073 226 1129 tur,
270 1079 580 1135 nuncupare.
608 1062 734 1118 Hira
773 1072 950 1119 autem
991 1079 1020 1118 a
1045 1063 1206 1120 Festo
1248 1064 1339 1135 (ad
1376 1063 1512 1118 verb.
1551 1062 1712 1134 ΗΜΛ)
1921 1062 2032 1107 Sim
2055 1071 2272 1120 εειιθτθ,
2299 1062 2538 1121 inprimis
2563 1062 2879 1118 animalibus,
2899 1062 3064 1111 indice
3089 1076 3202 1111 men

142 1161 206 1187 ..πη
229 1158 470 1187 ,ιηηηςιηη
493 1176 507 1187 .
548 1159 675 1187 με-..
729 1175 840 1187 -..ι-
867 1159 1162 1187 .t:...:.....:...
1190 1159 1374 1187 4:-:.....
1397 1159 1522 1187 LM]-
1573 1174 1720 1187 -..κω
2729 1123 2861 1187 (Ida
2884 1135 3012 1175 vers-
3033 1124 3202 1182 1078-)

2826 1159 2861 1184 ο,
2887 1159 2955 1174 υνσ
2971 1159 3012 1175 υ.
3038 1159 3174 1175 ινιυι

139 1161 206 1214 sic
228 1158 470 1215 deﬁnitur
493 1176 507 1212 :
542 1159 697 1226 Hira,
725 1175 840 1232 qua:
863 1159 1162 1214 diminutive
1187 1159 1374 1214 dicitur
1394 1159 1542 1218 Itilla.
1570 1174 1723 1229 quant

138 1255 271 1325 graui
294 1253 469 1309 dicunt
492 1264 694 1320 νῆστιν,
727 1255 1024 1310 intestinum
1053 1264 1145 1322 est,
1186 1254 1324 1328 quod
1354 1255 1596 1326 jejunum
1638 1270 1725 1309 vo-

140 1359 282 1402 cmtt:
310 1346 611 1403 Macrobius
640 1362 771 1403 vero
799 1348 899 1402 tria
926 1347 1178 1402 intestina
1221 1361 1343 1401 esse
1382 1346 1563 1412 docet,
1593 1361 1726 1416 quo-

139 1457 244 1496 rum
272 1441 502 1511 primum
537 1441 845 1510 dissipium,
874 1439 1008 1494 alias
1032 1439 1330 1509 disseptutn
1361 1447 1721 1506 nuncupatur,

139 1545 186 1590 ct
205 1551 228 1589 a
248 1535 435 1604 gra-cis
454 1533 744 1608 διάφραγμα
762 1551 775 1587 :
800 1532 1095 1589 secundum
1118 1531 1354 1588 medium
1379 1533 1722 1608 μισεντὲριον,

138 1637 188 1682 ct
215 1636 310 1682 tert
334 1641 424 1681 um
453 1644 465 1678 :
494 1626 632 1692 quod
661 1635 847 1680 veteres
878 1627 1047 1680 hiram
1069 1635 1391 1691 vocaverunt,
1422 1625 1729 1695 habeturque

1829 1245 1902 1301 At
1935 1261 2132 1303 nomen
2172 1246 2304 1302 illud
2345 1245 2542 1317 saepius
2584 1246 2686 1302 hac
2715 1247 3114 1319 sigttiﬁcatimte
3145 1252 3213 1305 ab
3254 1249 3366 1314 illo,
3401 1259 3456 1306 et

1830 1340 1955 1395 aliis
1986 1341 2278 1411 accipitur,
2311 1355 2473 1412 quam
2523 1351 2582 1396 ut
2620 1342 2672 1396 id
2719 1343 2951 1412 longiori
3000 1343 3319 1413 probatione
3365 1343 3455 1397 in-

1832 1434 2039 1505 digeat.

1902 1529 2043 1598 Quid
2067 1539 2175 1584 tum
2198 1529 2394 1586 deinde
2414 1540 2603 1586 auctor
2627 1532 2846 1588 noster?
2875 1550 2893 1584 t
2924 1531 3040 1587 Non
3066 1544 3395 1606 magmento,
3424 1553 3444 1586 ›

1832 1624 2027 1695 inquit,
2059 1645 2078 1676 ‹
2114 1641 2218 1682 non
2248 1627 2519 1704 augmina,
2548 1642 2656 1681 non
2683 1627 2829 1683 mille
2855 1629 3066 1697 Species
3095 1628 3180 1682 vel
3208 1629 3451 1682 farcimi-

136 1721 437 1791 prtrcipuum
485 1718 843 1773 intestinorum
895 1720 1143 1783 omnium,
1195 1727 1241 1772 et
1293 1717 1390 1772 cibi
1436 1718 1730 1772 retrimenta
1831 1734 1998 1788 nunt,
2050 1721 2133 1775 vel
2183 1721 2461 1776 litillarum
2507 1741 2526 1774 ›
2565 1723 2808 1792 (Arnob,
2853 1723 2941 1776 lib.
2993 1738 3085 1789 vn,
3134 1740 3256 1794 pag.
3297 1719 3451 1794 250).

138 1815 325 1868 deducit
371 1811 654 1885 (Macrob,
706 1814 797 1868 lib.
849 1829 888 1880 ι,
938 1814 992 1867 in
1042 1813 1226 1869 Somn.
1281 1812 1454 1881 Scip.,
1501 1829 1618 1883 cap.
1673 1811 1726 1878 6,
1833 1811 1902 1866 Et
1947 1813 2018 1867 ita
2066 1813 2285 1882 quidem
2331 1814 2383 1868 in
2428 1814 2614 1868 ultima
2656 1815 2916 1880 edittone,
2964 1816 3016 1869 in
3062 1817 3277 1869 ca'teris
3323 1830 3455 1870 vero

137 1926 247 1979 pag.
275 1907 393 1977 μ).
418 1906 692 1963 Arnobius
722 1908 899 1978 itaque
927 1905 1058 1961 dixit
1089 1906 1328 1962 fendicas
1358 1905 1578 1961 easdem
1607 1920 1729 1961 esse
1763 1903 1813 1963 B
1839 1905 2112 1967 omnibus,
2146 1915 2202 1960 et
2232 1906 2605 1975 ntanuscripto
2636 1909 2785 1977 regio
2815 1908 3024 1974 codice,
3053 1909 3285 1962 velamen
3330 1925 3458 1962 san-

136 2017 194 2056 ac
232 2001 400 2070 hiras,
428 2018 549 2075 qua:
591 2003 810 2058 nomine
846 2001 1058 2072 plebeio
1087 2002 1420 2058 vocabantur
1448 2001 1614 2069 ltillte,
1648 2001 1734 2058 ni-
1836 2000 2070 2069 guinunt,
2099 2000 2178 2053 vel
2205 1999 2498 2069 ﬁtillarum.
2533 2001 2671 2068 Quid
2703 2008 2773 2056 sit
2796 2011 2976 2056 autent
3011 2012 3376 2071 magmentum
3403 2009 3459 2058 et

146 2094 317 2166 bilque
343 2096 487 2151 aliud
519 2104 670 2162 sunt,
699 2111 860 2166 quam
890 2096 1198 2151 intestinum
1228 2095 1498 2166 jejunum.
1839 2105 2210 2165 augmentum,
2247 2095 2331 2148 his
2361 2095 2540 2151 disces
2573 2094 2832 2151 Varronis
2863 2097 3046 2152 verbis
3073 2114 3086 2150 :
3125 2115 3144 2148 ε
3179 2101 3457 2166 Attgnten-

200 2189 666 2258 Quemadmodum
697 2203 875 2245 autem
924 2189 1194 2245 Arnobius
1223 2189 1464 2246 fendicas
1505 2197 1560 2245 et
1589 2189 1736 2246 ltiras
1843 2197 1978 2255 tum,
2019 2187 2162 2257 quod
2211 2203 2275 2242 ex
2319 2189 2595 2242 immolata
2641 2188 2816 2242 hostia
2860 2191 3138 2245 desectum
3183 2190 3234 2244 itt
3270 2189 3473 2261 jecore

139 2285 409 2340 sacriﬁciis
439 2283 779 2339 adhibendas
817 2298 939 2339 esse
967 2295 1147 2355 negat,
1179 2284 1249 2338 ita
1278 2295 1332 2338 et
1358 2303 1377 2336 ι
1408 2284 1736 2352 (Ernmnas,
1842 2279 2171 2350 imponendo
2221 2281 2454 2349 augendi
2501 2297 2687 2336 causa.
2735 2283 3123 2352 Magutentunt,
3177 2299 3207 2337 a
3265 2284 3452 2354 magis,

136 2393 245 2448 quae
267 2388 418 2442 sunt,
452 2397 471 2430 ι
500 2376 696 2447 inquit,
727 2397 746 2429 ι
774 2377 947 2449 prima
993 2378 1044 2432 in
1085 2378 1494 2448 gurgulionibus
1536 2383 1734 2449 capita,
1842 2376 1985 2446 quod
2029 2377 2097 2431 ad
2144 2377 2461 2448 religionem
2504 2381 2676 2447 magis
2722 2380 2976 2445 pertinet.
3024 2378 3208 2449 Itaque
3240 2388 3458 2448 propter

138 2490 234 2546 qua
263 2476 505 2545 dejicere
531 2475 706 2541 cibos,
738 2485 794 2530 et
820 2475 1022 2530 referre
1051 2485 1237 2528 natura
1265 2485 1349 2530 est
1388 2477 1739 2532 ruminatori-
1846 2469 1950 2524 hoc
1983 2479 2236 2525 montana
2271 2469 2392 2525 t‘ana
2421 2473 2716 2525 constituta
2753 2471 2885 2525 locis
2913 2473 3100 2532 certis.
3135 2485 3243 2540 quo
3274 2470 3324 2525 id
3358 2471 3426 2525 im

135 2568 231 2624 bus
257 2569 493 2626 smcnlis.
531 2589 550 2621 ι
583 2570 824 2642 (Arnob,
855 2571 946 2625 lib.
977 2585 1074 2629 vtt.
1099 2563 1228 2641 pag.‘
1245 2569 1402 2644 250.)
1436 2575 1501 2626 At
1530 2581 1745 2628 constat
1846 2574 2143 2633 poneretur
2173 2575 2354 2627 malae,
2385 2563 2452 2618 ab
2503 2579 2569 2618 eo
2623 2563 2768 2632 quod
2820 2565 2980 2634 graeci
3021 2565 3212 2637 μάτιας
3241 2567 3330 2620 καὶ
3358 2565 3462 2638 μά-

138 2674 261 2717 sane
289 2662 361 2717 ibi
395 2662 461 2717 ab
487 2661 739 2730 imperito
763 2661 982 2716 librario
1009 2661 1358 2731 depravatum
1387 2678 1509 2718 esse
1539 2680 1740 2719 nomen
1849 2681 1991 2720 πιας-
2028 2679 2048 2711 ι
2083 2657 2295 2729 (Varr.,
2326 2658 2414 2713 lib.
2453 2676 2502 2713 tv
2541 2660 2603 2712 de
2632 2658 2783 2730 Ling.
2819 2661 2938 2725 lat.,
2978 2678 3099 2731 pag.
3130 2659 3250 2729 28).
3282 2659 3457 2727 Quem

137 2753 449 2821 (Erumnas,
481 2770 544 2809 ac
580 2753 865 2823 legendum
896 2772 1090 2809 runtas.
1136 2754 1240 2810 Ubi
1285 2757 1428 2811 enini
1472 2756 1746 2813 Arnobius

138 2845 248 2915 ipse
271 2847 466 2903 eadem
486 2849 703 2902 nomina
729 2847 888 2916 paulo
903 2857 1026 2918 post
1041 2850 1238 2919 repetit
1256 2849 1405 2920 (ibid.
1420 2892 1432 2912 ,
1452 2867 1571 2922 pag.
1591 2850 1743 2919 ΞΜ),

135 2937 206 2993 ibi
249 2941 416 2995 ruinis
457 2949 774 2994 constanter
816 2941 868 2994 itt
917 2943 1287 3012 manuscripto
1336 2941 1524 2998 codice
1571 2943 1743 3014 regio,

137 3036 498 3104 omnibusque
525 3034 854 3091 editionibus
881 3033 1097 3105 legitur.

204 3128 381 3182 Roma
406 3139 587 3182 autem
610 3127 810 3197 duplici
838 3143 1000 3183 sensu
1026 3146 1052 3180 a
1080 3129 1241 3182 variis
1267 3127 1581 3185 auctoribus
1605 3127 1744 3183 acci-

136 3221 302 3290 pitur.
350 3220 485 3276 Nam
515 3239 533 3271 t
564 3221 812 3286 Romam,
849 3240 867 3273 ι
903 3231 961 3276 ut
993 3221 1069 3276 ait
1097 3220 1302 3276 Nonius
1323 3221 1630 3286 Marcellus,
1663 3219 1748 3274 cui

1853 2757 1907 2807 in
1936 2755 2113 2808 locum
2143 2753 2514 2809 animadvertit
2543 2753 2783 2824 Scaliger
2807 2764 3171 2825 magmentum
3204 2771 3325 2810 esse
3352 2755 3448 2811 da-

1854 2861 1998 2917 pem,
2045 2862 2168 2916 qttm
2205 2863 2235 2901 a
2283 2847 2498 2901 rusticis
2527 2846 2684 2912 J‘auo,
2715 2848 2956 2912 Silvano,
2991 2847 3168 2914 Marti,
3200 2847 3316 2903 Jovi
3355 2849 3454 2903 Dn-

1855 2943 1982 3012 pali,
2016 2951 2071 2998 et
2097 2941 2218 2996 aliis
2249 2942 2657 3008 profanabatttr.
2689 2940 2988 2997 Salmasius
3014 2953 3191 2996 autem
3226 2959 3324 2999 nos
3352 2961 3441 2999 mo

1857 3043 1953 3090 net
1996 3045 2310 3105 corruptum
2353 3050 2474 3090 esse
2523 3035 2782 3090 Varronis
2825 3045 3050 3101 textum,
3095 3047 3150 3091 et
3191 3053 3255 3092 ex
3301 3047 3474 3094 veteri

1859 3128 2048 3184 codice
2080 3129 2150 3182 ita
2183 3127 2582 3184 emendandum
2613 3146 2627 3182 :
2662 3148 2679 3180 ι
2715 3129 2901 3200 Itaque
2934 3142 3158 3200 propter
3191 3132 3292 3188 hoc
3320 3151 3475 3206 mag-

1861 3221 2124 3276 mentaria
2157 3236 2290 3276 cana
2323 3222 2614 3276 constituta
2660 3221 2793 3276 locis
2831 3225 3018 3288 certis,
3063 3239 3170 3294 quo
3213 3224 3264 3279 id
3305 3225 3484 3295 impo-

137 3312 336 3382 Varro,
385 3314 600 3378 FeSIus,
654 3322 710 3370 et
755 3313 966 3368 Plinius
1014 3313 1430 3384 adstipulantur,
1481 3333 1499 3365 ι
1541 3323 1753 3368 veteres
1782 3294 1829 3359 (ἶ
1864 3324 2086 3372 neretur
2115 3333 2134 3367 ι
2169 3313 2450 3385 (Saluiam,
2488 3315 2750 3370 exercitat.
2804 3317 2856 3369 in
2901 3316 3073 3371 Solfn.
3104 3360 3118 3383 ,
3161 3336 3281 3391 pag.
3320 3320 3472 3390 1‘29).

136 3423 434 3463 mammam
481 3408 758 3462 dixerunt.
806 3426 824 3458 ι
868 3405 1041 3472 (Νοη.
1093 3406 1359 3474 Marcell.,
1403 3407 1467 3462 de
1502 3408 1749 3478 propr-iet.

134 3519 319 3564 teratu,
344 3519 462 3572 cap.
487 3500 559 3565 2;
596 3501 773 3565 Varr.,
820 3501 906 3555 lib.
937 3501 973 3555 it
1000 3501 1062 3554 de
1096 3500 1169 3555 Re
1197 3511 1351 3564 rust.,
1385 3517 1501 3570 cap.
1529 3501 1555 3555 1
1583 3510 1628 3554 et
1652 3501 1711 3555 Η
1736 3518 1751 3566 ;

136 3589 310 3661 Fest.,
357 3597 427 3649 ad
472 3595 609 3650 verb.
661 3594 1012 3658 RuutNALeu;
1058 3592 1227 3660 Plin.,
1299 3593 1386 3646 lib.
1435 3609 1503 3648 xv
1559 3591 1751 3646 Natur.

135 3691 291 3757 ltist.,
329 3709 446 3763 cap.
485 3691 573 3758 18,
605 3707 726 3760 pag.
761 3689 916 3761 198.)
947 3688 1052 3744 Sed
1098 3689 1149 3743 in
1199 3687 1354 3742 Plinii
1401 3699 1546 3742 textu
1577 3703 1754 3740 rumen

138 3800 239 3856 pro
285 3801 440 3840 ruma
487 3785 738 3854 legimus.
768 3783 891 3838 Alio
922 3791 1098 3837 autem
1130 3796 1293 3837 sensu
1333 3795 1503 3844 ruma,
1534 3793 1627 3834 seu
1667 3795 1759 3832 ru-

137 3895 256 3934 meu
307 3889 366 3934 et
405 3878 568 3932 remis
610 3877 879 3945 signiﬁcat
919 3891 1109 3931 cavum
1153 3875 1386 3946 gutturis
1413 3873 1613 3940 locum,
1645 3872 1759 3927 sive

136 3984 198 4028 ut
256 3978 468 4030 Auctor
522 3981 711 4028 noster
765 3971 1004 4042 loquitur
1048 3969 1371 4044 gurgulionio
1420 3978 1596 4040 caput.
1653 3982 1761 4036 quo

136 4077 296 4124 certa
333 4065 580 4137 quaedam
609 4064 863 4120 animalia
894 4064 1046 4120 cibos
1076 4072 1333 4118 revocant
1371 4070 1426 4116 et
1462 4061 1756 4115 rnminant.

137 4158 284 4214 Hinc
318 4159 514 4214 Festus
539 4174 553 4210 :
590 4176 610 4208 ‹
642 4156 851 4212 Rumen
879 4166 960 4211 est
988 4171 1114 4227 pars
1138 4155 1285 4221 colli,
1310 4169 1413 4224 qua
1438 4168 1560 4207 esca
1587 4151 1761 4207 devo-

135 4262 330 4318 ratur,
355 4251 496 4306 uttde
520 4266 740 4305 rumare
762 4249 1062 4314 dicebatur,
1088 4247 1229 4319 quod
1255 4262 1396 4301 nunc
1428 4246 1700 4300 rutnittare
1738 4263 1757 4295 ι

142 4344 398 4414 (Festus,
429 4345 530 4398 loc.
561 4342 697 4416 cit.).
727 4340 950 4399 Servius
978 4355 1110 4396 vero
1131 4359 1146 4394 ι
1168 4358 1186 4390 t
1223 4339 1534 4394 Ruminatio
1563 4338 1704 4392 dicta
1736 4352 1765 4389 a

139 4453 340 4503 ruma,
381 4438 658 4494 eminente
687 4435 920 4507 gutturis
951 4446 1124 4505 parte,
1165 4450 1260 4504 per
1300 4450 1458 4505 quam
1499 4433 1769 4487 demissus

140 4534 315 4586 cibus
371 4546 399 4584 a
449 4530 619 4586 certis
675 4540 959 4585 revocatur
1011 4528 1334 4583 animalibus
1377 4547 1394 4579 ι
1447 4527 1644 4597 (Serv.
1703 4528 1769 4580 ad

151 4622 361 4698 Virgil.
394 4621 581 4694 Eclog.
625 4623 679 4685 6,
724 4640 843 4693 pag.
889 4621 1008 4693 53).
1057 4621 1134 4676 De
1173 4619 1476 4692 gurgulione
1507 4635 1688 4690 porro,
1718 4629 1772 4674 et

1860 3407 2005 3465 Cana
2036 3423 2166 3464 vero
2193 3409 2580 3477 magmentaria
2613 3418 2764 3478 putat
2796 3423 2918 3464 esse
2955 3412 3188 3465 canistra
3236 3413 3317 3467 vel
3365 3414 3450 3468 Ian

1860 3517 1976 3569 ces,
2007 3502 2202 3572 quibus
2229 3509 2534 3572 magmenta
2565 3501 2618 3555 in
2647 3515 2771 3555 aras
2803 3501 3084 3558 inferenda
3120 3504 3474 3571 itnponeban-

1866 3606 1970 3650 tttr.
2029 3593 2280 3660 Videsis,
2338 3609 2458 3664 qua:
2512 3595 2579 3647 ab
2635 3593 2928 3660 Tutnebo,
2975 3607 3024 3651 et
3082 3596 3362 3651 Brissonio
3414 3601 3486 3656 de

1864 3697 2177 3759 magmento
2207 3687 2463 3742 adnotata
2495 3697 2620 3741 sunt
2648 3687 2923 3759 (Turneb.,
2965 3690 3054 3744 lib.
3087 3707 3200 3746 χιιι
3240 3693 3482 3763 Advers.,

1859 3799 1978 3854 cap.
2007 3784 2071 3845 6;
2103 3781 2362 3845 Briston.,
2395 3780 2485 3834 lib.
2519 3797 2531 3833 I
2559 3781 2622 3834 de
2651 3780 2857 3848 Form.,
2890 3799 3012 3854 pag.
3067 3786 3171 3841 1‘26
3200 3798 3247 3840 et
3283 3807 3401 3861 seqq
3429 3789 3480 3866 )0

1932 3874 2040 3931 Pro
2086 3875 2358 3944 corruptis
2404 3872 2620 3929 tandem
2673 3872 2778 3940 his,
2832 3884 2888 3928 ut
2938 3876 3192 3945 diximus,
3248 3883 3476 3938 Arttobii

1862 3970 2066 4034 verbis,
2123 3969 2349 4023 velamen
2400 3968 2732 4037 sanguinum,
2793 3967 2994 4023 ultimm
3045 3969 3304 4026 librorum
3360 3975 3487 4046 ejus

1873 4061 2104 4119 editioni
2136 4059 2425 4131 praefectus
2453 4060 2666 4128 protiria
2696 4061 3016 4116 auctoritate
3044 4063 3350 4130 substituit,
3384 4068 3484 4121 rel-

1869 4157 2220 4228 farciminutu,
2251 4151 2391 4206 baud
2416 4152 2578 4207 dubie
2602 4154 2725 4222 quia
2755 4150 2821 4205 de
2850 4153 2915 4207 iis
2945 4154 3103 4222 paulo
3125 4165 3251 4211 ante
3275 4173 3484 4213 memo-

1867 4251 2000 4304 ratis
2035 4247 2328 4303 Aruobium
2359 4260 2520 4315 agere
2557 4245 2903 4315 opinabatur.
2949 4245 3054 4301 Sed
3101 4259 3311 4315 poterat
3358 4254 3484 4322 qui-

1869 4345 1993 4401 dem
2042 4343 2216 4397 notari
2261 4343 2376 4395 lucc
2414 4340 2745 4408 conjectura,
2783 4339 2877 4394 sed
2919 4355 3026 4393 non
3069 4341 3272 4398 idcirco
3303 4353 3482 4402 textus

1875 4450 1980 4494 tam
2009 4437 2266 4493 audacter
2292 4434 2566 4489 immutari
2594 4432 2795 4487 debuit.
2827 4432 3055 4500 Quidam
3086 4451 3213 4489 vero
3247 4438 3480 4505 primum

1876 4531 2005 4586 illud
2050 4531 2272 4585 verbum
2320 4528 2570 4591 velamen,
2613 4525 2691 4578 sic
2733 4523 3082 4578 dividendum
3128 4541 3376 4597 censent,
3408 4534 3489 4586 rel

1875 4643 2045 4686 auten.
2081 4638 2286 4693 nosque
2314 4621 2610 4675 adnmnent
2639 4620 2768 4672 illttd
2803 4619 2873 4674 ibi
2906 4619 3047 4675 idem
3079 4636 3295 4689 sonare,
3323 4636 3484 4696 atque

142 4738 337 4782 ruma,
367 4735 460 4774 seu
493 4717 729 4783 rumine,
765 4716 879 4770 haec
909 4715 1147 4770 Isidorus
1175 4717 1430 4770 observat
1459 4732 1472 4768 :
1509 4731 1526 4762 ‹
1559 4712 1771 4783 Gurgu—
1796 4693 1848 4753 D
1877 4717 2016 4788 apud
2048 4715 2377 4785 Hesycltiunt
2411 4710 2542 4775 εἶδος
2567 4715 2902 4775 πλακοῦντος,
2940 4717 3174 4784 speciem
3210 4719 3486 4786 placenta-

145 4811 227 4867 lio
262 4830 296 4866 a
334 4821 548 4883 gutture
581 4826 778 4865 nomen
825 4809 1013 4874 trahit,
1045 4809 1199 4878 cujus
1243 4819 1450 4864 meatus
1494 4806 1563 4861 ad
1609 4821 1670 4860 os
1719 4816 1773 4860 et

143 4925 332 4965 nares
361 4906 652 4980 pertendit,
688 4906 892 4961 habens
939 4906 1100 4968 viam,
1148 4920 1249 4974 qua
1289 4919 1393 4959 vox
1433 4903 1498 4956 ad
1535 4902 1770 4971 linguam

149 5005 576 5070 transmittitur,
607 5014 662 5058 ut
696 5006 866 5072 possit
897 5002 1062 5056 verba
1087 5001 1362 5056 collidere.
1396 4999 1549 5055 Unde
1576 5008 1630 5054 et
1651 5015 1774 5070 gar-

147 5099 274 5152 rire
307 5096 562 5151 dicimus.
598 5096 808 5149 Rumen
847 5095 1150 5163 proximum
1193 5093 1522 5164 gurgulioni,
1562 5108 1670 5163 quo
1699 5093 1774 5146 ci-

148 5190 266 5245 bus
310 5197 370 5242 et
411 5189 556 5257 potio
596 5187 906 5240 devoratur.
941 5185 1077 5239 Hinc
1109 5184 1315 5248 beStiae,
1353 5200 1472 5254 qua:
1513 5183 1664 5237 cibos
1690 5199 1774 5237 re-

146 5291 376 5340 vocant
411 5298 472 5336 ac
513 5281 860 5348 remandunt,
905 5281 1176 5334 rttminare
1218 5280 1488 5332 dicuntur.
1533 5298 1550 5329 ι
1587 5276 1772 5347 (Isid.,

150 5379 254 5431 lib.
312 5392 369 5430 χι
413 5373 584 5446 Orig.,
628 5390 745 5443 cap.
802 5373 882 5445 1.)
911 5372 1145 5428 Rursum
1189 5381 1366 5426 autem
1398 5370 1620 5427 Servius
1651 5369 1776 5423 alibi

148 5475 314 5529 dixit
347 5489 402 5525 ει
431 5469 704 5526 Curculio.
746 5467 918 5526 Varro
962 5469 1038 5522 ait
1080 5468 1182 5523 hoc
1212 5482 1403 5521 nomen
1449 5482 1542 5535 per
1570 5463 1779 5518 antisti-

152 5569 322 5622 chon
358 5563 576 5627 dietum,
606 5563 758 5633 quasi
790 5563 1057 5633 gurgulio,
1083 5561 1332 5631 quoniam
1364 5576 1502 5630 pt-ne
1534 5557 1664 5613 nihil
1698 5565 1780 5611 est

153 5662 277 5719 nisi
313 5668 498 5728 guttur
537 5678 554 5711 ι
595 5657 769 5728 (Serv.
800 5658 866 5710 ad
905 5655 1074 5727 νίν-9.,
1109 5657 1198 5710 lib.
1231 5674 1245 5709 1
1275 5655 1485 5728 Georg,
1516 5674 1635 5726 pag.
1662 5653 1777 5724 75).

238 5753 442 5820 Quiris
476 5768 636 5823 porro
665 5767 732 5807 ex
764 5751 922 5806 dictis
963 5751 1117 5805 facile
1160 5750 1421 5820 intelliget
1449 5749 1531 5804 his
1562 5745 1783 5804 Arnobii

155 5847 395 5908 verbis,
443 5843 841 5899 ruminatoribus
886 5845 1110 5908 swculis,
1159 5844 1455 5915 signiﬁcari
1499 5858 1562 5898 ea
1610 5843 1787 5896 omnia

159 5940 463 6007 animalia,
513 5957 632 6012 qum
679 5940 971 5994 rnminant.
1026 5939 1233 5994 Nomen
1286 5937 1430 5994 cnim
1484 5937 1656 5992 secula
1705 5936 1788 5990 vcl

717 6033 992 6098 Parnm.
1047 6034 1122 6093 ν.

1878 4827 2018 4866 rum.
2068 4809 2172 4864 Sed
2221 4805 2365 4877 quid,
2414 4822 2621 4873 ιμιιυεο,
2672 4807 2741 4860 ibi
2783 4805 3104 4875 significabit
3145 4811 3487 4883 sub~eqttens

1880 4918 2079 4959 nomen
2129 4899 2479 4971 sanguinunt?
2527 4897 2664 4965 Quid
2717 4914 2836 4952 cunt
2890 4899 3153 4967 piat-emis
3201 4919 3488 4964 commune

1882 4996 2076 5053 habet?
2111 4995 2211 5048 Alii
2246 5006 2410 5062 porro
2436 4991 2767 5044 arbitrantur
2797 5007 2967 5058 amen,
3002 4992 3158 5047 ident'
3184 4996 3492 5066 sigttiﬁmre

1883 5100 2042 5161 atque
2088 5097 2385 5152 amentum,
2437 5085 2550 5139 sive
2600 5084 2796 5148 lorum,
2845 5095 2898 5138 et
2951 5087 3238 5143 vinculum.
3294 5091 3490 5150 Verum

1885 5182 2176 5239 ostendere
2207 5179 2477 5235 debebant
2518 5176 2645 5246 quid
2687 5195 2857 5242 amen,
2897 5180 2977 5233 vel
3021 5193 3233 5236 amenta
3277 5191 3491 5256 sangui-

1888 5294 2009 5331 num
2063 5275 2240 5329 facere
2300 5280 2546 5342 poterant
2603 5273 2668 5324 ad
2736 5272 2956 5324 Arnobii
3019 5274 3086 5328 de
3145 5285 3490 5348 magmentis,

1887 5369 2249 5442 angtninibus,
2294 5375 2348 5420 et
2391 5364 2556 5418 litillis
2601 5366 2955 5433 prepositttut.
3004 5369 3180 5422 Salius
3211 5387 3287 5423 ρει
3334 5373 3495 5443 igitur

1889 5464 2120 5521 rotunde
2151 5463 2306 5516 fateri
2349 5476 2428 5515 eoi
2448 5471 2603 5528 rupta
2646 5474 2765 5512 esse
2799 5457 2913 5513 lta'c
2953 5460 3060 5515 duo
3105 5468 3320 5518 nomina
3354 5469 3492 5521 vcla-

1892 5577 2003 5614 men
2047 5558 2377 5628 sanguiuunt,
2432 5565 2591 5623 atque
2638 5569 2700 5605 cx
2752 5552 2859 5604 alio
2907 5557 3265 5613 emendatiori
3313 5565 3497 5618 codice

1893 5652 2238 5725 ηιιειτρηάηηι
2269 5665 2390 5704 esse
2421 5663 2599 5702 verant
2633 5649 2870 5699 auctoris
2904 5651 3072 5703 ttosu'i
3102 5651 3402 5710 lcetionem.
3439 5660 3496 5714 Si

1891 5745 2220 5818 conjecturis
2271 5753 2448 5798 tamen
2505 5740 2782 5809 indulgere
2837 5740 3048 5809 liceret,
3101 5747 3501 5814 summatem";-

1891 5843 1963 5897 ibi
2009 5840 2269 5908 scriptum
2316 5836 2383 5888 ab
2433 5833 2523 5887 illo
2565 5833 2640 5885 vel
2685 5833 3044 5890 solsaminnm.
3080 5837 3210 5893 Nam
3255 5844 3325 5897 ibi
3359 5848 3497 5901 dicta

1896 5934 2112 6007 repetit,
2158 5946 2220 5986 ac
2263 5929 2420 6000 paulo
2458 5934 2582 5980 ante
2629 5924 2915 5978 salsuntina
2960 5930 3182 5985 dixerat.
3232 5935 3337 5990 sed
3381 5957 3507 5998 πυ,

2918 6022 2986 6082 21
