3872 6342
429 371 527 429 651

1699 344 2153 410 DISSERTATIO
2204 344 2487 408 PBEVIA

3596 344 3676 404 652

430 480 679 547 tioribus,
720 477 816 552 qui
857 474 1079 533 meliora
1119 470 1386 536 viderint,
1423 466 1632 525 facilem
1665 466 2027 539 praebebimus
2054 483 2105 542 Α
2132 461 2205 519 Et
2228 462 2556 520 Lucretius:

431 588 740 633 assensum.

502 666 667 726 Addit
693 664 966 724 Arnobius
995 660 1189 715 frustra
1220 655 1347 726 fingi
1380 660 1564 727 gratas
1592 651 1695 708 diis
1732 666 1877 714 esse,
1916 666 2025 705 om-

432 781 520 820 nes
549 764 642 817 has
668 770 860 834 partes,
899 770 1033 828 quas
1072 751 1149 807 illi
1188 748 1453 819 proﬁcias,
1486 746 1563 819 (in
1592 744 1703 800 MS.
1737 744 1860 801 cod.
1892 758 2025 814 pra:-

422 858 599 925 sicius)
629 853 896 911 vocabant
923 846 1163 923 (Arnob,
1192 842 1285 900 lib.
1313 856 1407 904 vn,
1444 856 1567 911 pag.
1598 837 1754 910 231).
1785 838 1857 892 At
1895 851 2025 906 pro-

430 951 579 1006 sicite
602 965 699 1004 seu
724 945 985 1019 prosicies
1002 951 1056 997 et
1079 936 1367 1011 prosicium
1390 945 1544 991 erant
1565 943 1691 989 exta
1715 932 2027 987 animalium

432 1054 600 1109 secta,
642 1040 725 1095 vel
767 1044 1028 1108 prosectm
1064 1047 1255 1089 eorum
1296 1038 1494 1101 partes,
1523 1042 1643 1097 qua:
1681 1028 1791 1081 aris
1822 1023 2028 1081 infere-

433 1136 648 1191 bantur.
692 1129 885 1186 Narrat
924 1134 1103 1182 autem
1150 1124 1368 1181 Solinus
1412 1136 1527 1187 eos,
1559 1120 1649 1190 qui
1690 1116 1743 1174 in
1788 1117 2030 1173 Vulcano

430 1228 571 1284 colle
616 1226 787 1281 sacris
826 1229 1139 1293 operantur,
1191 1234 1309 1272 cum
1353 1215 1582 1288 proscias
1631 1212 1935 1276 intulerunt,
1982 1211 2029 1264 si

430 1334 645 1376 sacrum
677 1316 954 1388 probetur,
984 1320 1258 1368 sarmenta
1291 1311 1416 1364 licet
1444 1306 1660 1371 viridia,
1690 1307 1759 1361 ab
1789 1306 1908 1374 ipso
1934 1319 2032 1358 nu-

428 1417 593 1479 mine,
624 1428 688 1469 ac
713 1411 862 1467 nullo
886 1411 1197 1480 inﬂagrattte
1228 1403 1392 1458 halitu
1419 1400 1640 1458 accendi
1670 1398 1892 1473 (Solin.,
1929 1396 2033 1450 Po-

2222 574 2420 641 Araque
2440 575 2709 627 Panchaeos
2734 575 2933 642 exhalat
2958 581 3165 642 propter
3188 576 3384 630 odores.

2756 638 2996 703 (Lucreti,
3014 638 3101 691 lib.
3120 657 3172 704 ιι,
3196 654 3325 694 vers.
3348 640 3477 705 υτ.)

2126 744 2360 802 Consule
2390 743 2596 813 adhuc,
2631 742 2678 799 si
2710 744 2849 801 velis
2870 786 2887 811 ,
2927 743 3206 801 Tibullum
3229 788 3245 813 ,
3288 745 3611 803 Claudianutn
3644 758 3684 805 et

2128 840 2263 893 alios
2293 832 2521 906 (Tibul.,
2552 838 2644 893 lib.
2679 854 2753 904 tv,
2782 838 2912 911 eleg.
2946 838 3003 898 ες
3036 836 3342 905 Claudiam,
3370 837 3434 893 de
3462 849 3566 894 tert.
3596 839 3686 895 Ho-

2130 951 2245 988 nor.
2273 950 2441 999 cons.,
2474 934 2527 987 in
2554 932 2699 1004 βω).

2203 1027 2522 1082 Panchaicae
2550 1034 2730 1080 autem
2763 1026 3053 1094 resinulte,
3099 1027 3213 1082 sive
3260 1027 3433 1082 thuris
3473 1026 3522 1083 in
3561 1026 3696 1083 sacris

2130 1120 2411 1190 gentilium
2442 1129 2498 1177 et
2526 1119 2811 1176 sacrificiis
2841 1136 2998 1177 usum
3031 1121 3187 1192 plane
3236 1122 3499 1178 insulsum
3538 1138 3593 1178 ac
3629 1138 3701 1178 su-

2134 1214 2503 1283 perstitiosum
2531 1213 2697 1268 fuisse
2741 1212 2870 1267 hinc
2898 1214 3170 1269 Arnobius
3199 1215 3459 1283 ostendit,
3483 1215 3613 1287 quod
3637 1231 3704 1272 re-

2131 1322 2262 1362 cens
2289 1308 2359 1361 sit
2388 1322 2451 1362 ac
2481 1307 2749 1362 novellus.
2780 1307 2885 1363 Per
2913 1308 3063 1379 plura
3094 1309 3381 1365 enimvero
3422 1318 3539 1379 post
3577 1327 3705 1365 mun-

2133 1401 2261 1456 dum
2312 1401 2588 1455 conditum
2641 1400 2837 1455 szecula
2884 1400 3116 1456 ethnicis
3160 1416 3389 1473 prorsus
3439 1402 3710 1473 incognitus

434 1508 637 1580 lyhist.,
682 1522 799 1574 cap.
845 1504 899 1569 5,
942 1520 1061 1573 pag.
1092 1500 1208 1569 20).
1256 1498 1414 1551 Plura
1455 1506 1633 1550 autem
1676 1492 1744 1547 de
1787 1491 2033 1561 prosiciis
2138 1504 2281 1549 erat.
2323 1493 2476 1548 Nulla
2506 1495 2704 1565 quippe
2748 1494 2913 1561 illius,
2950 1496 3142 1565 inquit,
3174 1512 3244 1550 ne
3276 1496 3497 1551 minima
3524 1494 3712 1567 quidem

438 1602 737 1660 Salmasius
762 1601 907 1655 hunc
937 1601 988 1653 in
1014 1599 1190 1653 locum
1222 1594 1477 1662 disputat,
1511 1605 1668 1661 quem
1696 1587 1845 1643 adire
1876 1594 2033 1657 pote-
2138 1586 2449 1655 temporibus
2470 1586 2706 1651 heroicis,
2732 1600 2829 1642 seu
2856 1586 3213 1658 Troianorum
3238 1596 3401 1644 :etate
3423 1588 3567 1644 ullibi
3592 1604 3715 1643 men-

437 1699 533 1763 ris,
570 1712 675 1751 non
704 1709 860 1749 secus
890 1702 1052 1761 atque
1088 1689 1355 1745 eruditum
1387 1684 1721 1739 Brissonium
1750 1680 2033 1753 (Brisson.,
2139 1679 2212 1733 tio
2242 1680 2477 1734 occurrit
2511 1679 2752 1749 (Arnob.,
2801 1680 2891 1735 lib.
2936 1696 3029 1741 vu.
3064 1698 3185 1753 pag.
3226 1681 3383 1753 252).
3425 1682 3539 1751 Quo
3565 1690 3716 1736 autem

438 1792 529 1846 .‘ib.
559 1805 575 1843 ι
600 1774 665 1841 de
694 1783 953 1846 Formul.,
985 1800 1103 1853 pag.
1134 1779 1248 1851 28).

2148 1782 2359 1828 auctore
2400 1774 2502 1829 hoc
2528 1774 2735 1829 ﬁrmari
2786 1783 2967 1844 queat,
2998 1776 3044 1829 si
3088 1775 3483 1845 percnncteris,
3519 1776 3603 1832 tibi
3627 1775 3717 1830 Pli-

510 1882 589 1937 Ea
619 1893 781 1951 porro
809 1876 1013 1939 omnia,
1045 1891 1075 1928 a
1104 1874 1261 1927 nobis
1294 1872 1556 1926 hactenus
1584 1875 2033 1931 commemorata,
2068 1880 2115 1940 Β
2144 1865 2288 1919 nium
2318 1864 2588 1931 dabimus,
2614 1867 2707 1935 qui
2738 1866 2807 1922 de
2834 1870 3126 1937 unguentis
3152 1868 3270 1922 hzec
3299 1869 3571 1923 memoria:
3598 1884 3721 1922 man-

439 1977 543 2032 diis
572 1974 771 2029 frustra
794 1969 996 2030 offerri,
1024 1968 1107 2022 vel
1132 1981 1319 2022 eorum
1343 1964 1605 2018 altaribus
1632 1961 1859 2027 adoleri,
1885 1958 2043 2015 facile
2145 1958 2293 2013 davit
2322 1978 2338 2013 :
2379 1977 2398 2009 ι
2428 1960 2562 2026 Quis
2592 1962 2797 2028 primus
2828 1960 3117 2024 invenerit,
3152 1978 3257 2016 non
3292 1963 3539 2017 traditur.
3572 1961 3723 2017 Iliacis

441 2069 711 2126 Arnobius
742 2063 1013 2120 convincit
1042 2058 1291 2134 (Arnob.,
1329 2058 1418 2113 lib.
1459 2073 1559 2122 vn,
1583 2073 1703 2127 pag.
1749 2053 1903 2126 23l).
1936 2051 2045 2107 Cur
2146 2053 2478 2122 temporibus
2519 2069 2623 2106 non
2676 2063 2852 2119 erant,
2902 2068 3005 2108 nec
3059 2053 3219 2109 thure
3268 2056 3673 2125 supplicahatur.
3703 2075 3719 2107 ι

442 2166 586 2221 enim
617 2165 732 2218 haec
760 2160 865 2214 diis
892 2158 1149 2217 libentur.
1184 2155 1327 2209 nulla
1361 2154 1519 2224 plane
1548 2152 1706 2215 ratio,
1740 2151 1823 2206 vel
1855 2165 2035 2215 causa,
2145 2144 2339 2217 (Plin.,
2375 2146 2463 2199 lib.
2500 2163 2535 2201 ιι
2569 2144 2765 2201 Natnr.
2794 2148 2939 2211 hist.,
2974 2165 3092 2217 cap.
3136 2149 3161 2203 1
3192 2192 3207 2215 ,
3246 2167 3367 2220 pag.
3400 2148 3517 2221 55,)
3553 2149 3725 2205 Deinde

438 2274 559 2331 qum
581 2266 780 2319 vimen,
807 2253 881 2307 uti
903 2251 1104 2306 dictum
1132 2260 1233 2314 est,
1260 2249 1311 2301 in
1336 2246 1504 2300 sacris
1527 2243 1784 2299 faciendis
1809 2245 2041 2298 maxime
2142 2238 2571 2308 TheOphrastus.
2599 2240 2755 2309 cujus
2786 2242 2949 2296 verba
3000 2257 3028 2294 a
3076 2241 3382 2321 Porphyrio
3429 2252 3483 2295 et
3522 2241 3724 2297 Eusebio

442 2348 803 2407 desideratur,
834 2346 902 2398 ab
933 2343 1042 2397 ullo
1074 2356 1307 2409 unquam
1341 2337 1571 2409 proferri
1605 2337 1795 2407 potuit.
1846 2337 1927 2389 Dii
1961 2335 2039 2389 si-

440 2444 657 2518 quidem
680 2484 695 2508 ,
724 2440 771 2495 si
809 2437 922 2493 veri
953 2437 1024 2491 dii
1057 2436 1199 2497 sint,
1248 2449 1424 2503 neque
1468 2431 1690 2503 opipare
1717 2432 2001 2501 epulantur
2021 2470 2036 2493 ,

443 2554 617 2611 neque
656 2534 938 2592 stomacho
978 2541 1071 2587 aut
1114 2530 1251 2585 fame
1284 2530 1551 2592 laborant,
1583 2542 1756 2598 neque
1787 2541 2038 2596 saporum

439 2644 690 2709 qtnerunt
714 2632 1110 2691 oblectamenta
1134 2644 1146 2690 ;
1180 2637 1239 2681 ut
1268 2628 1347 2682 eis
1374 2626 1537 2681 modo
1566 2635 1741 2691 cocta,
1768 2623 1928 2678 modo
1953 2639 2038 2677 se-

438 2728 701 2791 micruda,
733 2724 895 2780 modo
925 2737 1068 2785 assa,
1097 2730 1258 2789 atque
1287 2719 1371 2773 huc
1403 2719 1487 2772 vel
1530 2718 1647 2771 alia:
1684 2717 2037 2771 animantium

437 2836 631 2878 carnes
678 2826 1004 2889 aponantur.
1046 2812 1255 2884 Ecquid
1289 2826 1444 2875 vero,
1488 2812 1562 2865 ait
1604 2810 1910 2872 Arnobius,
1945 2825 2038 2875 pro

437 2915 675 2971 suavibus
706 2909 937 2965 mateolis
957 2949 972 2972 ,
1005 2906 1119 2960 sive
1160 2914 1217 2959 ut
1246 2903 1535 2966 Martialis,
1568 2900 2039 2971 Tertullianusque

440 3010 731 3075 loquuntur
761 3000 1045 3071 (Martial.,
1085 2998 1173 3053 lib.
1206 3013 1261 3060 ι,
1298 2995 1483 3067 Epigr.
1528 2994 1630 3060 59;
1674 2992 1912 3058 Tertull.,
1945 2994 2033 3047 lib.

438 3105 501 3159 de
520 3101 725 3157 Testim.
759 3100 943 3161 anim.,
969 3113 1084 3165 cap.
1112 3094 1195 3163 4),
1231 3092 1528 3163 mattyis,id
1555 3100 1657 3152 est,
1678 3089 1812 3143 cibis
1840 3087 2039 3143 delica-

439 3194 695 3255 tissimis,
744 3190 811 3247 de
856 3188 1052 3259 quibus
1093 3184 1229 3241 infra
1267 3183 1467 3255 (ὕφη,
1501 3200 1616 3249 cap.
1659 3182 1787 3245 ull.,
1822 3190 1922 3234 art.
1956 3178 2038 3251 3),

2145 2349 2247 2385 non
2290 2334 2407 2387 sine
2459 2333 2792 2389 variantibus
2844 2335 3168 2389 lectionibus
3218 2335 3541 2404 transcripta
3585 2345 3722 2401 sunt,

2144 2424 2285 2478 idem
2337 2424 2505 2481 fusius
2552 2424 2789 2494 explicat
2837 2443 2849 2477 :
2892 2425 3186 2501 ’Λνάριθμος
3214 2430 3306 2499 μέν
3335 2449 3415 2488 τις
3444 2425 3593 2482 ἔοικεν
3620 2422 3724 2482 εἶναι

2143 2519 2353 2592 χρόνος,
2382 2517 2462 2591 ἀφ’
2490 2516 2550 2573 οὗ
2582 2518 2696 2593 τόνγε
2728 2521 2930 2574 πάντων
2970 2520 3279 2593 λογιώτατον
3310 2523 3474 2594 γένος,
3524 2522 3587 2581 ὥς
3620 2541 3722 2592 φησι

2141 2610 2489 2683 Θεόφραστος,
2522 2616 2610 2665 καὶ
2631 2617 2720 2669 τήν
2752 2613 3027 2687 ἱερωτάτην
3060 2614 3159 2667 ὑπὸ
3184 2620 3275 2669 τοῦ
3317 2615 3493 2670 Νείλου
3532 2614 3723 2669 κτισθεῖ-

2144 2725 2241 2757 σαν
2263 2707 2445 2779 χώραν
2460 2711 2751 2769 κατοικοῦν,
2766 2707 2955 2778 ἤρξατο
2968 2714 3171 2783 πρῶτον
3192 2706 3266 2780 ἐφ’
3279 2708 3459 2768 ἑστίας
3475 2715 3573 2767 τοῖς
3588 2709 3722 2781 οὐρα·

2140 2800 2263 2861 νίρις
2291 2799 2419 2857 θεοῖς
2458 2798 2613 2860 θύειν,
2657 2801 2714 2852 οὐ
2739 2801 2991 2874 σμύρνης,
3018 2797 3355 2861 οὐδέκασίας,
3374 2800 3721 2854 καίλιϐανωτοῦ

2143 2889 2306 2962 κρόκῳ
2328 2892 2615 2962 μιχθέντων
2644 2893 2919 2967 ἀπαρχάςῖ
2941 2892 3152 2952 πολλαῖς
3180 2895 3281 2967 γὰρ
3319 2901 3511 2965 γενεαῖς
3536 2892 3722 2967 ὕστερον

2141 2982 2426 3055 παρελήφθη
2456 2988 2753 3047 καὶταῦτα,
2789 2988 2876 3037 καὶ
2902 2984 3091 3044 πλάνης
3143 2986 3443 3059 ἐρνευνήτῆς
3473 2989 3662 3059 μαστὴρ
3700 2981 3720 3036 ὁ

2143 3069 2406 3149 ἄνθρωπος
2438 3076 2759 3149 γιγνόμενος,
2804 3084 2895 3135 τῆς
2925 3076 3211 3149 ἀναγκαίας
3253 3081 3409 3140 ζωῆς,
3451 3078 3576 3148 μετὰ
3616 3076 3721 3129 πολ-

2142 3164 2237 3220 λῶν
2258 3168 2444 3231 πόνων,
2470 3173 2557 3222 καὶ
2584 3168 2841 3244 δακρύων,
2878 3169 3153 3241 σταγόνας,
3184 3170 3449 3244 ἀπήρξατο
3474 3177 3575 3230 τοῖς
3594 3170 3721 3229 θεοῖς.

442 3302 659 3345 sumere
700 3256 935 3355 unquam
978 3277 1305 3351 potuerunt?
1333 3275 1473 3343 Quid
1515 3275 1663 3329 dictu
1715 3272 2037 3337 absurdius,

2148 3261 2202 3312 οὐ
2240 3261 2433 3315 τούτων
2480 3256 2571 3315 οὖν
2607 3260 2752 3317 ἔθυον
2779 3263 3050 3339 πρότερον,
3084 3262 3210 3315 ἀλλά
3244 3262 3429 3333 χλόης.
3461 3263 3599 3316 οῖονιί
3632 3283 3725 3316 τινα

442 3397 601 3456 quam
630 3381 764 3437 deos
790 3376 990 3435 oblatis
1014 3390 1079 3431 ac
1098 3372 1279 3429 libatis
1304 3370 1565 3441 pecudum
1594 3367 1884 3429 testiculis,
1914 3380 2046 3421 cau-

442 3476 554 3541 dis,
590 3474 761 3543 rumis
782 3513 795 3536 ,
836 3469 1054 3535 naeniis,
1088 3466 1211 3523 ofﬁs
1234 3507 1249 3530 ,
1278 3464 1551 3534 rebusque
1579 3462 1699 3518 aliis
1738 3460 2007 3516 similibus
2027 3504 2043 3526 ,

444 3583 579 3640 quas
620 3566 883 3621 hactenus
931 3559 1324 3622 recensuimus,
1357 3555 1639 3623 delectari,
1668 3553 1907 3627 placari,
1954 3562 2047 3608 aut

445 3661 564 3717 fieri
589 3654 895 3730 propitios?

1011 3721 1238 3779 CAPUT
1280 3719 1475 3781 XXIV.

446 3848 525 3906 De
551 3847 716 3903 thuris
744 3855 790 3899 et
816 3843 920 3897 vini
950 3842 1002 3895 in
1032 3839 1293 3912 gentilium
1320 3838 1586 3906 sacriﬁciis
1625 3854 1742 3903 usu,
1766 3847 1814 3891 et
1842 3837 1905 3891 de
1930 3837 2046 3890 aliis

555 3938 816 3996 nonnullis
836 3951 1009 3992 eorum
1030 3933 1267 3990 absurdis
1286 3932 1489 3997 ritibus,
1514 3940 1559 3988 et
1576 3931 1752 3987 diebus
1773 3932 1936 4001 festis.

975 4062 1271 4103 ARTICULUS
1312 4060 1523 4100 PRIIUS.

446 4174 636 4238 quibus
660 4169 903 4238 ηιίοριιιιι
926 4163 1192 4238 manentis
1230 4157 1737 4238 emergentes
1756 4158 2045 4238 saepest:

510 4221 627 4289 dum
652 4232 832 4283 essein
856 4228 1113 4289 gentilium
1130 4224 1283 4275 sacris
1306 4230 1359 4289 et
1381 4221 1633 4271 sacriﬁciis
1654 4222 2046 4289 superstitiosum

508 4283 689 4352 thuris,
715 4307 808 4345 seu
844 4283 1130 4353 Panchaicae
1168 4284 1401 4353 resinultc
1449 4297 1610 4353 usum,
1657 4296 1871 4353 eumque
1894 4283 2048 4353 fuisse

510 4346 815 4421 incognitum
850 4352 1085 4421 heroicis,
1112 4354 1163 4421 et
1202 4348 1502 4421 Albanorum
1522 4346 2045 4421 regumtemporibus,

695 4421 844 4469 etiam
868 4408 1105 4485 Etruscis,
1130 4420 1345 4485 tuncque
1388 4411 1519 4485 pium
1542 4408 2047 4485 far‘adbibitumhubi

514 4470 790 4546 explicatur
808 4479 925 4546 quid
944 4479 1008 4526 sit
1031 4480 1146 4526 thus
1161 4470 1446 4534 masculum,
1474 4484 1530 4521 ac
1546 4472 1609 4523 de
1630 4472 1786 4522 thuris
1808 4472 1859 4518 in
1885 4470 2049 4519 ethni-

510 4543 679 4598 corum
701 4543 958 4596 funeribus
976 4553 1086 4589 usu.

2148 3362 2240 3414 τῆς
2268 3356 2475 3426 ’γονίμου
2504 3359 2703 3426 φύσεως
2734 3362 2895 3429 χνοῦν
2934 3364 3049 3419 ταῖς
3088 3360 3277 3429 χερσὶν
3302 3358 3558 3433 ἀράμενοι.
3590 3355 3725 3427 (Par-

2145 3450 2324 3518 pltyr.,
2365 3448 2454 3502 lib.
2487 3464 2526 3503 tt
2568 3450 2631 3503 de
2661 3449 2859 3503 Abstin.
2907 3450 3150 3516 animat,
3196 3467 3319 3521 pag.
3357 3449 3501 3513 124;
3536 3448 3719 3513 Euseb,

2148 3538 2237 3591 lib.
2263 3555 2279 3595 ι
2314 3538 2551 3608 Prtepar.
2602 3557 2808 3613 evang.,
2840 3558 2958 3611 cap.
2988 3544 3041 3606 9,
3077 3560 3197 3613 pag.
3228 3540 3351 3616 28.)
3378 3540 3724 3596 Innumerabile

2146 3633 2350 3700 assident
2383 3635 2591 3705 aliquod
2619 3651 2726 3689 esse
2756 3646 2954 3705 tempus
2984 3636 3182 3689 videtur
3202 3678 3217 3700 ,
3257 3652 3323 3690 ea:
3352 3653 3454 3707 quo
3482 3635 3722 3706 sapientis-

2146 3729 2275 3781 sima
2302 3730 2530 3783 omnium
2571 3746 2724 3802 gens,
2755 3741 2808 3783 ut
2839 3731 2910 3783 ait
2953 3728 3337 3800 TheOphrastns
3357 3772 3373 3795 ,
3416 3741 3464 3784 et
3490 3727 3725 3784 sanctissi-

2149 3840 2285 3876 mam
2310 3822 2479 3889 illani,
2508 3840 2539 3875 a
2566 3822 2695 3877 Nilo
2721 3824 2987 3893 fundatam
3009 3864 3023 3887 ,
3063 3824 3322 3893 regionem
3355 3823 3575 3876 incolens
3594 3863 3609 3886 ,
3643 3820 3726 3873 diis

2149 3915 2437 3970 cmlestibus
2471 3916 2609 3969 intra
2648 3916 2874 3985 privatos
2896 3917 3030 3970 lares
3056 3916 3351 3985 sacriﬁcare
3390 3916 3553 3983 prima
3578 3912 3724 3981 capit,

2149 4026 2250 4063 non
2272 4010 2515 4080 myrrhw,
2537 4025 2697 4077 neque
2716 4011 2889 4071 casia,
2912 4025 3070 4081 neque
3090 4010 3252 4061 thuris
3274 4009 3453 4063 mixtis
3472 4025 3583 4063 cum
3601 4021 3727 4061 croco

2151 4102 2407 4171 primitiis.
2455 4101 2637 4155 Multis
2673 4104 2809 4155 enim
2836 4103 3069 4156 wtatibus
3112 4102 3397 4169 posteriora
3436 4103 3541 4156 haec
3572 4102 3619 4154 in
3644 4115 3727 4153 usa

2151 4212 2253 4248 non
2280 4197 2506 4265 fuerant,
2540 4211 2657 4247 cum
2692 4196 2841 4249 homo
2872 4197 3219 4264 peregrinator
3246 4194 3479 4261 effectus,
3507 4205 3551 4249 et
3575 4209 3726 4249 neces-

2150 4288 2359 4341 sitatum
2386 4288 2501 4341 niue
2525 4287 2761 4353 plurimis
2796 4304 2912 4341 cum
2938 4287 3197 4341 laboribus
3215 4329 3228 4351 ,
3261 4298 3308 4340 et
3338 4287 3575 4359 lacrymis
3596 4284 3725 4339 inda-

2153 4390 2322 4449 gator,
2353 4380 2560 4439 harum,
2583 4397 2709 4450 quas
2744 4381 2874 4445 dixi,
2908 4381 3201 4449 plantarum
3235 4382 3402 4437 stillas
3428 4382 3525 4437 diis
3549 4380 3725 4435 obtulit.

2154 4470 2302 4526 Talia
2332 4474 2490 4542 igitur
2518 4484 2669 4526 antea
2696 4475 2926 4528 homines
2952 4489 3055 4527 non
3080 4472 3381 4540 offerebant,
3407 4474 3497 4530 sed
3519 4488 3723 4546 gramen.

2152 4567 2287 4637 quod
2312 4568 2445 4621 velut
2471 4568 2745 4631 quamdam
2777 4568 2961 4637 fertilis
2999 4579 3198 4622 natura:
3232 4569 3526 4638 primaevam
3552 4564 3727 4636 lanugi-

520 4658 637 4715 Non
669 4670 729 4711 ea
758 4660 988 4712 tantum,
1022 4662 1141 4717 quac
1164 4647 1217 4700 in
1245 4644 1617 4715 superioribus
1644 4642 1888 4699 articulis
1917 4656 2040 4698 enu-

2154 4676 2268 4712 nent
2305 4658 2537 4712 manibus
2574 4658 2874 4726 o/ferebant.
2900 4660 3029 4726 Quae
3060 4659 3276 4733 quidem
3309 4660 3628 4733 Porphyrius
3655 4658 3725 4711 fu-

452 4758 653 4812 merata
686 4756 832 4807 sunt.
862 4741 958 4799 sed
989 4740 1114 4795 thus
1141 4739 1302 4803 etiam
1331 4746 1385 4792 et
1415 4738 1599 4792 vinum
1632 4738 1685 4791 in
1708 4736 1823 4791 suis
1845 4734 2050 4790 ethnici

450 4845 621 4904 sacris
654 4857 721 4898 ac
746 4835 1028 4895 sacrificiis
1060 4832 1363 4903 smpissime
1390 4828 1739 4885 adhibebant.
1768 4830 1917 4885 Thus
1948 4845 2048 4884 au-

452 4954 560 4999 tem
590 4940 659 4994 ab
685 4932 927 4992 Arnobio
954 4940 1179 4983 vocatur
1208 4922 1444 4979 resinnla
1483 4923 1812 4986 Panchaica,
1842 4938 1869 4976 a
1905 4923 2047 4977 Pan-

448 5036 597 5094 chzea
627 5030 880 5087 videlicet
906 5023 1116 5081 Arabiae
1138 5017 1543 5089 Trogloditana:
1565 5028 1734 5084 parte.
1760 5002 1880 5089 qme
1907 5017 2047 5071 ostio

446 5133 597 5187 sinus
626 5122 842 5184 Arabici
884 5120 1094 5186 adjacet
1129 5113 1391 5187 (Arnob.,‘
1416 5110 1508 5165 lib.
1540 5124 1646 5184 _vn,
1684 5127 1802 5181 pag.
1844 5109 1944 5163 231
1999 5117 2048 5169 et

445 5219 632 5295 seqq.).
668 5218 745 5272 De
774 5214 861 5269 illa
892 5210 1106 5267 servius
1137 5207 1192 5261 in
1224 5206 1337 5260 suis
1368 5202 1629 5295 librorum
1661 5199 1869 5272 Virgilii
1898 5215 2048 5256 com-

449 5310 748 5371 mentariis.
785 5326 803 5359 ‹
829 5302 1095 5361 Panchaia
1121 5343 1135 5364 ,
1180 5299 1387 5367 inquit,
1419 5294 1733 5351 Sabmorum
1763 5309 1895 5365 gens
1926 5301 2043 5360 est,

445 5406 589 5480 apud
633 5416 793 5474 quam
840 5398 967 5452 thus
995 5392 1269 5452 nascitur:
1302 5400 1359 5444 tit
1400 5388 1531 5443 solis
1559 5396 1643 5442 est
1672 5386 1861 5442 thurea
1897 5386 2047 5457 virga

446 5499 675 5559 Sabaeis.
715 5496 956 5563 Itemque
988 5510 1000 5543 :
1035 5488 1276 5557 Totaque
1317 5480 1597 5538 thuriferis
1629 5480 1892 5541 Panchaia
1923 5481 2045 5551 pin-

443 5596 561 5667 guis
602 5589 801 5645 arenis.
856 5605 874 5638 ι
911 5583 1083 5656 (Serv.
1128 5579 1180 5632 in
1230 5577 1448 5647 Virgil...
1478 5570 1583 5630 'lib.
1624 5590 1660 5628 tt
1707 5572 1917 5649 Georg.,
1950 5575 2048 5630 ad-

442 5690 580 5745 verb.
606 5684 731 5749 115,
766 5698 886 5753 pag.
916 5674 1067 5748 101).
1103 5672 1362 5729 Similiter
1385 5670 1608 5726 Ovidius
1638 5688 1649 5723 :

1264 5766 1547 5829 sudataque
1570 5765 1704 5829 ligno

534 5843 702 5895 Thura
724 5839 870 5898 ferat,
894 5837 1145 5898 ﬂoresque
1170 5828 1296 5898 alios
1314 5826 1561 5898 Panchaia
1581 5826 1745 5898 tellus;

973 5888 1164 5963 (om,
1190 5891 1275 5943 lib.
1296 5905 1326 5941 ι
1348 5894 1565 5952 Metam,
1592 5888 1693 5956 fab.
1719 5890 1792 5953 9.)

2151 4753 2262 4807 sius
2291 4753 2656 4823 prosequitur,
2685 4769 2843 4823 quant
2875 4764 2931 4808 ut
2959 4754 3137 4810 omnia
3162 4770 3190 4809 a
3215 4756 3371 4810 nobis
3401 4753 3621 4811 describi
3641 4750 3725 4808 de-

2153 4847 2331 4901 beant.
2364 4846 2725 4914 Quamobrem
2760 4846 2937 4913 illius,
2982 4850 3026 4902 si
3056 4847 3235 4915 lubet,
3278 4838 3473 4903 librum
3511 4846 3722 4909 revolvc,

2149 4948 2202 4995 et
2231 4954 2492 5008 agnosces
2522 4940 2591 4995 ab
2617 4955 2683 4995 co
2714 4939 3018 4997 luculenter
3047 4940 3226 4997 adseri
3268 4958 3424 4997 usum
3460 4942 3653 5006 thuris,
3680 4945 3728 4993 et

2150 5032 2406 5097 heroicis,
2436 5045 2488 5089 et
2520 5034 2710 5104 primis
2740 5033 2927 5089 mundi
2956 5035 3290 5103 temporibus
3323 5034 3487 5091 fuisse
3514 5031 3727 5103 incogni-

2153 5136 2283 5181 tum.
2325 5126 2709 5185 Verumtamen
2762 5128 3036 5183 Arnobius
3087 5127 3141 5182 id
3194 5128 3422 5184 omnino
3464 5126 3725 5183 adﬁrmare

2151 5236 2313 5275 ausus
2343 5236 2448 5275 non
2474 5232 2579 5286 est,
2612 5220 2708 5276 sed
2738 5220 2957 5290 adjecit,
2984 5222 3417 5293 quemadmodum
3438 5222 3662 5285 creditur,
3686 5222 3727 5271 et

2153 5314 2440 5381 perhibetur
2462 5314 2705 5383 (Arnob.,
2733 5315 2824 5370 lib.
2845 5331 2937 5382 vn,
2961 5332 3080 5385 pag.
3100 5312 3253 5387 9.32).
3280 5314 3567 5387 Perpetua
3589 5313 3725 5385 igitur

2151 5408 2300 5464 illum
2328 5409 2545 5479 quidam
2577 5399 2647 5463 ibi
2680 5411 2880 5466 erroris
2910 5418 3165 5483 arguunt.

2221 5502 2428 5573 Negare
2453 5518 2615 5573 porro
2643 5504 2821 5559 nullus
2852 5514 3027 5574 potest
3055 5504 3183 5561 illud
3208 5521 3400 5562 verum
3427 5519 3569 5570 esse,
3596 5499 3719 5575 quod

2150 5598 2266 5665 ipse
2298 5598 2471 5655 testis.
2505 5605 2657 5654 certe
2705 5597 2805 5655 hac
2836 5598 2891 5654 in
2930 5615 2987 5653 re
3016 5599 3167 5655 omni
3200 5600 3521 5668 exceptione
3546 5599 3720 5669 major,

2147 5691 2345 5762 adjecit
2370 5704 2646 5759 recentem
2678 5693 2732 5748 in
2761 5708 2855 5749 sua
2886 5693 3133 5765 regione,
3174 5693 3554 5764 uovellumque
3580 5690 3726 5747 fuisse

2146 5785 2322 5847 thuris
2362 5802 2541 5843 usum.
2582 5785 2771 5858 Neque
2813 5788 2977 5843 etiam
3010 5786 3231 5843 Etruria
3272 5788 3529 5859 geniti-ix,
3575 5781 3723 5854 inquit

2143 5877 2295 5950 (tom.
2325 5894 2342 5934 ι
2370 5879 2655 5951 Apparat.,
2709 5896 2828 5952 pag.
2862 5879 3049 5953 H90),
3080 5888 3135 5937 et
3161 5889 3325 5937 mater
3351 5875 3714 5953 "perditioni".
