3872 6364
178 429 271 487 653

1341 420 1409 478 IN
1439 418 1814 491 ABNOBIUM,
1856 418 2010 478 CAP.
2051 419 2242 479 XXIV.

3357 421 3467 479 654

177 546 400 617 primitus
430 542 584 606 illum
613 545 923 614 agnoverat.
956 538 1172 596 Etruria
1201 545 1379 593 autem
1413 548 1559 594 recte
1588 540 1657 594 ab
1684 554 1750 594 eo
1780 539 1832 600 Α
1859 540 2066 609 potuit?
2096 540 2362 596 Praeterea
2399 539 2520 611 quis
2550 539 2794 611 qualisve
2825 553 2889 595 ex
2921 541 3145 597 cremati
3176 543 3374 612 thuris,
3408 548 3462 602 id

176 635 556 708 superstitionis
604 634 858 708 magistra
885 641 941 694 et
970 641 1143 688 mater
1186 642 1444 701 vocatur,
1492 632 1566 686 uti
1599 648 1665 688 ex
1692 633 1757 686 iis

173 739 323 803 patet,
345 745 464 799 qua!
487 729 554 784 de
583 727 674 782 illa
703 727 832 780 alibi
858 726 1254 789 adnotavimus,
1288 734 1450 794 atque
1472 723 1536 778 iis
1568 725 1754 791 etiam,

174 841 279 896 qua:
302 825 367 880 ab
388 822 602 884 Ovidio.
633 820 840 886 Servio,
875 818 1132 890 uionysio
1159 817 1589 877 Halicarnasseo.
1619 815 1757 871 Ter-

173 919 376 974 tulliano
413 917 604 973 litteris
643 916 960 985 consignata
994 922 1120 968 sunt
1157 913 1362 985 (()vid.,
1396 911 1482 966 lib.
1529 928 1602 966 xv
1643 911 1754 966 Me-

173 1023 305 1074 tam.,
346 1028 468 1082 pag.
511 1011 652 1074 577;
702 1009 877 1073 Serm,
923 1009 978 1061 in
1032 1005 1242 1078 Virgil.,
1297 1005 1385 1059 lib.
1432 1021 1471 1060 ιι
1517 1004 1760 1072 zEneid.,

170 1123 277 1177 pag.
310 1103 454 1170 359;
487 1103 702 1174 Dionys.
737 1101 940 1165 Helia,
973 1100 1061 1154 lib.
1092 1116 1149 1154 Ix
1185 1117 1307 1171 pag.
1337 1099 1482 1163 563;
1509 1098 1756 1165 Tertull.,

167 1199 248 1254 lib.
278 1201 337 1252 de
364 1197 630 1268 Spectac.,
662 1213 779 1262 cap.
803 1194 884 1268 ὁ).
911 1195 980 1248 At
1010 1193 1157 1249 hisce
1183 1192 1540 1262 scriptoribus
1572 1193 1622 1247 in
1648 1193 1759 1263 pri-

166 1294 261 1348 mis
286 1291 643 1347 accersendus
669 1289 891 1355 Cicero,
940 1289 1030 1358 qui
1077 1288 1130 1343 in
1178 1303 1274 1343 sua
1311 1287 1378 1343 de
1407 1287 1756 1357 haruspicum

164 1386 427 1455 responsis
456 1385 702 1440 oratione
731 1384 874 1437 hunc
920 1381 1159 1452 loquitur
1205 1380 1258 1434 in
1299 1380 1519 1434 modum
1549 1399 1559 1432 :
1598 1399 1617 1431 ι
1648 1380 1762 1451 Ego

165 1495 285 1536 vero
308 1481 540 1549 primum
557 1478 731 1533 habeo
759 1485 1010 1531 auctores
1040 1490 1104 1529 ac
1125 1475 1416 1544 magistros
1438 1475 1760 1544 religionum

163 1573 673 1629 colendarum.......
741 1573 833 1643 qui
906 1577 1283 1641 portentorum
1353 1562 1763 1640 explanationes

161 1666 502 1723 Etruscorum
526 1665 809 1736 disciplina
835 1665 1100 1720 contineri
1123 1673 1472 1734 putaverunt.
1497 1682 1516 1716 ι
1546 1661 1760 1734 (Cicer.,

162 1770 286 1814 orat.
313 1762 518 1830 xxxde
547 1758 779 1828 Harusp.
809 1774 974 1829 resp.,
1000 1773 1119 1826 pag.
1153 1754 1308 1826 451.)

226 1854 408 1924 Atqui,
432 1853 620 1922 primis
643 1851 961 1908 earumdem
1005 1849 1361 1904 Etruscorum
1403 1847 1762 1918 temporibus,

1860 642 1961 696 est,
1998 631 2130 685 visci
2163 646 2226 685 ex
2257 631 2468 686 arboris
2497 630 2789 687 corticibus
2817 630 3134 700 proﬁuentis
3161 635 3328 690 odore
3359 636 3463 690 diis

1859 722 2036 776 honor
2066 722 2351 778 redditur?
2382 723 2491 779 Cur
2519 739 2624 780 non
2654 740 2718 780 ex
2743 725 2863 779 aliis
2889 741 3102 795 quoque
3129 727 3386 784 odoribus
3410 739 3466 784 ct

1859 817 2185 888 vaporibus?
2224 817 2492 890 Numquid
2542 820 2667 891 quia
2716 820 2924 875 incensi
2964 819 3098 875 odor
3137 822 3310 878 thuris
3355 824 3465 879 illis

1859 914 2052 983 magis,
2085 929 2247 983 quam
2277 914 2416 970 alius
2440 925 2626 985 gratus
2659 914 2779 970 est?
2802 913 2908 969 Sed
2936 914 3010 968 dii
3040 929 3200 971 nares
3229 932 3333 971 non
3368 915 3469 971 ha-

1861 1007 2018 1072 bent,
2047 1009 2243 1077 quib’tts
2269 1023 2460 1075 auras,
2487 1009 2773 1080 aeriosque
2802 1009 3024 1079 spiritus
3050 1008 3270 1065 ducant.
3301 1012 3468 1080 Quid-

1823 1099 1830 1105 “
1863 1101 1989 1170 quid
2019 1102 2162 1154 enim
2193 1116 2259 1156 eo
2290 1101 2452 1155 modo
2480 1101 2680 1172 spirat,
2714 1102 2946 1157 mortale
2975 1110 3076 1156 est.
3110 1103 3180 1156 At
3205 1102 3337 1158 deos
3368 1105 3470 1158 im-

1863 1195 2122 1250 mortales
2151 1209 2274 1251 esse
2302 1194 2537 1263 debere,
2583 1198 2702 1266 quis
2743 1212 2848 1250 non
2883 1196 3118 1257 fatetur?
3165 1196 3320 1251 Nullo
3363 1197 3467 1252 ita.

1863 1306 1968 1360 que
1996 1291 2171 1345 thuris
2210 1301 2303 1345 aut
2343 1290 2448 1346 alio
2476 1291 2644 1346 odore
2675 1291 2960 1361 capiuntur
2993 1313 3005 1343 :
3037 1290 3273 1345 Tametsi
3308 1293 3469 1356 mille,

1865 1383 2034 1454 inquit
2067 1385 2372 1447 Arnobius,
2412 1395 2466 1439 tu
2506 1385 2735 1455 pondera
2769 1384 2987 1439 masculi
3032 1385 3196 1438 thuris
3228 1386 3473 1440 incendes

1866 1475 2060 1546 (Ibid.,
2093 1493 2215 1548 pag.
2243 1475 2396 1548 254).
2424 1476 2573 1532 Thus
2600 1486 2778 1532 autem
2822 1477 3156 1542 masculum,
3207 1478 3472 1549 quemad-

1866 1568 2086 1623 modum
2111 1569 2340 1636 Plinius,
2372 1570 2699 1640 Serviusque
2720 1571 3012 1626 observant
3042 1569 3233 1640 (Plin.,
3284 1571 3371 1625 lib.
3399 1587 3473 1626 xu

1869 1662 2012 1717 Hist.
2048 1672 2249 1728 natur.,
2295 1681 2411 1734 cap.
2448 1665 2537 1730 14,
2580 1680 2700 1735 pag.
2730 1664 2822 1728 25;
2859 1664 3033 1730 Serm,
3065 1665 3116 1718 in
3156 1666 3247 1718 cit.
3286 1662 3473 1735 Virgil.

1868 1760 2090 1826 versus),
2118 1773 2147 1811 a
2171 1757 2356 1827 specie
2382 1758 2757 1814 testiculorum
2781 1757 2986 1812 dictum
3017 1767 3252 1826 putatur,
3282 1759 3474 1827 gallice

1869 1866 1997 1906 vero
2027 1849 2332 1920 appellatur
2361 1867 2375 1905 :
2409 1867 2589 1906 encens
2612 1850 2767 1917 male,
2796 1850 2886 1906 vel
2914 1850 3109 1908 oliban.
3141 1851 3215 1907 De
3237 1851 3328 1906 illo
3356 1851 3476 1906 Vir-

161 1945 357 2000 nullum
395 1947 446 1998 in
478 1944 757 2015 gentilium
799 1943 970 1999 sacris
1014 1943 1141 1996 thus
1171 1941 1472 1997 adhibitum
1506 1956 1632 1997 esse
1657 1942 1760 1996 du.
1793 1933 1841 1996 B
1866 1946 2025 2017 gilius
2056 1944 2313 2000 cantabat
2347 1964 2359 1999 :

159 2039 274 2108 plici
293 2049 488 2094 auctor
508 2048 694 2093 noster
713 2039 926 2093 ratione
943 2035 1282 2092 demonstrat
1297 2035 1539 2108 (Arnob.,
1560 2035 1648 2088 lib.
1666 2051 1755 2098 vn,

159 2150 271 2204 pag.
297 2132 454 2203 252).
486 2132 668 2186 Primo
697 2131 840 2186 enim
875 2129 977 2184 hoc
1021 2127 1362 2192 sacellorum,
1396 2127 1601 2195 inquit,
1628 2127 1764 2180 indi—

160 2235 266 2279 cant
306 2227 473 2288 ritus,
508 2224 596 2280 ubi
642 2223 765 2278 thus
798 2239 903 2277 non
937 2220 1349 2275 incendebatur.
1394 2217 1602 2274 Deinde
1630 2233 1762 2271 vero

156 2321 329 2376 nullus
363 2319 506 2374 illius
544 2333 674 2375 usus
715 2318 846 2383 fuit,
876 2315 1261 2386 quadringentis
1283 2357 1297 2380 ,
1341 2315 1543 2384 inquit,
1576 2316 1759 2381 annis,

157 2414 329 2482 quibus
368 2413 572 2466 Albana
602 2429 682 2465 res
708 2409 904 2480 viguit,
947 2424 1009 2462 ac
1055 2406 1311 2476 quamdiu
1355 2405 1620 2460 Romulus
1646 2448 1660 2472 ,
1710 2415 1764 2460 et

155 2503 354 2568 Numa,
404 2504 764 2575 religionum,
810 2501 886 2556 uti
932 2501 1062 2555 satis
1101 2515 1169 2554 ex
1217 2499 1459 2553 historiae
1505 2499 1763 2553 Romanae

156 2597 513 2667 scriptoribus
542 2597 727 2668 liquet,
756 2595 972 2654 artifex.
1005 2593 1264 2648 Romanis
1287 2593 1643 2660 imperarunt.
1671 2591 1764 2645 Al-

155 2693 418 2747 banorum
446 2700 627 2746 autem
659 2704 886 2759 regnum
916 2686 1128 2741 initium
1164 2685 1318 2739 duxit
1352 2684 1420 2739 ab
1448 2682 1644 2748 Ainea,
1679 2683 1762 2739 vel

157 2788 332 2857 potius
361 2786 433 2841 ab
455 2785 690 2841 Ascanio
712 2785 830 2853 ejus
855 2782 988 2845 ﬁlio,
1017 2796 1044 2832 a
1072 2794 1180 2850 quo
1205 2777 1336 2831 Alba
1365 2777 1521 2846 longa
1548 2776 1763 2830 condita

153 2892 250 2937 est.
302 2882 492 2937 Livius
533 2888 712 2935 autem
761 2878 897 2932 alios
935 2873 1246 2944 singillatim
1294 2877 1543 2925 recenset
1584 2867 1759 2939 (Liv.,

156 2978 241 3032 lib.
269 2995 307 3046 ι,
340 2990 476 3045 post.
507 2975 678 3046 init),
703 2973 793 3044 qui
819 2982 940 3043 p05t
971 2970 1121 3023 illum
1147 2974 1533 3036 regnaverunt,
1558 2978 1762 3033 eosque

153 3086 216 3126 ex
243 3071 439 3126 eodem
477 3069 628 3123 Livio
649 3111 662 3131 ,
697 3066 887 3121 Ovidio
911 3107 923 3126 ,
959 3061 1220 3133 Dionysio
1259 3068 1314 3113 et
1343 3056 1577 3111 Eusebio
1608 3056 1763 3126 Sigo-

151 3166 272 3220 nius
302 3166 358 3219 in
391 3164 503 3216 suis
531 3162 596 3215 ad
631 3161 763 3215 Livii
791 3158 1070 3214 historiam
1099 3149 1562 3214 adnotationibus,
1595 3160 1649 3204 et
1671 3151 1764 3205 alii

152 3256 556 3326 chronographi
590 3255 894 3324 designant.

1960 2059 2095 2123 Effer
2118 2072 2314 2123 aquam,
2342 2065 2395 2109 et
2416 2059 2546 2109 molli
2566 2062 2712 2123 cinge
2739 2061 2846 2112 haec
2871 2061 3038 2111 altaria
3058 2066 3200 2122 vitta,

1959 2122 2323 2186 Verbenasque
2345 2123 2488 2172 adole
2515 2122 2740 2186 pingues,
2769 2133 2822 2174 et
2844 2124 3056 2174 mascula
3086 2125 3248 2175 thura.

2302 2207 2530 2274 (Virgil.,
2563 2209 2717 2276 eclog.
2745 2211 2793 2272 8,
2822 2224 2947 2262 vers.
2974 2210 3040 2262 64
3057 2219 3104 2262 et
3123 2211 3283 2276 seqq.)

1864 2318 2034 2372 Porro
2063 2326 2242 2381 autem
2290 2317 2536 2386 quamvis
2576 2316 2936 2381 concedatur,
2971 2319 3116 2388 quod
3147 2326 3330 2373 tamen
3370 2317 3475 2386 lal-

1866 2425 1985 2464 sum
2016 2417 2121 2473 est,
2150 2409 2383 2478 aliquem
2425 2408 2528 2464 diis
2573 2424 2697 2466 esse
2728 2410 3048 2474 odoratum,
3094 2426 3220 2482 qua,
3268 2426 3477 2482 quaeso,

1866 2505 2075 2560 ratione
2105 2503 2319 2573 probari
2351 2512 2528 2573 potest
2557 2503 2717 2573 hujus
2759 2504 2933 2558 thuris
2963 2504 3187 2560 odorem
3221 2505 3329 2559 illis
3355 2519 3479 2561 esse

1864 2609 2078 2671 gratum
2119 2613 2182 2653 ac
2212 2599 2474 2654 suavem?
2501 2597 2771 2669 Numquid
2802 2600 2927 2668 quia
2957 2597 3269 2655 hominibus
3296 2600 3480 2654 suavis

1866 2693 1989 2749 est?
2016 2694 2211 2750 Nonne
2243 2693 2359 2750 ﬁeri
2391 2694 2550 2749 facile
2577 2703 2758 2765 potest
2778 2735 2792 2756 ,
2825 2703 2882 2749 ιιι
2906 2710 3026 2764 qum
3057 2694 3142 2752 bis
3171 2710 3377 2751 amaana
3426 2705 3484 2751 et

1863 2788 2102 2858 jucunda
2134 2789 2405 2855 videntur,
2455 2788 2577 2850 diis,
2621 2803 2851 2858 quorum
2897 2789 3058 2860 plane
3103 2789 3318 2846 diversa
3356 2806 3482 2847 esse

1867 2881 2101 2937 debebat
2141 2881 2474 2944 substantia.
2507 2881 2861 2952 displiceant,
2898 2885 3071 2953 iisque
3113 2888 3339 2939 molesta
3371 2885 3483 2939 sint

1868 2983 2030 3045 atque
2050 2975 2384 3043 injucunda?
2416 2975 2626 3030 Videsis
2648 2974 2966 3031 Getholredi
2998 2979 3392 3033 commentaria
3423 2979 3482 3036 in

1867 3068 2159 3122 Theodosii
2189 3068 2363 3136 Magni
2388 3068 2650 3133 edictum,
2674 3085 2782 3138 quo
2804 3069 3099 3139 gentilibus
3123 3070 3298 3126 thuris
3324 3087 3480 3141 usus,

1872 3162 2158 3220 sacriﬁcia.
2184 3171 2240 3217 et
2267 3162 2446 3216 omnis
2467 3162 2694 3217 deorum
2719 3164 2897 3218 cultus
2920 3163 3240 3233 prohibetur
3261 3166 3405 3238 (tom.
3428 3185 3481 3224 vt

1868 3254 1998 3311 Cod.
2034 3254 2255 3316 Theod.,
2285 3256 2385 3326 leg.
2420 3256 2508 3316 12,
2541 3273 2660 3328 pag.
2688 3256 2796 3310 9.75
2825 3267 2870 3310 et
2899 3257 3087 3328 seqq.).

222 3349 307 3404 Ad
343 3363 407 3404 ea
442 3363 606 3417 porro
639 3361 808 3416 usque
837 3354 1081 3413 tempora
1113 3344 1316 3398 nullum
1348 3346 1403 3399 in
1434 3345 1603 3401 sacris
1639 3342 1762 3396 thus
1790 3317 1834 3380 Ε
1940 3347 2120 3404 Unum
2153 3317 2368 3402 tandem
2404 3347 2487 3401 his
2519 3317 2722 3404 addere
2761 3349 2941 3412 liceat,
2965 3317 3128 3421 'quod
3161 3352 3230 3407 ab
3257 3363 3482 3411 auctore

153 3441 335 3497 datum
365 3439 560 3496 fuisse.
601 3459 620 3492 ‹
648 3438 826 3502 Pium,
859 3457 878 3490 ι
915 3437 1087 3508 inquit
1116 3436 1414 3499 Arnobius,
1453 3457 1471 3489 ‹
1503 3436 1582 3490 far
1611 3449 1765 3487 mon-

152 3546 319 3604 strat,
363 3551 475 3603 quo
524 3534 707 3605 peragi
740 3547 856 3587 mos
903 3530 1005 3586 luit
1051 3529 1444 3587 sacriﬁciorum
1499 3530 1763 3586 solemnia

149 3631 332 3684 munia
362 3648 383 3682 ι
422 3627 665 3697 (Arnob.,
695 3627 793 3680 loc.
821 3624 954 3695 cit.).
987 3623 1280 3678 Enimvero
1320 3623 1515 3692 prisca,
1556 3631 1611 3676 ut
1639 3636 1764 3691 per-

152 3720 303 3777 hibet
339 3720 569 3778 Ovidius
589 3763 604 3786 ,
638 3727 818 3782 aetate,
846 3727 1090 3786 agrestes
1119 3716 1297 3771 adhuc
1327 3715 1578 3770 homines
1620 3717 1760 3770 farre

150 3827 203 3871 et
231 3817 368 3882 sale,
400 3815 515 3869 sive
546 3813 688 3867 mola
723 3811 875 3877 falsa,
904 3810 973 3865 de
994 3826 1094 3880 qua
1125 3824 1226 3863 nos
1253 3808 1526 3878 superius,
1552 3807 1656 3862 diis
1687 3807 1755 3862 li-

153 3910 341 3965 tabant
369 3918 424 3964 et
446 3905 851 3964 sacriﬁcabant.
883 3902 973 3959 Sic
997 3913 1176 3957 autem
1206 3901 1296 3955 ille
1324 3899 1588 3956 canebat:

244 4021 396 4080 Ante,
420 4021 546 4070 deos
563 4019 748 4068 homini
771 4016 898 4080 quod
919 4012 1412 4080 conciliarevaleret,

337 4075 431 4133 Far
457 4088 586 4138 erat,
606 4087 659 4131 et
677 4075 963 4144 puriilucida
981 4080 1101 4127 mica
1127 4075 1261 4144 salis.

239 4145 469 4196 Nondum
495 4137 770 4208 pertulerat
795 4140 1077 4208 lacrymatas
1099 4141 1283 4208 cortice
1309 4137 1529 4200 myrrhas

337 4209 459 4258 Acta
483 4204 854 4274 peraquoreas
878 4204 1071 4274 hospita
1095 4204 1232 4274 navis
1256 4213 1426 4274 aquas.

237 4271 407 4322 Thura
433 4264 529 4321 nec
545 4264 844 4330 Eugihrates,
871 4264 1189 4330 necimiserat
1209 4264 1349 4330 India
1365 4269 1574 4321 costum,

337 4333 445 4384 Nec
468 4327 670 4383 fuerant
685 4330 823 4380 rubri
848 4329 1048 4391 cognita
1071 4327 1150 4376 ﬁla
1170 4328 1320 4376 croci.

319 4411 324 4416 ‘
841 4411 1028 4478 (0vid.,
1052 4409 1135 4462 lib.
1163 4426 1180 4460 ι
1203 4411 1417 4472 Fastor.,
1444 4410 1472 4475 ς
1492 4410 1566 4473 8.)

145 4548 316 4604 Moris
352 4556 533 4604 autem
569 4545 728 4617 hujus
756 4557 973 4600 causam
1013 4551 1132 4612 post
1176 4539 1506 4598 Varronem.
1550 4535 1754 4591 Plinius

144 4643 419 4710 reddidit,
450 4641 705 4696 nimirum
738 4639 861 4707 quia
893 4647 1106 4690 veteres
1137 4635 1215 4688 sal
1256 4649 1378 4689 cum
1419 4647 1556 4702 pane
1584 4632 1751 4686 esita-

1869 3453 2056 3499 nostro
2104 3453 2252 3499 recte
2300 3444 2570 3498 traditur:
2611 3462 2629 3494 ‹
2666 3443 2847 3498 Thura
2878 3459 3002 3500 cum
3054 3447 3310 3502 carnibus
3356 3463 3482 3505 esse

1866 3537 2235 3607 parentalibus
2279 3537 2720 3607 conjunctissima
2757 3547 3122 3594 mortuorum.
3164 3558 3184 3591 ι
3221 3541 3474 3612 (Arnob.,

1865 3630 1952 3684 lib.
1987 3646 2077 3694 vu,
2120 3647 2239 3702 pag.
2271 3628 2423 3701 242).
2459 3628 2705 3683 Ethnicis
2755 3628 3021 3700 siquidem
3067 3646 3186 3685 mos
3223 3643 3374 3697 erat,
3419 3644 3480 3689 ut

1865 3727 1979 3781 suis
2011 3735 2379 3795 parentantes,
2413 3732 2749 3779 mortuorum
2787 3737 3014 3792 corpora
3064 3724 3222 3780 thure
3251 3727 3473 3796 perlun~

1864 3819 2059 3875 dercnt
2081 3859 2096 3884 ,
2129 3819 2244 3874 sive
2271 3834 2333 3874 ea
2361 3827 2740 3874 cremarentur
2760 3859 2772 3882 ,
2821 3820 2941 3873 sive
2971 3819 3363 3878 mandarentur
3387 3838 3475 3879 se-

1863 3913 2117 3983 pulturte.
2153 3911 2288 3966 Nam
2328 3911 2585 3982 Virgilius
2613 3911 2700 3966 ubi
2747 3910 3010 3968 describit
3043 3912 3200 3971 funus
3241 3914 3471 3984 Miseni,

1863 4015 1918 4060 et
1943 4005 2218 4077 quomodo
2247 4015 2547 4060 crematum
2576 4005 2647 4059 sit
2673 4005 2791 4072 ejus
2815 4019 3034 4074 corpus.
3070 4006 3144 4062 ibi
3166 4007 3340 4062 dixit:

2574 4119 2818 4183 Congesta
2842 4125 3128 4174 cremantur

2048 4183 2248 4234 Thurea
2272 4183 2416 4245 dona.
2444 4183 2614 4245 dapes,
2639 4183 2745 4245 fuso
2766 4190 2989 4232 crateres
3012 4183 3161 4235 olivo.

2113 4245 2341 4314 (Virgil,
2372 4244 2455 4296 lib.
2483 4243 2532 4296 vi
2556 4243 2774 4305 £neid.,
2804 4257 2929 4296 vers.
2949 4245 3041 4295 224
3057 4254 3102 4298 et
3119 4248 3278 4312 seqq.)

1933 4356 2127 4412 Festus
2149 4371 2280 4411 vero
2301 4353 2520 4425 scripsit
2543 4368 2788 4409 acerram
2821 4367 2942 4409 esse
2967 4368 3141 4419 aram,
3170 4364 3296 4410 ante
3322 4373 3468 4414 mor-

1861 4460 2009 4504 tuum
2041 4449 2171 4521 poni
2221 4448 2468 4514 solitam,
2501 4447 2589 4501 ubi
2635 4445 2837 4501 odores
2880 4446 3309 4503 incendebantur
3331 4492 3347 4517 ,
3381 4453 3464 4508 vel

1858 4559 2037 4600 arcam
2067 4544 2153 4598 ubi
2179 4544 2302 4596 thus
2323 4542 2656 4610 reponebant
2683 4539 2915 4612 (Festus,
2940 4541 3008 4594 ad
3030 4543 3164 4596 verb.
3187 4542 3459 4616 Acsnna).

1857 4639 2199 4707 Quapropter
2223 4634 2436 4698 Cicero,
2467 4634 2558 4689 ubi
2585 4634 2732 4704 leges
2758 4633 2825 4687 de
2853 4633 3156 4703 sepulchris
3179 4646 3232 4690 et
3257 4636 3466 4695 furibus

145 4736 302 4791 bant.
335 4736 588 4792 Valerius
617 4748 748 4787 vero
775 4729 1062 4795 Maximus,
1101 4743 1223 4784 cum
1257 4726 1593 4793 frequentior
1613 4767 1626 4789 ,
1671 4725 1753 4778 iu-
1785 4715 1840 4775 D
1863 4740 2128 4786 memorat
2149 4773 2163 4792 ,
2201 4728 2311 4783 Nec
2354 4744 2574 4794 acerne,
2608 4728 2811 4796 inquit,
2841 4737 3212 4798 praetereantur
3241 4729 3460 4802 (Cicero,

143 4832 291 4902 quit,
322 4830 460 4902 apud
493 4845 590 4883 eos
619 4828 801 4898 pullis.
843 4840 1007 4896 quam
1047 4823 1201 4893 panis
1233 4835 1359 4875 usus
1386 4828 1554 4885 esset,
1587 4819 1639 4873 in
1670 4835 1755 4873 sa-

146 4923 368 4978 criﬁciis
414 4922 669 4978 omnibus
716 4918 858 4972 mola
909 4917 1051 4973 salsa
1079 4955 1095 4980 ,
1143 4914 1195 4969 id
1236 4923 1338 4979 est,
1375 4913 1517 4968 farre
1557 4923 1610 4967 et
1640 4913 1752 4967 sale

144 5017 489 5087 composita,
543 5030 652 5069 non
699 5022 877 5066 autem
929 5010 1124 5070 thure,
1178 5007 1471 5063 utebantur
1522 5004 1746 5079 (Plin.,

147 5109 245 5162 lib.
285 5124 400 5162 sui
433 5107 575 5162 Hist.
631 5115 830 5168 natur.,
856 5119 972 5170 cap.
1007 5102 1060 5167 7,
1095 5119 1216 5172 pag.
1250 5100 1358 5156 809
1384 5110 1430 5153 et
1458 5117 1589 5169 seq.;
1637 5099 1751 5154 Val.

148 5199 290 5255 Hea:
317 5244 330 5266 ,
359 5201 448 5256 lib.
476 5217 534 5268 ιι,
565 5216 684 5268 cap.
715 5199 766 5266 5,
805 5195 910 5267 §5,
940 5213 1060 5268 pag.
1091 5195 1241 5264 102).

230 5293 408 5366 Itaque
438 5293 712 5349 Arnobius
742 5289 866 5344 inde
896 5291 976 5343 sic
1005 5295 1411 5357 argumentatur
1436 5303 1449 5339 :
1482 5285 1536 5341 Si
1569 5286 1643 5340 dii
1674 5286 1754 5339 in-

147 5403 320 5444 censo
350 5388 505 5443 thure
535 5387 834 5456 placantur,
868 5395 1161 5452 peccavere
1191 5379 1440 5433 homines
1466 5378 1695 5448 antiqui,
1721 5393 1751 5433 a

151 5485 350 5554 quibus
377 5485 421 5539 is
447 5482 585 5538 ritus
605 5481 843 5535 omissus
867 5486 970 5532 est.
993 5475 1048 5530 Si
1075 5488 1204 5528 vero
1231 5472 1332 5528 diis
1353 5473 1504 5533 olim,
1530 5482 1622 5525 aut
1645 5487 1748 5525 non

153 5575 380 5645 placuit,
426 5585 518 5630 aut
567 5570 882 5627 indiﬂ'erens
929 5569 1060 5634 luit,
1108 5566 1306 5621 frustra
1356 5580 1420 5620 ac
1467 5578 1749 5633 perperam

153 5668 443 5727 adhibetur
467 5668 712 5742 (Arnob,
743 5667 831 5721 lib.
866 5681 963 5728 vn,
993 5680 1111 5735 pag.
1141 5660 1294 5732 955).

237 5762 409 5837 Neque
451 5763 744 5821 dicendum
791 5769 877 5816 est
922 5759 1054 5814 deos
1102 5757 1259 5812 thure
1298 5755 1424 5811 dato
1475 5755 1753 5810 honorari.

162 5856 283 5914 Non
307 5862 443 5916 enim
471 5859 737 5932 quatritur
774 5864 954 5914 utrum
998 5853 1280 5914 homines,
1328 5849 1423 5905 sed
1467 5858 1645 5906 utrum
1686 5846 1761 5901 dii

159 5967 471 6011 persuasum
503 5952 633 6009 illud
664 5948 974 6006 habuerint.
1003 5949 1074 6004 At
1101 5945 1224 6019 quis
1254 5955 1490 6017 unquam
1530 5943 1584 5999 id
1623 5942 1763 6000 scire

1861 4827 1947 4882 lib.
2000 4842 2036 4880 ll
2079 4825 2143 4878 de
2169 4823 2346 4895 legib.,
2378 4839 2498 4894 pag.
2530 4819 2678 4893 5M).
2711 4821 2930 4891 Legesis
2950 4821 3092 4892 apud
3126 4823 3462 4883 Brissonium

1860 4920 2038 4974 varias
2084 4929 2330 4974 veterum
2360 4914 2430 4970 de
2478 4915 2632 4969 thure
2660 4914 2763 4967 diis
2792 4914 2971 4968 dando
3017 4913 3274 4970 formulas
3298 4917 3469 4987 (Br-is-

1861 5028 2000 5076 son.,
2034 5011 2126 5065 lib.
2157 5027 2175 5065 ι
2213 5010 2276 5062 de
2303 5006 2507 5072 Form.,
2538 5023 2658 5078 pag.
2684 5005 2754 5060 29
2783 5015 2830 5058 et
2857 5004 2970 5079 '50).
3004 5009 3073 5060 At
3103 5017 3250 5063 certe
3282 5025 3346 5065 ex
3380 5011 3464 5066 bis

1859 5123 1980 5176 qua:
2013 5105 2152 5161 dicta
2183 5115 2344 5170 sunt,
2377 5103 2534 5173 plane
2564 5101 2847 5155 conﬁcitur
2879 5101 3121 5156 inutilem
3156 5118 3378 5170 prorsus
3405 5115 3460 5161 ct

1857 5199 2294 5271 superstitiosum
2338 5196 2501 5251 fuisse
2547 5195 2752 5260 thuris,
2787 5193 2990 5249 ﬁctitiis
3035 5196 3314 5266 gentilium
3360 5198 3462 5253 diis

1858 5298 2088 5356 incensr,
2119 5309 2274 5348 usum
2320 5300 2373 5346 et
2401 5305 2629 5345 morem.
2671 5290 2741 5344 At
2773 5287 2840 5342 de
2872 5287 2963 5342 illo
2992 5288 3047 5342 in
3091 5291 3462 5359 superioribus

1859 5386 2061 5442 nostris
2092 5382 2562 5456 disquisitionibus
2590 5379 3004 5448 diSputavimus.

2463 5510 2758 5551 ABTICULUS
2797 5511 2854 5548 ll.

1860 5620 1967 5672 Non
1991 5620 2155 5668 minus
2198 5625 2486 5672 perversum
2527 5609 2681 5659 fuisse
2706 5611 2805 5659 vini
2834 5610 2886 5658 in
2908 5607 3209 5658 ethnicorum
3234 5614 3384 5661 sacris
3409 5619 3463 5663 et

1923 5681 2178 5732 sacriﬁciis
2202 5672 2381 5728 libandi
2405 5687 2612 5730 morem,
2654 5673 2813 5722 thuris
2857 5672 3157 5735 sociumret
3197 5679 3464 5735 exponitur

1923 5746 2042 5816 quid
2063 5736 2633 5816 situtiria,‘simpuvium,
2660 5737 2815 5786 musci
2840 5734 3173 5797 venerabiles,
3204 5734 3466 5791 et’Mactus

1926 5805 2104 5873 inferio
2123 5805 2233 5854 vino
2255 5807 2371 5852 esto.

1945 5937 2000 5991 In
2049 5932 2276 6005 privatis
2325 5925 2775 5999 solemnibusque
2819 5924 3105 6000 gentilium
3156 5931 3326 5986 saris
3366 5947 3481 5988 me.
