3872 6352
413 374 518 433 655

412 605 530 659 pag.
560 586 711 652 ﬁtﬁt).
738 583 999 641 Solebant
1027 583 1171 639 enim
1201 585 1380 639 vinum
1412 585 1464 639 in
1490 584 1615 640 thus
1643 585 1873 642 ﬂammis
1903 586 2001 641 da-

410 693 522 736 tum
555 678 901 750 profundere,
928 677 1037 746 vel,
1070 680 1209 733 sicut
1238 679 1474 750 loquitur
1504 679 1844 748 Lactantius,
1872 680 2003 736 odo-

407 773 512 828 rati
537 786 601 828 ac
626 771 827 827 veteris
848 771 957 826 vini
982 771 1291 842 profusione
1313 771 1649 829 madefacere
1674 774 1824 831 focos
1852 773 2005 847 (Lac-

411 874 566 934 tant.,
594 867 684 923 lib.
717 883 792 935 v1,
823 885 939 938 cap.
983 867 1036 931 l,
1070 883 1192 937 pag.
1234 864 1383 938 542).
1411 865 1529 933 Quo
1558 867 1774 938 quidem
1804 869 1872 924 de
1899 868 2005 924 ritu

410 970 610 1029 praater
659 961 839 1017 varios
884 968 1168 1025 auctores,
1216 957 1334 1015 haec
1374 960 1443 1015 ab
1472 959 1697 1017 Horatio
1738 960 1882 1018 dicta
1924 961 2008 1017 le—

411 1069 588 1125 gimus
622 1072 637 1110 :

597 1168 857 1234 Yerbenas
878 1170 1022 1233 pueri
1045 1170 1231 1234 ponite,
1252 1169 1493 1234 thuraque

595 1231 720 1282 Bimi
740 1245 849 1281 cum
876 1231 1208 1294 patera'meri.

597 1294 806 1346 Mactata
831 1296 1002 1345 veniet
1027 1295 1187 1345 lenior
1213 1296 1389 1347 hostia.

1124 1380 1347 1446 (Horat,
1374 1381 1459 1433 lib.
1485 1399 1521 1446 ι,
1546 1382 1639 1434 ade
1658 1382 1757 1447 l9.)

410 1512 483 1571 Et
510 1514 580 1570 ab
608 1513 801 1571 Ovidio
829 1530 843 1567 :

597 1630 817 1693 (Lumque
840 1629 965 1678 meri
990 1634 1159 1693 patera
1185 1627 1345 1693 thuris
1365 1640 1536 1680 acerra
1559 1628 1667 1681 fuit.

503 1693 671 1745 Thura
693 1692 810 1744 foets
834 1694 1099 1753 vinumque
1123 1692 1283 1743 dedit.

915 1772 1104 1838 (Ovid,
1123 1772 1205 1825 lib.
1229 1790 1275 1825 ιν
1294 1776 1514 1837 Fastor.,
1542 1774 1628 1826 sub
1648 1770 1762 1839 fin.)

1653 368 2102 433 DISSERTATIO
2127 368 2410 434 PREVIA
3589 385 3669 445 εδδ

408 510 548 559 rum,
575 487 954 555 aitArnobius,
974 486 1148 545 thuris
1168 489 1371 547 socium
1394 495 1508 546 erat
1532 489 1773 563 (Arnab.,
1794 494 1883 549 lib.
1902 509 1999 560 vlt,
2030 502 2084 562 Α

2200 494 2263 564 Et
2283 495 2394 559 quis
2414 498 2531 564 tunc
2553 492 2803 564 hominum
2822 494 3132 564 contemptor
3154 495 3403 549 numinis?
3421 497 3516 550 Ant
3534 500 3626 564 quis

2202 555 2517 623 {Sympuvium
2542 556 2708 623 ridere
2729 555 2919 623 Numae,
2950 555 3249 623 nigrumque
3269 566 3499 623 catinum,

2200 619 2264 685 Et
2290 620 2522 669 Vaticano
2545 619 2751 682 fragiles
2772 621 2837 671 de
2862 627 3027 670 monte
3053 619 3263 685 patellas

2200 682 2365 733 Ausus
2389 690 2514 732 erat.

2776 744 3027 811 (Juvenal,
3050 743 3191 799 satir.
3214 748 3265 808 6,
3290 760 3416 801 vers.
3444 750 3570 816 340.)

2109 850 2269 908 Visne
2311 852 2475 907 alium
2515 852 2692 909 adhuc
2736 853 2895 924 hujus
2937 857 3103 913 moris
3134 858 3365 914 testem?
3409 860 3539 914 Audi
3573 859 3668 915 Pli-

2096 940 2297 1003 nium:
2336 960 2356 994 ‹
2394 943 2452 998 In
2485 944 2685 1010 sacris,
2724 962 2743 997 ι
2782 944 2991 1016 inquit,
3031 966 3050 1000 ι
3085 948 3247 1003 etiam
3282 949 3423 1003 inter
3448 948 3540 1004 has
3566 965 3675 1019 opes

2108 1033 2291 1099 hodie,
2334 1050 2441 1091 non
2492 1037 2803 1106 murrhiuis,
2850 1042 3273 1111 crystallinisve,
3316 1040 3415 1099 sed
3457 1028 3678 1098 fictilibus

2111 1129 2449 1201 prolib-ntur
2501 1131 2809 1205 Sympuviis
2867 1132 3078 1201 (Plia.,
3138 1133 3226 1190 lib.
3290 1151 3453 1203 xxxv,
3510 1153 3554 1191 c.
3600 1135 3681 1201 12,

2113 1242 2235 1297 pag.
2265 1224 2418 1297 245).
2464 1246 2482 1279 ι
2517 1227 2715 1283 Putant
2744 1236 2924 1283 autem
2956 1228 3097 1284 idem
3134 1230 3475 1299 sympuvium
3505 1245 3613 1285 esse
3636 1244 3686 1283 ac

2111 1319 2427 1388 simpnlum,
2448 1318 2518 1375 de
2539 1336 2648 1391 quo
2670 1318 2864 1387 Varro,
2883 1321 3082 1377 Paulus
3098 1330 3154 1376 et
3173 1320 3267 1375 alii
3292 1319 3501 1393 (Varr.,
3529 1321 3607 1375 lib.
3646 1336 3686 1376 tv

2115 1411 2178 1467 de
2202 1411 2337 1484 Ling
2391 1415 2510 1478 lat.,
2546 1432 2668 1487 pag.
2696 1416 2797 1480 δίς
2830 1414 3016 1483 Paul.,
3044 1416 3101 1469 in
3132 1414 3378 1470 Vocubul.
3413 1416 3481 1469 ad
3501 1413 3687 1484 Simptt-

2116 1506 2263 1569 lum).
2294 1506 2405 1564 Nos
2430 1524 2559 1562 vero
2588 1508 2657 1564 de
2686 1509 2778 1564 illo
2805 1510 3006 1582 aliquid
3033 1525 3101 1565 ex
3126 1508 3247 1581 ipso
3268 1520 3487 1567 auctore
3510 1518 3686 1579 nostro,

2114 1618 2178 1658 ac
2198 1599 2459 1660 Cicerone
2488 1604 2893 1676 praelibavimns
2920 1603 3132 1676 (ευριπ,
3166 1621 3214 1659 c.
3248 1605 3338 1668 13,
3365 1602 3527 1677 art.2)

2189 1696 2457 1753 Prwterea
2502 1697 2737 1764 ethnici,
2766 1699 2908 1754 sicut
2934 1698 3005 1752 ait
3044 1698 3348 1761 Arnobius,
3400 1698 3450 1752 in
3493 1701 3689 1753 deorum

2116 1805 2335 1845 suorum
2376 1790 2637 1846 honorem
2682 1791 2991 1847 excitabant
3019 1791 3332 1846 venerabiles
3380 1808 3572 1846 muscas
3598 1807 3693 1844 car-

411 1884 551 1941 Alibi
575 1898 705 1940 vero
731 1882 821 1938 ubi
844 1880 911 1937 de
940 1881 1127 1937 uxoris
1155 1896 1288 1949 sum,
1316 1896 1415 1952 pro
1441 1896 1545 1952 qua
1575 1880 1715 1936 bene
1739 1885 2009 1950 precatur,
2044 1902 2091 1965 Β
2117 1884 2329 1939 bonibus
2353 1886 2620 1940 exstinctis
2659 1884 2903 1959 (Arnab.,
2944 1885 3035 1941 lib.
3067 1901 3164 1951 vn,
3210 1904 3333 1958 pag.
3363 1885 3516 1954 255).
3547 1884 3598 1939 lu
3621 1900 3695 1939 co-

412 1980 579 2036 natali
605 1975 929 2035 celebrando
962 1994 975 2030 :

501 2096 578 2148 Da
602 2095 720 2145 mihi
742 2094 905 2154 thura,
935 2105 1079 2156 puer,
1108 2095 1321 2157 pingues
1342 2090 1572 2142 facientia
1594 2090 1831 2149 ﬂammas,

599 2157 841 2222 Quodque
867 2161 946 2221 pio
960 2157 1118 2206 fusum
1144 2157 1319 2207 stridat
1340 2157 1392 2207 in
1411 2157 1529 2216 igne
1554 2166 1765 2203 merum.

411 2288 547 2348 Aliis
587 2288 747 2345 etiam
792 2287 845 2347 in
894 2285 1045 2343 libris
1089 2286 1233 2340 hunc
1280 2298 1489 2339 morem
1532 2280 1753 2351 attigit,
1801 2278 1869 2334 de
1910 2290 2016 2347 quo

409 2384 570 2439 etiam
593 2380 978 2442 Tertullianus,
1006 2386 1061 2434 et
1086 2379 1239 2450 plura
1269 2370 1578 2431 Brissdnius
1600 2372 1809 2444 (0vid.,
1860 2370 1952 2425 lib.
1982 2384 2013 2421 v

411 2474 595 2541 Trist.,
621 2474 749 2545 eleg.
776 2474 831 2538 5,
862 2489 976 2543 uag.
1012 2472 1107 2526 171
1141 2488 1154 2537 ;
1197 2479 1243 2524 et
1269 2468 1358 2523 lib.
1386 2484 1479 2524 xnt
1508 2467 1806 2529 Metamar.,
1832 2466 1936 2535 fab.
1960 2462 2014 2528 4,

408 2589 531 2643 pag.
563 2569 692 2629 485;
723 2578 771 2623 et
809 2568 899 2622 lib.
928 2583 966 2622 ιι
1005 2564 1182 2627 Fast.,
1214 2563 1243 2637 ς
1277 2564 1363 2625 15ς
1408 2562 1737 2627 Tertttllian.,
1766 2560 2014 2630 Apolog.,

409 2680 525 2736 cap.
548 2662 640 2728 20;
665 2661 894 2717 Brissan.
919 2704 933 2728 ,
966 2659 1054 2714 lib.
1081 2674 1097 2713 ι
1130 2658 1193 2711 de
1217 2656 1479 2721 Farmul.,
1505 2671 1625 2727 pag.
1655 2652 1725 2710 50
1744 2661 1794 2708 et
1823 2654 2012 2722 seqq.).

480 2758 644 2827 .Atqni
677 2756 947 2812 Arnobius
972 2753 1136 2809 variis
1168 2752 1437 2808 rationum
1471 2748 1763 2805 momentis
1792 2747 2017 2802 demon-

413 2862 550 2908 strat
579 2852 716 2906 hanc
743 2850 855 2905 vini
877 2892 893 2916 ,
936 2844 1390 2919 quemadmodum
1417 2842 1621 2910 thuris,
1666 2839 1862 2896 libandi
1892 2854 2017 2909 pra-

412 2962 535 3000 vam
569 2959 984 3014 perversamque
1029 2938 1482 2998 consuetudinem
1509 2936 1577 2992 ab
1615 2935 1867 2991 omnibus
1895 2948 2017 2989 esse

412 3036 829 3109 repudiendam.
870 3038 949 3091 Ac
980 3035 1154 3105 primo
1199 3032 1417 3102 quidem
1444 3073 1460 3097 ,
1508 3028 1632 3100 quia
1680 3028 1827 3082 nulla
1859 3026 2019 3096 hujus

412 3132 553 3187 ritus
597 3145 757 3186 causa
790 3128 965 3198 potuit
989 3129 1058 3182 ab
1088 3126 1197 3181 ullo
1227 3139 1461 3194 unquam
1499 3120 1705 3176 afferri.
1730 3119 1847 3174 Non
1874 3119 2019 3174 enim

412 3223 512 3289 dii,
547 3234 604 3278 ut
638 3235 764 3294 pote
794 3220 1153 3284 immortales,
1184 3218 1273 3273 siti
1304 3215 1597 3287 aliquando
1628 3214 1894 3278 laborant,
1928 3222 2021 3268 aut

2124 1978 2245 2034 dice
2275 1978 2425 2049 regio
2453 1986 2507 2032 et
2534 1978 2771 2049 antiquis
2790 1978 3119 2035 editionibos
3148 1993 3245 2047 pro
3270 1994 3470 2033 muscas
3500 1976 3695 2033 habetur

2118 2088 2340 2137 muscas,
2394 2071 2568 2139 nullo,
2620 2081 2679 2126 ut
2731 2071 2965 2135 videtur.
3013 2088 3177 2129 sensu
3228 2092 3242 2127 :
3296 2073 3348 2127 in
3403 2071 3521 2127 aliis
3564 2071 3697 2127 editis

2116 2166 2333 2228 cuissas,
2359 2164 2485 2235 jure
2514 2163 2654 2218 haud
2685 2164 2852 2219 multo
2880 2165 3075 2235 potiori
3107 2182 3122 2219 :
3155 2165 3375 2235 quidam
3406 2166 3457 2220 in
3486 2164 3697 2235 margine

2118 2259 2443 2316 addiderunt
2469 2258 2713 2330 sufﬁlus,
2756 2258 2849 2315 sed
2902 2259 3073 2314 solius
3106 2258 3246 2314 haud
3282 2257 3447 2315 dubie
3492 2257 3699 2328 explica-

2118 2354 2284 2408 tionis
2307 2354 2496 2423 gratia.
2528 2350 2696 2422 Magis
2728 2351 2908 2422 itaque
2943 2350 3098 2406 nobis
3134 2351 3342 2414 arridet
3367 2365 3467 2406 vox
3506 2364 3695 2413 muscas,

2118 2456 2212 2502 aut
2254 2449 2519 2510 masc/tas,
2549 2461 2659 2514 quo
2686 2449 2906 2501 nomine
2948 2445 3241 2516 pretiosum
3283 2444 3498 2517 aliquod
3527 2444 3699 2500 odora-

2119 2554 2360 2598 menlum
2406 2540 2522 2613 sign
2548 2539 2758 2596 ﬂcatur.
2790 2538 2925 2596 Nam
2978 2538 3108 2594 illud
3148 2536 3222 2594 ‘ex
3275 2540 3456 2606 thure,
3500 2554 3559 2593 ac
3596 2536 3701 2592 vino

2119 2635 2347 2693 odorato
2376 2638 2679 2692 contectum
2728 2635 2781 2689 in
2817 2634 3063 2689 ﬂammas
3084 2640 3137 2688 et
3170 2632 3424 2687 incensos
3464 2630 3701 2687 carbones

2121 2731 2454 2801 injiciebmt,
2488 2739 2543 2785 ut
2570 2747 2637 2785 ex
2666 2746 2732 2786 eo
2758 2729 2938 2785 suavis
2957 2728 3147 2801 procul
3175 2729 3343 2785 dubio
3370 2727 3503 2784 odor
3518 2727 3700 2784 excita-

2119 2836 2291 2884 retur.
2317 2826 2457 2882 Nihil
2492 2836 2672 2881 tatnen
2699 2826 2766 2882 de
2792 2840 2919 2882 vera
2962 2824 3257 2880 Arnobiani
3296 2834 3473 2879 texms
3498 2822 3702 2878 lectione

2120 2920 2238 2975 sine
2259 2918 2582 2975 auctoritate
2598 2916 2949 2975 correctioris
2968 2916 3196 2987 alicujus
3216 2914 3424 2971 codicis
3442 2914 3702 2970 adfirmare

2121 3013 2408 3068 audemus.

2192 3106 2462 3178 Quidquid
2489 3122 2654 3177 porro
2684 3108 2753 3164 de
2789 3105 2881 3161 illa
2912 3112 3141 3169 statuas,
3172 3105 3289 3173 ipse
3327 3116 3516 3163 auctor
3545 3111 3703 3162 noster

2121 3197 2371 3254 ethnicos
2401 3200 2551 3255 nullo
2595 3215 2815 3271 prorsus
2844 3198 3007 3253 modo
3050 3208 3237 3254 censet
3277 3198 3591 3263 audiendos,
3628 3196 3704 3266 qui

413 3320 599 3373 vinum
625 3290 705 3373 eis
729 3313 1146 3386 propinandum,
1175 3321 1234 3366 ut
1253 3310 1404 3366 cibos
1428 3308 1679 3380 digerant
1702 3306 2018 3363 eonfieiaut—
2044 3299 2090 3363 C
2123 3291 2450 3362 Persuadere
2496 3294 2745 3350 omnibus
2776 3293 3129 3360 imitabantur,
3158 3290 3341 3348 vinum
3371 3292 3503 3347 illud
3532 3292 3705 3347 odora°

415 3429 540 3484 que.
595 3411 795 3468 Eadem
851 3423 1074 3481 prorsus
1125 3407 1336 3461 ratione
1383 3402 1738 3467 Lactantius,
1795 3400 2020 3456 Arnohii

416 3507 590 3563 nostri
630 3504 961 3573 discipulus,
1009 3503 1153 3556 hunc
1178 3499 1519 3555 ethnicorum
1558 3509 1805 3551 errorem
1838 3494 2022 3565 proﬂi-

417 3607 547 3670 gat:
577 3617 595 3651 t
626 3598 879 3655 Mactant.
913 3615 931 3649 ι
960 3593 1155 3662 inquit,
1186 3612 1205 3645 ι
1238 3592 1449 3662 Opimas
1474 3605 1535 3645 ac
1567 3591 1792 3660 pingues
1815 3588 2021 3643 hostias

420 3693 558 3758 deo,
586 3690 739 3762 quasi
770 3687 1065 3752 esurienti;
1096 3684 1428 3758 profundunt
1476 3683 1598 3737 vina
1646 3691 1898 3750 tanquam
1942 3680 2019 3734 si-

419 3786 597 3842 tienti.
632 3804 650 3837 ι
683 3783 967 3854 (Laetam,
998 3782 1085 3835 lib.
1113 3797 1188 3842 vt,
1230 3795 1348 3849 cap.
1370 3777 1426 3839 2,
1469 3794 1589 3848 pag.
1632 3775 1738 3831 542
1777 3784 1825 3829 et
1869 3771 2022 3843 547.)

420 3883 599 3949 Atque
624 3878 747 3933 inde
773 3878 851 3933 sic
888 3882 1296 3947 argumentatur
1329 3889 1345 3927 :
1383 3889 1402 3922 ι
1434 3869 1615 3940 Itaque
1642 3867 1747 3924 diis
1777 3885 1884 3922 non
1914 3882 2024 3923 ete-

420 3977 613 4031 lestetn
661 3986 913 4037 sensum,
963 3968 1058 4024 sed
1106 3968 1401 4021 humanum
1447 3963 1622 4034 potius
1666 3963 1970 4018 attribuunt
2007 3979 2020 4014 :

419 4068 653 4137 ideoque
684 4065 788 4119 illis
818 4061 1145 4126 necessaria,
1179 4068 1233 4115 et
1273 4065 1426 4128 grata
1471 4056 1698 4111 credunt
1738 4071 1858 4112 esse
1904 4070 2024 4126 qua:

419 4162 603 4225 nobis,
635 4158 832 4229 quibus
859 4165 949 4210 aut
978 4151 1341 4209 esurientibus
1370 4164 1509 4220 opus
1539 4158 1624 4203 est
1659 4148 1803 4215 cibo,
1833 4158 1923 4203 aut
1951 4147 2028 4203 si-

419 4254 682 4310 tientibus
706 4258 856 4321 potu,
880 4257 972 4302 aut
996 4257 1146 4301 veste
1172 4242 1497 4315 algentibus,
1527 4250 1639 4304 aut,
1664 4256 1784 4295 cum
1814 4241 1906 4296 Sol
1933 4239 2028 4295 de-

422 4346 674 4405 cesserit,
700 4344 923 4408 lumine,
951 4347 1010 4394 ut
1034 4337 1218 4393 videre
1247 4334 1542 4407 possimus.
1576 4332 1750 4388 Nullis
1776 4332 1935 4403 igitur
1959 4347 2027 4387 ex

424 4443 589 4497 rebus
615 4449 721 4494 tam
756 4437 969 4508 probari
1000 4442 1055 4490 et
1081 4432 1305 4503 intelligi
1350 4437 1529 4501 potest
1558 4429 1692 4483 deos
1718 4429 1872 4492 istos,
1904 4441 2024 4481 cum

424 4532 716 4605 aliquando
740 4532 991 4593 vixerint,
1017 4536 1257 4583 mortuos
1285 4540 1429 4589 esse,
1459 4536 1624 4593 quam
1658 4536 1723 4575 ex
1757 4520 1873 4589 ipso
1900 4519 2024 4585 ritu,

424 4632 516 4699 qui
550 4636 635 4683 est
668 4634 811 4679 totus
841 4637 873 4676 e
903 4630 1066 4676 terra.
1100 4639 1119 4672 ι

2124 3394 2235 3440 tum
2269 3396 2414 3442 recte
2441 3387 2545 3442 diis
2588 3386 2740 3442 libari
2773 3385 2996 3441 llOllOl'iS
3020 3401 3187 3456 ergo,
3219 3396 3275 3440 et
3302 3395 3361 3440 ut
3393 3384 3597 3455 pr0pitii
3624 3381 3705 3436 fie-

2124 3491 2264 3536 rent.
2314 3481 2447 3548 Quis
2492 3482 2670 3547 enim,
2714 3481 2791 3535 ait
2830 3478 2960 3546 ille,
3000 3479 3107 3535 dllS
3154 3478 3365 3546 honos,
3393 3494 3514 3535 eum
3561 3496 3579 3529 ι
3615 3474 3706 3529 vini

2124 3573 2303 3645 exigui
2346 3589 2501 3631 rores
2548 3589 2714 3643 super
2762 3572 2998 3629 vividam
3046 3572 3245 3644 jeceris
3293 3582 3458 3644 atque
3498 3569 3707 3626 instilla-

2125 3668 2268 3724 veris
2311 3670 2574 3739 prunam?
2613 3687 2632 3721 ι
2683 3666 2849 3740 (Ibid.
2887 3678 2936 3722 et
2966 3668 3132 3737 seqq.)
3162 3666 3303 3735 Quid
3348 3675 3509 3723 recta:
3538 3662 3710 3720 rationi

2125 3762 2295 3833 magis
2343 3763 2673 3834 oppositum,
2703 3777 2767 3818 ac
2805 3761 2953 3817 dictu
3006 3762 3177 3832 magis
3224 3759 3543 3827 absurdum,
3569 3770 3708 3829 quam

2126 3854 2258 3909 deos
2304 3856 2594 3922 honorari,
2646 3864 2741 3909 aut
2789 3854 3098 3909 hominibus
3146 3851 3331 3908 favere
3361 3851 3530 3907 effuso
3567 3850 3707 3913 vino,

2127 3948 2271 4015 quod
2295 3949 2554 4002 virtutum
2578 3963 2774 4002 nervos
2799 3946 3065 4012 debilitat,
3081 3944 3225 4017 quod
3246 3945 3456 4015 pudori,
3475 3940 3710 4006 casdtati,

2128 4049 2183 4094 et
2212 4040 2553 4096 verecundia:
2591 4040 2866 4095 inimicum
2897 4049 3013 4105 est,
3046 4037 3222 4109 quod,
3268 4037 3317 4093 si
3359 4036 3566 4093 avidius
3592 4033 3709 4089 hau-

2128 4132 2286 4195 seris.
2320 4134 2372 4189 in
2403 4134 2671 4190 insaniam
2700 4144 2755 4189 et
2780 4131 3017 4189 furorem
3047 4141 3098 4187 te
3131 4130 3524 4201 pra-cipitabit?

2210 4228 2317 4284 Sed
2354 4244 2420 4284 eo
2451 4243 2624 4299 usque
2653 4227 2903 4282 homines
2930 4224 3065 4280 falsa
3093 4223 3383 4295 religionis
3414 4222 3589 4293 Specie
3622 4220 3711 4277 de-

2129 4339 2317 4398 CCplOS
2340 4340 2494 4379 error
2524 4330 2853 4393 pervaserat,
2880 4328 2939 4374 ut
2961 4318 3295 4375 solemnibus
3316 4318 3516 4383 verbis,
3539 4316 3713 4385 quibus

2130 4424 2313 4475 vinum
2334 4418 2439 4474 diis
2462 4416 2722 4482 libabant,
2748 4430 2999 4486 magnum
3028 4413 3289 4470 honorem
3311 4413 3420 4469 illis
3442 4428 3500 4469 se
3520 4410 3715 4467 deferre

2132 4515 2541 4586 proﬁterentur.
2576 4509 2709 4565 Nam
2740 4508 2867 4564 illud
2900 4507 2984 4563 his
3012 4507 3144 4578 ipsis
3173 4507 3581 4580 significabant,
3607 4518 3715 4574 qua:

2133 4607 2407 4663 Arnobius
2440 4603 2635 4660 ibidem
2669 4602 2889 4669 retulit,
2921 4602 3101 4657 verbis
3134 4620 3146 4654 :
3182 4620 3203 4654 ι
3243 4601 3448 4658 Maetus
3481 4603 3577 4655 hoc
3606 4598 3716 4654 vino

497 4720 771 4777 Arnobius
800 4717 981 4787 itaque
1013 4714 1261 4770 ethnicos
1289 4720 1395 4768 tam
1423 4711 1579 4776 scite,
1614 4725 1772 4780 quam
1803 4716 2030 4762 venuste
2054 4694 2108 4755 D
2136 4699 2329 4754 inferio
2350 4709 2468 4753 esto
2498 4716 2516 4749 ι
2541 4695 2727 4767 (lbid.,
2755 4694 2977 4768 p.236).
3005 4694 3228 4752 Servius
3248 4704 3450 4757 autem,
3473 4705 3524 4751 et
3547 4702 3715 4765 postea

426 4816 721 4871 insectatus
751 4831 765 4865 ι
796 4830 815 4862 ι
851 4812 1002 4873 Date,
1028 4823 1234 4879 (1113380,
1272 4826 1291 4859 ›
1319 4807 1416 4872 ait,
1447 4826 1465 4859 ‹
1497 4803 1898 4859 immortalibus
1927 4800 2031 4856 diis

425 4911 635 4972 bibant,
666 4904 922 4977 scyphos,
952 4904 1117 4967 brias,
1150 4910 1381 4971 pateras,
1416 4900 1804 4971 sympuviaqne
1832 4896 2032 4966 depro-

424 5006 558 5061 mite
604 4999 846 5075 (Arnob.,
878 4998 967 5052 lib.
1000 5012 1091 5063 vn,
1130 5014 1245 5067 pag.
1277 4993 1433 5065 235).
1474 5014 1491 5045 ι
1527 4993 1647 5046 Bria
1694 5002 1872 5045 autem
1914 4997 2034 5044 erat

425 5094 694 5168 quoddam
729 5106 1018 5154 mensuras,
1052 5105 1144 5145 seu
1174 5089 1337 5153 vasis,
1379 5095 1435 5141 et
1478 5085 1655 5155 poculi
1702 5098 1893 5154 genus,
1938 5098 2032 5151 po-

425 5190 558 5243 tioni
585 5189 691 5241 vini
721 5182 1060 5240 continendae
1083 5191 1286 5235 autum.
1327 5178 1453 5233 Inde
1480 5178 1533 5231 in
1563 5177 1731 5231 veteri
1763 5176 2031 5245 glossario

422 5281 795 5346 latino-graeco
824 5276 1051 5342 legimus
1077 5272 1221 5337 Bria,
1242 5268 1373 5333 εἶδος
1402 5274 1623 5345 ἀγγείου,
1653 5286 1884 5322 mensura
1911 5285 2029 5338 quc-

425 5376 546 5428 dam
564 5416 576 5435 ,
602 5373 821 5442 Legesis
849 5370 1057 5425 lexicou
1088 5366 1319 5421 Martinii
1344 5408 1358 5431 ,
1387 5376 1442 5419 et
1468 5362 1653 5434 Caugii
1680 5361 2025 5431 glossarinm.

424 5466 771 5539 Sympttrium
802 5479 893 5519 vas
922 5477 1135 5533 quoque
1171 5470 1288 5516 erat
1320 5459 1579 5528 ligneum,
1612 5466 1669 5510 ut
1697 5454 1771 5509 ait
1800 5453 2027 5515 Nonius,

420 5567 505 5618 vel
557 5561 741 5625 fictile,
786 5569 843 5614 ut
883 5559 1002 5613 aliis
1050 5558 1249 5627 placet,
1281 5554 1422 5625 quod
1470 5554 1549 5607 sic
1592 5552 2027 5623 cognominatum

419 5658 632 5721 volunt,
665 5654 916 5724 quoniam
970 5652 1021 5705 in
1067 5665 1131 5706 eo
1170 5648 1482 5703 sacerdotes
1533 5660 1723 5699 omnes
1770 5642 2027 5698 bibebant

421 5748 615 5819 (Nam,
644 5749 705 5801 de
730 5746 992 5815 Propriet.
1039 5760 1217 5808 sernt.,
1242 5759 1286 5795 ε.
1320 5741 1405 5808 19,
1485 5737 1601 5809 29).
1628 5738 1683 5791 In
1709 5738 1875 5792 sacris
1898 5751 2026 5792 vero

420 5840 555 5895 illud
584 5857 613 5894 a
642 5839 814 5893 Numa
862 5836 1161 5893 adhibitum
1211 5850 1279 5890 ex
1320 5833 1403 5887 his
1441 5831 1708 5902 colligunt
1754 5828 2028 5886 Juvenalis

423 5933 749 5989 carminibus
778 5949 794 5987 :

2136 4792 2376 4849 Isidorus
2404 4790 2763 4847 tesﬁficantur
2792 4791 2905 4845 haec
2936 4792 2987 4845 in
3016 4788 3435 4854 l’outificalibus,
3466 4804 3556 4844 seu
3586 4787 3715 4842 Pon-

2137 4888 2339 4943 tiﬂeum
2372 4885 2521 4941 libris
2561 4884 2640 4939 sic
2684 4885 2879 4953 scripta
2914 4888 3333 4953 prtescrfplaque
3373 4881 3577 4937 fuisse:
3613 4898 3631 4930 ι
3666 4878 3717 4932 1η

2137 4980 2555 5051 pontificalibus,
2589 4997 2607 5031 ι
2642 4976 2832 5048 inquit,
2863 4995 2883 5029 ι
2919 4978 3288 5032 sacrificantes
3310 4975 3561 5032 dichant
3584 4974 3716 5029 deo:

2134 5077 2304 5133 Macte
2337 5076 2439 5131 hoc
2466 5072 2660 5129 inferio
2688 5074 2811 5127 vino
2840 5083 2958 5128 esto
2988 5092 3006 5124 ι
3036 5071 3309 5144 (Serv.,in
3350 5070 3551 5143 Virgil.,
3603 5068 3639 5121 ι.
3672 5081 3720 5120 ιι

2136 5169 2377 5236 ίΕηεὶά.,
2433 5186 2487 5239 p.
2536 5166 2674 5231 565;
2727 5165 2883 5231 lsid.,
2931 5172 2968 5220 t.
3022 5182 3077 5231 κ,
3114 5163 3432 5237 Etgntalag.,
3481 5163 3548 5217 ad
3592 5160 3717 5215 verb.

2136 5267 2391 5331 Macros;
2425 5264 2578 5322 Cato.
2606 5262 2669 5316 de
2706 5262 2781 5317 Re
2817 5264 3018 5328 rustic.,
3057 5275 3104 5315 ε.
3139 5260 3243 5315 132
3285 5270 3333 5314 et
3383 5258 3525 5332 liii).
3573 5255 3718 5326 Quod

2132 5363 2352 5433 quidem
2386 5359 2527 5414 haud
2555 5357 2720 5412 semel
2750 5372 2778 5411 a
2804 5357 3031 5422 Catone,
3062 5366 3116 5411 et
3142 5356 3266 5411 aliis
3297 5356 3574 5412 memoriae
3606 5367 3719 5422 pro-

2132 5456 2302 5513 ditum
2334 5464 2436 5509 est.
2471 5452 2725 5506 luferium
2752 5461 2932 5508 autem
2963 5450 3168 5517 viuum,
3197 5450 3273 5505 uti
3296 5466 3363 5506 ex
3397 5449 3574 5513 Festo,
3597 5447 3718 5502 Sca-

2132 5551 2323 5621 ligcru,
2379 5560 2433 5603 et
2477 5547 2755 5603 Brissonio
2798 5546 2998 5607 disces,
3062 5544 3190 5599 illud
3238 5556 3356 5599 erat
3409 5542 3550 5612 quod
3599 5540 3723 5596 infra

2134 5653 2337 5715 patera:
2387 5642 2593 5696 labrum
2639 5638 3017 5693 eﬂuudebatur
3048 5635 3277 5709 (Festus,
3306 5638 3376 5690 ad
3414 5635 3528 5690 verb
3585 5648 3725 5690 Isra-

2136 5752 2297 5801 RIUM;
2348 5735 2625 5806 Scaliger.,
2658 5730 2942 5802 conjectau.
2975 5732 3031 5785 in
3090 5730 3331 5796 Vari-0a.,
3361 5746 3414 5799 p.
3449 5730 3554 5795 80;
3595 5728 3728 5782 Bris-

2138 5847 2276 5894 sou.,
2308 5830 2346 5882 l.
2374 5845 2391 5884 ι
2419 5827 2656 5883 Farmul.
2692 5868 2707 5890 ,
2738 5844 2790 5897 p.
2822 5826 2893 5881 50
2930 5835 2977 5880 et
3018 5825 3134 5896 37).
3166 5824 3371 5881 Mactus
3399 5840 3562 5891 vero,
3598 5823 3728 5879 sicut

2142 5922 2253 5993 jam
2294 5922 2546 5993 diximus,
2579 5919 2918 5994 significabat
2954 5918 3127 5992 magis
3151 5928 3359 5977 auctus.
3401 5918 3609 5978 Horum
3640 5920 3728 5975 ita—
