3872 6364
190 344 281 403 657
1372 355 1441 413 ΙΝ
1479 357 1874 431 ARNOBIUM,
1914 363 2069 420 lJAP.
2103 364 2292 424 XXIV.

3380 379 3485 435 658

187 479 279 568 quo
302 465 615 568 verborum
660 483 860 568 sensus
904 480 1062 531 erat:
1091 472 1173 530 Tu
1218 474 1447 547 Jupiter,
1495 487 1589 535 aut
1640 478 1777 537 alius
1804 482 1860 543 Α
1881 481 1936 536 in
1963 480 2188 551 Μίνωα..
2220 502 2268 539 c.
2302 486 2392 554 19,
2422 497 2523 544 art.
2552 488 2589 544 2
2619 500 2667 545 et
2696 490 2773 565 5).
2806 493 3079 551 Arnobius
3105 496 3289 568 itaque
3317 497 3486 555 hosce

186 558 344 632 quivis
368 558 527 626 deus,
552 571 673 620 esto
697 558 867 637 magis
887 576 1075 623 auctus
1101 567 1205 625 hoc
1232 569 1429 626 inferio
1456 572 1605 638 vino,
1637 575 1783 644 quod

193 649 316 707 infra
375 651 588 710 labrum
648 665 850 725 paterae
900 659 1265 727 transfusum,
1314 663 1406 719 tibi
1454 664 1670 720 libatur.
1704 665 1785 723 Ex

188 744 434 803 Trebatio
487 759 668 804 autem
731 752 1004 809 Arnobius
1067 756 1453 812 animadvertit
1510 759 1783 830 adjecmm

188 838 336 896 fuisse
391 840 496 897 hoc
545 844 771 901 verbum
827 846 1033 917 inferio,
1088 863 1156 903 ne
1196 849 1376 905 vinum
1422 852 1700 908 conditum
1729 855 1781 909 in

184 933 322 989 cellis
348 944 407 991 et
435 938 745 1007 apothecis,
775 954 840 995 ex
872 942 1067 1011 quibus
1112 942 1243 998 illud
1286 943 1535 1000 haustum
1572 946 1781 1016 fuerat,

185 1041 384 1083 sacrum
431 1030 613 1099 fieret,
642 1042 696 1087 et
724 1033 909 1089 usibus
942 1034 1192 1091 humanis
1230 1037 1555 1108 eriperetur.
1586 1039 1776 1112 Papae,

186 1130 432 1193 quantum
460 1121 565 1179 huc
588 1126 883 1182 verendum
911 1129 1059 1183 erat!

247 1213 348 1271 Sed
390 1217 673 1274 audiamus
717 1219 1012 1278 Auctorem
1042 1232 1286 1302 nostrum
1340 1224 1468 1282 inde
1515 1226 1781 1285 adversus

190 1309 429 1365 ethnicos
478 1312 861 1383 di-pntantem.
918 1315 1077 1384 Quo,
1136 1316 1338 1387 inquit,
1394 1318 1600 1376 honore
1647 1322 1782 1378 deus

186 1405 357 1476 augeri
386 1416 582 1475 potest,
609 1423 732 1464 cum
756 1409 806 1465 ei
835 1408 920 1464 lex
946 1425 978 1465 a
1004 1410 1345 1467 sacrificante
1374 1413 1687 1483 imponitur,
1712 1432 1782 1474 ne

182 1496 291 1569 plus
339 1508 511 1568 petat,
555 1514 715 1572 quam
765 1502 947 1556 vinum
996 1502 1129 1557 illud
1176 1502 1471 1559 inferiuni?
1510 1505 1781 1577 Numquid

180 1589 396 1646 nimium
428 1608 595 1648 vorax
617 1635 633 1657 ,
671 1593 854 1649 helluo
874 1636 889 1660 ,
920 1604 975 1651 et
1001 1594 1225 1665 gulosus
1266 1606 1385 1651 erat
1426 1598 1657 1654 eximius
1690 1599 1782 1655 ille

178 1684 321 1753 deus,
359 1694 419 1741 ut
445 1687 547 1757 hac
578 1688 988 1757 praescriptione
1017 1687 1287 1758 cupiditas
1314 1690 1430 1761 ejus
1459 1692 1781 1747 arceretur?

179 1777 308 1833 Nihil
340 1782 541 1850 quippe
570 1780 685 1835 haec
716 1780 901 1847 verba,
935 1780 1138 1837 Macta;
1166 1782 1264 1836 hoc
1290 1782 1407 1837 vino
1435 1784 1619 1855 inferio
1651 1795 1777 1850 esto,

1888 575 2152 634 absurdos
2180 580 2521 638 ethnicorum
2565 583 2703 640 ritus
2732 585 2873 640 haud
2902 587 3185 646 invenuste
3210 591 3487 648 exsibilat.

1889 671 1971 725 Ab
2000 670 2188 728 iisdem
2237 675 2438 747 quippe
2464 676 2696 733 ethnicis
2736 680 2907 749 poscit
2937 691 3115 737 utrum
3152 683 3262 749 dii,
3290 685 3487 741 auditis

1886 766 1998 822 illis
2036 769 2330 838 crepitibus
2355 778 2409 825 et
2436 771 2723 837 sonitibus.
2759 772 3053 831 honorifice
3092 791 3274 833 secum
3309 788 3487 834 actum

1886 859 2226 929 existiment,
2258 861 2348 918 vel
2378 862 2735 929 mulceantnr,
2770 876 2929 936 atque
2956 866 3090 921 iram
3137 879 3248 923 tum
3294 885 3487 926 revera

1886 952 2179 1024 deponant,
2231 955 2320 1011 vel
2366 956 2508 1011 sicut
2536 958 2790 1027 pusiones
2843 958 2927 1014 his
2975 969 3371 1018 exterreamur.
3424 964 3487 1019 Si

1887 1046 1958 1101 ita
1989 1049 2249 1115 sentiunt,
2278 1047 2409 1103 nihil
2440 1058 2588 1105 certe
2613 1050 2817 1122 fingere
2846 1061 3099 1122 poterant
3132 1055 3215 1112 his
3247 1055 3487 1112 ridiculis

1885 1139 2234 1208 Opiniouibus
2278 1142 2450 1212 magis
2492 1143 2863 1212 temerarium,
2897 1154 2952 1202 et
2979 1144 3180 1202 divina:
3220 1148 3489 1220 majestati

1885 1232 2185 1303 injurium‘l

1960 1325 2096 1381 Tum
2145 1326 2343 1384 deinde
2387 1337 2577 1386 auctor
2621 1340 2809 1387 noster
2849 1333 3011 1388 simili
3054 1333 3216 1390 modo
3259 1338 3494 1409 exagitat

1886 1420 2180 1475 matutinas
2206 1420 2522 1477 eorumdem
2564 1425 2846 1493 gentilium
2887 1426 3280 1493 excitationes,
3316 1446 3379 1485 ac
3410 1432 3492 1485 vi-

1884 1514 2065 1584 gilias,
2108 1524 2167 1570 ut
2213 1532 2393 1585 mane,
2427 1519 2881 1588 quemadmodum
2912 1537 3156 1592 vespere,
3186 1527 3319 1579 deos
3365 1540 3493 1581 suos

1888 1607 2029 1662 irent
2057 1609 2348 1665 salutatum
2392 1610 2639 1683 (Arnob.,
2673 1612 2711 1666 Ι.
2743 1628 2838 1680 vu,
2884 1631 2937 1684 p.
2967 1613 3117 1685 257),
3168 1615 3246 1670 De
3296 1617 3494 1672 usitato

1886 1711 2065 1757 autem
2096 1702 2189 1758 illo
2212 1702 2346 1760 deos
2370 1720 2530 1762 mane
2569 1707 2840 1761 salutandi
2873 1723 3023 1763 more
3060 1708 3209 1769 hunc
3234 1711 3494 1779 Apuleius

1887 1796 2125 1865 loquitur
2150 1799 2204 1852 in
2237 1798 2456 1854 modum
2491 1819 2505 1854 :
2545 1817 2565 1852 ‹
2603 1800 2815 1871 Templi
2862 1801 3157 1857 matutinas
3186 1804 3495 1872 apertiones

179 1871 309 1925 aliud
341 1871 742 1942 significabant,
773 1888 957 1943 quam,
993 1883 1113 1929 esto
1149 1887 1381 1943 mactus,
1421 1879 1523 1931 hoc
1548 1889 1653 1942 est,
1686 1878 1780 1933 ho-

1895 1892 2228 1961 opperiebar.
2278 1897 2356 1948 Ac
2396 1892 2523 1949 dum
2567 1896 2701 1949 velis
2744 1894 3099 1950 candentibus
3146 1871 3404 1963 reductis,
3439 1898 3495 1951 in

180 1978 299 2018 nore
323 1974 516 2019 auctus
541 1974 599 2020 et
623 1965 1009 2036 amplificatus.
1039 1978 1298 2039 quantum
1325 1969 1606 2025 dumtaxat
1635 1974 1777 2037 voto,

182 2074 271 2114 nec
307 2060 478 2131 magis
517 2076 679 2132 quam
716 2062 904 2132 jubeo.
939 2060 1058 2117 Non
1096 2064 1241 2118 enim
1282 2066 1518 2134 amplius
1545 2067 1782 2122 honora-

182 2154 335 2219 hcris,
366 2169 529 2225 quam
569 2155 693 2209 volo
725 2156 844 2224 plus
888 2166 983 2210 aut
1024 2157 1202 2211 minus
1229 2159 1339 2213 vini
1370 2158 1426 2213 in
1459 2170 1659 2229 patera:
1704 2161 1781 2216 la-

181 2245 322 2301 brum
356 2245 585 2301 inl'erius
611 2244 835 2301 effundi.
870 2246 1040 2301 Deum
1078 2262 1229 2319 ergo,
1259 2250 1351 2321 qui
1382 2252 1595 2321 poterat
1624 2252 1780 2323 plura

181 2340 461 2407 postulare,
491 2352 553 2393 ea
584 2337 674 2394 lex
695 2348 749 2393 et
772 2339 1093 2410 prescriptio
1115 2356 1223 2398 non
1253 2342 1483 2414 honore,
1509 2344 1606 2400 sed
1632 2344 1781 2416 igno-

182 2433 332 2489 tninia
362 2432 655 2491 afficiebat.

767 2569 1068 2611 ARTICULUS
1105 2571 1184 2612 lli.

181 2668 321 2734 Quam
343 2675 485 2734 recte
508 2668 758 2734 Arnobius
781 2672 1007 2731 exagitet
1025 2680 1174 2734 atque
1216 2672 1380 2733 ejiciat
1420 2672 1544 2723 alios
1568 2674 1782 2726 insulsos

236 2732 538 2796 ethnicorum
558 2733 700 2791 ritus,
721 2734 901 2796 quibus
915 2735 1039 2796 deos
1056 2732 1172 2783 suos
1188 2736 1339 2784 sertis
1360 2741 1410 2784 et
1428 2738 1620 2787 coronis
1639 2752 1784 2788 exor-

238 2794 427 2861 nabant.
473 2794 751 2861 utebantur
781 2795 1017 2861 cymbalis
1036 2833 1053 2861 ε
1078 2799 1349 2860 tympanis,
1393 2800 1694 2861 symphoniis
1728 2808 1783 2851 et

236 2856 697 2923 scabillisnillosqoe
722 2856 872 2923 mane
888 2856 1195 2923 salutabant,
1213 2874 1281 2923 ac
1316 2856 1461 2923 quam
1498 2856 1700 2911 ridicula
1727 2871 1782 2913 et

237 2920 438 2987 absurda
463 2916 808 2987 t‘tterit’lavatio
829 2916 1190 2987 ﬁatris‘deutn.’
1206 2916 1344 2987 ἶΙονὶέ
1368 2923 1587 2987 epulum.
1609 2925 1783 2975 vinde-

236 2981 326 3031 mia
348 2979 641 3043 Aiseulapii,
666 2983 865 3032 Cereris
884 2993 937 3033 et
967 2984 1173 3034 altorum
1206 2979 1528 3043 lectisternia,
1564 2986 1783 3039 Telluris

242 3051 384 3107 atque
405 3044 613 3094 aliorum
638 3046 815 3095 natalis
833 3046 958 3095 dies.

246 3170 375 3225 Aliae
404 3181 562 3227 erant
606 3173 953 3230 ethnicorum
985 3174 1036 3229 in
1067 3175 1241 3231 sacris
1280 3176 1396 3232 suis
1442 3178 1777 3247 cerimonias,

185 3267 411 3335 variique
434 3267 593 3332 ritus,
615 3268 830 3321 ca-teris
852 3266 1112 3323 hactenus
1135 3270 1448 3324 memoratis
1475 3285 1580 3325 nou
1607 3271 1782 3327 minus

187 3361 411 3427 inutiles,
469 3362 857 3426 superstitiosi,
912 3372 968 3419 et
1014 3364 1232 3419 absurdi
1291 3365 1529 3438 (Arnob.,
1579 3368 1618 3421 ι.
1678 3385 1773 3437 vn,

187 3474 237 3523 p.
266 3458 411 3529 9.37).
459 3458 602 3513 Deos
627 3458 772 3513 enim
801 3473 949 3521 suos.
982 3459 1097 3513 sive
1143 3460 1355 3514 illorqu
1387 3462 1560 3533 signa,
1591 3478 1654 3517 ac
1699 3461 1775 3519 si-

187 3550 409 3605 mulacra
439 3553 602 3605 sertis
630 3560 685 3606 et
714 3552 937 3606 coronis
958 3566 1225 3606 exornare
1252 3565 1673 3611 consueverant.
1708 3558 1779 3613 At

188 3640 322 3697 hunc
366 3644 645 3711 gentilium
692 3659 897 3699 morem
927 3660 1084 3715 quam
1119 3649 1315 3700 merito
1339 3646 1460 3716 jure
1504 3650 1777 3706 Arnobius

189 3736 593 3807 improbaverit.
636 3740 765 3793 alibi
810 3754 911 3794 nec
953 3740 1121 3795 semel
1168 3742 1509 3796 ostendimus
1556 3744 1715 3816 (tom.
1760 3763 1777 3801 ι

188 3834 447 3902 Αρριιγαι..
482 3854 533 3905 p.
562 3834 689 3896 802.
716 3845 763 3889 et
797 3833 1010 3891 Dissert.
1040 3837 1093 3890 in
1118 3836 1339 3904 Minuta,
1364 3855 1410 3892 ε.
1444 3840 1535 3905 19,
1569 3851 1669 3894 art.
1692 3840 1775 3915 2).

257 3926 403 3982 Ridet
423 3928 599 3984 adhuc
626 3929 895 3984 Arnobius
923 3930 1145 3985 eosdem
1172 3931 1442 3997 ethnicos,
1470 3937 1560 4003 qui
1587 3935 1639 3989 in
1663 3935 1778 3991 suis

192 4021 469 4089 mySteriis,
521 4020 696 4084 festis,
750 4030 909 4091 atque
964 4021 1397 4078 solemnitatibus
1452 4026 1782 4083 adhibebant

194 4112 439 4181 cymbala,
497 4123 774 4184 tympana,
826 4113 1198 4183 symphonias,
1256 4126 1311 4169 et
1366 4116 1607 4183 scabilla,
1659 4134 1780 4190 qua:

196 4216 336 4261 erant
373 4208 684 4277 crepitaculi
714 4206 984 4278 quoddam
1030 4223 1222 4278 genus.
1255 4208 1393 4265 Tum
1424 4223 1603 4266 autem
1639 4230 1780 4282 pra:-

198 4300 339 4371 cipue
366 4303 446 4358 his
488 4302 711 4358 musicis
739 4302 967 4372 altisque
993 4303 1367 4359 instrumentis
1396 4306 1779 4376 abutebantur,

198 4409 307 4448 cum
336 4410 477 4451 sacra
502 4396 691 4451 Matris
719 4395 901 4460 deum,
932 4411 1026 4450 seu
1050 4396 1297 4466 Cybeles,
1323 4399 1579 4469 mysteria
1610 4398 1779 4455 festa-

199 4502 292 4555 que
323 4500 654 4560 peragentes,
694 4489 841 4546 illius
869 4489 1215 4543 simulacrum
1248 4505 1341 4560 per
1367 4491 1530 4547 nrbes
1551 4493 1781 4549 circnm-

202 4577 440 4635 tcrelmnt.
477 4581 649 4649 Quam
698 4596 830 4637 vero
870 4581 985 4638 haec
1016 4582 1242 4639 ridicula
1270 4594 1449 4641 essent
1471 4630 1485 4653 ,
1522 4585 1606 4643 his
1651 4588 1783 4645 satis

206 4687 439 4741 agnosces
466 4674 639 4730 Ovidii
668 4676 1000 4731 carminibus
1031 4694 1044 4732 :

286 4786 419 4857 lbtmt
439 4790 751 4857 semimares.
779 4797 832 4839 et
856 4793 1013 4841 inania
1038 4798 1262 4857 tympana
1287 4794 1512 4853 tundent.

336 4849 544 4916 Aitaque
568 4854 772 4903 tinnitus
795 4865 895 4905 iere
921 4849 1118 4918 repulsa
1138 4849 1347 4907 'dabunt.

926 4916 1116 4981 (0vid.,
1141 4918 1221 4970 lib.
1250 4935 1299 4971 tv
1321 4922 1534 4985 Easton,
1560 4922 1587 4988 §
1616 4923 1689 4986 3.)

207 5022 355 5093 Atque
380 5038 443 5079 ex
474 5024 540 5080 iis
568 5024 770 5093 adhuc,
798 5040 921 5097 quae
952 5028 1111 5099 paulo
1138 5037 1260 5100 post
1287 5028 1484 5100 adjecit
1512 5048 1529 5086 :

832 5143 1091 5209 Priscique
1116 5146 1381 5196 imitamina
1406 5146 1519 5198 facti

338 5205 448 5258 tEra
467 5206 581 5257 dum
603 5208 830 5264 comites,
856 5205 1102 5269 raucaque
1126 5218 1267 5271 terga
1294 5216 1512 5259 movent.

284 5267 495 5336 Cyudnua
515 5288 531 5336 _i
552 5271 803 5336 ro‘galeis,
835 5283 922 5332 pro
943 5267 1097 5336 sinitis
1120 5267 1341 5334 tvm—pana
1368 5274 1581 5336 pulsant,

339 5331 476 5385 'l‘ibia
498 5333 584 5383 dat
607 5331 865 5399 Phrygios,
890 5340 945 5384 ut
967 5332 1107 5386 dedit
1126 5331 1260 5399 ante,
1286 5331 1451 5388 sonos.
1506 5331 1644 5463 (md
1668 5398 1690 5464 )

212 5503 442 5564 Similiter
467 5522 685 5580 quoque
713 5506 999 5563 Lucretius
1026 5507 1259 5565 canebat
1289 5526 1302 5562 :

289 5623 519 5689 Tympana
544 5634 681 5676 tenta
708 5631 873 5677 tonant
899 5624 1091 5689 palmis,
1120 5633 1171 5675 et
1194 5623 1411 5689 cymbala
1447 5626 1631 5675 circum

290 5686 510 5752 ρδυωνε,
538 5686 912 5752 raucisonoque
923 5690 1167 5738 minantur
1190 5686 1369 5752 cornua
1392 5696 1554 5737 cantu.

293 5748 349 5800 Et
367 5751 580 5817 Phrygio
602 5748 825 5817 stimulat
840 5764 1049 5817 numero
1076 5766 1192 5802 cava
1220 5751 1335 5801 tibia
1362 5758 1577 5817 mentes.

717 5816 951 5879 (Lucret.,
979 5811 1065 5866 lib.
1098 5830 1149 5878 ιι,
1174 5827 1302 5865 vers.
1326 5813 1419 5866 618
1440 5820 1485 5866 et
1506 5812 1662 5881 seqq.)

222 5911 313 5972 Sed
336 5918 397 5976 de
423 5920 504 5977 his
540 5921 649 5992 jam
690 5921 939 5992 quaedam
968 5922 1093 5977 alibi
1124 5920 1503 5977 aunotavimus
1544 5920 1786 5991 (Dium.

1887 1981 2162 2038 diversum
2184 1984 2302 2040 dea:
2331 1987 2698 2043 venerabilem
2729 1997 3083 2057 conspectum
3112 2003 3489 2059 apprecamur,

1886 2086 1943 2132 et
1968 2076 2261 2147 dispositas
2289 2094 2412 2134 aras
2437 2080 2765 2136 circumiens
2806 2082 3085 2148 sacerdos,
3109 2098 3225 2138 rem
3253 2082 3492 2138 divinam

1886 2182 2163 2240 procurat,
2218 2173 2661 2244 supplicamentis
2718 2176 3055 2230 solemnibus
3108 2177 3179 2232 de
3225 2177 3495 2246 penetrali

1885 2264 2037 2321 fonte
2066 2266 2291 2336 petitqu
2316 2267 2581 2337 spondeo,
2603 2268 2752 2323 libat.
2772 2269 2956 2325 Rebus
2976 2269 3087 2340 jam
3111 2272 3213 2326 rite
3242 2284 3494 2326 consum-

1885 2360 2068 2426 matis,
2096 2359 2364 2415 inchoatae
2386 2362 2520 2417 lucis
2544 2361 2983 2429 salutationibus,
3004 2361 3240 2434 religiosi
3267 2363 3494 2433 primatu

1886 2456 2200 2511 nuntiantes
2219 2456 2404 2510 horam
2437 2466 2783 2525 perstrepunt
2807 2475 2826 2508 ι
2851 2457 3042 2529 (Aput.
3066 2499 3081 2525 ,
3111 2456 3147 2510 Ι.
3180 2473 3217 2511 ιι
3251 2455 3491 2522 Metam,

1885 2568 1939 2617 ρ.
1969 2550 2122 2621 Ειο7).
2173 2550 2373 2606 Verum
2401 2549 2607 2606 Seneca
2652 2550 2945 2604 matutinas
2984 2550 3104 2604 illas
3145 2550 3497 2605 salutationes

1884 2643 2034 2699 hisce
2067 2643 2402 2712 totidemque
2428 2643 2609 2697 verbis
2652 2642 3067 2712 proscribendas
3096 2642 3494 2713 probibendas-

1886 2752 1991 2807 que
2035 2750 2156 2792 esse
2195 2736 2437 2791 declarat
2470 2755 2483 2791 :
2520 2756 2539 2788 ι
2575 2736 2892 2791 Accendere
2932 2736 3167 2807 aliquam
3218 2736 3517 2791 lucernam.

1884 2831 2125 2887 sabbatis
2149 2832 2566 2900 prohibeamus;
2591 2832 2846 2901 quoniam
2870 2847 2972 2887 nec
2994 2832 3200 2886 lumine
3217 2831 3289 2887 dii
3312 2841 3493 2902 egent,

1885 2934 2029 2980 etne
2055 2924 2305 2980 homines
2335 2924 2552 2995 quidem
2580 2925 2922 2979 delectantur
2952 2923 3195 2995 fuligine.
3226 2923 3489 2979 Vetemus

1885 3020 2300 3075 salutatiOnibus
2348 3020 2627 3073 matutinis
2673 3017 2853 3088 fungi,
2894 3027 2950 3073 et
2998 3018 3204 3073 foribus
3252 3018 3497 3073 assidere

1888 3112 2235 3181 templorum.
2286 3111 2531 3166 Humana
2587 3112 2810 3168 ambitio
2858 3112 2973 3167 istis
3023 3112 3215 3169 officiis
3262 3115 3493 3185 capitur.

1887 3204 2055 3260 Deum
2101 3206 2250 3270 colit,
2281 3206 2375 3272 qui
2427 3207 2575 3260 novit
2621 3225 2639 3258 ι
2682 3205 2914 3277 (Scaea,
2948 3207 3097 3277 epist.
3130 3206 3222 3273 95,
3252 3226 3305 3279 ρ.
3339 3206 3491 3280 191).

1812 3282 1857 3346 C
1890 3299 2105 3355 Ethnici
2126 3307 2307 3355 tamen
2332 3315 2469 3354 vana
2491 3298 3173 3370 superstitione'obcwcati,
3191 3317 3299 3356 non
3320 3303 3495 3357 solum

1880 3409 2059 3456 mane,
2091 3408 2155 3447 ac
2183 3408 2432 3462 vespere,
2466 3393 2561 3448 sed
2590 3392 2818 3464 singulis
2853 3393 2957 3448 diei
3003 3394 3152 3449 horis
3182 3396 3313 3449 deos
3343 3409 3493 3460 suos,

1883 3487 1957 3541 uti
2013 3483 2381 3542 Tertullianus
2441 3486 2803 3552 testificatur,
2872 3486 3112 3541 salutare
3167 3486 3420 3541 solebant
3479 3505 3493 3540 :

1890 3600 1907 3632 ι
1945 3578 2050 3649 Qui
2074 3584 2122 3634 in
2154 3580 2334 3647 idolis,
2368 3600 2386 3632 ι
2421 3580 2617 3650 inquit,
2646 3599 2665 3632 (
2696 3581 2980 3636 contendis
3002 3590 3059 3636 et
3082 3582 3134 3635 in
3162 3582 3271 3637 aris
3297 3596 3497 3637 ornan-

1881 3673 1987 3743 dis,
2017 3688 2072 3729 et
2099 3673 2167 3729 ad
2193 3673 2432 3745 singulas
2468 3674 2630 3728 horas
2658 3673 2955 3728 salutandis
2990 3672 3304 3741 adulantur,
3331 3688 3495 3728 cura-

1882 3769 2083 3825 tionem
2104 3768 2286 3825 l'acere
2308 3769 2559 3826 dicuntur
2590 3788 2610 3821 ι
2644 3766 2913 3840 (Tertult.,
2934 3769 2971 3824 ι.
2993 3768 3056 3824 de
3082 3766 3286 3840 Jejun.,
3318 3788 3364 3826 ο.
3402 3769 3491 3837 16,

1883 3881 1936 3933 ρ.
1970 3863 2119 3933 715).

1955 3955 2092 4021 Quid
2116 3955 2307 4011 mirum
2330 3972 2479 4027 ergo,
2508 3957 2554 4011 si
2580 3956 2853 4012 Arnobius
2877 3957 2994 4024 has,
3019 3956 3087 4012 de
3116 3957 3311 4026 quibus
3338 3958 3495 4029 plura

1884 4050 2216 4118 Brissonius,
2248 4051 2599 4107 salutationes
2622 4051 2857 4120 jocaudo
2887 4051 2965 4106 sic
2995 4050 3289 4120 eXplodat?
3324 4070 3344 4103 ‹
3378 4051 3492 4107 Ob-

1884 4143 2451 4215 dormiscuntsuperi,
2479 4160 2727 4201 remeare
2776 4154 2832 4199 ut
2870 4146 2935 4199 ad
2985 4144 3196 4215 vigilias
3219 4144 3495 4201 debeant?

1885 4239 2025 4305 Quid
2076 4238 2435 4296 dormitiones
2475 4239 2604 4306 illm,
2636 4240 2832 4310 quibus
2863 4248 2920 4293 ut
2948 4238 3086 4294 bene
3137 4238 3368 4305 \aleant,
3398 4254 3494 4295 au-

1886 4332 2134 4402 spicabili
2160 4332 2485 4387 salutatione
2518 4334 2820 4387 mandatis?
2849 4332 3036 4388 Somni
3067 4332 3249 4403 quiete
3274 4332 3346 4387 dii
3378 4334 3490 4388 sol-

1887 4432 2105 4489 vontur,
2141 4426 2500 4495 occuparique
2530 4424 2633 4479 hoc
2664 4434 2720 4479 ut
2750 4426 2987 4494 possint,
3018 4426 3168 4479 leues
3208 4420 3494 4479 audienda:

1886 4528 2013 4573 sunt
2034 4519 2223 4572 nantia:
2252 4536 2272 4569 ›
2302 4516 2545 4590 (Arnob.,
2572 4519 2669 4573 loc.
2700 4518 2787 4571 cit.
2809 4535 2823 4585 ;
2846 4516 3101 4583 Brisson.,
3120 4522 3153 4573 ι.
3190 4515 3274 4572 1F
3276 4518 3487 4584 ormul.,

1888 4612 2044 4681 p.158
2071 4623 2120 4666 et
2151 4612 2340 4684 δείνῳ).
2372 4612 2512 4679 Quid
2554 4623 2733 4667 autem
2782 4612 2886 4667 hoc
2915 4614 3103 4667 ultimo
3129 4612 3351 4667 nomine
3388 4611 3491 4667 sibi

1811 4693 1865 4754 D
1888 4705 1979 4762 ille
2006 4706 2152 4774 velit,
2184 4707 2229 4762 si
2258 4722 2436 4777 roges.
2466 4707 2914 4778 respondebimus
2961 4708 3144 4778 plures
3193 4707 3332 4762 illius
3370 4721 3493 4763 esse

1890 4802 2243 4873 signifiCatus.
2287 4801 2489 4857 Naznia:
2536 4804 2681 4858 enim
2736 4803 2909 4873 primo
2938 4812 3222 4858 sumuntur
3263 4818 3359 4874 pro
3405 4802 3492 4856 itt-

1890 4898 2090 4954 testino
2118 4906 2211 4951 aut
2251 4897 2431 4952 edulio
2479 4898 2533 4952 in
2582 4897 2972 4953 minutissimas
3025 4906 3205 4967 partes
3248 4895 3487 4962 concise,

1890 4991 1956 5048 de
2002 5008 2110 5063 quo
2141 5006 2241 5046 nos
2288 5006 2470 5061 supra.
2503 4991 2777 5057 Secundo,
2812 5007 2907 5060 pro
2938 5005 2999 5046 re
3029 4989 3237 5044 frivola.
3280 4986 3487 5057 Tertio,

1887 5103 1988 5158 pro
2015 5088 2256 5157 quolibet
2283 5097 2442 5141 cantu
2471 5086 2668 5140 inutili.
2698 5084 2851 5142 Unde
2885 5083 3174 5139 Horatius:

1980 5202 2175 5263 Roscia,
2197 5204 2276 5255 dic
2299 5205 2466 5266 sodes,
2492 5204 2670 5254 melior
2692 5202 2798 5261 lex,
2823 5217 2884 5252 an
2910 5216 3173 5265 puerorum

1980 5268 2167 5331 Naeuia,
2196 5282 2306 5332 quae
2332 5275 2705 5332 recteregnum
2730 5267 3022 5332 facientibus
3044 5266 3203 5332 offert.

2231 5331 2449 5397 (Horat.,
2471 5328 2504 5382 ι.
2529 5328 2575 5391 t,’
2588 5343 2663 5394 ep.
2693 5331 2742 5391 1,
2766 5330 2831 5380 ad
2852 5333 3077 5391 chen.,
3102 5342 3145 5379 v.
3169 5329 3284 5379 62et
3300 5328 3428 5392 seq.)

1890 5439 2095 5507 Quarto
2124 5451 2223 5507 pro
2265 5436 2533 5491 cantilena
2580 5437 2632 5490 in
2673 5448 3014 5490 mortuorum
3047 5432 3283 5495 laudem,
3315 5440 3408 5487 aut
3434 5442 3491 5487 ut

1892 5547 2180 5604 puerorum
2229 5546 2452 5587 somnus
2500 5530 2787 5586 alliciatur.
2834 5530 2904 5583 At
2934 5542 3035 5581 vox
3080 5527 3251 5581 naenia
3278 5525 3492 5580 videtur

1894 5629 1993 5684 hac
2012 5636 2225 5699 quarta,
2255 5627 2344 5681 vel
2372 5626 2530 5681 tertia
2558 5624 2948 5695 significatione
2971 5623 3040 5677 ab
3067 5622 3306 5677 Arnobio
3336 5636 3493 5676 usur-

1892 5725 2028 5796 pari.
2064 5724 2201 5793 Quid
2233 5737 2394 5793 porro
2422 5720 2730 5784 absurdius,
2762 5719 2837 5772 ait
2877 5716 2987 5778 ille,
3023 5732 3182 5787 quam
3224 5714 3496 5771 dormien-

1895 5831 1976 5877 tes
2000 5820 2133 5875 deos
2159 5820 2385 5889 fingere,
2417 5830 2479 5869 ac
2509 5823 2630 5884 post
2654 5823 2902 5868 somnum
2930 5806 3252 5877 vigilantes?

1968 5911 2050 5969 Ad
2092 5910 2229 5970 alios
2257 5926 2363 5968 non
2403 5908 2581 5967 minus
2621 5900 3035 5978 superstitiosos
3064 5900 3341 5975 gentilium
3373 5903 3507 5960 ritus
