3872 6346
398 324 504 379 659

1649 312 2106 375 DISSERTATIO
2151 311 2312 371 1⁵Βῶ
2322 313 2434 371 VIA

3577 307 3664 365 660

396 438 477 493 sic
507 437 598 492 ille
627 434 969 506 progreditur
999 451 1013 488 :
1044 451 1062 485 ι
1093 431 1318 489 Lavatio
1343 432 1503 488 deum
1532 429 1717 484 Matris
1762 439 1845 484 est
1886 428 1988 484 bo-
2019 413 2074 489 Α
2097 425 2214 482 haec
2252 423 2487 484 absurda
2530 427 2810 498 gentilium
2839 437 2994 483 sacra
3036 425 3116 482 sic
3157 432 3346 496 postea
3385 422 3627 480 irridebat
3653 440 3663 476 :

393 530 484 587 die
519 549 536 582 ι
579 527 832 603 (Arnob.,
859 531 896 584 Ι.
922 545 1015 594 vn,
1061 546 1113 594 p.
1145 525 1297 598 237),
1332 535 1484 582 sexto
1505 525 1713 580 scilicet
1732 522 1990 580 kalendas

392 622 612 692 aprilis,
645 621 1101 693 quemadmodum
1131 620 1216 675 liis
1239 618 1507 674 Ammiani
1538 615 1837 672 Marcellini
1867 631 1988 672 ver-

392 715 477 770 bis
529 714 788 770 discimus
833 733 846 768 :
887 734 906 767 ι
967 715 1108 771 Ante
1153 714 1294 769 diem
1351 722 1560 767 sextum
1613 709 1862 789 kalend.,_
1885 728 1991 782 quo

392 806 581 862 Romae
608 806 760 862 Matri
801 807 1024 862 deorum
1054 818 1262 876 pompa:
1295 805 1640 859 celebrantur
1665 805 1908 871 annales,
1938 813 1992 860 et

388 911 728 969 carpentum,
761 915 868 971 quo
897 899 1108 953 vehitur
1135 896 1520 964 simulacrum,
1560 896 1802 950 Almonis
1834 896 1992 952 undis

393 993 540 1047 ablui
590 993 901 1063 perhibetur
937 1009 954 1041 ι
999 988 1190 1063 (Amm.
1239 989 1510 1055 Marcell.,
1555 989 1592 1044 Ι.
1641 1005 1804 1054 χχιιι,
1845 1006 1891 1043 c.
1933 992 1988 1058 5,

389 1107 444 1159 ρ.
469 1088 619 1159 555).
650 1088 720 1143 At
751 1103 857 1141 non
907 1086 1081 1142 solum
1129 1086 1273 1140 illius
1325 1095 1662 1156 carpentum,
1693 1085 1988 1155 sed'ipsuut

389 1182 552 1235 etiam
573 1179 714 1234 illius
747 1179 1096 1234 simulacrum
1128 1178 1195 1232 ibi
1228 1178 1394 1231 lavari
1428 1177 1508 1232 bis
1541 1177 1787 1233 versibus
1817 1177 1990 1232 Luca-

387 1286 489 1326 nus
515 1271 712 1327 cecinit
736 1290 749 1325 :

479 1384 604 1448 Tum
625 1387 706 1448 qui
727 1382 822 1434 fata
845 1385 1013 1442 deum,
1039 1389 1335 1448 secretaque
1359 1385 1577 1448 carmina
1599 1389 1816 1440 servant,

478 1447 542 1497 Et
565 1445 714 1498 lotam
739 1460 885 1512 parvo
907 1455 1142 1498 revocant
1166 1445 1372 1496 Almone
1400 1445 1652 1509 Cybelem.

900 1531 1124 1592 (Lucam
1151 1526 1236 1579 lib.
1265 1544 1280 1578 ι
1306 1526 1560 1589 Pltarsal.,
1587 1539 1698 1592 pag.
1729 1525 1857 1590 ιει.)

387 1637 615 1695 Brevius
637 1654 767 1694 vero
793 1638 1053 1693 Martialis
1084 1657 1096 1693 :

542 1749 735 1813 QApeua
760 1750 927 1812 grandi
953 1755 1110 1813 porta,
1132 1763 1232 1813 qua
1261 1749 1382 1813 pluit
1404 1755 1562 1813 gutta,

542 1811 868 1875 Phrygiaque
893 1811 1060 1865 matris
1085 1811 1224 1860 Almo
1247 1811 1340 1873 qua
1367 1811 1494 1860 lavat
1517 1812 1719 1860 ferrum.

1070 1891 1334 1960 (Martial,
1359 1892 1446 1944 lib.
1472 1911 1548 1954 ιιι,
1574 1892 1734 1960 epigr.
1762 1893 1865 1959 l7.)

389 2002 611 2057 Ferrum
639 2002 752 2056 sive
772 2018 996 2056 sacrum.
1022 2000 1198 2056 Locus
1242 2001 1446 2071 itaque,
1470 2015 1577 2070 quo
1621 1999 1791 2054 Mater
1832 2001 1991 2054 deum

387 2097 678 2167 quotannis
723 2095 1019 2159 lavabatur,
1047 2096 1094 2148 is
1132 2104 1250 2148 erat
1279 2095 1369 2148 ubi
1419 2095 1573 2148 Almo
1621 2093 1838 2158 ﬁuvius,
1869 2104 1994 2149 ante

391 2201 603 2258 portam
626 2191 897 2258 Capenam
922 2189 972 2242 in
1005 2187 1244 2243 Tiberim
1268 2187 1695 2243 inﬁuit.Videsis
1738 2187 1990 2244 Ovidium

393 2281 462 2351 (ι.
488 2295 540 2334 tv
569 2278 802 2344 Fastar.,
833 2298 887 2349 ρ.
918 2279 1065 2348 580),
1098 2293 1162 2332 ac
1195 2288 1350 2332 notas
1392 2277 1562 2332 Fulvii
1595 2277 1772 2333 Ursini
1796 2279 1847 2332 in
1895 2277 1992 2332 Ita-

388 2372 686 2426 lendarium
735 2371 1024 2435 rusticum,
1070 2379 1124 2424 et
1163 2369 1358 2424 Valesii
1406 2369 1459 2422 in
1502 2369 1662 2423 citata
1719 2369 1992 2424 Ammiani

385 2463 548 2518 verba
589 2462 1019 2518 observationes.
1048 2463 1118 2514 At
1159 2461 1371 2531 legendi
1422 2461 1475 2514 in
1519 2461 1706 2528 primis
1744 2459 1990 2514 Pruden-

389 2560 514 2624 tius,
547 2567 708 2627 atque
749 2555 1097 2625 Augustinus,
1131 2555 1219 2623 qui
1254 2553 1593 2624 turpissimos
1639 2551 1862 2623 hujusce
1911 2553 1990 2607 la.

386 2650 621 2704 vationis
665 2648 802 2703 ritus
827 2650 1091 2703 acerrime
1115 2647 1368 2714 exagitat,
1403 2662 1466 2701 ac
1511 2646 1725 2702 tandem
1757 2647 1836 2702 sic
1860 2662 1990 2702 con-

386 2743 557 2798 cludit
591 2761 603 2796 :
641 2759 660 2793 t
693 2741 825 2809 Qua:
877 2753 1000 2795 sunt
1052 2740 1356 2810 sacrilegia,
1385 2741 1430 2795 si
1472 2741 1576 2794 ista
1623 2751 1749 2795 sunt
1797 2741 1990 2796 sacra?

384 2849 476 2890 aut
519 2849 638 2906 qua:
687 2834 1014 2906 inquinatio,
1055 2833 1098 2888 si
1130 2834 1218 2887 illa
1267 2832 1504 2888 lavatio?
1539 2851 1557 2885 ι
1589 2829 1903 2903 (Prudent.,
1937 2835 1990 2887 in

385 2927 610 2999 Martgr.
663 2927 724 2982 S.
773 2925 996 2980 Romani
1011 2930 1299 2996 ;August.,
1353 2927 1390 2978 ι.
1439 2940 1475 2979 ιι
1511 2925 1575 2978 de
1618 2921 1794 2990 Civit.,
1839 2941 1884 2978 c.
1931 2925 1985 2991 4,

390 3039 444 3091 p.
479 3022 603 3091 54.)
646 3019 814 3074 Recte
861 3020 1022 3088 igitur
1077 3017 1346 3073 Arnobius
1391 3016 1542 3071 diCtu
1581 3018 1805 3072 omnino
1860 3016 1991 3070 ridi-

384 3115 564 3169 culqu
595 3129 717 3169 esse
743 3113 1024 3168 contendit
1049 3113 1182 3167 deos
1212 3111 1550 3175 sordescere,
1581 3122 1742 3180 atque
1771 3111 1836 3164 ad
1869 3126 1988 3165 sor-

2101 537 2120 570 c
2143 519 2283 587 Quin
2302 520 2464 575 etiam
2485 534 2667 576 sacras
2692 518 2858 589 dapes
2879 527 3162 588 apparant,
3181 527 3236 574 et
3249 516 3544 587 exquisitas
3564 532 3666 586 epu-

2095 612 2195 679 las,
2235 614 2388 685 quasi
2438 613 2640 684 aliquid
2684 612 2811 668 inde
2851 613 3173 668 delibaturis
3214 602 3452 666 oﬂ'erun‘t
3489 630 3507 663 ι
3537 607 3670 682 (Lac-

2097 715 2252 774 tant,
2279 709 2317 761 ι.
2348 722 2397 759 νι
2429 704 2609 760 Instrt.
2643 705 2830 769 dirim,
2863 720 2909 760 ε.
2943 707 2994 770 l,
3024 722 3076 776 p.
3108 703 3256 775 542).

2168 799 2345 868 Longe
2375 813 2536 868 porro
2580 799 2708 853 illttd
2747 796 3019 854 difﬁcilius
3060 807 3165 863 est,
3216 795 3361 866 quod
3408 793 3667 864 subjungit

2097 890 2367 946 Arnobius
2401 907 2413 943 :
2445 889 2771 954 «Esculapii
2801 889 3010 961 geritur
3053 889 3465 958 celebraturque
3509 885 3670 939 vinde-

2097 985 2198 1037 mia
2239 1001 2257 1034 ›
2298 965 2536 1047 (Arnob,
2565 982 2652 1036 lib.
2693 997 2786 1048 vti,
2823 998 2940 1053 pag.
2973 979 3127 1051 238).
3161 978 3276 1035 Non
3309 981 3453 1033 enim
3480 977 3545 1032 de
3583 977 3671 1031 fes—

2097 1079 2161 1133 tis
2192 1078 2459 1132 viualibus
2502 1078 2576 1132 ibi
2619 1077 2888 1145 loquitur;
2934 1075 3131 1145 quippe
3175 1087 3294 1144 qua:
3322 1071 3492 1142 prima
3519 1069 3668 1132 .lovi,

2096 1171 2397 1240 p05teriora
2421 1169 2622 1226 Veneri
2656 1165 2808 1223 sacra
2855 1167 3020 1222 fuisse
3065 1165 3233 1219 Varro
3264 1205 3278 1229 ,
3319 1161 3531 1225 Festus,
3561 1160 3670 1217 Ovi-

2095 1261 2238 1328 dius,
2273 1261 2474 1333 aliique
2503 1261 2860 1315 testiﬁcantur
2883 1257 3096 1332 (Varr.,
3130 1256 3217 1311 lib.
3251 1255 3366 1311 vde
3388 1254 3538 1326 Ling.
3568 1254 3668 1320 lat.,

2097 1369 2216 1423 pag.
2276 1352 2348 1407 40
2400 1362 2446 1406 et
2488 1351 2601 1416 50;
2643 1348 2830 1404 Festus
2874 1349 2942 1403 ad
2979 1347 3129 1403 verba
3175 1347 3454 1411 VBNALIA;
3497 1345 3668 1409 Obiit,

2095 1445 2183 1498 lib.
2208 1459 2263 1498 iv
2292 1441 2527 1507 Fastor.,
2555 1460 2672 1513 pag.
2707 1441 2810 1496 616
2828 1451 2874 1494 et
2903 1444 3092 1508 seqq.).
3111 1439 3180 1494 At
3195 1437 3588 1493 observandum
3607 1447 3676 1492 est

2096 1538 2198 1592 alia
2240 1536 2406 1592 fuisse
2453 1537 2609 1601 fesm,
2642 1554 2762 1606 qua:
2814 1534 3169 1591 Meditrinalia
3213 1533 3542 1588 vocabantur
3567 1573 3582 1596 ,
3621 1531 3676 1586 de

2095 1628 2290 1699 quibus
2317 1626 2488 1682 Varro
2522 1645 2534 1682 :
2575 1627 2784 1693 «Dies,»
2819 1627 3012 1696 inquit,
3073 1643 3091 1676 ι
3120 1625 3298 1679 dictus
3329 1638 3360 1677 a
3389 1621 3672 1685 medendo,

2095 1723 2236 1794 quod
2270 1734 2326 1776 ut
2355 1721 2581 1777 Flaccus
2610 1721 2807 1776 ﬂamen
2835 1720 3094 1776 Martialis
3113 1717 3347 1784 dicebat,
3375 1717 3474 1774 hoc
3502 1717 3586 1771 die
3601 1731 3673 1770 so-

2026 1821 2074 1881 B
2100 1818 2252 1872 litum
2283 1818 2468 1872 vinum
2499 1832 2722 1882 novum,
2747 1825 2802 1870 et
2828 1824 2983 1870 vetus
3015 1813 3174 1869 libari
3202 1807 3255 1868 et
3282 1812 3553 1883 degustari
3582 1827 3677 1866 me-

2097 1909 2384 1964 dicamenti
2444 1925 2629 1964 causa.
2672 1910 2826 1978 Quod
2878 1910 3056 1964 facere
3110 1908 3290 1962 solent
3339 1908 3504 1962 etiam
3550 1921 3676 1960 nunc

2097 2007 2274 2068 multi,
2297 2020 2419 2060 cum
2446 2004 2629 2058 dicunt
2663 2023 2675 2058 :
2705 2003 2910 2059 Novum
2940 2012 3094 2057 vetus
3127 2004 3309 2056 vinum
3346 2002 3473 2058 bibo
3511 2020 3523 2055 :
3555 2017 3676 2056 novo

2098 2097 2268 2152 veteri
2308 2098 2501 2151 morbo
2530 2096 2754 2151 medeor
2788 2115 2804 2147 ι
2851 2095 3062 2166 (Varr.,
3093 2093 3182 2148 lib.
3211 2111 3244 2148 v
3283 2095 3346 2147 de
3390 2092 3540 2165 Ling.
3574 2096 3676 2159 tan,

2099 2205 2219 2258 pag.
2250 2188 2366 2259 51).
2391 2188 2499 2243 Sed
2526 2186 2718 2242 Festus
2747 2231 2761 2254 ,
2802 2189 2889 2257 qui
2933 2185 3050 2241 tunc
3080 2187 3264 2240 ultima
3291 2187 3454 2242 verba
3482 2187 3676 2249 retulit,

2097 2280 2452 2336 Meditrinalia
2486 2297 2514 2334 a
2545 2280 2825 2334 Meditrina
2859 2278 2960 2334 dea
2987 2294 3185 2333 nomen
3216 2279 3494 2350 accepisse
3544 2293 3678 2332 asse-

2097 2385 2247 2427 verat
2276 2373 2470 2444 (Fest.,
2501 2375 2568 2427 ad
2596 2374 2730 2426 verb.
2761 2371 3200 2442 MEDI‘I‘RINALIA).
3237 2372 3566 2426 Plutarchus
3593 2386 3680 2424 au-

2097 2474 2206 2520 tem
2240 2477 2422 2520 narrat
2452 2465 2580 2520 olim
2629 2481 2744 2530 eos,
2794 2467 2882 2535 qui
2911 2465 3094 2518 vinum
3125 2479 3324 2517 novum
3355 2463 3634 2532 gustabaut
3663 2504 3675 2524 ,

2095 2571 2220 2612 vota
2265 2555 2498 2621 fecisse;
2557 2565 2613 2610 ut
2645 2558 2790 2611 illius
2819 2571 2946 2610 usus
2975 2557 3235 2610 innoxius
3259 2597 3274 2620 ,
3334 2555 3682 2609 medicamen-

2097 2661 2317 2720 tumque
2364 2651 2601 2705 salutare
2658 2653 2792 2705 foret
2820 2648 3124 2718 (Plutarch.
3155 2690 3171 2715 ,
3201 2650 3292 2704 lib.
3341 2664 3399 2704 ιιι
3424 2649 3678 2721 ngpos.,

2092 2755 2274 2815 quam.
2309 2745 2361 2806 7,
2395 2759 2515 2815 pag.
2553 2742 2707 2812 65l).
2741 2743 2940 2796 Verum
2989 2742 3038 2796 id
3075 2741 3207 2796 dicit
3232 2757 3294 2797 ea
3336 2742 3424 2797 die
3457 2744 3640 2797 factum
3665 2782 3677 2804 ,

2094 2855 2254 2908 qnam
2288 2838 2622 2908 Pitlinegiam
2655 2838 3024 2908 appellabant.
3051 2842 3112 2890 At
3147 2836 3247 2891 hoc
3276 2835 3681 2896 festum.utido.

2095 2941 2182 2986 cet
2262 2931 2528 2986 Meursius
2563 2973 2576 2994 ,
2631 2931 2683 2983 in
2746 2929 2940 2984 Bacchi
3009 2931 3268 2983 honorem
3323 2929 3681 2983 celebrabatur

2095 3023 2344 3092 (Meum.
2377 3024 2464 3076 lib.
2498 3039 2512 3076 t
2561 3021 2727 3077 Grato.
2759 3023 2974 3092 feriatae,
3005 3038 3124 3091 pag.
3156 3019 3282 3085 719;
3315 3019 3488 3090 Attltq.
3514 3035 3678 3091 grata,

2095 3127 2218 3170 tam.
2248 3114 2367 3189 vn).
2386 3117 2573 3172 Utrum
2597 3131 2724 3171 vero
2750 3114 3134 3170 medicamenti
3165 3115 3374 3168 ratione
3403 3113 3454 3168 id
3483 3128 3682 3182 quoque

386 3207 481 3262 des
525 3206 783 3261 eluendus
826 3206 1131 3260 lavantibus
1171 3206 1345 3275 aquis,
1402 3215 1456 3260 et
1497 3204 1717 3275 antiqua
1762 3203 1990 3258 t'rixioue
2019 3204 2066 3277 ρ
2098 3207 2412 3278 Ᾱέδοιιιιιρὶο
2441 3223 2654 3262 sacrum
2685 3206 2868 3272 fuerit,
2901 3205 3130 3260 aliorum
3150 3205 3566 3271 estojudicium.
3584 3203 3682 3258 Nos

385 3300 581 3354 cineris
606 3298 865 3369 indigere.

462 3391 596 3446 Tum
627 3391 826 3446 deinde
856 3391 946 3444 ille
978 3409 990 3444 :
1027 3409 1045 3442 ι
1082 3390 1252 3456 lovis,
1295 3409 1314 3442 ι
1346 3390 1517 3460 inquit
1544 3388 1789 3458 (Arnob.,
1821 3391 1856 3443 Ι.
1893 3407 1986 3456 vn,

389 3499 440 3552 p.
470 3482 624 3551 258),
664 3501 683 3533 ι
728 3483 942 3551 epulum
991 3497 1109 3536 cras
1155 3494 1266 3547 est,
1306 3502 1324 3534 ι
1359 3484 1610 3536 nimirum
1661 3482 1838 3536 idibus
1881 3500 1986 3538 llu-

389 3574 645 3639 veinbris,
689 3577 762 3627 uti
797 3575 845 3627 in
877 3573 1201 3628 Kalendario
1247 3575 1446 3629 rustico
1495 3584 1802 3628 annotatur.
1835 3575 1986 3629 Haud

391 3681 520 3721 vero
565 3667 878 3736 infrequens
925 3668 1082 3736 hujus
1129 3667 1271 3736 epuli
1314 3666 1456 3734 apud
1487 3667 1664 3722 varios
1695 3667 1987 3735 scriptores

390 3759 616 3812 mentio.
642 3759 795 3828 Apud
825 3759 1030 3812 Livium
1060 3758 1326 3826 siquidem
1351 3759 1464 3811 lucc
1493 3758 1686 3812 alicubi
1716 3759 1941 3828 legimus
1969 3777 1982 3812 :

393 3870 411 3902 ι
445 3850 579 3906 Ludi
612 3851 800 3920 plebeii
827 3866 919 3921 per
945 3851 1162 3904 biduum
1192 3849 1490 3916 instaurati,
1520 3861 1573 3906 et
1592 3850 1740 3906 Jovis
1765 3853 1982 3922 epulum

385 3945 488 4000 fuit
513 3947 758 4001 ludorum
787 3959 950 4000 causa
975 3963 994 3996 ι
1021 3943 1180 4013 (Liv.,
1219 3945 1256 3997 ι.
1297 3959 1425 4012 xxv,
1467 3961 1515 4000 c.
1555 3944 1610 4010 2,
1649 3956 1696 3998 et
1736 3945 1774 3998 l.
1810 3961 1980 4012 xxvii,

391 4059 437 4095 c.
460 4041 551 4106 36,
574 4052 620 4094 et
637 4043 673 4095 l.
699 4055 885 4103 χχχιιι,
909 4057 955 4093 c.
978 4039 1094 4110 42).
1123 4039 1190 4093 Et
1213 4053 1427 4093 rursum
1453 4039 1577 4093 alibi
1603 4038 1740 4094 idem
1765 4043 1979 4110 repetit.

384 4133 576 4190 Cicero
608 4143 787 4187 autem
833 4132 990 4186 docet
1021 4132 1124 4186 hoc
1152 4129 1373 4199 epulare
1401 4131 1755 4194 sacriﬁcium,
1786 4141 1842 4187 et
1873 4140 1983 4187 tres

386 4229 668 4298 epulones,
726 4226 817 4296 qui
869 4226 916 4280 ei
970 4233 1289 4296 praeessent,
1336 4238 1367 4277 a
1419 4222 1590 4278 Numa
1642 4223 1914 4279 institutos
1965 4245 1979 4280 :

394 4341 413 4374 ‹
449 4319 736 4377 Pontiﬁces
766 4331 998 4386 veteres,
1030 4337 1050 4371 ι
1077 4319 1268 4389 inquit,
1300 4336 1319 4369 ι
1355 4327 1574 4388 propter
1594 4317 1980 4374 sacriﬁciorum

386 4414 784 4469 multitudinem
831 4422 941 4467 tres
985 4412 1127 4466 viros
1178 4410 1451 4480 Epulones
1499 4424 1620 4465 esse
1674 4409 1977 4478 voluerunt,

386 4525 509 4565 cum
535 4519 717 4564 essent
744 4507 845 4578 ipsi
873 4525 899 4560 a
927 4505 1119 4569 Numa,
1148 4515 1204 4560 ut
1233 4506 1394 4559 etiam
1423 4504 1551 4558 illud
1579 4503 1828 4558 ludorum
1851 4520 1977 4572 epu-

2099 3316 2260 3368 porro
2291 3317 2396 3354 non
2420 3301 2572 3371 fugit,
2609 3316 2772 3354 unum
2795 3300 2862 3351 ah
2884 3297 3228 3354 Theodoreto
3250 3297 3550 3368 zEsculapii
3577 3299 3679 3352 fes-

2097 3402 2206 3444 tunt
2256 3393 2453 3450 notari,
2497 3392 2636 3461 quod
2681 3391 2772 3445 ille
2814 3389 3093 3448 ’Δσκλήπια
3137 3391 3480 3458 cognominat
3509 3388 3683 3460 (Theo-

2095 3489 2233 3550 dor.,
2263 3503 2414 3538 serm.
2437 3487 2491 3550 5,
2526 3488 2587 3538 de
2618 3486 2866 3552 sacri/ia,
2896 3496 3020 3536 tom.
3045 3500 3116 3547 tv,
3153 3500 3275 3554 pag.
3308 3481 3458 3556 583).
3491 3483 3597 3539 Sed
3621 3485 3680 3536 il-

2095 3578 2182 3631 lud
2219 3579 2357 3631 idem
2408 3578 2572 3633 fuisse
2602 3590 2762 3646 atque
2793 3575 3094 3645 Esculapii
3126 3576 3449 3631 vindemiam
3478 3579 3522 3630 si
3547 3588 3682 3631 ret-te

2094 3671 2427 3739 probaveris,
2462 3671 2552 3723 tibi
2588 3671 2730 3724 illico
2759 3669 3186 3724 subscribemus.

2162 3761 2434 3817 Cmteruiu
2497 3763 2774 3816 Arnobius
2802 3761 3085 3817 evidenter
3111 3761 3351 3817 ostendit
3394 3762 3507 3816 haec
3555 3762 3680 3816 deo-

2092 3871 2230 3922 rum,
2256 3856 2345 3926 qui
2374 3855 2558 3910 vineas
2584 3857 2766 3909 colere
2794 3853 2926 3909 falso
2955 3854 3320 3910 credebantur
3347 3899 3362 3923 ,
3396 3856 3550 3919 festa,
3582 3864 3682 3908 tam

2088 3952 2466 4021 superstitiose
2518 3951 2780 4007 celebrari
2810 3992 2824 4012 .
2879 3967 3037 4019 quam
3089 3952 3453 4006 lectisternium
3494 3951 3684 4007 Cereris

2090 4044 2331 4115 (Arnob.,
2364 4045 2451 4098 lib.
2483 4061 2574 4110 vn,
2609 4062 2728 4113 pag.
2760 4044 2912 4116 238).
2941 4044 3007 4098 Et
3036 4061 3094 4100 re
3111 4045 3328 4116 quidem
3359 4062 3482 4101 vera
3510 4058 3680 4111 erant,

2093 4146 2148 4190 ut
2173 4138 2246 4190 ait
2268 4137 2548 4206 Apuleius,
2585 4159 2602 4188 ι
2640 4137 3045 4206 etpnblicarum
3070 4136 3352 4206 epularum
3376 4149 3679 4208 apparatus,

2088 4240 2142 4284 et
2167 4231 2493 4285 lectisternia
2523 4231 2770 4297 deorum,
2801 4241 2854 4284 et
2879 4230 2998 4286 dies
3021 4230 3142 4285 festi
3183 4251 3201 4284 ι
3231 4231 3438 4300 (Apul.,
3471 4233 3560 4286 lib.
3589 4234 3684 4286 ide

2090 4321 2275 4376 Hand.
2305 4364 2318 4386 ,
2354 4339 2474 4393 pag.
2506 4322 2663 4391 409).
2691 4321 2748 4376 In
2785 4323 3000 4393 templis
3030 4322 3295 4392 siquidem
3331 4343 3350 4376 ι
3381 4324 3526 4387 lecti,
3557 4344 3575 4377 ι
3607 4325 3686 4378 in-

2087 4419 2201 4487 quit
2245 4418 2577 4488 Augustinus
2611 4461 2625 4486 ,
2677 4437 2696 4471 t
2725 4420 3109 4474 sternebantur
3155 4420 3210 4472 in
3267 4422 3528 4475 honorem
3559 4419 3684 4473 deo-

2087 4525 2226 4578 rum,
2260 4512 2398 4564 unde
2440 4510 2545 4565 hoc
2592 4527 2829 4574 sacrum,
2870 4513 2956 4566 vel
2991 4511 3168 4582 potius
3215 4514 3556 4582 sacrilegium
3592 4527 3684 4566 no-

379 4604 498 4657 lare
523 4600 846 4657 sacriﬁcium
881 4602 1138 4663 facerent,
1186 4596 1417 4652 instituti
1451 4615 1468 4647 ι
1503 4594 1714 4663 (Cicer.,
1747 4597 1786 4650 l.
1831 4612 1885 4651 ιιι
1917 4599 1978 4652 de
2007 4613 2060 4676 ι)
2086 4616 2208 4656 men
2260 4609 2468 4670 accepit
2500 4623 2518 4655 ι
2567 4604 2838 4674 (August,
2870 4603 2958 4657 lib.
2992 4618 3048 4658 ιιι
3087 4604 3150 4656 de
3192 4600 3368 4669 Cirin,
3419 4621 3537 4673 cup.
3596 4605 3679 4673 l7,

389 4693 562 4761 Orat.,
587 4711 640 4762 p.
672 4693 797 4758 187,
818 4693 910 4747 lin.
931 4690 1044 4762 50).
1069 4690 1254 4745 Livius
1275 4699 1451 4744 autem
1472 4688 1805 4744 Triumviros
1834 4690 1976 4760 Epu-

390 4789 542 4842 lones
561 4788 791 4856 primum
819 4785 1008 4841 Romae
1029 4799 1058 4838 a
1080 4783 1386 4845 ltontuleio,
1411 4797 1505 4838 seu
1525 4781 1798 4848 Romulio,
1822 4798 1979 4839 crea~

390 4892 472 4935 tos
519 4880 685 4936 fuisse
731 4880 895 4935 tradit
944 4877 1108 4950 (Liv.,
1149 4878 1186 4931 ι.
1241 4891 1426 4938 χχχιιι,
1459 4893 1504 4928 c.
1553 4876 1667 4947 Ω).
1700 4876 1776 4932 De
1820 4877 1884 4932 iis
1926 4887 1982 4932 et

386 4973 536 5028 lovis
577 4973 737 5042 epulo
770 4971 1013 5026 Valerius
1058 4967 1359 5034 Maximus,
1387 4966 1750 5023 Tertullianus
1788 4980 1842 5023 et
1887 4969 1980 5024 alii

380 5080 691 5120 sermonem
738 5063 981 5119 fecerunt
1014 5081 1026 5116 :
1061 5061 1154 5116 sed
1201 5060 1270 5116 de
1310 5060 1404 5114 illo
1453 5060 1604 5130 plura
1650 5060 1976 5130 Gutherius,

379 5174 538 5229 quem
583 5161 733 5214 adire
777 5158 979 5229 poteris
1020 5153 1172 5224 (Val.
1215 5150 1388 5217 Mam,
1435 5153 1472 5206 l.
1517 5169 1573 5220 ιι,
1606 5171 1653 5208 c.
1697 5155 1750 5222 l,
1845 5140 1897 5222 3,
1931 5166 1978 5211 et

372 5259 412 5311 ι.
442 5271 519 5321 tv,
562 5272 612 5325 p.
641 5252 696 5318 2,
729 5251 756 5324 §
788 5254 847 5317 5;
880 5250 1209 5314 Tertullian.,
1243 5249 1489 5320 ApolOg.,
1519 5264 1565 5302 c.
1595 5250 1695 5316 i5;
1730 5249 1974 5317 (inuitem,

375 5349 412 5401 ι.
446 5363 496 5401 iv
524 5347 587 5399 de
607 5343 733 5400 νει.
758 5333 1136 5416 jure‘Pontifu
1170 5357 1216 5394 c.
1250 5341 1371 5412 25).
1397 5340 1586 5396 Nonne
1612 5358 1740 5413 ergo
1783 5343 1972 5411 deplo-

373 5440 541 5495 randa
569 5451 792 5508 prorsus
821 5446 939 5493 erat
965 5437 1182 5491 caecitas
1209 5434 1516 5505 gentilium,
1542 5435 1630 5504 qui
1657 5435 1798 5491 serio
1829 5437 1976 5490 dice-

373 5535 502 5588 bant
529 5533 717 5587 Jovem
747 5533 950 5601 magnis
981 5529 1192 5600 impleri
1221 5528 1469 5598 dapibus,
1511 5537 1605 5582 aut
1634 5539 1683 5582 ut
1713 5531 1786 5583 ait
1819 5528 1973 5584 Vale-

369 5628 482 5680 rius
521 5623 786 5679 Maximus
815 5624 920 5692 (ubi
956 5622 1158 5693 supra),
1196 5621 1248 5675 in
1293 5620 1569 5686 lectulum,
1598 5634 1662 5675 ac
1707 5621 1974 5678 lunonem

366 5729 421 5771 et
446 5717 736 5771 Minervam
769 5717 824 5772 in
854 5714 1029 5769 eellas’
1057 5715 1122 5768 ad
1161 5728 1372 5770 cmnatn
1412 5713 1664 5768 invitari?
1693 5713 1973 5787 Quaprop-

385 5824 444 5864 er
464 5808 797 5879 Lactantius,
821 5805 1112 5864 Arnobium
1139 5817 1527 5879 praceptoretn
1548 5822 1705 5863 suum
1727 5819 1970 5878 secutus,

2085 4713 2206 4766 pag.
2238 4696 2354 4764 74).
2391 4696 2628 4750 Primum
2659 4709 2836 4753 autem
2871 4697 3284 4762 lectisternium,
3321 4707 3460 4753 teste
3490 4698 3680 4766 Livio,

2084 4789 2270 4844 Romae
2300 4788 2500 4843 factum
2529 4799 2612 4844 est
2639 4831 2655 4854 ,
2689 4792 2754 4845 ad
2786 4780 2993 4861 pestem
3016 4800 3205 4845 aestate
3229 4804 3567 4862 grassantem
3601 4808 3683 4848 se—

2087 4880 2319 4934 dandam
2349 4922 2364 4946 ,
2421 4891 2706 4951 postquam
2753 4882 3223 4937 senatusconsulto
3265 4883 3386 4938 libri
3436 4884 3680 4957 Sibyllini

2086 4975 2212 5028 aditi
2247 4986 2375 5030 sunt
2411 4994 2423 5029 :
2464 4993 2481 5026 t
2517 4974 2793 5028 Duumviri
2824 4975 2994 5029 sacris
3019 5015 3032 5034 .
3067 4977 3259 5046 inquit,
3292 4976 3558 5032 faciundis
3591 4994 3682 5046 per

2085 5069 2199 5122 dies
2223 5079 2348 5122 octo
2381 5067 2686 5137 Apollinem
2714 5109 2728 5132 ,
2779 5067 3166 5138 Latonamque,
3199 5078 3251 5124 et
3279 5071 3520 5136 Dianam,
3548 5070 3652 5124 Her

2084 5164 2280 5228 culem,
2333 5159 2678 5229 Mercurium,
2713 5174 2876 5232 atque
2902 5161 3227 5233 Neptunum,
3260 5163 3429 5219 tribus
3453 5205 3469 5229 ,
3519 5182 3678 5235 quam

2083 5255 2417 5324 amplissime
2447 5266 2556 5310 tutn
2587 5257 2762 5325 parari
2798 5265 3028 5326 poterat,
3058 5257 3244 5312 stratis
3273 5257 3429 5312 lectis
3453 5300 3467 5323 ,
3505 5258 3653 5323 placa

2078 5363 2205 5404 vere
2237 5367 2250 5399 ι
2291 5347 2448 5417 (Litt,
2483 5348 2572 5400 lib.
2605 5364 2657 5413 v,
2688 5363 2802 5416 cup.
2842 5349 2956 5419 I5).

2155 5441 2289 5494 Tum
2364 5441 2562 5496 deinde
2648 5441 2976 5498 lectisternia
3050 5443 3482 5513 lrequentissime
3543 5445 3678 5500 facta

2082 5537 2279 5602 fuisse,
2303 5538 2423 5607 quis
2449 5535 2660 5591 nescire
2689 5546 2862 5606 potest
2894 5538 2916 5591 ?
2944 5533 3027 5592 Ex
3061 5537 3163 5591 illis
3192 5549 3369 5592 autem
3397 5538 3675 5604 omnibus,

2080 5633 2213 5690 illud
2242 5643 2445 5689 tantum
2477 5635 3061 5702 Commemorabimus,
3091 5634 3158 5690 de
3188 5648 3294 5704 quo
3320 5633 3463 5690 idem
3495 5634 3678 5690 Livius

2080 5727 2152 5781 ita
2199 5725 2453 5793 loquitur.
2484 5724 2618 5780 Cum
2668 5727 2898 5780 Annibal
2938 5742 3095 5799 agros
3125 5727 3290 5782 Italia:
3317 5727 3676 5798 depOpulai-e-

2082 5831 2186 5890 tur,
2229 5823 2485 5894 inspectis
2525 5821 2800 5894 Sybillinis
2828 5822 3016 5892 libris,
3070 5838 3133 5880 ac
3183 5832 3308 5880 voto
3336 5823 3436 5879 rite
3467 5840 3673 5880 nuncu-
