3872 6358
161 356 247 414 661
1312 356 1379 413 IN
1434 352 1740 413 ARNOBIU

1863 355 2018 414 CAP.
2067 347 2236 414 XXV.
3345 348 3454 404 662

161 486 273 548 pato
301 492 312 528 :
342 494 359 528 ι
385 475 796 532 Lectisternium
823 521 837 545 ,
876 495 896 530 ι
929 476 1003 531 ait
1032 476 1123 532 ille
1146 518 1163 544 ,
1189 491 1315 548 «per
1336 474 1575 531 triduum
1591 471 1739 532 hah'i-
1766 481 1821 539 Α
1843 476 2049 532 clinare
2070 518 2087 544 ,
2143 491 2237 532 seu
2267 476 2636 548 grammeticaa
2681 475 2829 547 leges
2848 516 2863 542 ,
2895 479 2988 528 aut
3020 471 3348 528 rhetOricam
3389 479 3449 526 et

161 581 280 634 tum,
308 568 625 625 decemviris
674 584 952 625 sacrorum
982 569 1298 624 curantibus
1325 581 1454 623 :sex
1481 561 1730 638 pulvina-
1836 569 2172 626 dialecticam
2201 571 2446 641 apprime
2477 570 2763 626 noverant?
2786 562 2978 643 (Ibid.,
3004 583 3126 638 pag.
3147 564 3218 622 55
3235 574 3284 619 et
3308 556 3443 636 seq.)

160 664 228 719 ria
252 663 299 716 in
325 673 612 734 conspectu
641 661 792 718 fuere
819 705 834 728 ,
871 663 990 718 Jovi
1032 673 1086 717 et
1123 661 1316 718 Junoni
1352 677 1513 716 unum
1540 703 1554 727 ,
1599 661 1734 715 alte-
1839 662 1948 719 Sed
2001 678 2121 732 quae
2167 661 2296 718 inde
2346 664 2446 717 nisi
2500 663 2682 733 pueris
2711 676 2848 715 vana
2907 659 3148 714 scientia:
3171 656 3394 728 jactatio
3419 657 3444 708 ’ρ

160 769 267 810 rum
317 753 560 825 Neptuno
591 770 652 808 ac
683 755 958 821 Minervae,
989 756 1206 810 tertium
1235 753 1390 808 Marti
1421 766 1476 808 et
1501 751 1732 816 Veneri,
1836 755 1977 810 Num
2007 755 2130 825 quia
2158 756 2350 810 anima:
2373 771 2562 811 eorum
2595 755 2682 811 vel
2708 755 2774 809 ah
2815 755 2928 824 ipsa
2965 767 3060 807 sua
3087 752 3298 822 origine
3324 749 3446 807 aliis

158 858 388 914 quartum
436 846 668 915 Apollini
722 863 784 902 ac
834 847 1016 902 Diana:
1046 888 1061 914 ,
1095 848 1338 916 quintum
1385 846 1628 902 Vulcano
1670 859 1734 900 ac
1836 846 2428 917 quibuslibetscientiis
2449 858 2505 904 et
2528 846 2792 902 doctrinis
2819 843 3037 900 imbutae
3066 841 3444 899 lucrunt‘tSed

157 939 320 995 Vesta:
343 983 356 1006 ,
408 952 618 996 sextum
665 927 932 996 Mereorio
987 957 1052 996 ac
1097 939 1283 998 Cereri
1321 962 1339 994 ι
1379 939 1594 1010 (Idem,
1643 940 1730 996 lib.
1837 938 1982 994 hunc
1999 954 2240 994 errorem
2259 940 2389 994 satis
2419 940 2485 994 ab
2507 939 2628 1009 ipso
2656 938 2898 994 Arnobio
2920 933 3252 991 conlutatum
3281 933 3450 989 fuisse

155 1031 328 1104 xxn,§
361 1031 466 1102 l0).
500 1033 665 1088 Vides
708 1043 858 1088 certe
906 1034 958 1088 in
1003 1028 1089 1088 liis
1126 1034 1473 1089 lectisterniis
1503 1033 1634 1088 deos
1679 1032 1732 1086 in
1837 1034 2166 1088 ostendimus
2199 1034 2408 1106 (Supr.,
2437 1051 2554 1103 cap.
2581 1034 2636 1097 9,
2663 1042 2764 1086 art.
2793 1025 2869 1102 1).
2897 1031 3035 1086 Num
3051 1031 3175 1101 Quia
3193 1030 3451 1084 scientias

155 1122 293 1179 lectis
324 1134 376 1180 et
407 1126 774 1193 pulvinaribus
821 1113 1133 1191 collocaios,
1173 1135 1229 1182 et
1257 1127 1394 1194 illis,
1433 1137 1490 1181 ut
1531 1126 1730 1180 malum
1837 1135 1893 1181 et
1917 1135 2060 1180 artes
2101 1126 2284 1181 labore
2315 1138 2367 1180 et
2393 1126 2781 1181 exercitatione
2818 1121 3309 1193 comparaverunt?
3341 1119 3448 1176 Ve-

153 1216 350 1286 aliquod
378 1226 684 1275 averterent
745 1219 1125 1288 supplicatum.
1164 1219 1435 1273 Arnobius
1466 1234 1596 1273 vero
1621 1214 1729 1273 Ce-
1837 1235 1955 1273 rum
1987 1234 2148 1289 quam
2177 1219 2365 1288 exigua
2395 1219 2464 1272 sit
2489 1219 2576 1272 illa
2606 1217 2886 1272 hominum
2914 1215 3162 1281 scientia,
3185 1213 3311 1269 inde
3327 1213 3438 1268 col-

152 1309 276 1364 reris
323 1318 522 1364 tantum
579 1311 848 1378 meminit,
897 1311 994 1366 sed
1035 1312 1272 1382 exempli
1311 1328 1494 1367 causa.
1545 1310 1733 1380 Neque
1837 1310 1989 1382 ligas,
2023 1309 2165 1380 quod
2191 1320 2310 1379 post
2337 1319 2414 1364 tot
2433 1310 2642 1380 elapsus
2671 1309 2740 1364 ab
2762 1307 2947 1363 mundi
2966 1307 3192 1364 exordio
3209 1317 3400 1362 aetates
3429 1347 3444 1371 ,

152 1405 280 1456 enim
333 1406 380 1459 ei
418 1405 520 1460 soli
563 1404 958 1460 lectisternium
998 1404 1195 1460 factum
1230 1404 1396 1460 fuisse
1441 1404 1730 1475 signiﬁcat.
1837 1417 1944 1457 non
1977 1403 2144 1457 multa
2186 1417 2340 1464 sane,
2379 1400 2474 1456 sed
2521 1415 2788 1472 perpauca
2813 1396 3104 1456 admodum
3152 1409 3304 1454 certo
3349 1412 3442 1454 co-

153 1496 490 1552 Etbnieorum
544 1513 678 1553 vero
724 1500 989 1554 insaniam
1029 1499 1151 1568 jure
1195 1499 1390 1553 merito
1420 1498 1732 1568 redarguit,
1837 1509 2120 1568 gnoscant.
2160 1494 2351 1553 Nonne
2391 1497 2537 1553 enim
2583 1498 2868 1552 «Socrates
2894 1515 2941 1564 ,ι
2984 1494 3442 1568 quemadmodum

154 1600 201 1640 ut
222 1598 336 1657 pote
359 1592 448 1659 qui
477 1590 612 1646 deos
639 1607 766 1646 suos
789 1607 876 1657 eo,
910 1607 1019 1662 quo
1043 1592 1306 1656 diximus,
1327 1590 1488 1646 modo
1520 1593 1574 1646 in
1597 1591 1734 1645 mol-

153 1679 278 1736 libus
301 1681 452 1737 lectis
509 1694 565 1738 et
617 1685 988 1754 pulvinaribus
1026 1684 1202 1754 palam
1228 1698 1292 1739 ac
1319 1683 1531 1753 publice
1553 1683 1735 1738 atratis

155 1775 333 1830 cubare
363 1776 746 1844 Opinahantnr.

1840 1593 2078 1663 loquitur
2127 1604 2318 1648 auctor
2367 1605 2552 1653 noster
2581 1633 2598 1659 ,
2638 1611 2656 1644 t
2691 1591 3157 1661 comprehendere
3179 1590 3366 1661 nequit
3394 1591 3447 1644 in

1839 1685 2103 1740 Pluedone
2129 1685 2254 1757 (ms.
2296 1703 2409 1757 reg.
2441 1683 2640 1757 Fedro)
2662 1683 2825 1739 homo
2865 1684 2990 1754 quid
3031 1685 3133 1751 sit,
3165 1695 3257 1738 aut
3306 1680 3450 1738 unde

1840 1780 1933 1846 sit,
1959 1794 2182 1849 anceps,
2206 1781 2411 1844 varius,
2445 1780 2680 1842 mobilis,
2710 1779 2910 1848 pellax,
2942 1777 3244 1847 multiplex,
3269 1775 3452 1830 multi-

211 1867 450 1939 Denique
479 1869 571 1923 ille
609 1869 771 1923 simili
805 1869 966 1938 plane
993 1868 1158 1924 modo
1185 1868 1321 1923 alios
1345 1867 1596 1923 exsibilat
1641 1883 1738 1923 ex-
1766 1859 1815 1936 Β
1843 1871 2053 1939 formis,
2080 1875 2131 1927 in
2173 1888 2308 1944 quos
2346 1889 2473 1928 usus
2519 1876 2758 1943 prolatus
2797 1874 2867 1927 sit
2887 1914 2901 1934 ,
2929 1871 3084 1940 cujus
3115 1869 3452 1939 excogitatus

158 1959 410 2033 ploditque
454 1962 624 2018 festos
666 1962 814 2028 dies,
846 1977 982 2032 quos
1011 1973 1230 2032 propter
1255 1961 1480 2018 deorum
1513 1975 1736 2016 suorum

154 2058 338 2113 natales
357 2059 634 2114 celebrare
663 2059 1002 2114 ethnicorum
1036 2072 1152 2112 mos
1173 2067 1308 2112 erat.
1342 2056 1517 2112 Unico
1540 2066 1723 2111 autem

155 2149 361 2206 Telluris
391 2152 662 2222 exemplo,
691 2164 921 2206 caeteros
945 2165 1136 2206 omnes
1157 2149 1494 2204 damnandos
1515 2163 1636 2204 esse
1666 2145 1736 2201 ita

155 2243 366 2297 ostendit
400 2261 413 2297 :
474 2262 494 2294 ‹
522 2234 757 2297 Telluris
805 2243 997 2296 natalis
1039 2249 1146 2306 est,
1180 2241 1258 2294 Dii
1299 2242 1443 2295 enim
1471 2255 1537 2295 ex
1567 2239 1738 2294 uteris

155 2337 418 2404 prodeunt,
448 2347 504 2391 et
542 2335 744 2391 habent
771 2336 886 2390 dies
906 2337 1077 2398 laetos,
1108 2333 1305 2404 quibus
1340 2333 1420 2388 eis
1441 2337 1737 2402 ascriptum

154 2438 220 2480 est
243 2443 426 2482 auram
457 2443 720 2497 usurpare
764 2427 978 2482 vitalem
1024 2447 1042 2478 ι
1082 2426 1323 2498 (Arnob.,
1355 2426 1443 2480 lib.
1480 2441 1582 2490 vn,
1611 2442 1734 2496 pag.

153 2519 283 2591 238).
306 2521 376 2576 At
403 2537 508 2576 non
541 2521 699 2575 unius
729 2529 932 2574 tantum
965 2519 1200 2575 Telluris
1229 2519 1422 2574 natalis
1449 2518 1598 2583 dies,
1641 2517 1736 2571 sed

153 2614 399 2667 variorum
429 2629 646 2683 quoque
667 2613 914 2679 deorum,
940 2615 1012 2666 uti
1043 2611 1320 2674 Mercurii,
1348 2611 1604 2666 Minervw
1631 2651 1644 2673 ,
1677 2619 1733 2662 et

151 2702 277 2760 lovis
322 2705 647 2772 Ammonis,
691 2708 744 2761 in
796 2707 965 2762 veteri
999 2715 1255 2760 notantur
1283 2705 1643 2769 Kalendario,
1683 2705 1733 2757 in

149 2798 277 2867 Quod
333 2799 608 2855 Lambecii
651 2809 806 2854 notas
858 2801 1037 2870 legere
1068 2800 1291 2871 poteris.
1324 2797 1478 2854 Unde
1507 2797 1710 2852 Lactan

151 2891 240 2947 tius
269 2910 282 2946 :
322 2911 340 2943 ι
370 2891 644 2947 Ludorum
673 2935 686 2957 ,
725 2912 745 2944 ι
779 2893 948 2962 inquit
975 2935 990 2958 ,
1041 2912 1059 2944 ι
1088 2891 1482 2947 celebrationes
1510 2891 1736 2944 deorum

150 2985 269 3041 festa
313 2999 474 3050 Slllll;
516 2987 782 3057 siquidem
826 2989 896 3042 ob
921 2988 1127 3042 natales
1154 3001 1342 3042 eorum
1393 2985 1475 3038 vel
1511 2984 1739 3052 templo-

149 3092 251 3133 rum
281 3094 546 3134 novorum
602 3078 970 3134 dedicationes
1009 3089 1135 3134 sunt
1185 3077 1464 3133 constituti
1511 3095 1529 3128 ι
1582 3075 1738 3143 (Lac-

149 3181 287 3240 tant.,
311 3174 398 3228 lib.
422 3188 498 3238 vr,
527 3190 643 3243 cap.
675 3174 764 3236 19,
794 3190 913 3244 pag.
943 3172 1096 3244 δὴ).

1844 1965 2082 2035 ingenio,
2109 1966 2233 2035 quid
2255 1966 2308 2019 in
2332 1965 2532 2019 mundo
2556 1965 2733 2031 faciat,
2766 1980 2864 2019 cur
2892 1964 3161 2018 malorum
3191 1971 3338 2015 tanta
3355 1975 3450 2015 ex-

1843 2063 2085 2131 periatur
2126 2061 2372 2115 examina
2391 2059 2414 2112 ’ἰ
2445 2078 2462 2111 ι
2497 2058 2696 2132 (Ibid..
2731 2075 2782 2129 p.
2813 2057 2947 2128 46.)
3002 2056 3201 2112 Verum
3247 2071 3345 2111 cur
3379 2055 3453 2110 ibi

1842 2169 1942 2224 pro
1981 2153 2237 2219 Phaedro,
2268 2155 2321 2207 in
2374 2154 2532 2209 editis
2575 2154 2812 2223 positum
2851 2154 2922 2208 sit
2965 2151 3232 2207 Phaedone
3255 2192 3270 2216 ,
3302 2149 3449 2204 nulla

1842 2225 2020 2316 neque
2060 2249 2109 2300 in
2142 2247 2497 2312 editionibns,
2534 2262 2708 2317 neque
2740 2247 2793 2300 in
2840 2244 3282 2300 adnotationibus
3308 2243 3452 2298 ratio

1842 2339 2089 2396 all'ertur.
2119 2338 2176 2394 In
2205 2341 2441 2395 Platonis
2481 2352 2660 2395 tamen
2693 2339 2922 2395 Phaedro
2957 2339 3208 2395 Socrates
3237 2336 3456 2392 induci-

1846 2447 1929 2490 tur
1950 2433 2132 2506 (Plato
2158 2436 2211 2488 in
2243 2433 2482 2500 Pltwdr.,
2507 2445 2630 2489 tom.
2658 2450 2736 2498 ιιι,
2767 2453 2818 2503 p.
2849 2432 3007 2502 230),
3039 2447 3099 2486 se
3127 2432 3301 2501 ipsum
3323 2445 3454 2486 con-

1843 2528 2153 2592 siderando,
2185 2528 2453 2597 inquirere
2473 2537 2650 2582 utrum
2677 2529 2746 2581 sit
2778 2526 2975 2593 bellua,
3001 2525 3264 2596 Typhone
3280 2524 3451 2594 magis

1845 2621 2126 2691 multiplex
2147 2663 2162 2687 ,
2190 2621 2411 2676 demens
2429 2665 2442 2688 ,
2475 2631 2529 2675 et
2568 2621 2764 2675 furiosa
2792 2636 2806 2684 ;
2838 2621 2921 2675 vel
2949 2619 3220 2690 quoddam
3248 2617 3452 2672 animal

1845 2714 2178 2768 mansuetius
2209 2723 2368 2784 atque
2397 2713 2716 2782 simplicius,
2741 2713 2937 2766 divina:
2965 2699 3269 2781 cujusdam,
3300 2725 3356 2764 et
3381 2708 3451 2764 ab

1845 2806 1992 2860 omni
2011 2805 2149 2860 fastu
2170 2816 2224 2861 et
2252 2805 2540 2862 insolentia
2568 2807 2760 2862 aliena:
2783 2805 2948 2860 sortis
2971 2821 3036 2859 ac
3063 2813 3271 2858 natura:
3291 2803 3457 2874 parti-

1844 2913 1992 2967 ceps.
2023 2897 2212 2953 Utrum
2246 2913 2374 2952 vero
2400 2908 2588 2953 auctor
2617 2908 2800 2952 noster
2829 2896 2972 2950 hunc
3001 2896 3245 2950 Platonis
3271 2895 3450 2950 locum

1842 2999 2280 3067 παρᾳφραστικῶς
2301 2994 2632 3061 exposuerit,
2681 2991 2768 3046 vel
2817 2991 2982 3045 alium
3001 2988 3248 3046 citaverit
3275 3029 3290 3056 ,
3349 3002 3452 3042 ex-

1843 3083 2040 3154 pende,
2074 3099 2280 3152 quaeso,
2309 3096 2360 3138 et
2392 3084 2700 3152 pronuntia.

1917 3175 2056 3244 Quid
2086 3192 2231 3241 vero,
2267 3179 2406 3243 quod
2438 3178 2598 3233 homo
2619 3192 2726 3234 non
2753 3179 2929 3233 solum
2954 3177 3070 3232 haec
3099 3179 3332 3251 ignorat,
3357 3178 3453 3233 Sed

210 3266 368 3323 Recte
423 3283 554 3338 ergo
599 3267 872 3322 Arnobius
905 3266 1322 3322 insnlsissimum
1377 3264 1529 3319 illum
1558 3265 1735 3334 genti-
1769 3271 1813 3333 ρ
1845 3271 2038 3340 quibus
2063 3271 2225 3326 etiam
2261 3270 2464 3336 modis,
2509 3271 2672 3326 verba
2725 3282 2850 3326 sunt
2876 3273 3121 3339 Arnobii,
3162 3289 3181 3324 ‹
3213 3271 3452 3326 Bantin-

150 3360 265 3416 lium
311 3377 518 3417 morem
575 3379 681 3417 non
730 3362 848 3417 sine
898 3364 1089 3416 merita
1140 3361 1389 3416 irrisione
1425 3362 1736 3417 insectatur.

148 3451 268 3507 Nam
296 3457 383 3526 qui
414 3454 546 3509 deos
567 3454 876 3525 aliquando,
901 3455 1078 3509 aiebat
1101 3456 1210 3521 ille,
1228 3470 1331 3510 non
1353 3455 1625 3510 exstitisse
1649 3495 1662 3516 ,
1686 3464 1741 3509 et

151 3562 210 3600 ex
249 3549 363 3603 aliis
399 3559 550 3602 ortos
581 3547 853 3614 dicebant,
888 3549 941 3602 hi
970 3547 1219 3613 eosdem,
1256 3548 1456 3602 utalibi
1487 3563 1611 3603 cum
1643 3563 1741 3602 eo-

151 3640 262 3697 dem
308 3651 531 3697 auctore
571 3653 761 3697 nostro
808 3645 1164 3699 invictissime
1201 3645 1694 3698 demonstravimus
1723 3685 1738 3710 ,

154 3754 244 3793 non
274 3755 448 3803 veros,
471 3740 568 3795 sed
595 3739 782 3802 falsos,
814 3741 1318 3807 commentitiosque
1341 3739 1474 3794 deos
1491 3753 1612 3794 esse
1637 3754 1738 3794 ne-

152 3831 376 3885 cessario
397 3828 818 3886 cenlitebantur.
852 3831 984 3899 Quis
1015 3832 1178 3901 igitur
1202 3831 1264 3886 iis
1302 3831 1552 3886 omnibus
1578 3874 1591 3895 ,
1620 3846 1741 3902 quae

155 3921 401 3980 hactenus
432 3927 704 3996 disputata
732 3935 876 3991 sunt,
905 3928 1005 3980 rite
1028 3928 1282 3996 expensis
1302 3968 1315 3985 ,
1338 3926 1478 3980 ultro
1510 3941 1615 3980 non
1661 3925 1739 3981 fa-

157 4017 336 4073 tebitur
359 4019 694 4074 solemnibus
721 4019 1000 4088 gentilium
1029 4020 1202 4082 festis,
1254 4021 1426 4073 sacris
1453 4029 1507 4074 et
1535 4028 1738 4089 myste—

156 4111 240 4166 riis
267 4112 498 4167 funditus
529 4113 706 4168 everti
738 4114 949 4166 illorum
976 4114 1216 4167 omnium
1251 4152 1265 4172 .
1316 4114 1366 4165 in
1389 4128 1616 4180 quorum
1642 4114 1740 4164 ho-

156 4220 328 4267 norem
359 4209 657 4278 agebantur
678 4249 692 4274 ,
721 4206 1021 4278 jactitatam
1049 4209 1118 4262 ah
1141 4207 1328 4262 iisdem
1346 4207 1635 4277 gentilibus
1662 4207 1742 4262 di-

158 4300 456 4356 “mem?

723 4394 948 4451 CAPUT
977 4393 1145 4452 XXV.

308 4511 474 4578 Quam
501 4512 686 4584 exigua
717 4523 761 4567 et
791 4510 939 4565 exilis
966 4512 1030 4565 sit
1061 4509 1321 4564 hominum
1349 4509 1570 4563 scientia.

1845 3363 2088 3428 somnia;
2129 3383 2149 3414 ι
2216 3363 2382 3417 immo
2434 3363 2698 3434 «ambigit
2749 3365 2800 3418 in
2845 3363 3100 3418 Theaeteto
3145 3365 3272 3436 (ms.
3324 3363 3450 3420 cod.

1847 3455 2124 3511 Thewtone
2145 3499 2160 3524 ,
2189 3457 2344 3513 vides
2370 3473 2530 3527 quam
2554 3456 2830 3526 corrupte)
2861 3457 3014 3512 Plato
3043 3459 3324 3529 vigilemus
3354 3457 3453 3518 ali-

1845 3551 2084 3621 quando,
2116 3551 2380 3621 anipsnm
2405 3550 2651 3620 vigilare,
2683 3550 2830 3620 quod
2863 3551 3060 3605 dicitur
3093 3592 3108 3615 ,
3159 3551 3354 3604 summi
3383 3551 3454 3606 sit

1848 3645 2096 3715 perpetui
2129 3629 2325 3714 portio,
2351 3653 2404 3699 et
2424 3645 2552 3715 quid
2588 3661 2747 3713 agerc
2772 3643 3052 3699 videamur
3075 3687 3088 3708 ,
3125 3645 3453 3720 insomnium

1847 3753 1968 3793 cum
2001 3738 2185 3793 videre
2217 3753 2316 3790 nos
2345 3737 2597 3792 dicimus.
2631 3757 2648 3788 ι
2683 3736 2924 3809 (Arnob.,
2956 3736 3057 3790 lib.‘
3079 3753 3138 3803 ιι,
3170 3755 3222 3807 p.
3247 3736 3362 3808 46).
3390 3737 3456 3792 Et

1849 3851 1908 3890 re
1932 3816 2148 3918 Quidem
2177 3854 2300 3893 vera
2328 3839 2418 3894 ille
2465 3837 2909 3909 philos0phorum
2954 3838 3279 3908 coryphams
3308 3839 3359 3892 in
3389 3837 3458 3894 li—

1850 3929 1948 4017 brq
1997 3933 2162 3987 citato
2207 3935 2426 4006 scripsit
2476 3937 2857 4004 perobscuram
2890 3949 3013 3990 esse
3049 3935 3407 4003 quaestionem
3435 3976 3450 3996 ,

1849 4043 2028 4102 utrum
2063 4030 2330 4098 vigilando
2361 4033 2717 4098 dormiamus,
2761 4043 2852 4084 aut
2899 4029 3189 4100 cogitando
3218 4032 3455 4084 somnie-

1849 4130 1990 4186 mus.
2016 4119 2170 4198 Ὀρᾲς
2193 4117 2280 4177 οὖν
2302 4122 2379 4179 ὅτι
2401 4125 2458 4180 τὸ
2487 4145 2542 4196 γε
2571 4125 2962 4198 ἀμφισϐητῆσαι
3001 4126 3057 4177 οὐ
3091 4123 3342 4196 χαλεπὸν,
3377 4123 3460 4178 ὅτε

1850 4218 1933 4268 καὶ
1978 4215 2195 4288 πότερόν
2223 4218 2362 4272 ἐστιν
2404 4216 2546 4292 ῦπαρ
2581 4216 2611 4276 ἦ
2650 4214 2769 4296 ὄναρ
2811 4217 3228 4290 ἀμφισϐητεῖται·
3263 4219 3352 4270 καὶ
3395 4215 3458 4275 δὴ

1849 4305 1968 4363 ἴσου
1996 4304 2140 4368 ὄντος
2174 4317 2265 4364 τοῦ
2298 4310 2491 4388 χρόνον
2523 4307 2576 4364 ὃν
2607 4309 2930 4383 καθεύδομεν,
3053 4312 3405 4389 ἐγρηγόραμεν
3437 4351 3453 4374 ,

1851 4402 1899 4454 ἐν
1945 4401 2170 4477 ἐκατέρῳ
2211 4401 2531 4476 διαμάχεται
2575 4407 2714 4476 ἡμῶν
2742 4407 2772 4462 ἡ
2802 4405 2990 4476 ψυχὴ,
3021 4406 3088 4460 τὰ
3123 4406 3458 4478 ἀεὶπαρόντα

1851 4493 2082 4568 δόγματα
2105 4500 2300 4560 παντὸς
2327 4499 2510 4570 μᾶλλον
2537 4494 2661 4553 εἶναι
2691 4499 2862 4559 ἀληθῆ’
2907 4501 3035 4560 ὦςτε
3059 4497 3174 4554 ἴσον
3200 4503 3290 4572 μὲν
3325 4501 3460 4574 χρό-

1850 4611 1931 4643 νον
1971 4588 2093 4645 τὰδι
2152 4594 2308 4663 φαμέν
2355 4589 2478 4647 ὄντα
2517 4587 2659 4655 εἶναι,
2691 4590 2805 4647 ἴσον
2850 4591 2904 4646 δὲ
2944 4594 3119 4646 ἐκεῖνα⁶
3153 4597 3237 4647 καὶ
3277 4593 3463 4665 ὁμοίως

1775 4662 1829 4732 Ῐ)
1855 4682 1924 4755 ἐφ’
1949 4683 2204 4759 ἑκατέροις
2253 4683 2686 4760 διῐσχυριζόμεθα
2722 4681 2900 4753 (Plato
2927 4685 2979 4736 in
3007 4681 3228 4748 Thalen,
3265 4662 3389 4739 tom.
3420 4701 3459 4752 l,

1855 4793 1906 4843 p.
1929 4776 2072 4844 15:8).
2106 4774 2255 4829 Vides
2271 4794 2392 4846 ergo
2413 4793 2563 4846 quam
2589 4794 2689 4831 non
2713 4775 2930 4847 difﬁcile
2944 4778 3008 4831 sit
3033 4777 3128 4829 huc
3146 4777 3208 4830 de
3225 4793 3280 4830 re
3299 4776 3464 4830 ambi-

1854 4885 1988 4939 gere,
2019 4871 2223 4936 quando
2247 4871 2448 4940 quidem
2475 4869 2607 4924 illud
2633 4871 2908 4942 ambigitur
2932 4881 3103 4923 utrum
3127 4887 3205 4923 res
3235 4886 3352 4923 vera
3373 4871 3461 4938 sil,

1855 4979 1921 5014 an
1959 4963 2268 5015 insomnium
2294 4981 2311 5027 ;
2337 4977 2381 5017 et
2404 4981 2517 5017 cum
2544 4967 2740 5036 aequale
2764 4967 2828 5019 sit
2868 4975 3068 5035 tempus
3088 5007 3102 5024 ,
3137 4982 3237 5030 quo
3269 4964 3465 5021 dormi-

1857 5071 1990 5115 mus,
2011 5057 2057 5108 ei
2078 5071 2176 5123 quo
2193 5056 2479 5125 vigilamus,
2497 5058 2549 5110 in
2566 5069 2781 5125 utroque
2808 5060 3008 5110 animus
3026 5067 3198 5111 noster
3212 5058 3458 5127 decertat,

1859 5157 2132 5216 prmentes
2158 5149 2435 5202 sententias
2477 5151 2687 5204 omnino
2715 5167 2861 5204 veras
2902 5167 3010 5203 esse
3039 5165 3056 5202 :
3088 5166 3252 5218 quare
3284 5152 3472 5220 (εφαιιὶ

1857 5255 2079 5314 tempore
2101 5247 2209 5297 lites
2229 5258 2335 5296 esse
2350 5243 2748 5312 affirmabimus,
2780 5243 2966 5313 (aquati
2992 5258 3108 5296 vero
3136 5243 3249 5309 illa,
3270 5251 3316 5295 et
3345 5260 3464 5312 per-

1854 5350 1996 5404 azque
2025 5335 2088 5388 de
2109 5337 2334 5398 utrisque
2363 5351 2468 5387 rem
2498 5337 2885 5390 constituemus.

1929 5427 2111 5498 Neque
2133 5429 2302 5496 magis
2327 5437 2512 5482 notum
2537 5439 2640 5495 est,
2667 5429 2740 5482 ait
2765 5429 3058 5494 Arnobius,
3091 5439 3271 5485 utrum
3305 5449 3324 5482 r
3352 5431 3462 5488 Ra-

1858 5521 2070 5575 diorum
2120 5532 2174 5577 et
2218 5522 2440 5577 luminis
2473 5522 2775 5577 intentione
2805 5520 3122 5589 videamus,
3163 5538 3233 5578 an
3282 5539 3464 5581 rerum

1860 5613 2122 5683 imagines
2175 5616 2470 5682 advolent,
2527 5625 2583 5670 et
2623 5617 2822 5669 nostris
2864 5613 2916 5666 in
2961 5613 3181 5682 pupillis
3224 5615 3401 5670 sidant
3441 5638 3462 5671 ι

1861 5707 2100 5779 (Arnob.,
2125 5708 2299 5778 ibid.).
2333 5707 2630 5763 Variabant
2650 5705 2928 5761 enimvero
2950 5716 3012 5756 ea
3036 5704 3106 5760 de
3137 5722 3197 5762 re
3229 5706 3474 5776 philoso-

1860 5803 2087 5874 phorum
2110 5803 2415 5868 sententiae,
2439 5817 2576 5872 quas
2597 5801 2664 5856 A.
2694 5795 2900 5851 Gellius
2922 5800 3211 5865 perspicue
3239 5799 3322 5854 his
3349 5810 3483 5851 ver-

1857 5902 1943 5959 bis
1973 5899 2206 5970 explicat
2235 5912 2253 5952 :
2286 5915 2305 5949 t
2342 5897 2512 5954 Stoici
2527 5907 2718 5953 causas
2744 5887 2958 5947 videndi
2987 5887 3094 5953 has
3116 5908 3234 5954 esse
3254 5889 3458 5950 dicunt
3484 5929 3504 5961 ,

678 4641 970 4682 ARTICULUS
1001 4640 1206 4679 PBDIUS.

161 4738 302 4800 Quam
320 4755 466 4804 pauca
492 4742 636 4791 homo
656 4743 795 4800 sciat,
820 4745 964 4804 eique
990 4755 1100 4789 esse
1122 4743 1480 4804 incompertum
1500 4741 1617 4801 quid
1640 4743 1746 4803 ipse

218 4808 292 4860 sit.
311 4803 546 4869 Quomodo
567 4813 619 4854 et
641 4805 835 4867 quando
850 4803 1199 4869 sintinsomnia
1223 4818 1234 4863 ;
1255 4803 1746 4869 quomodoliatvisio,

220 4878 266 4918 et
288 4865 348 4929 sa}
369 4883 424 4918 or
450 4865 780 4931 percipiatur;
806 4881 892 4915 cur
920 4866 1001 4928 pili
1026 4874 1303 4920 canescant,
1329 4872 1381 4914 et
1403 4865 1566 4914 oleum
1594 4866 1748 4931 liquo-

221 4931 343 4979 ribus
367 4930 460 4979 nnn
484 4933 775 4980 misceatur;
801 4943 888 4978 cur
912 4931 1104 4977 animus
1145 4931 1191 4977 in
1229 4931 1379 4988 :egris
1416 4931 1479 4976 sit
1514 4941 1671 4990 aeger,
1698 4930 1749 4977 in

221 4992 319 5041 aliis
340 4994 558 5053 stolidus,
589 5000 669 5040 aut
695 4993 912 5051 delirus;
941 4998 990 5039 et
1013 4993 1124 5053 quis
1149 4993 1358 5053 partium
1394 4994 1546 5040 nostri
1573 5003 1748 5052 corpo-

223 5058 282 5104 ris
301 5059 434 5114 situs,
460 5067 516 5103 ac
531 5057 762 5119 quorSum
796 5055 900 5103 inec
924 5056 1174 5104 Arnobius
1193 5055 1392 5103 dixerit.

235 5159 298 5214 Ea
323 5171 434 5215 erat
458 5161 800 5216 ethnicorum
826 5161 1026 5215 insulsa
1051 5161 1205 5230 plane
1229 5157 1430 5230 opinio,
1456 5176 1556 5229 qua
1580 5159 1750 5214 chris-

172 5253 325 5308 tianos
365 5267 550 5308 omnes
596 5253 844 5308 indoctos
871 5255 1089 5306 omnino
1119 5296 1133 5317 ,
1170 5255 1364 5308 idiotas
1391 5297 1404 5320 ,
1438 5262 1492 5306 et
1521 5252 1750 5307 illitera-

173 5351 262 5410 tos,
310 5354 365 5400 ut
417 5346 648 5400 vidimus
671 5345 914 5415 (Dissert.
943 5347 996 5398 in
1021 5345 1241 5410 Μίνωα,
1273 5363 1388 5414 cap.
1417 5347 1471 5411 5,
1505 5355 1604 5398 art.
1639 5345 1704 5414 1)
1735 5387 1750 5411 ,

173 5452 230 5491 se
267 5455 386 5495 vero
439 5440 585 5494 omni
651 5442 997 5494 scientiarum
1053 5456 1249 5509 genere
1304 5440 1752 5495 inStructissimos

178 5544 282 5588 esse
324 5547 427 5588 tam
476 5533 612 5589 falso
643 5575 658 5599 ,
703 5550 863 5603 quam
893 5533 1151 5588 audacter
1179 5533 1541 5588 venditabant.
1575 5533 1753 5590 Variis

183 5622 339 5698 itaque
390 5631 658 5698 rationum
703 5626 1060 5683 ﬁrmamentis
1087 5643 1278 5681 vanam
1326 5628 1468 5682 illam
1513 5639 1752 5683 ostenta-

190 5719 358 5775 tionem
391 5723 656 5778 Arnobius
690 5731 877 5777 noster
909 5719 1144 5777 retundit
1166 5720 1515 5793 (Arnob.,lib.
1547 5738 1604 5787 ιι,
1631 5740 1750 5794 pag.

188 5811 264 5884 ιδ)
289 5858 302 5880 ,
328 5833 385 5870 ac
416 5819 658 5886 proterit.
693 5816 842 5873 Unde.
893 5817 1036 5870 enim
1063 5859 1078 5882 ,
1114 5815 1285 5887 inquit
1311 5859 1326 5882 ,
1361 5816 1448 5871 illa
1476 5815 1700 5884 gloratio
1727 5817 1752 5870 ἲ

193 5901 310 5965 Num
333 5911 448 5981 quia
469 5912 630 5968 verba
658 5918 714 5967 et
760 5907 978 5967 nomina
1003 5925 1098 5983 per
1114 5925 1272 5970 casus
1301 5925 1364 5966 ac
1384 5919 1626 5978 tempora
1653 5906 1752 5962 de-
