3872 6346
146 356 241 417 665

1373 357 1439 414 IN
1481 357 1859 426 ABNOBIUM,
1900 358 2056 417 CAP.
2098 359 2265 418 XXV.

3331 348 3438 409 666

146 485 195 532 et
217 475 491 533 discordiis
519 476 690 548 petito
710 474 1044 533 demonstrat
1073 474 1311 549 (Arnob.,
1344 476 1381 531 ι.
1410 492 1469 543 ιι,
1494 496 1549 548 p.
1580 477 1697 543 £8).
1730 477 1787 542 Α
1811 479 2053 551 ptibilcm
2100 486 2470 536 asseruerunt.
2508 475 2682 541 Hunc,
2732 475 2777 531 si
2827 475 2979 533 lubet
2999 515 3014 543 ,
3067 474 3221 547 plura
3246 473 3428 532 disse-

148 569 273 625 Dnm
302 568 442 623 enim
472 567 659 624 hostili
713 570 1009 640 pervicacia
1066 572 1207 625 inter
1252 585 1313 626 se
1343 570 1727 641 digladiantur,

156 660 273 717 dum
317 661 453 717 alter
474 660 701 717 alterius
736 662 956 717 decreta
996 678 1061 719 ac
1102 662 1295 733 placita
1348 662 1655 727 labefactat,
1677 670 1735 718 et

157 753 406 819 destruit,
436 751 523 807 bis
557 751 985 809 dissensionibus
1011 764 1203 809 cuncta
1230 752 1476 809 fecerunt
1502 757 1728 820 incerta,

156 858 203 902 et
231 846 354 900 nihil
386 860 446 902 se
471 858 623 902 certo
655 849 799 902 scire
824 847 1065 915 potuisse
1090 849 1247 917 plane
1271 858 1725 903 commonstrant.

162 942 444 999 Enimvero
476 942 766 1014 unicuique
799 953 1111 1013 argumenta
1136 958 1247 997 non
1286 942 1503 1008 desunt,
1534 942 1735 1012 quibus

151 1036 463 1090 sententiam
495 1051 646 1090 suam
674 1045 883 1091 asserat
931 1051 994 1091 ac
1042 1045 1257 1091 tueatur
1285 1033 1473 1108 (Ibid.,
1501 1052 1557 1104 p.
1586 1033 1657 1089 82
1686 1044 1733 1088 et

154 1130 330 1199 κῃ).
360 1129 435 1183 Ea
467 1138 648 1189 autem
679 1128 802 1199 quia
836 1128 1213 1199 probabilitate
1243 1144 1338 1183 sua
1388 1143 1493 1181 non
1522 1134 1731 1189 carent,

155 1218 268 1273 inde
292 1218 545 1284 elﬁcitur,
577 1231 636 1275 ut
666 1235 855 1276 verum
881 1237 909 1273 ει
942 1219 1079 1276 falso
1103 1220 1338 1276 discerni
1371 1228 1623 1290 nequeat,
1651 1226 1736 1273 at-

150 1329 245 1384 que
269 1313 474 1371 idcirco
504 1314 611 1371 illis
636 1314 890 1388 ambigua
910 1326 966 1372 et
990 1316 1221 1371 obscura
1252 1317 1362 1371 sint
1387 1316 1587 1369 omnia.

218 1408 455 1463 Primum
487 1409 668 1481 itaque
715 1420 908 1466 auctor
950 1419 1134 1467 noster
1162 1411 1234 1465 ob
1277 1409 1516 1465 omnium
1550 1408 1738 1463 oculos

148 1502 285 1572 ponit
310 1501 557 1558 diversas
580 1502 1027 1577 philosophorum
1051 1504 1120 1559 de
1150 1504 1336 1568 primis
1379 1518 1561 1558 rerum
1592 1501 1737 1573 prin—

148 1595 290 1664 cipiis
330 1595 615 1665 opiniones
662 1596 850 1671 (lbid.,
905 1616 958 1669 p.
987 1599 1104 1671 48).
1128 1598 1175 1653 Α
1203 1595 1430 1653 Thalete
1479 1608 1535 1652 et
1563 1596 1739 1652 Hera.

146 1688 267 1743 clito
296 1688 528 1754 orditur,
572 1690 661 1758 qui
695 1692 921 1761 primam
953 1706 1133 1747 rerum
1179 1692 1448 1761 originem
1463 1690 1651 1760 ignem
1684 1698 1741 1744 et

147 1795 351 1849 aquam,
382 1782 844 1853 quemadmodum
874 1784 1210 1856 Pythagoras
1238 1799 1516 1850 numeros,
1544 1784 1739 1838 consti-

1836 586 2043 631 rentem
2101 573 2347 641 consule,
2397 582 2453 629 et
2511 571 2796 643 ipsiusmet
2837 569 3078 625 Platonis
3131 568 3319 629 libros.
3347 567 3439 628 ubi

1836 669 1977 725 hanc
2003 670 2329 725 sententiam
2357 682 2699 739 propugnare
2720 676 2952 721 conatus
2967 676 3049 720 est
3069 662 3436 738 (Plat..Tim.,

1839 775 1878 817 t.
1913 780 1951 831 t,
1983 782 2037 832 p.
2066 764 2136 820 59
2162 779 2175 825 ;
2201 775 2245 817 et
2269 761 2511 831 Pqudr.,
2542 780 2594 833 ρ.
2634 761 2765 827 244,
2794 776 2856 815 ac
2886 770 3011 815 tom.
3043 774 3125 826 ttt,
3151 756 3435 825 Phaedrum,

1837 878 1889 931 p.
1922 860 1992 915 99
2022 870 2067 913 et
2101 857 2250 931 106).

1909 953 2049 1021 Quid
2080 952 2279 1023 plura?
2308 950 2639 1017 Carneades,
2668 962 2723 1007 et
2766 949 3063 1015 Arcesilas,
3094 964 3190 1005 seu
3216 946 3406 1005 Arcesi

1839 1047 1979 1113 laus,
2022 1057 2078 1102 et
2108 1046 2411 1101 Academiae
2454 1045 2705 1101 secundae
2737 1060 2798 1099 ac
2832 1046 3005 1100 tertiae
3057 1045 3315 1108 cultores,
3345 1057 3441 1097 au.

1840 1140 2028 1195 dacter
2052 1126 2398 1195 afﬁrmabant
2426 1140 2609 1193 omnia
2643 1138 2843 1193 involvi
2868 1136 3223 1193 obscuritatis
3255 1136 3435 1191 maxi-

1842 1250 1943 1288 mae
1970 1234 2191 1289 latebris
2216 1275 2231 1299 ,
2263 1243 2317 1289 et
2347 1232 2479 1287 nihil
2506 1248 2667 1304 pos.~e
2694 1230 3107 1302 comprehendi.
3138 1229 3443 1300 Utrumque

1841 1343 2005 1400 porro
2045 1327 2383 1383 Carneadem
2435 1338 2487 1383 et
2530 1326 2831 1383 Arcesilam
2863 1325 3066 1382 schola:
3118 1323 3445 1379 academica:

1840 1432 2163 1491 sectatores,
2216 1432 2270 1479 et
2317 1422 2476 1493 hujus
2526 1422 2799 1493 Opinionis
2854 1420 3174 1477 defensores
3222 1418 3443 1474 fttissea

1842 1516 1997 1570 nobis
2041 1516 2094 1570 in
2140 1518 2409 1587 superiori
2457 1517 2763 1585 Apparatus
2809 1516 2978 1569 nostri
3028 1526 3174 1568 tomo
3216 1512 3446 1569 demon-

1842 1618 2070 1664 stratum
2101 1620 2185 1665 est
2208 1609 2400 1683 (Μήτι,
2421 1630 2473 1683 p.
2494 1604 2630 1666 1151
2662 1620 2706 1665 ει
2729 1608 2915 1682 seqq.).
2947 1608 3107 1663 Plura
3128 1607 3197 1661 de
3214 1615 3443 1677 utroque

1844 1704 1897 1759 in
1929 1707 2045 1759 suis
2074 1706 2507 1762 acadetuicarunt
2533 1706 2895 1775 qumstiouunt
2930 1703 3082 1758 libris
3112 1700 3323 1767 Cicero,
3353 1699 3446 1755 ubi

1844 1798 2040 1852 scribit
2068 1798 2401 1853 Carneadem
2430 1810 2661 1867 quatuor
2678 1796 3056 1866 composuisse
3077 1794 3146 1849 de
3173 1792 3447 1847 sustineo-

149 1880 377 1934 luebant.
406 1879 517 1936 Sed
550 1880 619 1937 de
648 1882 732 1936 his
756 1881 867 1952 jam
896 1882 1295 1952 disputavimus
1317 1887 1378 1951 (t.
1408 1899 1424 1937 t
1456 1883 1737 1952 Apparat.,

1855 1891 1931 1946 dis
1972 1893 2382 1947 assensiontbus
2430 1891 2666 1954 liberos,
2725 1890 2966 1959 nihilque
3020 1885 3193 1941 fuisse
3222 1883 3363 1956 quod
3395 1883 3447 1938 ei

146 1988 193 2040 ρ.
212 1972 310 2027 451
332 1983 378 2027 et
390 1990 529 2045 seqq.
544 2016 556 2036 ,
576 1990 637 2027 ac
651 1973 868 2029 Dium.
886 1992 1083 2042 rupem.
1106 1976 1217 2029 inc.
1239 1976 1293 2037 4,
1309 1986 1409 2030 art.
1432 1976 1486 2047 1)
1535 1974 1736 2031 Ultimo

142 2073 307 2119 autem
334 2065 461 2121 huic
493 2066 813 2138 philosopho
830 2067 1103 2123 Arnobius
1124 2068 1440 2138 Archytam,
1463 2068 1607 2123 haud
1631 2069 1734 2123 du-

144 2156 222 2212 bie
245 2156 621 2224 Tarentinum,
656 2172 803 2216 recte
828 2161 1134 2231 conjunxit.
1163 2160 1295 2215 Nam
1325 2175 1381 2216 ιιι
1413 2179 1479 2217 ex
1513 2162 1737 2217 Laertio

144 2247 389 2306 discimus
416 2268 429 2304 :
458 2250 849 2323 Pythagoricus
880 2262 934 2308 et
958 2251 1073 2322 ipse
1107 2251 1242 2308 fuit:
1272 2255 1616 2331 Πυθαγόρικος
1647 2260 1736 2311 καὶ

144 2342 309 2404 ἁντός.
340 2343 525 2398 Alium
557 2352 750 2399 testem
792 2346 837 2399 si
889 2346 1154 2415 postules,
1200 2347 1356 2402 adest
1394 2348 1610 2413 Cicero,
1644 2348 1736 2418 qui

143 2431 249 2489 haec
274 2434 343 2490 de
376 2435 473 2491 illo
503 2448 769 2493 memorat
795 2455 809 2492 :
843 2456 863 2490 ι
903 2438 1185 2495 Platonem
1221 2440 1421 2507 lerunt,
1450 2454 1509 2497 ut
1539 2441 1738 2513 Pytha-

141 2544 321 2601 goreos
346 2543 732 2605 cognosceret,
762 2534 817 2589 iu
864 2532 1069 2590 Italiam
1096 2536 1332 2599 venisse,
1356 2545 1410 2591 et
1438 2537 1491 2591 in
1520 2550 1583 2590 ea
1612 2551 1737 2591 cum

141 2626 264 2682 alios
302 2631 533 2693 multos.
574 2641 687 2686 tum
744 2634 1079 2704 Archytam,
1130 2629 1502 2703 Timreumqne
1534 2646 1738 2701 cegno-

140 2722 292 2787 viSse,
319 2732 373 2777 et
401 2722 663 2780 didicisse
691 2724 1027 2797 Pythagorea
1060 2728 1239 2779 omnia
1274 2744 1291 2776 ι
1325 2723 1567 2796 (Arnob..
1604 2725 1641 2779 ι.
1676 2742 1732 2793 ιι,

145 2832 192 2885 p.
234 2816 341 2883 £8;
385 2816 595 2883 Laert.,
626 2820 666 2873 ι.
700 2837 753 2875 ιιι
780 2820 843 2874 de
886 2818 986 2873 Vit.
1018 2829 1065 2873 et
1096 2816 1272 2889 dogm.
1315 2819 1529 2886 philos.,
1566 2819 1594 2892 ς
1622 2819 1691 2877 79
1722 2836 1736 2885 ;

142 2911 320 2981 ϐίαι,
354 2913 580 2972 Tuscul.
615 2933 653 2980 ι,
682 2934 736 2988 p.
769 2914 917 2989 121).

206 3004 335 3061 Τιιιιι
358 3008 562 3064 deinde
595 3011 867 3065 Arnobius
893 3010 969 3065 ait
992 3010 1310 3079 Epicurum,
1340 3008 1738 3075 Democritum,

145 3108 194 3154 et
230 3099 626 3169 Metrodorum,
660 3117 892 3173 quorum
938 3104 1265 3159 sententiam
1291 3145 1305 3169 ,
1360 3103 1524 3157 tacito
1548 3117 1741 3157 eorum

147 3195 380 3261 nomine,
404 3196 557 3267 prius
586 3196 871 3262 retulerat,
905 3196 1143 3251 sensisse
1173 3196 1401 3265 primatu
1430 3209 1613 3249 rerum
1635 3192 1744 3247 ori-

1847 1988 2170 2057 probaretur
2220 1982 2435 2058 (Cicer.,
2487 1986 2525 2038 ι.
2574 1999 2625 2037 tv
2655 1984 2895 2036 Acudem.
2930 1991 3137 2051 quassu,
3198 1997 3251 2048 p.
3290 1976 3363 2032 29
3402 1984 3449 2029 et

1845 2080 1960 2153 57).
1996 2079 2268 2134 Arcesilas
2299 2092 2449 2145 vero,
2484 2078 2559 2131 uti
2608 2077 2699 2131 ille
2745 2076 2921 2130 adhuc
2962 2082 3184 2129 narrat:
3224 2091 3244 2125 ι
3278 2070 3450 2140 Nega—

1844 2173 2079 2227 batcsse
2109 2172 2399 2243 quidquam
2431 2171 2580 2243 quod
2628 2171 2755 2225 sciri
2789 2179 2991 2235 posset.
3032 2184 3102 2223 ne
3150 2164 3284 2221 illud
3323 2164 3446 2236 qui-

1844 2265 1968 2321 dem
2024 2266 2222 2334 ipsutn,
2250 2266 2393 2337 quod
2427 2265 2684 2321 Socrates
2712 2264 2811 2319 sibi
2843 2263 3173 2333 reliquisset.
3205 2260 3294 2316 Sic
3334 2274 3451 2314 om-

1846 2368 1933 2421 nia
1982 2368 2152 2421 latere
2195 2365 2463 2421 censebant
2495 2364 2571 2436 (id
2601 2375 2685 2420 est
2716 2364 3047 2430 academici,
3093 2362 3228 2419 alias
3270 2374 3451 2419 tamen

1846 2461 2099 2527 censebat,
2136 2471 2260 2531 puta
2284 2459 2581 2527 Arcesilas)
2600 2459 2652 2513 in
2681 2458 2919 2519 occulto,
2939 2473 3114 2527 neque
3141 2472 3264 2513 esse
3291 2456 3453 2527 quidc

1845 2572 2032 2628 quam,
2051 2556 2193 2625 quod
2222 2556 2370 2611 cerni
2395 2564 2488 2610 aut
2515 2554 2742 2624 intelligi
2775 2551 2982 2622 possit:
3017 2552 3211 2620 quibus
3238 2551 3306 2606 de
3327 2566 3454 2606 cauo

1846 2650 1922 2705 sis
1952 2649 2089 2704 nihil
2120 2660 2373 2719 oportere
2426 2660 2604 2719 neque
2637 2645 2881 2717 proﬁteri
2902 2686 2915 2707 ,
2972 2660 3149 2715 neque
3178 2644 3453 2700 afﬁrmare

1847 2758 2178 2816 quemquam
2201 2785 2217 2809 ,
2251 2758 2427 2813 neque
2453 2742 2758 2797 assertione
2805 2740 3057 2811 probare,
3088 2739 3454 2810 cohibereque

1846 2852 2087 2907 semper,
2124 2846 2181 2891 et
2234 2836 2302 2891 ab
2354 2836 2502 2890 omni
2560 2836 2711 2906 lapsu
2752 2834 3034 2888 continere
3068 2833 3452 2900 temeritatem,

1847 2948 1970 3003 quae
2003 2943 2113 2985 tum
2146 2940 2293 2986 esset
2322 2931 2569 3000 insignis,
2604 2946 2725 2983 cum
2758 2941 2850 2983 aut
2884 2929 3015 2982 falsa
3046 2940 3137 2982 aut
3186 2930 3457 3001 incognita

1850 3041 1938 3081 res
1967 3024 2395 3096 approbaretur;
2429 3040 2607 3096 neque
2628 3022 2730 3079 hoc
2757 3024 3048 3094 quidquam
3074 3038 3195 3079 esse
3225 3024 3455 3093 turpius,

1851 3137 2010 3189 quam
2044 3121 2343 3192 cognitioni
2389 3130 2444 3175 et
2472 3122 2807 3192 perceptioni
2864 3120 3220 3176 assertionem
3264 3135 3460 3191 appro-

1852 3215 2127 3271 bationem
2160 3230 2516 3286 praecurrere.
2552 3235 2570 3267 ι
2626 3215 2795 3270 Porro
2852 3228 3036 3270 autem
3076 3211 3375 3269 Carnendis
3406 3222 3461 3267 et

146 3288 311 3359 ginem
342 3304 468 3346 esse
520 3300 755 3358 atomos,
788 3306 885 3347 seu
936 3291 1212 3346 individua
1264 3305 1516 3361 corpora,
1548 3290 1743 3360 quibus

1855 3310 2114 3364 Arcesilae
2152 3309 2314 3362 vitam
2368 3307 2657 3379 descripsit
2696 3310 2946 3364 Laertius
2972 3307 3197 3381 (Laert.,
3239 3311 3278 3362 ι.
3311 3323 3363 3361 ιν
3398 3307 3461 3360 de

149 3381 455 3439 fabricatum
514 3385 684 3441 fuisse
731 3385 990 3441 mundum
1033 3386 1437 3441 Somniaverant
1479 3383 1739 3457 (Arnob.,

148 3480 180 3532 ι.
212 3496 279 3546 ιι,
310 3499 369 3552 p.
401 3480 474 3537 «18
496 3522 509 3544 ,
544 3492 590 3536 et
622 3482 661 3536 ι.
707 3497 744 3547 ι,
780 3499 833 3551 p.
863 3481 975 3551 18).
1009 3482 1079 3535 At
1103 3480 1171 3535 de
1204 3480 1286 3535 his
1315 3494 1531 3551 quoque
1572 3478 1745 3534 disse-

149 3578 381 3642 ruimus;
412 3575 556 3630 sicut
581 3584 637 3631 et
665 3574 733 3631 de
770 3574 1098 3639 Aristotele,
1128 3590 1284 3646 quem
1331 3583 1521 3629 auctor
1558 3580 1747 3628 noster

150 3670 273 3726 dixit
303 3670 696 3741 principalibus
720 3670 900 3725 causis
926 3670 1172 3742 quintum
1202 3668 1475 3724 addidisse
1505 3667 1746 3723 elemen—

152 3772 252 3818 tum
284 3764 346 3835 (t.
378 3780 395 3819 ι
421 3765 703 3835 Apparat.,
736 3780 789 3833 p.
817 3762 948 3828 455,
980 3762 1090 3817 456
1114 3772 1159 3815 et
1187 3760 1337 3831 770).

220 3861 321 3915 Alii
351 3874 483 3916 vero
505 3858 839 3931 philosophi,
872 3858 1065 3929 inquit,
1101 3856 1303 3927 opinati
1325 3864 1451 3912 sunt
1479 3856 1744 3910 mundum

158 3969 319 4022 neque
380 3962 590 4017 natum,
621 3968 800 4025 neque
854 3952 1177 4023 periturum,
1220 3962 1381 4022 atque
1434 3951 1569 4006 adeo
1622 3966 1745 4009 esse

158 4055 408 4103 :eteruum
442 4065 455 4100 :
492 4044 588 4101 alii
634 4062 665 4102 e
709 4045 982 4102 contrario
1030 4045 1293 4116 genitum.
1326 4052 1381 4099 et
1406 4044 1747 4113 periturum;

157 4132 239 4186 alii
262 4149 328 4188 ex
350 4142 606 4205 quatuor,
634 4132 725 4186 alii
757 4146 822 4188 ex
860 4130 1205 4201 paucioribus
1230 4131 1427 4185 factum
1460 4130 1749 4185 elementis

158 4226 385 4299 (Arnob.,
430 4227 466 4281 ι.
496 4242 557 4289 ιι.
591 4245 644 4295 p.
665 4224 785 4296 82).
809 4224 919 4279 Nos
946 4233 1127 4278 autem
1157 4224 1225 4278 de
1252 4223 1335 4277 his
1364 4223 1596 4277 diversis
1622 4224 1747 4292 phi-

159 4318 497 4392 losophorum
524 4318 762 4389 placitis,
792 4327 953 4388 atque
976 4331 1166 4371 eorum
1212 4316 1456 4385 patronis
1479 4324 1535 4371 et
1562 4325 1750 4370 aucto-

158 4412 316 4480 ribus,
358 4428 481 4469 cum
512 4411 652 4467 locis
680 4410 892 4474 citatis,
922 4419 1035 4464 tunt
1089 4409 1213 4464 alibi
1259 4410 1467 4481 egimus
1512 4408 1573 4480 (t.
1606 4409 1749 4479 ιΑρ-

160 4517 339 4575 ραηιι..
366 4507 466 4561 ioc.
497 4506 611 4571 cit.,
642 4522 696 4574 p.
730 4503 921 4575 1117).

225 4598 304 4653 Ad
359 4598 477 4655 haic
521 4606 705 4653 autem
757 4596 1065 4659 Panartius,
1112 4592 1471 4667 Chrysippus,
1503 4606 1558 4653 et
1602 4596 1750 4652 Zeno

163 4692 409 4748 mundum
441 4691 734 4763 aliquando
780 4688 1051 4756 arsurum,
1101 4690 1177 4743 ait
1204 4690 1510 4758 Arnobius,
1534 4706 1751 4748 asseve-

164 4798 362 4844 ratunt.
393 4788 704 4843 Stoicorum
757 4796 935 4841 autem
985 4794 1210 4848 sectam,
1242 4783 1397 4853 cujus
1442 4794 1631 4839 auctor
1655 4784 1755 4841 fuit

170 4880 328 4949 Zeno,
368 4882 444 4937 illi
472 4880 860 4952 sequebantur.
892 4879 1043 4948 Quod
1067 4878 1287 4949 quidem
1312 4887 1368 4933 et
1392 4878 1753 4946 ostendimus,

166 4983 218 5029 et
254 4988 509 5032 assertum
559 4975 628 5031 ab
656 4974 737 5035 eis
781 4973 945 5029 fuisse
989 4972 1057 5029 de
1101 4970 1288 5027 mundi
1334 4970 1757 5043 conﬂagratione

170 5072 467 5139 opinionem
513 5072 622 5142 jam
673 5068 1151 5124 animadvertimus
1202 5067 1367 5137 (tom.
1414 5082 1431 5121 t
1474 5067 1755 5138 Apparat.,

169 5182 219 5234 p.
250 5168 401 5234 “‘25,
433 5167 579 5223 1145
608 5177 662 5222 et
693 5165 875 5236 1117).

236 5263 497 5320 Przcterea
576 5263 768 5327 Plato,
817 5262 954 5316 sicut
1010 5270 1199 5317 auctor
1255 5269 1441 5316 uoster
1492 5260 1753 5331 loquitur,

177 5376 194 5406 ι
225 5358 447 5413 animam
479 5356 692 5423 dividit,
726 5366 782 5411 et
813 5356 1177 5426 incorporales
1207 5354 1486 5411 constituit
1518 5354 1751 5409 formas»

174 5452 397 5515 (Ατιιοιιη
448 5453 487 5506 ι.
543 5467 601 5517 ιι,
659 5469 711 5521 p.
752 5449 872 5520 48).
906 5449 1056 5511 Nam,
1085 5460 1140 5502 ut
1194 5448 1328 5504 scite
1375 5448 1761 5503 animadvertit

179 5545 535 5603 Theodoretus
570 5534 814 5602 imam»
861 5549 940 5599 καί
988 5546 1296 5619 Πυθαγόρας,
1329 5547 1386 5599 τὸ
1430 5549 1518 5617 μὲν
1569 5546 1760 5619 λογικὸν

181 5642 320 5702 αὐτῆς
347 5640 595 5719 ἄφθαρτον
640 5635 785 5704 εἶναι,
827 5642 1035 5717 φθαρτόν
1065 5638 1118 5694 δέ
1144 5641 1202 5694 τὸ
1233 5636 1411 5713 ἅ).ογον
1452 5638 1759 5717 (Tlteodor.,

184 5747 321 5787 term.
358 5736 411 5799 5,
435 5736 499 5790 de
545 5733 672 5789 Nat.
724 5735 891 5799 ltom.,
921 5744 1043 5788 tam.
1076 5749 1153 5799 tv,
1180 5750 1301 5803 pag.
1338 5734 1495 5800 546).
1523 5732 1678 5788 Plato
1708 5744 1767 5787 et.

188 5823 495 5902 Pythagoras
540 5830 865 5889 rationalem
919 5827 1137 5901 quidem
1186 5827 1383 5884 anima:
1438 5838 1645 5899 partem
1678 5828 1765 5883 in-

190 5925 569 5996 comtptibilem
600 5940 748 5995 esse,
779 5937 901 5998 quae
931 5932 1111 5984 autem
1141 5922 1353 5982 ratione
1378 5931 1547 5991 caret,
1575 5936 1763 5979 corru-

1858 3400 1965 3458 νὴ.
1986 3413 2035 3457 et
2058 3402 2233 3474 dogm.
2257 3403 2547 3473 philosop.,
2579 3403 2606 3474 §
2635 3401 2707 3457 28
2735 3413 2778 3457 et
2800 3419 2961 3472 δεῖμα..
2982 3412 3026 3456 et
3053 3402 3079 3472 §
3104 3402 3173 3456 62
3200 3410 3246 3456 et
3271 3401 3456 3472 seqq.).

1926 3497 2174 3569 Denique
2228 3514 2334 3552 non
2384 3497 2560 3567 major
2590 3508 2705 3553 erat
2736 3497 3079 3552 ethnicorum
3115 3496 3183 3551 de
3212 3495 3463 3566 ipsismet

1849 3588 1957 3645 diis
1986 3591 2102 3644 suis
2134 3604 2455 3644 consensus.
2490 3589 2669 3660 Aliqui
2712 3589 2879 3653 enim,
2936 3588 3107 3659 inquit
3164 3587 3458 3656 Arnobius,

1850 3698 1947 3739 eos
1973 3684 2239 3739 exsistere
2273 3683 2563 3751 negabant,
2599 3684 2688 3738 alii
2736 3682 3097 3748 dubitabant,
3128 3682 3216 3736 alii
3250 3696 3462 3737 assere-

1854 3775 2007 3842 bant,
2038 3775 2127 3829 alii
2162 3774 2397 3830 humana
2430 3777 2498 3829 ab
2550 3775 2616 3830 iis
2670 3775 3034 3831 adminiStrari
3067 3775 3341 3839 dicebant,
3373 3774 3463 3829 alii

1852 3872 2251 3929 inliciabantur.
2296 3873 2363 3925 At
2394 3870 2461 3927 de
2506 3871 2670 3925 variis
2704 3870 2853 3925 hisce
2880 3868 3249 3939 opinionibus,
3280 3879 3335 3924 et
3364 3883 3459 3923 su-

1853 3982 1948 4037 pra
1974 4009 1989 4033 ,
2044 3975 2205 4036 atque
2251 3966 2413 4021 etiam
2466 3965 2518 4019 in
2551 3965 2728 4035 primo
2757 3964 2928 4019 nostri
2978 3964 3287 4035 Apparatus
3314 3973 3462 4037 tonio

1852 4064 2210 4119 disseruimus
2264 4062 2506 4134 (Arnob.,
2540 4064 2578 4117 ι.
2614 4078 2672 4129 ιι,
2701 4079 2753 4132 p.
2789 4061 2893 4126 82;
2919 4078 3095 4133 ευριπ,
3121 4078 3167 4115 c.
3188 4060 3243 4128 9,
3273 4071 3372 4115 art.
3408 4062 3462 4127 1;

1854 4170 1977 4214 ιοηι.
2007 4177 2021 4215 ι
2044 4162 2316 4231 Apparat.,
2345 4159 2379 4213 l.
2407 4173 2489 4227 ιιι,
2514 4157 2717 4212 dissert.
2744 4157 2796 4224 i',
2817 4173 2862 4210 ε.
2882 4153 2918 4209 2
2945 4164 2991 4210 et
3014 4171 3176 4227 seqq.,
3206 4172 3257 4226 ρ.
3284 4153 3383 4210 781
3411 4165 3468 4211 et

1853 4256 2044 4327 seqq).

1908 4275 2127 4407 qlatfltas
2156 4352 2292 4406 alias
2317 4349 2650 4422 quaestiones
2676 4355 2964 4403 enumerat
3000 4343 3287 4408 Arnobius,
3312 4342 3467 4398 verbi

1853 4450 2047 4519 gratia,
2082 4447 2225 4503 unde
2254 4455 2451 4501 ventus
2495 4444 2721 4507 oriatur,
2748 4452 2801 4495 et
2833 4456 2929 4495 cur
2962 4438 3165 4495 salsum
3195 4438 3265 4493 sit
3294 4452 3463 4502 mare,
3557 4496 3561 4500 _

1855 4562 1978 4617 qua:
2008 4544 2077 4598 ab
2104 4540 2421 4596 hominibus
2463 4538 2601 4594 solvi
2634 4536 3009 4604 explicarique
3041 4539 3336 4603 nequeunt.
3374 4532 3467 4585 At-

1778 4683 1833 4745 D
1856 4657 1961 4712 que
2003 4656 2071 4695 ex
2102 4638 2188 4692 his
2216 4646 2271 4691 et
2310 4636 2522 4691 caeteris
2554 4633 2829 4698 omnibus,
2863 4646 2987 4702 quae
3014 4628 3216 4684 ethnici
3250 4628 3466 4697 ignora-

1861 4736 1874 4745 .
1977 4744 1983 4745 ,
2178 4732 2190 4745 .
2372 4731 2383 4745 .
2428 4730 2457 4741 ..
2516 4731 2527 4741 .
2877 4722 3256 4745 “Mhmnm
3283 4722 3465 4745 _M___,

1859 4736 2012 4801 bant,
2036 4731 2315 4789 concludit
2337 4731 2405 4785 ab
2428 4730 2492 4785 iis
2516 4728 2855 4799 iniquissime
2876 4722 3260 4781 verecundiam
3283 4722 3467 4777 vexari

1860 4834 2312 4896 Christianorum,
2342 4831 2432 4899 qui
2480 4843 2544 4884 ea
2590 4842 2807 4897 quoque
2835 4842 2905 4881 se.
2925 4827 3161 4889 nescire,
3190 4837 3291 4877 nec
3319 4822 3471 4877 inve-

1862 4932 2065 5001 stigare
2097 4927 2243 4983 velle
2272 4924 2417 4980 ultro
2470 4909 2778 4977 fatebantur
2806 4920 3050 4990 (Arnob.,
3078 4920 3116 4972 ι.
3149 4933 3207 4982 ιι,
3242 4934 3296 4985 p.
3326 4915 3396 4971 85
3422 4924 3470 4968 et

1862 5021 2053 5097 seqq.).
2077 5020 2331 5077 Christus
2358 5016 2503 5073 enim
2530 5030 2693 5069 verus
2723 5013 2819 5069 Dei
2849 5010 2995 5067 ﬁlius
3018 5011 3179 5082 jussit
3208 5010 3370 5063 hasce
3399 5007 3468 5062 li-

1863 5120 2109 5187 tigiosas,
2160 5124 2325 5183 atque
2376 5111 2741 5165 infructuoSas
2770 5105 3100 5176 quaestiones
3143 5111 3199 5156 et
3227 5101 3472 5170 disputa-

1866 5210 2045 5265 tiones
2078 5224 2107 5261 a
2132 5204 2415 5275 discipulis
2465 5203 2577 5256 suis
2628 5199 2862 5269 relinqui
2900 5205 2997 5263 ;ut
3022 5195 3088 5249 ad
3119 5208 3302 5250 rerum
3346 5210 3469 5247 oms

1868 5282 2015 5359 nium
2037 5301 2345 5361 Dominum,
2370 5307 2482 5352 tota
2505 5304 2706 5359 mente,
2733 5292 2910 5364 quoad
2940 5291 3057 5345 fieri
3087 5299 3279 5358 potest,
3309 5288 3473 5341 attol-

1870 5397 2073 5452 lantur.
2109 5395 2268 5463 eique
2323 5392 2657 5446 adhaereant.
2689 5387 2787 5441 llle
2818 5385 3096 5441 enimvero
3126 5382 3239 5450 ipse
3266 5388 3371 5446 est,
3401 5382 3471 5435 de

1869 5506 1978 5563 quo
2005 5490 2187 5544 nullus
2229 5490 2331 5543 nisi
2360 5500 2572 5550 amens,
2608 5493 2698 5537 aut
2727 5482 2886 5552 plane
2910 5476 3155 5547 stupidus
3184 5476 3345 5529 homo
3370 5474 3471 5529 du-

1868 5588 2043 5642 bitare
2070 5591 2253 5653 queat.
2299 5582 2367 5634 At
2408 5580 2560 5634 illum
2592 5576 2768 5629 solum
2815 5574 2955 5628 scire
3002 5569 3221 5643 sufﬁcit,
3254 5574 3311 5621 et
3349 5565 3471 5636 ejus

1869 5678 2109 5751 cognitio
2139 5674 2367 5731 scientia
2397 5684 2478 5729 est
2508 5663 2763 5725 maxima.
