3872 6346
411 295 519 357 667

975 425 1204 488 CAPUT
1243 429 1432 488 XXVI.

407 532 488 592 De
514 534 697 607 quibus
727 540 846 596 viris
900 544 1207 610 illustribus,
1241 547 1454 614 vatibus,
1487 550 1841 621 scriptoribus,
1875 568 2000 623 quos

478 631 737 689 Arnobius
761 636 953 704 citavit,
976 656 1036 694 ac
1066 643 1128 693 de
1157 641 1316 695 verbis
1343 642 1591 712 barbaris,
1621 645 1878 715 obsoletis,
1911 648 2001 702 ob-

479 727 667 789 scuris,
698 728 875 797 quibus
904 747 1026 785 usus
1046 741 1137 786 est.

921 864 1214 904 Αιιτιουιυε
1252 866 1461 906 PRIIUS.

402 956 792 1031 De_Py_thag_ora_2
820 964 916 1031 qui
925 966 978 1031 in
1005 964 1113 1031 fano
1161 975 1500 1031 concrematus
1524 970 1612 1019 fuit
1629 1005 1642 1027 ,
1668 971 1730 1019 de
1766 971 1999 1031 Socratis,

465 1021 727 1098 'i'réhouli,
757 1021 934 1098 Rgizuli
961 1035 1012 1098 et
1037 1029 1215 1098 Aquilii
1242 1034 1428 1082 crudeli
1453 1047 1604 1093 nece;
1630 1021 1686 1083 ac
1707 1033 1772 1083 de
1795 1021 2000 1098 quibus;

461 1084 778 1160 datnfnagis,
795 1087 1053 1160 _Zor_oastre
1079 1084 1390 1160 pergigneam
1416 1084 1794 1160 zonam'excito,
1813 1084 1880 1146 de
1897 1084 1998 1160 Ar-

462 1148 629 1224 menio
652 1146 889 1224 Zosti'iani
916 1146 1094 1224 nepote
1117 1195 1129 1208 .
1149 1146 1407 1224 Pamphilo
1431 1158 1571 1224 Cyri,
1598 1146 1872 1222 Apollonio,
1897 1158 1998 1208 Da-

461 1212 670 1274 migero,
697 1212 839 1274 Velo,
863 1212 1054 1266 Julia'no
1077 1226 1128 1267 et
1149 1212 1354 1270 Bebtilo.

479 1359 667 1419 Plures
716 1363 986 1423 Arnobius
1018 1372 1130 1426 suis
1174 1372 1225 1426 in
1261 1373 1411 1428 libris
1441 1375 1625 1430 citavit
1666 1385 1720 1431 et
1748 1374 1906 1430 lactis
1936 1385 1991 1432 et

418 1455 635 1523 scriptis
667 1457 900 1515 illustres
930 1463 1098 1524 viros.
1131 1479 1358 1534 quormn
1391 1468 1657 1539 exemplo,
1694 1469 1774 1523 vel
1807 1480 1995 1525 aucto-

413 1547 574 1604 ritate
603 1550 923 1609 documenta
973 1573 1064 1611 sua
1106 1566 1288 1614 tuetur
1314 1575 1375 1614 ac
1401 1561 1703 1616 conﬁrmat.
1735 1563 1840 1617 Sed
1872 1565 1995 1633 quia

409 1643 593 1697 multis
620 1644 783 1702 hosce
816 1649 982 1705 libros
1010 1651 1308 1720 legentibus
1331 1653 1542 1723 quidam
1563 1655 1775 1724 penitus
1803 1657 1994 1726 ignoti,

401 1741 457 1788 et
504 1734 596 1788 alii
646 1752 752 1792 non
790 1740 919 1794 satis
971 1743 1168 1812 cogniti
1213 1760 1332 1798 esse
1363 1754 1608 1814 possunt,
1640 1747 1816 1802 dehis
1842 1765 1994 1804 seor-

1655 314 2106 378 DISSERTATIO
2155 316 2318 380 PRE
2330 319 2440 380 VIA

2023 441 2076 501 Α
2171 438 2418 495 Socrates
2446 455 2677 511 quoque,
2710 439 2783 496 ait
2814 440 3103 508 Arnobius,
3141 461 3160 496 ι
3197 440 3433 500 civitatis
3463 457 3579 498 sua:
3600 444 3683 512 ju-

3595 320 3698 382 εδδ

2104 530 2248 587 dicio
2268 531 2574 600 damnatus,
2607 534 2819 605 capitali
2847 534 3073 591 allectus
3105 545 3187 592 est
3208 550 3366 608 pinna
3399 554 3418 587 ι
3447 537 3692 606 (Arnob.,

2104 627 2143 680 Ι.
2195 644 2230 692 ι,
2281 644 2334 698 ρ.
2365 628 2479 698 23).
2513 630 2581 683 At
2627 644 2746 684 eum
2777 646 2807 683 a
2838 629 3042 684 civibus
3094 631 3205 684 suis
3261 628 3686 685 Atheniensibus

2102 731 2276 775 morte
2300 720 2740 788 condemnatum,
2774 723 3003 777 cicutam
3050 722 3270 785 bibisse,
3303 722 3372 776 ab
3414 721 3698 788 scriptori-

2103 811 2201 866 bus
2235 811 2473 879 Laertio,
2500 813 2746 880 Platone,
2778 814 3008 883 aliisque
3048 813 3461 883 quamplurimis
3492 826 3700 866 memo-

2101 903 2194 958 rice
2249 903 2516 973 proditum
2567 915 2688 970 est;
2719 920 2926 976 nosque
2955 905 3022 961 de
3075 905 3220 960 illius
3264 921 3397 961 nece
3445 905 3695 975 qum-dam

2100 995 2228 1050 alibi
2284 997 2760 1054 animadvertimus
2806 999 3027 1070 (Laert.,
3080 999 3118 1051 ι.
3170 1015 3206 1052 ιι
3263 1001 3313 1052 in
3364 996 3470 1050 Vit.
3515 997 3695 1062 Socr.,

2103 1087 2259 1160 ἕης
2292 1088 2459 1153 Plat.,
2490 1092 2543 1145 in
2575 1089 2787 1155 Pliwd.,
2819 1103 2856 1144 ι.
2896 1109 2935 1154 ι,
2963 1110 3014 1161 p.
3050 1091 3152 1146 H7
3179 1109 3192 1155 ;
3227 1092 3446 1162 Apolog.
3487 1089 3694 1144 Socr-ut.

2103 1192 2150 1235 et
2179 1183 2305 1236 alibi
2333 1201 2346 1250 ;
2378 1184 2593 1239 Dissert.
2623 1186 2677 1238 in
2703 1185 2923 1247 Minue,
2947 1201 2994 1238 c.
3021 1183 3074 1250 6,
3105 1193 3205 1238 art.
3236 1182 3315 1255 ‘2).
3353 1183 3510 1237 Plura
3537 1182 3698 1253 igitur

2099 1289 2394 1345 congerere
2429 1277 2615 1331 inutile
2643 1291 3181 1345 superaeaneumque
3213 1275 3372 1330 foret.

2172 1364 2521 1440 Presequitur
2571 1369 2861 1434 Arnobius,
2894 1385 2956 1422 ac
3006 1367 3335 1422 Trebonium
3371 1367 3534 1422 simili
3567 1383 3696 1438 sup.

2100 1462 2385 1532 pliciorum
2435 1478 2630 1534 genere
2678 1465 3063 1531 interemptum
3121 1461 3338 1514 asserit.
3382 1459 3700 1514 Consularis

2099 1555 2190 1609 ille
2222 1556 2302 1609 vir
2330 1555 2454 1617 fuit,
2489 1566 2544 1610 et
2564 1558 2825 1625 optimus,
2860 1556 3030 1625 inquit
3059 1551 3274 1616 Cicero,
3303 1554 3458 1616 civis,
3488 1570 3554 1609 ac
3584 1571 3700 1609 mo-

2099 1647 2473 1703 deratissimus
2520 1646 2686 1703 homo
2714 1689 2730 1715 ,
2791 1665 2949 1719 quem
2982 1646 3216 1716 perﬁdus
3248 1646 3526 1702 Dolabella
3560 1648 3699 1702 ﬁctas

2096 1739 2474 1811 simulatmque
2522 1741 2773 1795 amicitia:
2824 1739 3068 1795 insndiis:
3101 1736 3496 1794 tConsularem
3523 1740 3698 1793 homi-

398 1828 525 1897 sim,
559 1828 769 1902 hocque
793 1833 842 1887 in
868 1835 988 1891 loco
1015 1838 1278 1905 agendum
1312 1840 1599 1907 duximus;
1635 1857 1702 1896 ne
1727 1845 1985 1899 oratimiis

2097 1847 2243 1898 nem,
2289 1852 2308 1885 ι
2345 1833 2455 1902 ipsa
2483 1842 2607 1886 sunt
2635 1834 2880 1901 ejusdem
2911 1830 3189 1886 Ciceronis
3217 1831 3405 1897 verba,
3449 1851 3468 1882 ›
3499 1847 3700 1887 consu-

400 1931 600 1977 nostras
634 1925 780 1980 tilum
810 1927 861 1980 in
891 1930 1261 1998 superioribus
1304 1931 1765 2000 disputationibus
1794 1939 1992 2008 szepius

393 2011 897 2086 interrumperetur.
928 2021 1007 2074 Ab
1051 2022 1114 2075 iis
1170 2032 1346 2078 autem
1385 2024 1726 2094 incipiemus,
1759 2044 1989 2096 quorum

406 2102 563 2161 factis
593 2116 648 2162 et
669 2112 930 2181 exemplis
960 2125 1147 2168 auctor
1166 2125 1350 2170 noster
1375 2116 1623 2174 ethnicos
1643 2121 1902 2186 eonfutat,
1927 2137 1989 2177 ac

399 2200 648 2257 revincit.

462 2293 674 2350 Primus
705 2311 773 2353 ex
800 2297 880 2353 bis
894 2314 1015 2356 sese
1038 2301 1193 2356 nobis
1218 2302 1373 2359 oﬁ‘ert
1393 2301 1728 2378 Pythagoras
1749 2306 1985 2374 Samius,

395 2387 484 2457 qui
513 2407 532 2440 ι
567 2392 899 2460 ευδιιὲεἱοιιε,
934 2394 1125 2464 inquit,
1151 2395 1544 2454 dominationis
1587 2400 1807 2470 injusta,
1835 2402 1986 2456 vivus

391 2493 772 2538 concrematas
803 2487 853 2540 in
888 2485 1013 2542 fano
1044 2499 1125 2543 est
1164 2509 1182 2542 ι
1217 2489 1459 2562 (Arnob.,
1490 2493 1527 2546 ι.
1563 2509 1621 2558 ιι,
1655 2512 1708 2564 ρ.
1733 2493 1848 2565 2'5).
1884 2493 1986 2547 Va-

394 2576 488 2630 ria:
518 2586 698 2632 autem
730 2577 951 2634 {uerunt
996 2582 1062 2635 de
1094 2582 1411 2654 Pythagorae
1452 2596 1626 2641 morte
1677 2587 1979 2655 Opiniones,

388 2681 522 2736 qnas
568 2667 834 2735 Laertius,
871 2672 1117 2740 Tzetzes,
1152 2674 1370 2741 Suidas,
1426 2677 1626 2745 aliique
1683 2678 1987 2732 retulerunt

387 2759 610 2832 (Laert.,
639 2764 676 2818 l.
723 2780 816 2819 vni
845 2807 859 2830 ,
893 2768 946 2820 in
1002 2765 1104 2822 Vit.
1136 2767 1390 2840 Pytltag.,
1422 2768 1450 2842 ς
1482 2771 1549 2826 59
1581 2787 1595 2835 ;
1648 2769 1841 2836 Tum,
1871 2771 1982 2824 clri-

389 2853 514 2910 liad.
557 2871 631 2922 ιι,
684 2876 736 2929 p.
771 2860 879 2916 445
905 2879 917 2923 ;
945 2862 1122 2928 Suid.,
1154 2865 1224 2917 ad
1253 2864 1387 2919 verb.
1438 2866 1766 2940 Πυθαγόρας).
1803 2865 1980 2919 Prima

388 2955 492 3011 est,
546 2947 693 3002 illum
745 2952 800 3004 in
851 2951 1012 3008 domo
1043 2953 1255 3008 Milonis
1302 2955 1634 3009 Crotoniatae
1659 2971 1780 3009 cum
1813 2966 1980 3023 esset,

395 3043 674 3111 cujusdam
706 3061 774 3100 ex
808 3047 935 3114 illis,
969 3064 1105 3119 quos
1152 3047 1277 3104 illuc
1304 3049 1590 3105 admittere
1622 3051 1813 3116 uoluit,
1847 3051 1983 3105 mvi-

386 3133 495 3200 dia,
526 3135 606 3190 vel
655 3136 1093 3194 Creteiiiatarum
1148 3143 1457 3210 suspicione
1509 3154 1766 3213 metuque
1795 3155 1981 3216 tyran-

2095 1926 2192 1980 lari
2227 1928 2454 1996 imperio
2485 1927 2816 1996 provinciam
2848 1924 3029 1980 Asiam
3059 1924 3417 1988 obtinentem,
3451 1924 3697 1979 Samaria

2093 2019 2266 2074 exsuli
2301 2017 2553 2083 tradidit;
2590 2017 2898 2072 interﬁcere
2927 2015 3108 2070 statim
3157 2025 3373 2084 captum
3404 2015 3600 2081 noluit,
3629 2032 3696 2071 ne

2098 2111 2279 2175 nin'iis,
2310 2111 2494 2175 credo,
2541 2111 2594 2163 in
2627 2110 2864 2164 victoriis
2924 2107 3166 2162 liberalis
3217 2107 3511 2162 videretur.
3563 2104 3694 2162 Cum

2092 2204 2380 2259 verborum
2431 2204 2776 2258 contumeliis
2823 2203 3086 2271 optimum
3135 2202 3306 2254 virum
3361 2200 3574 2255 incesto
3603 2215 3694 2255 ore

2093 2298 2411 2364 lacerasset,
2443 2309 2555 2352 tum
2589 2297 2906 2351 verberibus
2934 2311 2998 2349 ac
3025 2295 3304 2349 tormentis
3333 2296 3690 2364 quaesdonem

2093 2390 2281 2445 habuit
2310 2391 2552 2461 pecuniae
2579 2389 2830 2459 publica,
2855 2388 3014 2458 idque
3039 2403 3133 2456 per
3155 2387 3398 2450 biduum,
3426 2398 3545 2458 post
3576 2402 3691 2442 cer-

2090 2483 2297 2539 vicibus
2326 2494 2486 2552 caput
2532 2482 2783 2549 abscidit,
2817 2483 2978 2552 idque
3022 2479 3185 2535 ﬁxum
3215 2482 3420 2551 gestari
3447 2481 3612 2551 jussit
3638 2482 3689 2535 in

2092 2577 2223 2647 pilo,
2255 2577 2519 2646 reliquum
2564 2591 2763 2645 corpus
2797 2586 3042 2640 tractum,
3076 2586 3236 2644 atque
3267 2575 3564 2630 laceratum
3594 2576 3686 2628 ab-

2084 2670 2216 2740 jecit
2243 2670 2296 2724 in
2328 2685 2478 2725 mare
2504 2690 2521 2721 ι
2546 2668 2704 2742 (Cic.,
2731 2669 2930 2738 Philip.
2959 2685 3010 2734 ιι,
3043 2687 3092 2738 ρ.
3125 2669 3248 2733 644,
3281 2669 3376 2723 lin.
3401 2670 3517 2738 50).
3553 2669 3687 2724 Tum

2089 2762 2288 2816 deinde
2341 2763 2483 2816 hunc
2530 2763 2855 2817 Trebonium
2904 2779 3027 2817 cum
3081 2761 3303 2833 Regulo,
3336 2763 3692 2833 quemadmo-

2089 2856 2214 2908 dum
2257 2865 2448 2909 auctor
2491 2866 2714 2921 noster,
2769 2856 2845 2909 sic
2893 2856 3174 2925 conjungit
3205 2897 3218 2921 ,
3251 2865 3304 2909 et
3354 2858 3688 2925 componit:

2093 2967 2111 2999 ι
2149 2949 2432 3003 Cruciatus
2460 2958 2541 3002 est
2572 2965 2600 3000 a
2633 2948 2908 3006 Dolabella
2960 2947 3284 3009 Trebonius,
3313 2957 3370 3002 et
3414 2948 3627 3018 quidem
3657 2963 3690 3002 a

2089 3040 2612 3111 Carthaginiensibus
2664 3040 2919 3112 Regulus.
2955 3040 3011 3094 ln
3043 3057 3145 3110 qua
3178 3056 3237 3096 re
3265 3056 3390 3095 cum
3420 3042 3689 3097 crudelis-

2088 3138 2209 3190 simi
2244 3136 2393 3190 Poeni
2419 3136 2642 3206 judicati
2672 3137 2779 3190 sint
2825 3139 2876 3189 in
2908 3136 3082 3198 hoste,
3117 3137 3242 3198 quid
3299 3137 3350 3190 in
3380 3138 3500 3190 cive
3534 3137 3692 3191 Dola-

386 3225 550 3295 nidis,
583 3229 768 3284 eadem
797 3231 957 3287 domo
999 3236 1241 3296 incensa,
1267 3234 1499 3290 ﬂammis
1549 3237 1713 3291 fuisse
1744 3236 1978 3293 suﬁ'oea-

2097 3226 2228 3280 bella
2253 3227 2575 3296 judicandus
2593 3228 2710 3281 est?
2737 3246 2755 3280 ι
2783 3225 2971 3299 (Ibid.,
2992 3245 3044 3297 p.
3069 3227 3194 3291 645,
3215 3228 3308 3282 lin.
3337 3229 3436 3293 15;
3463 3230 3682 3295 Antob.,

384 3328 518 3373 tum.
553 3322 655 3376 Alii
691 3340 820 3379 vero
852 3326 1071 3381 tradunt
1102 3327 1274 3393 illum,
1320 3329 1445 3385 inde
1475 3341 1745 3398 ereptum,
1778 3333 1829 3385 in
1851 3348 1982 3402 agro

385 3411 526 3468 fabis
556 3417 715 3486 pleno
763 3419 1008 3489 jugulum
1061 3425 1510 3493 persequentibus
1537 3425 1772 3480 dedisse.
1809 3428 1981 3482 Dicae-

397 3506 596 3562 archus
626 3526 754 3565 vero
781 3515 1031 3581 Opinatus
1080 3525 1163 3570 est
1214 3517 1387 3586 ipsum
1444 3518 1499 3572 in
1527 3519 1796 3574 Musarum
1826 3521 1980 3576 delu-

388 3596 506 3662 bro,
543 3601 685 3669 quod
717 3603 1013 3675 Metapo:~ti
1042 3619 1145 3672 est,
1198 3626 1294 3679 per
1341 3612 1693 3682 quadraginta
1748 3615 1861 3669 dies
1889 3617 1983 3669 ab-

387 3690 714 3759 sconditum,
747 3695 887 3749 fame
914 3708 970 3752 et
1012 3700 1192 3753 inedia
1221 3704 1394 3771 egiSse
1425 3705 1677 3758 animam.
1711 3705 1858 3760 Alias
1890 3706 1982 3760 ad-

389 3781 492 3836 huc
517 3782 765 3838 Laertius
794 3787 862 3845 de
893 3789 1137 3856 ejusdem
1171 3792 1490 3864 Pythagorae
1513 3798 1731 3851 interitu
1759 3809 1979 3854 senten-

387 3868 485 3920 tias
519 3868 819 3926 lleraclidis
847 3885 902 3929 et
928 3875 1201 3948 Hermippi
1227 3894 1440 3934 enarrat
1473 3881 1691 3951 (Laert.,
1721 3885 1816 3938 loc.
1841 3889 1975 3957 cit.).

386 3963 453 4016 Αι
486 3963 702 4018 brevius
733 3965 1052 4023 Plutarchus
1073 3989 1086 4023 :
1106 3974 1171 4026 Τό
1304 3980 1368 4030 τὰ
1389 3982 1603 4033 τοιαῦτα
1623 3985 1984 4053 συμπτώματα

383 4065 483 4112 τῶν
500 4059 661 4114 καλῶν
675 4065 759 4115 καί
779 4065 974 4136 ἀγαθῶν
996 4064 1204 4143 ἀνδρῶν,
1227 4065 1326 4123 οἷον
1357 4073 1386 4128 ή
1413 4074 1709 4145 Σωκράτους
1724 4075 1979 4142 καταδίκη,

383 4157 470 4206 καὶ
497 4153 522 4207 ὁ
553 4158 843 4235 Πυθαγόρου
873 4164 1059 4223 ζῶντος
1103 4165 1407 4240 ἐμπρησμὸς
1447 4168 1550 4220 ὑπὸ
1576 4175 1674 4222 τῶν
1702 4171 1983 4226 Κυλωνείων

383 4243 706 4314 (Pluton/2.,
736 4249 796 4301 de
844 4250 1065 4306 Stoicor.
1096 4267 1430 4325 repugnant.,
1463 4268 1582 4312 tom.
1619 4275 1676 4326 ιι,
1709 4279 1759 4328 p.
1795 4262 1981 4332 1051).

383 4333 504 4390 lam
567 4338 924 4408 hujuscemodi
988 4347 1349 4414 pro'clurorunt
1416 4350 1641 4403 virorum
1708 4354 1982 4408 calamita-

386 4441 488 4495 tes,
530 4431 696 4498 qualis
739 4435 838 4503 fuit
889 4438 1239 4492 condemnatio
1288 4441 1554 4506 Socratis,
1594 4443 1732 4511 quod
1783 4443 1984 4515 Pyr/ta-

387 4541 527 4593 gora:
582 4526 691 4579 vivo
742 4544 773 4580 a
821 4526 1060 4600 Cyloueis
1119 4543 1189 4585 est
1245 4533 1448 4588 illatum
1512 4538 1824 4591 incendium.
1879 4539 1984 4595 Sed

2088 3319 2123 3373 ι.
2159 3333 2195 3385 ι,
2230 3338 2282 3389 p.
2306 3317 2425 3390 25.)
2450 3319 2676 3374 Exstant
2703 3321 2994 3375 etiamnum
3039 3321 3180 3374 inter
3199 3321 3481 3374 Ciceronis
3509 3318 3689 3390 Opera

2085 3421 2284 3466 mtuum
2315 3412 2558 3483 epistola:
2591 3411 2844 3467 Trebonii
2877 3413 2941 3467 ad
2967 3411 3287 3466 Ciccmuent
3315 3424 3370 3466 et
3401 3410 3686 3468 Ciceronis

2085 3504 2150 3560 ad
2183 3505 2544 3570 Trebonium,
2603 3516 2762 3576 atque
2816 3506 2885 3560 ibi
2934 3507 3093 3560 etiam
3130 3503 3389 3559 Lentulus
3442 3504 3568 3559 data
3617 3505 3688 3559 ad

2087 3598 2337 3653 eumdem
2379 3597 2695 3653 Ciceronem
2745 3599 2994 3668 epistola,
3032 3616 3050 3648 ι
3082 3596 3334 3652 Trehouii
3373 3598 3689 3668 indignissi-

2089 3707 2227 3745 mam
2261 3691 2497 3745 cmdemr
2527 3690 2763 3761 appellat
2790 3688 3002 3759 (Cicera,
3035 3691 3074 3744 ι.
3105 3706 3197 3754 xu,
3230 3706 3313 3759 ep.
3347 3691 3438 3756 15,
3459 3709 3512 3761 p.
3541 3687 3688 3760 ΜΞ).

2089 3786 2165 3840 De
2205 3785 2393 3856 Reguli
2437 3799 2641 3851 autem,
2671 3801 2829 3853 quem
2863 3796 2918 3838 ut
2951 3786 3192 3854 proxime
3219 3784 3423 3837 dictum
3453 3793 3556 3846 est,
3585 3799 3686 3836 au-

2087 3889 2204 3932 CIOI'
2234 3889 2416 3933 noster
2437 3876 2746 3933 Threbonlo
2768 3875 3288 3946 conjungit,crudeli
3325 3875 3486 3929 etiam
3519 3877 3688 3942 caede,

2089 3987 2189 4027 nos
2225 3973 2276 4026 in
2331 3972 2601 4041 superiori
2643 3972 3024 4026 dissertatione
3077 3972 3284 4041 egimus
3335 3969 3580 4039 (Dissert.
3635 3972 3692 4024 in

2090 4066 2290 4121 Minuc.
2329 4066 2532 4131 0ctav.,
2566 4082 2612 4119 c.
2643 4067 2696 4127 6,
2728 4075 2827 4118 art.
2859 4067 2914 4128 3,
2942 4075 3058 4118 etc.
3091 4064 3179 4127 i9,
3209 4074 3310 4117 art.
3340 4061 3420 4134 4).

2160 4160 2396 4226 Quartus
2428 4160 2494 4214 ab
2521 4159 2763 4213 Arnobio
2787 4166 3119 4211 memoratur
3140 4156 3388 4226 Aquilius
3415 4157 3504 4227 qui
3529 4156 3694 4212 diris-

2087 4255 2241 4310 simis
2292 4253 2623 4307 cruciatibus
2653 4267 2682 4304 a
2726 4249 3035 4306 Mithridate
3081 4249 3292 4303 occisus
3321 4258 3401 4303 est
3432 4266 3446 4303 :
3492 4249 3591 4304 sed
3623 4254 3694 4306 de

2090 4364 2154 4404 eo
2180 4365 2394 4420 quoque
2425 4349 2476 4402 iu
2502 4347 2691 4403 eadem
2730 4346 2995 4416 superiori
3029 4344 3412 4399 dissertatione
3443 4342 3692 4414 disputa-

2091 4442 2265 4496 vimus
2293 4441 2479 4512 (Ibid.,
2522 4458 2569 4495 c.
2605 4442 2659 4505 6,
2691 4450 2791 4493 art.
2822 4440 2895 4504 5;
2927 4437 3147 4504 Meum,
3175 4441 3288 4492 crit.
3320 4436 3539 4501 Arnob.,
3581 4439 3617 4491 ι.
3652 4453 3688 4504 ι,

2090 4553 2138 4590 c.
2174 4536 2262 4598 l0,
2288 4554 2338 4605 p.
2371 4535 2482 4607 l9).
2515 4537 2582 4590 At
2604 4534 2729 4589 inde
2754 4534 2922 4602 liquet
2945 4547 3135 4586 vanam
3160 4547 3282 4588 esse
3309 4531 3530 4586 Meursii
3559 4547 3695 4586 con-

383 4627 560 4674 utrum
595 4619 682 4676 hic
730 4622 780 4675 in
811 4623 976 4678 domo
1003 4626 1200 4694 aliqua,
1237 4628 1320 4681 vel
1363 4629 1414 4683 in
1446 4630 1569 4684 iano
1600 4644 1982 4690 concrematas
2010 4611 2063 4672 D
2089 4630 2380 4697 jecluram,
2408 4631 2496 4698 qui
2540 4630 2591 4683 in
2635 4627 2878 4682 auctoris
2922 4628 3093 4682 nostri
3123 4635 3271 4678 textu
3296 4639 3394 4696 pro
3426 4624 3692 4694 Aquilius,

383 4709 565 4776 fuerit,
606 4717 817 4780 penitus
867 4726 1025 4773 tacet.
1065 4719 1257 4774 Verum
1301 4722 1366 4776 de
1410 4724 1548 4780 illius
1577 4737 1750 4782 morte
1783 4729 1982 4800 aliquid

383 4804 510 4857 alibi
537 4805 944 4863 observavimus
987 4809 1050 4883 (t.
1096 4828 1110 4866 ι
1153 4812 1430 4883 Αρραναι.,
1457 4834 1510 4886 ῃ.
1533 4819 1692 4886 1123,
1723 4833 1769 4874 et
1799 4824 1984 4895 seqq).

384 4895 481 4948 Adi
530 4896 736 4965 adhuc,
786 4901 832 4954 si
875 4903 1086 4971 placet,
1134 4905 1398 4960 Malchum
1447 4908 1808 4978 Jamblicum,
1839 4915 1978 4970 Τιρ-

383 4998 519 5044 tzem
565 5000 617 5044 et
661 4991 798 5046 alios
849 4993 901 5048 in
951 4995 1268 5066 Pythagora:
1313 5001 1495 5066 vitam,
1528 5013 1689 5075 atque
1727 5006 1978 5078 Menagii,

381 5092 435 5135 et
477 5082 704 5137 aliorum
759 5087 808 5138 in
849 5089 1072 5142 citatum
1116 5091 1313 5146 Laertii
1367 5095 1544 5148 locum
1599 5102 1980 5158 aunotationes

386 5172 678 5240 (Jamblic.,
701 5178 738 5230 l.
770 5194 785 5232 ι
819 5179 882 5230 de
921 5179 1023 5232 Vit.
1081 5181 1332 5254 Pytlmg.,
1356 5202 1402 5238 ε.
1437 5187 1546 5247 55;
1582 5188 1777 5255 Tzetz.,
1817 5192 1978 5261 Hist,

381 5269 597 5321 chiliad.
633 5286 716 5335 ιιι,
747 5287 794 5324 υ.
832 5273 899 5327 (.9
923 5284 970 5326 et
1000 5281 1187 5345 seqq.).
1225 5280 1464 5348 Denique
1511 5284 1652 5351 quod
1702 5288 1982 5353 subjunxit

390 5363 662 5417 Arnobius
714 5375 900 5420 uoster
943 5367 1302 5440 Pythagoram
1354 5374 1534 5426 vivum
1592 5377 1972 5446 combustum,

387 5473 404 5506 ι
439 5454 747 5524 suspicione
801 5457 1186 5516 dominationis
1237 5463 1457 5534 injusta,
1494 5486 1512 5518 ι
1545 5466 1644 5522 hoc
1673 5472 1984 5527 conﬁrmari

380 5558 558 5616 potest
583 5547 900 5605 Tertulliani
931 5555 1264 5620 testimonio,
1283 5559 1370 5627 qui
1397 5558 1539 5613 haud
1567 5560 1873 5617 dubitanter
1894 5580 1980 5619 as.

377 5654 598 5696 severat
629 5643 941 5700 allectatatn
974 5647 1041 5703 ab
1075 5665 1142 5704 eo
1174 5651 1340 5707 fuisse
1366 5655 1704 5724 tyrannidem
1733 5657 1982 5729 (Arnob.,

381 5737 416 5786 ι.
447 5753 479 5802 ι,
514 5757 563 5804 p.
598 5738 699 5802 25;
735 5739 1070 5806 Tcrtullino.,
1098 5745 1350 5817 Apolog.,
1382 5765 1426 5801 c.
1469 5749 1585 5819 46).
1619 5749 1726 5805 Sed
1767 5751 1834 5806 de
1882 5753 1982 5809 hac

381 5841 443 5882 re
474 5843 585 5886 nos
625 5845 723 5888 suo
777 5833 895 5891 loco
929 5834 1146 5894 uberius
1177 5838 1586 5910 disputabimus.

2090 4721 2375 4793 legendum
2427 4724 2730 4792 suspicitur
2761 4721 2974 4784 Acilius,
3007 4734 3240 4788 eumque
3273 4733 3393 4772 esse
3421 4719 3559 4783 vult,
3596 4719 3691 4786 qui

2085 4816 2224 4870 sicut
2270 4815 2467 4870 cecinit
2515 4813 2825 4877 Juvenalis,
2859 4812 2924 4865 ab
2978 4811 3073 4866 illo
3122 4814 3351 4874 citatus,
3386 4827 3416 4863 a
3464 4809 3687 4865 Nerone

2089 4923 2230 4961 saeva
2263 4915 2434 4961 morte
2465 4921 2494 4961 e
2525 4904 2702 4960 medio
2732 4905 2974 4959 sublatus
3000 4912 3102 4957 est.
3138 4902 3219 4957 Ex
3270 4902 3339 4957 ibi
3392 4904 3590 4971 quippe
3620 4902 3690 4958 de

2087 5002 2301 5069 Aquilio
2327 5000 2486 5055 dictis
2503 4999 2780 5054 evidenter
2800 4997 3089 5068 colligitur,
3124 4995 3259 5049 nihil
3292 4995 3344 5049 in
3371 4994 3690 5051 Aruobiano

2090 5105 2238 5150 textu
2280 5091 2622 5148 mutandum.

2158 5186 2261 5244 Ubi
2296 5202 2430 5242 vero
2461 5195 2650 5241 auctor
2682 5193 2865 5240 noster
2891 5183 3202 5239 christiana:
3232 5181 3515 5251 religionis
3545 5182 3688 5237 veri-

2086 5290 2251 5334 tatem
2301 5278 2624 5339 innumeris,
2666 5287 2826 5344 atque
2879 5277 2981 5329 huc
3019 5290 3188 5344 usque
3233 5275 3487 5328 inauditis
3537 5275 3693 5329 Chri-

2087 5374 2153 5428 sti
2191 5372 2466 5428 miraCulis
2494 5371 2855 5436 demonstrat,
2884 5370 2959 5426 ibi
2987 5369 3191 5424 nullum
3223 5367 3379 5436 plane
3418 5368 3487 5420 ab
3515 5367 3695 5422 ethni-

2085 5480 2272 5519 corum
2320 5465 2491 5535 magis
2525 5473 2617 5518 aut
2665 5479 2759 5532 per
2808 5479 2886 5526 se,
2922 5470 3015 5516 aut
3042 5477 3137 5530 per
3169 5461 3304 5515 alios
3330 5460 3585 5516 similiter
3613 5461 3692 5515 la-

2087 5573 2231 5612 etum
2287 5568 2432 5613 recte
2483 5557 2781 5612 contendit.
2815 5554 2969 5624 Quod
3001 5555 3220 5623 quidem
3256 5554 3470 5610 illorum
3503 5556 3696 5623 probat

2088 5652 2366 5720 exemplo,
2398 5651 2487 5721 qui
2520 5653 2734 5704 creteris
2755 5659 2868 5704 arte
2908 5648 3114 5718 magica
3144 5647 3526 5702 antecelluisse
3556 5647 3694 5704 fere-

2092 5745 2304 5798 bantur.
2334 5743 2442 5797 Eos
2465 5751 2643 5797 autem
2675 5741 2787 5797 suis
2811 5739 3118 5795 nominibus
3139 5739 3218 5793 sic
3239 5738 3480 5808 appellat
3505 5757 3518 5792 :
3551 5742 3695 5811 «Age

2089 5855 2255 5912 nunc,
2288 5842 2494 5910 veniat,
2527 5853 2738 5912 qureso,
2768 5853 2864 5909 per
2898 5839 3114 5909 igneam
3164 5850 3355 5893 zonam
3387 5851 3582 5910 magus
3607 5837 3693 5893 in-
