3872 6348
145 339 236 404 669
958 394 962 398 ,
1313 346 1379 404 1N
1417 345 1799 418 ARNOBIUM,
1840 344 1994 402 car.
2039 343 2234 401 xxw.

3321 340 3426 398 670

147 465 324 522 tcriore
342 465 414 523 ab
433 468 573 525 orbe
597 468 933 534 Zoroastres,
957 464 1247 536 lie'rmippo
1275 475 1334 519 ut
1360 464 1718 520 assentiamur
1745 463 1799 529 Α
1829 481 1846 514 ‹
1881 462 1991 533 jam
2019 462 2295 518 vocabulis
2326 471 2464 528 utar,
2491 460 2689 532 quibus
2713 460 2920 516 auctrix
2953 459 3269 531 opinionum
3299 459 3426 517 ista-

145 559 354 625 auctori,
397 559 718 616 Bactrianus
745 580 758 616 :
791 571 847 616 et
872 560 964 626 ille
987 559 1292 621 conveniat,
1327 562 1481 628 cujus
1510 559 1723 621 Ctesias

145 663 220 704 res
257 659 438 719 gestas
487 652 836 707 historiarum
865 650 1091 722 exponit
1121 649 1174 704 in
1209 651 1400 719 primo,
1433 649 1722 706 Armenius

155 742 408 800 Zostriani
427 760 623 815 nepos,
646 755 702 802 et
726 744 1004 801 familiaris
1033 743 1348 812 Pamphilus
1376 743 1522 816 Cyri,
1556 745 1719 814 Apol-

143 836 340 900 lenius,
393 837 702 908 Damigero,
755 849 809 894 et
857 837 1158 901 Dardanus,
1189 836 1350 891 Vetus
1396 836 1641 891 Julianus
1669 845 1724 890 et

140 925 383 983 Boebulus
416 947 435 981 ι
469 927 708 999 (Arnob.,
738 932 776 984 Ι.
807 946 846 994 t,
880 947 933 999 ρ.
963 930 1077 999 51).
1109 928 1218 985 Sc'd
1245 928 1458 999 plurimi
1488 944 1724 999 conque-

139 1032 318 1076 runtur
364 1019 506 1078 finde
556 1033 870 1093 corruptum
922 1037 1044 1078 esse
1099 1021 1244 1076 hunc
1297 1023 1492 1075 locum.
1543 1021 1723 1075 Primo

139 1114 269 1170 enim
312 1114 580 1170 Heraldus
610 1115 905 1169 arbitratur
948 1115 1063 1168 haec
1112 1113 1296 1177 verba,
1325 1130 1477 1182 super
1523 1113 1724 1184 igneam

139 1224 304 1261 zonam
354 1207 825 1279 interpretamenti
873 1207 986 1261 vice
1029 1206 1236 1275 adjecta
1284 1221 1426 1268 esse,
1459 1217 1623 1276 atque
1652 1205 1722 1260 ibi

138 1301 411 1367 Azouacis,
445 1302 533 1371 qui
564 1310 704 1355 teste
731 1300 907 1355 Plinio
935 1315 1146 1370 magus,
1177 1311 1229 1355 et
1251 1298 1554 1354 Zoroastris
1580 1313 1722 1370 prte-

137 1402 310 1462 ceptor
338 1392 481 1459 fuit,
510 1394 840 1448 mentionem
875 1393 990 1446 fieri
1022 1390 1216 1462 (Plin.,
1247 1390 1286 1446 ι.
1317 1407 1424 1445 xxx
1455 1389 1593 1444 Hist.
1625 1407 1722 1444 na-

137 1497 252 1553 tatu,
281 1504 330 1543 c.
367 1489 396 1544 1
422 1530 437 1552 ,
473 1505 524 1560 ρ.
557 1487 709 1560 725).
764 1488 1105 1557 QuaprOpter
1154 1488 1234 1541 sic
1269 1496 1458 1541 censet
1513 1493 1721 1538 textum

134 1595 244 1636 esse
285 1577 728 1636 restituendum:
779 1599 797 1632 ι
830 1580 1025 1636 Veniat
1056 1580 1176 1651 quis
1207 1581 1490 1634 Azonaces
1535 1592 1722 1648 magus

136 1674 386 1731 interiore
410 1675 481 1729 ab
506 1675 663 1742 orbe,
701 1673 997 1746 ilcrmippo
1022 1684 1078 1728 ut
1105 1673 1466 1728 assentiamur
1491 1674 1718 1727 auctori.

132 1765 438 1821 Bactrianus
461 1776 516 1822 et
539 1767 632 1822 ille
661 1766 1007 1832 conveniat,»
1042 1766 1094 1820 id
1123 1776 1228 1831 est,
1258 1764 1597 1829 Zoroastres,
1631 1763 1721 1833 qui

1827 572 1946 612 rum
1974 556 2144 627 magia
2169 565 2343 618 sonat,
2374 554 2657 618 Hostanes,
2690 562 2744 608 et
2770 553 3019 626 Typhon,
3044 563 3096 609 et
3125 552 3423 618 Dardanus,

1825 659 1881 704 et
1913 650 2253 719 Damigeron,
2298 659 2353 704 et
2379 648 2648 716 Nectabis,
2698 658 2754 704 et
2786 648 3047 704 Berenice
3083 667 3103 701 ι
3137 647 3422 723 (Tertull.,

1827 740 1915 794 lib.
1949 741 2011 795 de
2041 740 2238 803 Anim,
2268 759 2386 811 cap.
2412 741 2528 812 57).

1899 833 2032 887 Tres
2055 832 2230 907 itaque
2260 834 2326 888 ab
2363 833 2452 886 illo
2495 845 2548 888 et
2577 833 2805 903 Apuleio
2836 843 3228 898 memorantur.
3270 833 3429 891 siculi

1827 925 1966 981 etab
1997 935 2217 981 auctore
2246 937 2432 982 nostro
2459 928 2713 981 nimirum
2752 928 3089 996 Apollonius,
3121 928 3426 999 Datnigero,

1828 1030 1880 1072 et
1912 1018 2188 1072 Dardanus
2212 1019 2230 1090 (
2254 1018 2472 1084 Arnob,
2515 1018 2602 1072 lib.
2636 1035 2675 1081 ι,
2706 1036 2827 1089 pag.
2861 1019 2922 1074 51
2954 1019 2994 1090 ).
3026 1018 3218 1076 Plut-es
3246 1032 3428 1075 autem

1829 1129 2025 1168 nomen
2066 1112 2335 1182 Apollonii
2366 1128 2489 1167 cuin
2536 1113 2712 1167 sortiti
2761 1113 2955 1168 fuerint
2981 1157 2995 1178 ,
3040 1113 3298 1183 numquid
3341 1112 3428 1168 hic

1827 1207 1930 1261 dici
1965 1215 2140 1276 potest
2173 1205 2492 1274 Apollonius
2533 1204 2819 1275 'l‘yamcus,
2863 1207 2952 1276 qui
2981 1217 3116 1262 teste
3144 1205 3328 1272 Suida,
3361 1206 3432 1263 ab

1827 1298 2116 1369 Egyptiis,
2149 1298 2484 1369 Babyloniis,
2516 1308 2675 1368 atque
2706 1299 2994 1360 Arabibus,
3025 1314 3163 1370 quos
3195 1299 3427 1363 adierat,

1827 1390 2059 1444 inﬁnitas
2086 1391 2385 1460 praestigias
2412 1391 2672 1460 collegit?
2703 1390 2890 1446 Nonne
2918 1392 2968 1446 id
2999 1395 3216 1462 scriptis
3242 1409 3268 1444 a
3303 1391 3430 1447 Phi-

1827 1483 2048 1538 lostrato
2075 1484 2141 1538 de
2169 1484 2328 1555 hujus
2355 1485 2632 1554 Apollonii
2659 1486 2762 1538 vita
2793 1485 2943 1539 libris
2967 1483 3278 1539 confirmari
3308 1501 3431 1553 pos-

1826 1589 1927 1638 set,
1977 1577 2080 1630 nisi
2122 1577 2243 1632 illos
2284 1576 2475 1634 fabulis
2503 1577 2738 1632 anilibus
2779 1589 2989 1633 scatere
3019 1577 3216 1632 eruditi
3250 1577 3431 1648 plures

1841 1668 1924 1721 lil‘i
1953 1671 2274 1724 censerent?
2301 1669 2501 1724 Eorum
2531 1670 2691 1740 igitur
2717 1668 3089 1724 auctoritatem
3143 1685 3248 1723 non
3276 1683 3433 1738 urge-

1826 1747 2022 1817 bimus.
2048 1765 2114 1818 At
2139 1773 2287 1819 certe
2309 1748 2595 1828 nemo,.nti
2621 1764 2927 1832 Opinamur,
2950 1762 3431 1832 negabitcuntdem

132 1860 285 1930 patria
316 1859 644 1915 Bactrianus
672 1871 810 1914 erat.
845 1859 1048 1916 Verum
1078 1859 1162 1914 has
1186 1874 1349 1913 mene
1395 1857 1720 1927 conjectum
1750 1868 1799 1928 Β
1829 1857 2168 1927 Apollonium
2219 1873 2432 1929 magum
2481 1858 2549 1913 ab
2591 1859 2840 1928 Apuleio,
2895 1869 3056 1928 atque
3109 1858 3178 1913 ab
3213 1869 3434 1914 auctore

128 1961 262 2018 sunt,
304 1969 432 2024 quae
462 1969 564 2008 nec
614 1953 988 2024 manuscripti.
1022 1968 1123 2008 nec
1163 1953 1324 2007 ullius
1362 1951 1490 2006 editi
1516 1950 1719 2006 codicis

129 2045 436 2100 auctoritate
475 2047 844 2101 stabiliuntur.
903 2045 1128 2101 Huetius
1160 2054 1363 2112 tamen,
1417 2044 1720 2098 Abriucen-

129 2139 254 2192 sium
293 2137 431 2192 olim
476 2139 789 2209 episc0pus,
828 2139 1043 2194 videtur
1084 2138 1318 2193 lleraldo
1347 2155 1500 2192 suum
1535 2138 1721 2192 tulisse

131 2229 460 2302 suffragium,
505 2247 609 2286 nec
635 2231 780 2291 aliud
833 2241 982 2302 putat
1007 2232 1074 2287 ab
1117 2232 1357 2285 Arnobio
1405 2229 1718 2300 signiﬁcari,

129 2323 220 2376 nisi
248 2339 261 2375 :
291 2341 311 2374 ι
347 2322 431 2378 Ex
451 2322 732 2394 Ethiopia
763 2325 1023 2378 interiore
1051 2339 1145 2394 per
1167 2324 1376 2395 igneam
1406 2338 1597 2376 zonam
1624 2335 1721 2376 ve.

130 2418 261 2474 uisse
309 2417 663 2478 Zoroastrem
694 2438 712 2470 ι
753 2416 963 2491 (ﬂuet,
995 2416 1295 2472 Demonstr.
1342 2416 1567 2488 Evang.,
1594 2433 1719 2486 pro-

130 2515 268 2583 porit.
307 2513 368 2578 4,
400 2531 450 2568 c.
479 2514 540 2575 5.
581 2531 636 2585 p.
675 2513 766 2580 89,
797 2516 877 2582 n).
937 2513 1167 2568 Putabat
1209 2513 1356 2567 enim
1401 2513 1483 2565 vir
1513 2511 1602 2565 ille
1633 2511 1724 2566 do-

133 2618 260 2671 ctus,
287 2606 432 2661 sicut
475 2616 530 2661 et
583 2607 672 2660 alii
719 2606 922 2676 plures,
956 2605 1101 2660 hunc
1158 2605 1227 2659 ab
1250 2605 1495 2677 .Aruobio
1549 2605 1720 2675 patria

131 2697 560 2769 diciEthiopem
580 2696 820 2768 (Arnob.,
854 2699 894 2755 l.
917 2713 958 2764 ι,
989 2716 1044 2768 ρ.
1075 2697 1143 2762 5;
1175 2715 1323 2768 sup,
1357 2716 1404 2751 c.
1425 2697 1479 2765 4,,
1507 2708 1613 2752 art.
1637 2697 1718 2769 4).

132 2789 310 2856 Quidni
341 2805 478 2845 vero
501 2790 792 2845 credamus
820 2805 942 2844 eum
968 2790 1037 2843 ab
1071 2786 1312 2844 Arnobio
1334 2788 1439 2844 dici
1475 2789 1720 2844 Baetria-

133 2897 269 2947 num,
309 2899 475 2953 quem
505 2897 668 2954 supra
696 2877 1014 2948 Bactrianis,
1049 2882 1124 2936 uti
1157 2882 1586 2944 observavimus,
1621 2884 1722 2936 im-

133 2987 358 3040 perasse,
388 2983 444 3029 et
475 2975 739 3030 adversus
790 2973 983 3029 Ninum
1045 2975 1268 3045 magicis
1323 2975 1532 3028 artibus
1560 2973 1721 3028 dimi-

129 3081 268 3122 casse
308 3066 525 3122 dixerat
549 3067 575 3121 1
601 3067 709 3123 Nec
753 3067 921 3124 refert
958 3069 1100 3138 quod
1147 3084 1345 3123 nomen
1388 3067 1718 3134 Bactrianus,

132 3159 306 3217 ultimo
365 3173 419 3218 et
472 3164 753 3218 remotiori
805 3165 945 3230 loco,
981 3164 1031 3216 in
1087 3165 1324 3219 auctoris
1371 3166 1536 3218 nostri
1573 3175 1720 3219 textu

1826 1961 2011 2004 nostro
2037 1950 2312 2020 appellari.

1898 2048 1978 2101 Ad
2026 2046 2140 2100 haec
2197 2061 2347 2111 vero,
2409 2065 2427 2098 ι
2464 2048 2793 2111 Dardanum,
2827 2066 2847 2098 ι
2885 2057 3055 2116 inquit
3077 2046 3306 2112 Plinius,
3346 2063 3364 2098 ι
3404 2059 3436 2102 e

1827 2141 2075 2196 szenice
2095 2143 2382 2196 illusrravit
2405 2143 2767 2210 Democritus,
2810 2131 3176 2203 voluminibus
3203 2139 3436 2194 Dardani

1825 2235 1877 2290 in
1926 2235 2275 2304 sepulchrum
2325 2237 2444 2305 ejus
2489 2237 2669 2304 pititis
2716 2233 2908 2310 (Plin.,
2983 2235 3071 2288 lib.
3125 2249 3235 2288 xxx
3287 2230 3426 2286 Hist.

1825 2339 2022 2396 natat,
2053 2345 2168 2399 cap.
2202 2330 2254 2392 1,
2288 2345 2410 2400 pag.
2443 2329 2544 2383 7‘27
2644 2329 2828 2398 Magia!
2855 2338 3034 2382 autem
3070 2325 3267 2382 dedilis
3293 2326 3435 2381 hunc

1825 2429 1894 2478 ab
1951 2425 2180 2493 Apuleio
2223 2435 2272 2478 et
2320 2423 2658 2480 Tertulliano
2707 2432 3118 2477 annumeratum
3171 2421 3430 2475 vidimus.

1827 2515 1960 2569 Eatn
1990 2532 2120 2570 sane
2149 2517 2218 2572 ob
2243 2531 2462 2570 causam
2489 2518 2709 2587 magicae
2739 2525 2883 2569 artes
2913 2531 2942 2568 a
2970 2514 3266 2568 Columella
3301 2512 3433 2567 Dar-

1825 2607 1998 2662 dania:
2031 2608 2114 2662 ltis
2140 2610 2483 2678 appellantur
2514 2609 2758 2664 versibus
2791 2625 2802 2661 :

1919 2722 1983 2788 At
2006 2725 2049 2788 si_
2071 2722 2200 2772 nulla
2221 2723 2354 2773 valet
2376 2724 2620 2773 medicina
2642 2722 2896 2788 repellere
2923 2728 3132 2786 pestem,

1920 2785 2178 2835 Dardania:
2203 2789 2401 2835 veniant
2421 2795 2574 2836 artes.

2138 2868 2416 2933 (Columel.,
2439 2867 2523 2922 lib.
2552 2885 2583 2920 x
2605 2871 2668 2921 de
2693 2871 2836 2921 Cultu
2855 2870 3056 2930 Itortor.,
3083 2881 3211 2920 vers.
3235 2865 3369 2930 250.)

1825 2976 1955 3044 Quis
1977 2978 2153 3047 itaque
2175 2977 2472 3031 Arnobiutn
2504 2977 2573 3031 de
2603 2978 2701 3031 hoc
2733 2975 2978 3030 Dardano
3005 2974 3152 3045 loqui
3188 2973 3384 3028 abnuet
3410 2973 3434 3027 ἒ

1824 3068 1951 3122 Post
1981 3069 2312 3124 Clementem
2339 3084 2467 3124 vero
2503 3069 2923 3122 Alexandrinum
2955 3067 3044 3122 ille
3075 3067 3202 3121 alibi
3229 3065 3430 3120 Darda-

1828 3177 1953 3214 num
1996 3163 2308 3232 compellat,
2357 3162 2447 3232 qui
2494 3159 2764 3233 Phrygize,
2817 3161 2931 3215 sive
2981 3161 3204 3213 deorum
3246 3159 3432 3214 Matris

131 3254 344 3320 positum
374 3254 466 3308 sit.
512 3254 808 3310 Peculiaris
853 3255 1119 3325 siquidem
1156 3255 1302 3310 illius
1345 3266 1429 3309 est
1462 3255 1715 3326 loquendi
1745 3261 1790 3323 C
1825 3258 2075 3327 mysteria
2109 3257 2426 3325 patefecisse
2457 3256 2793 3311 credebatur.
2825 3255 2930 3310 Sed
2960 3258 3024 3307 tle
3053 3255 3142 3308 illo
3176 3255 3226 3307 in
3259 3271 3424 3323 supe-

128 3345 324 3411 modus,
355 3361 468 3417 quo
502 3346 817 3419 hyperbatis
851 3349 1047 3417 passim
1082 3348 1280 3417 ubique
1313 3349 1498 3402 utitur.

187 3436 500 3494 Zoroastres
542 3453 670 3493 vero
709 3454 814 3494 n0u
861 3442 1036 3494 solum
1081 3456 1267 3508 magus
1293 3439 1425 3506 fuit,
1457 3442 1550 3495 sed
1577 3441 1654 3494 illi
1685 3456 1718 3496 a

127 3531 454 3597 quibusdam,
491 3533 569 3587 uti
597 3533 722 3588 alibi
748 3533 1002 3598 vidimus,
1035 3535 1221 3605 magia:
1261 3536 1422 3589 etiam
1467 3535 1717 3590 tribuitur

128 3622 369 3681 inventio.
391 3625 529 3681 Cum
551 3639 730 3682 autem
761 3629 1030 3684 Arnobius
1052 3629 1200 3684 illum
1219 3630 1286 3684 ab
1310 3630 1565 3686 interiore
1586 3636 1717 3687 orbe

129 3730 204 3783 per
225 3716 425 3788 igneam
455 3735 641 3772 zonam
682 3719 930 3774 ethnicos
961 3720 1237 3776 irridendo
1277 3730 1468 3776 evocat
1507 3724 1667 3789 (tom.
1700 3738 1714 3776 ι

126 3808 386 3878 Apparat.,
421 3829 543 3883 pag.
575 3812 682 3868 543
707 3823 755 3866 et
787 3813 891 3867 550
914 3811 931 3882 )
954 3855 968 3878 ,
1001 3830 1178 3868 nonne
1205 3815 1270 3868 ad
1301 3814 1434 3868 illud
1471 3815 1716 3870 alludere

127 3901 340 3970 videtur,
365 3905 511 3973 quod
537 3905 729 3959 Suidas
761 3917 944 3960 narrat
967 3905 986 3978 (
1008 3899 1160 3961 Snid.
1188 3949 1204 3972 ,
1239 3907 1307 3960 ad
1349 3912 1484 3962 verb.
1520 3911 1714 3984 Ζωροά-

127 3997 332 4070 στρης),
365 3995 716 4052 Zoroastrem
772 3999 1019 4070 precibus
1062 4000 1278 4069 petiisse
1329 4009 1385 4054 ut
1429 4002 1549 4069 igne
1579 4016 1712 4054 cou-

125 4099 352 4158 sumptus
407 4091 603 4146 abiret.
663 4095 868 4146 Auctor
913 4110 1043 4148 vero
1094 4094 1541 4165 Recognitionutn
1587 4095 1713 4152 Cle-

126 4183 302 4238 mentis
332 4185 556 4240 nomine
584 4186 964 4256 inscriptarum
989 4187 1054 4242 de
1084 4187 1370 4244 Zoroastre
1402 4190 1543 4246 hunc
1575 4193 1712 4246 scri-

126 4275 192 4329 bit
226 4279 275 4331 in
325 4281 593 4335 modum:
644 4298 662 4331 ι
700 4281 911 4344 δωυίυε
957 4283 1054 4336 ista
1091 4301 1110 4334 ι
1142 4324 1156 4347 ,
1208 4283 1261 4337 id
1312 4294 1416 4351 est,
1450 4286 1714 4341 scintillas

124 4371 365 4438 quasdam
388 4387 461 4427 ex
481 4372 676 4439 stellis,
704 4391 724 4425 ι
754 4373 1048 4443 producere
1067 4376 1406 4442 moliebatur,
1433 4394 1713 4448 usquequo

125 4463 180 4516 ab
221 4464 337 4534 ipso
378 4467 651 4532 daemone,
690 4483 849 4537 quem
899 4469 1258 4536 importunius
1301 4471 1708 4542 frequentabat,

124 4567 398 4613 succensus
443 4569 774 4614 cremaretur
812 4579 831 4612 ι
864 4559 1153 4631 (Recognit.
1183 4561 1289 4631 (lib.
1322 4577 1372 4616 tv
1395 4603 1409 4626 ,
1443 4579 1560 4630 cap.
1592 4562 1706 4628 27).

1824 3350 1966 3404 riore
2006 3352 2307 3420 Apparatus
2355 3351 2521 3404 nostri
2570 3360 2717 3405 tomo
2743 3350 3136 3418 disputavimus
3163 3347 3434 3422 (Clemens

1827 3442 2130 3505 Alexandr.,
2177 3443 2438 3496 Admonit.
2487 3443 2555 3494 ad
2591 3452 2727 3513 gent.
2753 3483 2767 3506 ,
2805 3459 2926 3512 pag.
2960 3440 3070 3507 95;
3115 3451 3237 3494 tom.
3270 3455 3286 3493 ι
3321 3440 3430 3509 Ap-

1823 3545 2018 3605 paret”
2051 3553 2171 3606 pag.
2207 3535 2312 3590 ’ῖὸὸ
2335 3536 2371 3607 ).

1893 3628 2078 3699 Neque
2123 3631 2281 3683 etiam
2333 3633 2537 3701 integra
2590 3640 2645 3685 et
2690 3630 2998 3699 incorrupta
3032 3627 3282 3683 videntur
3313 3627 3431 3682 haec

1821 3723 2204 3792 subsequentia
2259 3723 2482 3777 Aruobii
2524 3724 2684 3778 verba
2721 3743 2732 3777 :
2791 3744 2807 3775 ‹
2841 3723 3128 3778 Armenius
3158 3723 3430 3778 Zostriani

1823 3832 1990 3884 nepos
2016 3828 2070 3869 et
2107 3817 2384 3870 familiaris
2419 3817 2734 3885 Pamphilus
2762 3817 2907 3888 Cyri.
2944 3837 2960 3870 ι
3005 3816 3135 3885 Quis
3161 3817 3303 3870 enim
3340 3815 3430 3870 ille

1824 3925 1946 3964 esse
1990 3921 2165 3979 potest
2195 3912 2484 3967 Armenius
2535 3911 2839 3981 Pamphilus
2889 3912 3041 3983 Cyri,
3092 3911 3233 3965 haud
3266 3911 3430 3966 dubie

1823 4001 1988 4068 illius,
2018 4012 2072 4056 et
2098 4002 2362 4058 Zostriani
2392 4006 2597 4087 nepos?
2627 4006 2779 4058 Dictu
2809 4005 2984 4060 adhuc
3007 4004 3282 4059 difﬁcilius
3310 4006 3431 4075 quis

1819 4095 1910 4151 ille
1935 4097 2090 4151 fuerit
2111 4097 2445 4152 Zostrianus.
2465 4099 2714 4166 Quidam,
2741 4115 2867 4154 vero
2884 4101 3226 4169 suspicantur
3248 4100 3430 4169 legen-

1819 4191 1946 4244 dum
1973 4206 2078 4246 non
2104 4192 2320 4261 quidem
2339 4192 2621 4256 Zostriani,
2643 4194 2734 4248 sed
2759 4194 2988 4258 Ostanir,
3017 4195 3132 4248 sive
3156 4192 3426 4262 Hoslartis,

1821 4284 1892 4338 de
1938 4301 2046 4353 quo
2094 4285 2253 4353 paulo
2299 4297 2425 4340 ante
2471 4287 2620 4341 citati
2648 4286 2904 4357 Apuleius
2947 4297 3000 4340 et
3033 4286 3423 4352 Tertullianus,

1821 4394 2029 4450 nosque
2052 4379 2172 4435 alibi
2197 4380 2404 4450 egimus
2428 4380 2564 4451 (eod.
2607 4392 2726 4435 tom.
2763 4397 2780 4435 ι
2814 4381 3090 4452 Αριιαναι.,
3121 4397 3239 4450 pag.
3269 4378 3422 4449 550).

1821 4478 1887 4529 At
1914 4477 1957 4529 si
1996 4475 2286 4529 obscurum
2319 4486 2401 4530 est
2428 4475 2689 4530 Zostriani
2733 4470 2930 4530 nomen
2954 4519 2967 4542 ,
3019 4474 3266 4545 plurimis
3295 4488 3427 4528 sane

1818 4568 2033 4638 cognita
2063 4579 2145 4622 est
2177 4568 2356 4623 fabula
2386 4568 2510 4623 Heri
2542 4570 2804 4634 Armenii,
2839 4585 3019 4638 quem,
3047 4569 3184 4624 sicut
3211 4568 3278 4622 ab
3301 4567 3422 4622 Uri-

124 4647 347 4707 Tametsi
380 4651 526 4708 enim
569 4651 715 4722 Opus
745 4653 888 4709 istud
921 4653 1113 4712 fabulis
1143 4653 1404 4709 refertum
1449 4657 1548 4720 sit,
1592 4655 1709 4712 haec
1737 4663 1792 4724 Β
1817 4677 1970 4728 gene,
2003 4659 2204 4732 Cyrillo
2231 4662 2603 4716 Alexandrino
2641 4673 2802 4728 atque
2829 4681 2857 4714 a
2888 4662 3040 4717 nobis
3077 4661 3424 4716 observatum

125 4749 282 4798 tamen
326 4745 452 4800 ideo
501 4745 751 4801 videntur
798 4747 867 4802 ab
898 4747 1042 4803 illius
1083 4760 1302 4804 auctore
1339 4749 1550 4815 tradita,
1585 4754 1708 4820 quia

127 4836 349 4906 plerique
393 4839 784 4896 existimabant
815 4840 1162 4897 Zoroastrem
1194 4846 1314 4914 igne
1364 4842 1530 4898 fuisse
1579 4861 1709 4900 C0ll-

126 4943 398 5003 sumptum.
422 4933 567 5002 Quid
592 4949 722 5006 ergo
759 4945 936 5000 vetat,
987 4937 1273 5006 quominus
1305 4937 1576 4995 Arnobius
1606 4941 1708 4997 hoc

125 5023 338 5081 ethnicis
363 5043 451 5084 ea.
489 5030 563 5082 uti
595 5028 852 5095 diximus,
886 5031 996 5091 acri
1025 5029 1197 5084 ironia
1225 5031 1528 5099 obiecerit?

184 5119 444 5177 Caeterum
478 5123 738 5193 Apuleius
759 5135 814 5179 et
838 5123 1200 5180 Tertullianus
1223 5125 1383 5194 hujus
1405 5128 1710 5184 Zoroastris

126 5218 277 5286 magi,
318 5227 372 5273 et
436 5217 667 5272 aliorum
719 5219 949 5287 ibidem,
997 5220 1065 5274 ab
1110 5221 1351 5276 Arnobio
1399 5223 1705 5289 citatorum,

127 5311 435 5364 mentionem
459 5304 740 5376 fecerunt;
763 5323 817 5367 et
843 5314 1102 5382 Apuleius
1127 5314 1342 5384 quidem
1370 5314 1454 5368 his
1484 5317 1665 5372 verbis
1690 5335 1704 5371 :

132 5399 224 5453 «Si
260 5401 557 5471 quamlibet
592 5403 865 5459 modicum
917 5406 1343 5462 emolumentum
1395 5410 1710 5478 probaveri-

127 5491 212 5556 tis;
242 5509 341 5566 ego
404 5495 494 5550 ille
555 5496 658 5552 sim
719 5497 1106 5568 Carimondas,
1150 5501 1232 5556 vel
1284 5501 1589 5570 llismoses,
1626 5505 1705 5559 vel

128 5585 404 5656 Johannes,
454 5592 535 5647 vel
585 5593 935 5662 Apollonius,
983 5595 1070 5648 vel
1115 5596 1228 5664 ipse
1272 5597 1567 5664 Dardanus,
1623 5599 1708 5654 vel

130 5681 434 5752 quicumque
480 5685 620 5738 alius
670 5696 790 5754 post
839 5685 1226 5755 Zoroastretn,
1277 5690 1361 5743 vel
1416 5689 1706 5746 llostanetn

132 5770 251 5827 inter
305 5792 490 5845 magos
534 5777 838 5834 celebratus
882 5789 966 5834 est
1019 5799 1037 5832 ι
1095 5780 1112 5849 (
1155 5783 1335 5850 ΑριιΙ..
1374 5785 1595 5854 Apolog.
1631 5801 1701 5852 tt,

123 5877 229 5934 pag.
260 5866 364 5923 375
386 5868 433 5938 ).
475 5867 846 5929 Tertullianus
871 5887 1003 5931 vero
1037 5891 1050 5930 :
1092 5891 1111 5926 t
1149 5873 1216 5932 Ut
1244 5875 1408 5948 ipsis,
1451 5894 1470 5928 ι
1504 5878 1704 5949 inuuit,

1819 4755 1937 4818 l'uit,
1987 4753 2270 4808 undecima
2317 4763 2436 4822 post
2465 4755 2669 4808 obitum
2697 4754 2785 4809 die
2821 4755 3082 4808 revixisse
3131 4754 3427 4807 narrabant

1817 4848 2078 4922 (0rigen.,
2108 4847 2195 4902 lib.
2232 4864 2268 4903 ll
2307 4859 2474 4902 contr.
2505 4847 2663 4912 Cela,
2699 4867 2748 4918 p.
2780 4849 2882 4914 70;
2914 4848 3076 4921 Cyril.
3107 4848 3283 4912 Alex.,
3330 4848 3421 4902 lib.

1814 4956 1883 4994 vn
1931 4949 2063 4994 cont.
2093 4938 2285 5006 Julia.,
2337 4958 2390 5009 p.
2437 4939 2574 5005 250;
2609 4952 2732 4997 tom.
2780 4946 3114 5011 tApparat.,
3162 4961 3220 5014 ρ.
3272 4943 3417 5003 liti).

1818 5033 1891 5088 De
1913 5033 2002 5086 illo
2018 5042 2197 5088 autem
2223 5027 2337 5089 lucc
2359 5046 2478 5089 sunt
2502 5033 2725 5090 totidem
2753 5033 3046 5089 Clementis
3068 5034 3422 5089 Alexandrini

1815 5130 1998 5198 verba,
2032 5130 2098 5182 ab
2133 5130 2366 5185 Eusebio
2389 5140 2636 5185 accurate
2664 5131 2931 5199 descripta
2967 5146 2981 5182 :
3016 5129 3188 5194 Plato,
3222 5129 3423 5198 inquit,

1811 5222 1959 5299 Ἠρὸς
1987 5230 2081 5280 τοῦ
2105 5223 2386 5300 Ἀρμενίου,
2419 5228 2479 5281 τὸ
2517 5227 2660 5300 γένος
2706 5226 3000 5297 Παμφύλου,
3035 5227 3319 5297 μέμνηται,
3367 5221 3422 5284 ὃς

1813 5317 1925 5375 ἔστι
1951 5323 2294 5395 Ζωροάστρης
2329 5319 2582 5390 (Clemens
2609 5319 2915 5382 Alextmdr.,
2948 5319 3037 5372 lib.
3074 5335 3101 5370 v
3138 5319 3418 5383 Sirenum,

1814 5431 1867 5482 ρ.
1903 5412 2044 5475 599:
2082 5413 2296 5478 Euseb.,
2341 5414 2429 5468 lib.
2488 5429 2580 5468 xm
2630 5412 2888 5480 Prwpar.,
2920 5429 2966 5465 ε.
3001 5413 3066 5466 15
3091 5452 3106 5474 ,
3155 5430 3205 5480 p.
3241 5410 3417 5477 6751:

1818 5505 2051 5560 Meminit
2084 5506 2208 5562 Heri
2229 5508 2456 5561 Armenii
2489 5510 2605 5576 ﬁlii,
2638 5521 2822 5579 genere
2857 5503 3140 5572 Pamphili,
3173 5504 3259 5573 qui
3304 5505 3422 5565 qni-

1815 5598 1928 5652 dem
1975 5610 2048 5653 est
2092 5599 2412 5654 Zoroastres.
2449 5603 2502 5656 Si
2533 5615 2663 5670 ergo
2691 5599 2961 5655 Arnobius
2991 5612 3141 5649 more
3171 5609 3268 5646 suo
3295 5593 3421 5647 (Ile-

1816 5692 2013 5746 tucntis
2045 5693 2465 5747 Alexandrinum
2519 5695 2588 5746 ibi
2640 5701 2856 5746 secutus-
2882 5697 2986 5752 est,
3015 5697 3107 5740 aut
3138 5686 3422 5740 memoria:

1815 5786 1965 5855 lapsu
2001 5788 2112 5840 lure
2148 5789 2360 5841 nomina
2395 5789 2647 5848 turbarit,
2690 5795 2779 5837 aut
2810 5784 2875 5836 ab
2905 5780 3148 5850 imperito
3195 5776 3428 5832 librario

1814 5881 2103 5952 depravata
2136 5891 2279 5938 sunt.
2333 5881 2529 5939 Verum
2575 5896 2696 5938 cum
2728 5877 2821 5933 ille
2853 5883 3040 5930 testem
3086 5883 3243 5926 suum
3286 5864 3433 5923 Cte-
