  <div class='ocr_page' id='page_1' title='image "/cluster/home/n/w/nwhite01/storage/ocr_20150623/5/uva.x000826532/377.png"; bbox 0 0 3872 6348; ppageno 0'>
   <div class='ocr_carea' id='block_1_1' title="bbox 432 334 529 391">
    <p class='ocr_par' dir='ltr' id='par_1_1' title="bbox 432 334 529 391">
     <span class='ocr_line' id='line_1_1' title="bbox 432 334 529 391; baseline 0.01 -1"><span class='ocrx_word' id='word_1_1' title='bbox 432 334 529 391; x_wconf 80' lang='grc'><strong>671</strong></span> 
     </span>
    </p>
   </div>
   <div class='ocr_carea' id='block_1_2' title="bbox 432 550 2026 623">
    <p class='ocr_par' dir='ltr' id='par_1_2' title="bbox 432 550 2026 623">
     <span class='ocr_line' id='line_1_2' title="bbox 432 550 2026 623; baseline 0.002 -19"><span class='ocrx_word' id='word_1_2' title='bbox 432 550 577 621; x_wconf 79' lang='lat' dir='ltr'><strong>ptius</strong></span> <span class='ocrx_word' id='word_1_3' title='bbox 608 564 715 605; x_wconf 92' lang='lat' dir='ltr'><strong>non</strong></span> <span class='ocrx_word' id='word_1_4' title='bbox 740 558 962 618; x_wconf 79' lang='lat' dir='ltr'><strong>exstat,,</strong></span> <span class='ocrx_word' id='word_1_5' title='bbox 991 552 1308 608; x_wconf 72' lang='lat' dir='ltr'><strong>nominatim</strong></span> <span class='ocrx_word' id='word_1_6' title='bbox 1336 552 1601 618; x_wconf 72' lang='lat' dir='ltr'><strong>citaverit,</strong></span> <span class='ocrx_word' id='word_1_7' title='bbox 1646 566 1769 623; x_wconf 81' lang='lat' dir='ltr'><strong>quae</strong></span> <span class='ocrx_word' id='word_1_8' title='bbox 1797 551 2026 623; x_wconf 81' lang='lat' dir='ltr'><strong>genuina</strong></span> 
     </span>
    </p>
   </div>
   <div class='ocr_carea' id='block_1_3' title="bbox 429 642 1584 716">
    <p class='ocr_par' dir='ltr' id='par_1_3' title="bbox 429 642 1584 716">
     <span class='ocr_line' id='line_1_3' title="bbox 429 642 1584 716; baseline -0.001 -16"><span class='ocrx_word' id='word_1_9' title='bbox 429 644 539 700; x_wconf 87' lang='lat' dir='ltr'><strong>sint</strong></span> <span class='ocrx_word' id='word_1_10' title='bbox 566 642 684 713; x_wconf 86' lang='lat' dir='ltr'><strong>ejus</strong></span> <span class='ocrx_word' id='word_1_11' title='bbox 708 644 892 707; x_wconf 82' lang='lat' dir='ltr'><strong>verba,</strong></span> <span class='ocrx_word' id='word_1_12' title='bbox 926 645 1047 716; x_wconf 93' lang='lat' dir='ltr'><strong>quis</strong></span> <span class='ocrx_word' id='word_1_13' title='bbox 1076 660 1321 701; x_wconf 84' lang='lat' dir='ltr'><strong>asserere</strong></span> <span class='ocrx_word' id='word_1_14' title='bbox 1348 644 1543 701; x_wconf 81' lang='lat' dir='ltr'><strong>audeat</strong></span> <span class='ocrx_word' id='word_1_15' title='bbox 1560 650 1584 699; x_wconf 74' lang='lat'><strong>2’</strong></span> 
     </span>
    </p>
   </div>
   <div class='ocr_carea' id='block_1_4' title="bbox 502 735 2027 810">
    <p class='ocr_par' dir='ltr' id='par_1_4' title="bbox 502 735 2027 810">
     <span class='ocr_line' id='line_1_4' title="bbox 502 735 2027 810; baseline 0.002 -18"><span class='ocrx_word' id='word_1_16' title='bbox 502 735 615 792; x_wconf 90' lang='lat' dir='ltr'><strong>Nec</strong></span> <span class='ocrx_word' id='word_1_17' title='bbox 638 738 817 792; x_wconf 91' lang='lat' dir='ltr'><strong>minus</strong></span> <span class='ocrx_word' id='word_1_18' title='bbox 843 738 1139 793; x_wconf 81' lang='lat' dir='ltr'><strong>adulterata</strong></span> <span class='ocrx_word' id='word_1_19' title='bbox 1170 754 1291 794; x_wconf 85' lang='lat' dir='ltr'><strong>esse</strong></span> <span class='ocrx_word' id='word_1_20' title='bbox 1333 750 1575 805; x_wconf 78' lang='lat' dir='ltr'><strong>censent,</strong></span> <span class='ocrx_word' id='word_1_21' title='bbox 1624 757 1744 810; x_wconf 72' lang='lat' dir='ltr'><strong>qua:</strong></span> <span class='ocrx_word' id='word_1_22' title='bbox 1790 742 1843 795; x_wconf 90' lang='lat' dir='ltr'><strong>in</strong></span> <span class='ocrx_word' id='word_1_23' title='bbox 1887 742 2027 796; x_wconf 92' lang='lat' dir='ltr'><strong>illius</strong></span> 
     </span>
    </p>
   </div>
   <div class='ocr_carea' id='block_1_5' title="bbox 430 831 2025 901">
    <p class='ocr_par' dir='ltr' id='par_1_5' title="bbox 430 831 2025 901">
     <span class='ocr_line' id='line_1_5' title="bbox 430 831 2025 901; baseline 0.005 -18"><span class='ocrx_word' id='word_1_24' title='bbox 430 837 581 885; x_wconf 85' lang='lat' dir='ltr'><strong>textu</strong></span> <span class='ocrx_word' id='word_1_25' title='bbox 609 841 913 901; x_wconf 88' lang='lat' dir='ltr'><strong>sequuntur</strong></span> <span class='ocrx_word' id='word_1_26' title='bbox 940 832 1155 886; x_wconf 90' lang='lat' dir='ltr'><strong>nomina</strong></span> <span class='ocrx_word' id='word_1_27' title='bbox 1178 875 1193 899; x_wconf 93' lang='lat'><strong>,</strong></span> <span class='ocrx_word' id='word_1_28' title='bbox 1232 831 1387 889; x_wconf 85' lang='lat' dir='ltr'><strong>Velus</strong></span> <span class='ocrx_word' id='word_1_29' title='bbox 1416 834 1663 890; x_wconf 83' lang='lat' dir='ltr'><strong>Julianus</strong></span> <span class='ocrx_word' id='word_1_30' title='bbox 1697 846 1744 890; x_wconf 83' lang='lat' dir='ltr'><strong>et</strong></span> <span class='ocrx_word' id='word_1_31' title='bbox 1765 834 2025 891; x_wconf 75' lang='lat' dir='ltr'><strong>Bwbulus.</strong></span> 
     </span>
    </p>
   </div>
   <div class='ocr_carea' id='block_1_6' title="bbox 430 922 2031 994">
    <p class='ocr_par' dir='ltr' id='par_1_6' title="bbox 430 922 2031 994">
     <span class='ocr_line' id='line_1_6' title="bbox 430 922 2031 994; baseline 0.004 -19"><span class='ocrx_word' id='word_1_32' title='bbox 430 922 660 992; x_wconf 85' lang='lat' dir='ltr'><strong>Quidam</strong></span> <span class='ocrx_word' id='word_1_33' title='bbox 719 925 878 994; x_wconf 82' lang='lat' dir='ltr'><strong>igitur</strong></span> <span class='ocrx_word' id='word_1_34' title='bbox 931 925 1336 982; x_wconf 84' lang='lat' dir='ltr'><strong>rescribendum</strong></span> <span class='ocrx_word' id='word_1_35' title='bbox 1389 938 1714 994; x_wconf 82' lang='lat' dir='ltr'><strong>autumant,</strong></span> <span class='ocrx_word' id='word_1_36' title='bbox 1772 926 1931 983; x_wconf 85' lang='lat' dir='ltr'><strong>Nilus</strong></span> <span class='ocrx_word' id='word_1_37' title='bbox 1984 938 2031 982; x_wconf 91' lang='lat' dir='ltr'><strong>et</strong></span> 
     </span>
    </p>
   </div>
   <div class='ocr_carea' id='block_1_7' title="bbox 443 1016 2031 1096">
    <p class='ocr_par' dir='ltr' id='par_1_7' title="bbox 443 1016 2031 1096">
     <span class='ocr_line' id='line_1_7' title="bbox 443 1016 2031 1096; baseline 0.004 -24"><span class='ocrx_word' id='word_1_38' title='bbox 443 1016 740 1083; x_wconf 81' lang='lat' dir='ltr'><strong>Vulcanus;</strong></span> <span class='ocrx_word' id='word_1_39' title='bbox 780 1020 1213 1091; x_wconf 77' lang='lat' dir='ltr'><strong>quandoquidem</strong></span> <span class='ocrx_word' id='word_1_40' title='bbox 1241 1022 1483 1079; x_wconf 74' lang='lat' dir='ltr'><strong>Laertius</strong></span> <span class='ocrx_word' id='word_1_41' title='bbox 1512 1026 1646 1080; x_wconf 79' lang='lat' dir='ltr'><strong>dixit</strong></span> <span class='ocrx_word' id='word_1_42' title='bbox 1682 1044 1695 1081; x_wconf 90' lang='lat'><strong>:</strong></span> <span class='ocrx_word' id='word_1_43' title='bbox 1733 1043 1752 1077; x_wconf 78' lang='grc' dir='ltr'><strong>ι</strong></span> <span class='ocrx_word' id='word_1_44' title='bbox 1792 1023 2031 1096; x_wconf 63' lang='grc' dir='ltr'>Εςγιιιιί</span> 
     </span>
    </p>
   </div>
   <div class='ocr_carea' id='block_1_8' title="bbox 430 1111 2031 1191">
    <p class='ocr_par' dir='ltr' id='par_1_8' title="bbox 430 1111 2031 1191">
     <span class='ocr_line' id='line_1_8' title="bbox 430 1111 2031 1191; baseline 0.006 -25"><span class='ocrx_word' id='word_1_45' title='bbox 430 1111 727 1169; x_wconf 82' lang='lat' dir='ltr'><strong>Vulcanum</strong></span> <span class='ocrx_word' id='word_1_46' title='bbox 756 1112 859 1169; x_wconf 86' lang='lat' dir='ltr'><strong>Nili</strong></span> <span class='ocrx_word' id='word_1_47' title='bbox 899 1114 1062 1169; x_wconf 87' lang='lat' dir='ltr'><strong>lilimu</strong></span> <span class='ocrx_word' id='word_1_48' title='bbox 1087 1116 1253 1174; x_wconf 82' lang='lat' dir='ltr'><strong>fuisse</strong></span> <span class='ocrx_word' id='word_1_49' title='bbox 1283 1119 1517 1183; x_wconf 84' lang='lat' dir='ltr'><strong>tradunt,</strong></span> <span class='ocrx_word' id='word_1_50' title='bbox 1551 1121 1639 1191; x_wconf 84' lang='lat' dir='ltr'><strong>qui</strong></span> <span class='ocrx_word' id='word_1_51' title='bbox 1676 1120 2031 1190; x_wconf 70' lang='lat' dir='ltr'><strong>phllOSllphlil!</strong></span> 
     </span>
    </p>
   </div>
   <div class='ocr_carea' id='block_1_9' title="bbox 426 1204 2032 1285">
    <p class='ocr_par' dir='ltr' id='par_1_9' title="bbox 426 1204 2032 1285">
     <span class='ocr_line' id='line_1_9' title="bbox 426 1204 2032 1285; baseline 0.006 -28"><span class='ocrx_word' id='word_1_52' title='bbox 426 1204 696 1269; x_wconf 88' lang='lat' dir='ltr'><strong>aperuerit</strong></span> <span class='ocrx_word' id='word_1_53' title='bbox 743 1217 1007 1276; x_wconf 65' lang='lat' dir='ltr'><strong>praecepta</strong></span> <span class='ocrx_word' id='word_1_54' title='bbox 1046 1228 1064 1262; x_wconf 85' lang='grc' dir='ltr'><strong>ι</strong></span> <span class='ocrx_word' id='word_1_55' title='bbox 1099 1210 1300 1281; x_wconf 82' lang='lat' dir='ltr'><strong>(Laert.</strong></span> <span class='ocrx_word' id='word_1_56' title='bbox 1342 1212 1587 1271; x_wconf 74' lang='grc' dir='ltr'>ΡιὈωιιι..</span> <span class='ocrx_word' id='word_1_57' title='bbox 1621 1212 1649 1285; x_wconf 83' lang='lat'>§</span> <span class='ocrx_word' id='word_1_58' title='bbox 1686 1211 1759 1285; x_wconf 89' lang='grc'><strong>1).</strong></span> <span class='ocrx_word' id='word_1_59' title='bbox 1809 1213 1916 1269; x_wconf 91' lang='lat' dir='ltr'><strong>Sed</strong></span> <span class='ocrx_word' id='word_1_60' title='bbox 1960 1214 2032 1268; x_wconf 86' lang='lat' dir='ltr'><strong>ibi</strong></span> 
     </span>
    </p>
   </div>
   <div class='ocr_carea' id='block_1_10' title="bbox 427 1294 2033 1378">
    <p class='ocr_par' dir='ltr' id='par_1_10' title="bbox 427 1294 2033 1378">
     <span class='ocr_line' id='line_1_10' title="bbox 427 1294 2033 1378; baseline 0.008 -28"><span class='ocrx_word' id='word_1_61' title='bbox 427 1294 786 1369; x_wconf 71' lang='lat' dir='ltr'><strong>philosophia:</strong></span> <span class='ocrx_word' id='word_1_62' title='bbox 816 1302 1036 1359; x_wconf 88' lang='lat' dir='ltr'><strong>nomine</strong></span> <span class='ocrx_word' id='word_1_63' title='bbox 1062 1307 1292 1377; x_wconf 81' lang='lat' dir='ltr'><strong>magiam</strong></span> <span class='ocrx_word' id='word_1_64' title='bbox 1320 1307 1725 1378; x_wconf 81' lang='lat' dir='ltr'><strong>intelligendam</strong></span> <span class='ocrx_word' id='word_1_65' title='bbox 1757 1308 1888 1363; x_wconf 83' lang='lat' dir='ltr'><strong>nulli</strong></span> <span class='ocrx_word' id='word_1_66' title='bbox 1917 1325 2033 1363; x_wconf 84' lang='lat' dir='ltr'><strong>mu-</strong></span> 
     </span>
    </p>
   </div>
   <div class='ocr_carea' id='block_1_11' title="bbox 424 1391 2028 1470">
    <p class='ocr_par' dir='ltr' id='par_1_11' title="bbox 424 1391 2028 1470">
     <span class='ocr_line' id='line_1_11' title="bbox 424 1391 2028 1470; baseline 0.009 -29"><span class='ocrx_word' id='word_1_67' title='bbox 424 1402 585 1457; x_wconf 87' lang='lat' dir='ltr'><strong>quam</strong></span> <span class='ocrx_word' id='word_1_68' title='bbox 617 1391 994 1460; x_wconf 84' lang='lat' dir='ltr'><strong>probaverunt.</strong></span> <span class='ocrx_word' id='word_1_69' title='bbox 1043 1396 1146 1451; x_wconf 86' lang='lat' dir='ltr'><strong>Alii</strong></span> <span class='ocrx_word' id='word_1_70' title='bbox 1192 1398 1371 1470; x_wconf 85' lang='lat' dir='ltr'><strong>itaque</strong></span> <span class='ocrx_word' id='word_1_71' title='bbox 1401 1415 1497 1467; x_wconf 87' lang='lat' dir='ltr'><strong>pro</strong></span> <span class='ocrx_word' id='word_1_72' title='bbox 1553 1399 1704 1454; x_wconf 85' lang='lat' dir='ltr'><strong>Velus</strong></span> <span class='ocrx_word' id='word_1_73' title='bbox 1734 1400 2028 1455; x_wconf 77' lang='lat' dir='ltr'><strong>emendau-</strong></span> 
     </span>
    </p>
   </div>
   <div class='ocr_carea' id='block_1_12' title="bbox 430 1482 2029 1564">
    <p class='ocr_par' dir='ltr' id='par_1_12' title="bbox 430 1482 2029 1564">
     <span class='ocr_line' id='line_1_12' title="bbox 430 1482 2029 1564; baseline 0.006 -26"><span class='ocrx_word' id='word_1_74' title='bbox 430 1482 557 1538; x_wconf 90' lang='lat' dir='ltr'><strong>dum</strong></span> <span class='ocrx_word' id='word_1_75' title='bbox 581 1496 767 1556; x_wconf 90' lang='lat' dir='ltr'><strong>putant</strong></span> <span class='ocrx_word' id='word_1_76' title='bbox 791 1485 971 1543; x_wconf 85' lang='lat' dir='ltr'><strong>Belus.</strong></span> <span class='ocrx_word' id='word_1_77' title='bbox 991 1488 1102 1545; x_wconf 90' lang='lat' dir='ltr'><strong>Nec</strong></span> <span class='ocrx_word' id='word_1_78' title='bbox 1116 1491 1239 1559; x_wconf 88' lang='lat' dir='ltr'><strong>jure</strong></span> <span class='ocrx_word' id='word_1_79' title='bbox 1261 1493 1473 1563; x_wconf 78' lang='lat' dir='ltr'><strong>quidem</strong></span> <span class='ocrx_word' id='word_1_80' title='bbox 1500 1509 1717 1564; x_wconf 89' lang='lat' dir='ltr'><strong>prorsus</strong></span> <span class='ocrx_word' id='word_1_81' title='bbox 1736 1495 2029 1549; x_wconf 89' lang='lat' dir='ltr'><strong>immerito.</strong></span> 
     </span>
    </p>
   </div>
   <div class='ocr_carea' id='block_1_13' title="bbox 426 1578 2032 1652">
    <p class='ocr_par' dir='ltr' id='par_1_13' title="bbox 426 1578 2032 1652">
     <span class='ocr_line' id='line_1_13' title="bbox 426 1578 2032 1652; baseline 0.005 -19"><span class='ocrx_word' id='word_1_82' title='bbox 426 1578 624 1635; x_wconf 60' lang='lat' dir='ltr'><strong>Primae</strong></span> <span class='ocrx_word' id='word_1_83' title='bbox 672 1583 871 1638; x_wconf 89' lang='lat' dir='ltr'><strong>etenim</strong></span> <span class='ocrx_word' id='word_1_84' title='bbox 929 1584 1208 1652; x_wconf 83' lang='lat' dir='ltr'><strong>utriusque</strong></span> <span class='ocrx_word' id='word_1_85' title='bbox 1263 1588 1495 1643; x_wconf 88' lang='lat' dir='ltr'><strong>nominis</strong></span> <span class='ocrx_word' id='word_1_86' title='bbox 1547 1588 1742 1643; x_wconf 75' lang='lat' dir='ltr'><strong>littera:</strong></span> <span class='ocrx_word' id='word_1_87' title='bbox 1786 1587 1828 1641; x_wconf 89' lang='grc' dir='ltr'>Β</span> <span class='ocrx_word' id='word_1_88' title='bbox 1880 1594 1931 1641; x_wconf 88' lang='lat' dir='ltr'><strong>et</strong></span> <span class='ocrx_word' id='word_1_89' title='bbox 1990 1587 2032 1641; x_wconf 86' lang='lat' dir='ltr'><strong>V</strong></span> 
     </span>
    </p>
   </div>
   <div class='ocr_carea' id='block_1_14' title="bbox 426 1672 2035 1744">
    <p class='ocr_par' dir='ltr' id='par_1_14' title="bbox 426 1672 2035 1744">
     <span class='ocr_line' id='line_1_14' title="bbox 426 1672 2035 1744; baseline 0.004 -18"><span class='ocrx_word' id='word_1_90' title='bbox 426 1672 727 1736; x_wconf 68' lang='lat' dir='ltr'><strong>saepissime</strong></span> <span class='ocrx_word' id='word_1_91' title='bbox 754 1691 783 1731; x_wconf 91' lang='lat' dir='ltr'><strong>a</strong></span> <span class='ocrx_word' id='word_1_92' title='bbox 814 1677 1047 1735; x_wconf 87' lang='lat' dir='ltr'><strong>librariis</strong></span> <span class='ocrx_word' id='word_1_93' title='bbox 1090 1690 1510 1736; x_wconf 90' lang='lat' dir='ltr'><strong>cummutantur.</strong></span> <span class='ocrx_word' id='word_1_94' title='bbox 1568 1681 1729 1736; x_wconf 80' lang='lat' dir='ltr'><strong>Belus</strong></span> <span class='ocrx_word' id='word_1_95' title='bbox 1773 1695 1923 1744; x_wconf 88' lang='lat' dir='ltr'><strong>vero,</strong></span> <span class='ocrx_word' id='word_1_96' title='bbox 1979 1691 2035 1733; x_wconf 89' lang='lat' dir='ltr'><strong>ut</strong></span> 
     </span>
    </p>
   </div>
   <div class='ocr_carea' id='block_1_15' title="bbox 426 1767 2031 1846">
    <p class='ocr_par' dir='ltr' id='par_1_15' title="bbox 426 1767 2031 1846">
     <span class='ocr_line' id='line_1_15' title="bbox 426 1767 2031 1846; baseline 0.006 -29"><span class='ocrx_word' id='word_1_97' title='bbox 426 1777 607 1820; x_wconf 86' lang='lat' dir='ltr'><strong>narrat</strong></span> <span class='ocrx_word' id='word_1_98' title='bbox 666 1767 933 1827; x_wconf 88' lang='lat' dir='ltr'><strong>Diodorus</strong></span> <span class='ocrx_word' id='word_1_99' title='bbox 989 1770 1225 1839; x_wconf 78' lang='lat' dir='ltr'><strong>Siculus,</strong></span> <span class='ocrx_word' id='word_1_100' title='bbox 1282 1774 1599 1842; x_wconf 74' lang='lat' dir='ltr'><strong>Flamines,</strong></span> <span class='ocrx_word' id='word_1_101' title='bbox 1653 1773 2031 1846; x_wconf 53' lang='lat' dir='ltr'><strong>Egyptiorum</strong></span> 
     </span>
    </p>
   </div>
   <div class='ocr_carea' id='block_1_16' title="bbox 435 1862 2111 1940">
    <p class='ocr_par' dir='ltr' id='par_1_16' title="bbox 435 1862 2111 1940">
     <span class='ocr_line' id='line_1_16' title="bbox 435 1862 2111 1940; baseline 0.008 -29"><span class='ocrx_word' id='word_1_102' title='bbox 435 1873 609 1922; x_wconf 88' lang='lat' dir='ltr'><strong>more,</strong></span> <span class='ocrx_word' id='word_1_103' title='bbox 641 1862 868 1931; x_wconf 80' lang='lat' dir='ltr'><strong>publicis</strong></span> <span class='ocrx_word' id='word_1_104' title='bbox 891 1866 1148 1921; x_wconf 88' lang='lat' dir='ltr'><strong>oneribus</strong></span> <span class='ocrx_word' id='word_1_105' title='bbox 1177 1878 1229 1923; x_wconf 93' lang='lat' dir='ltr'><strong>et</strong></span> <span class='ocrx_word' id='word_1_106' title='bbox 1264 1868 1522 1937; x_wconf 90' lang='lat' dir='ltr'><strong>impensis</strong></span> <span class='ocrx_word' id='word_1_107' title='bbox 1549 1878 1836 1936; x_wconf 80' lang='lat' dir='ltr'><strong>exemptos</strong></span> <span class='ocrx_word' id='word_1_108' title='bbox 1882 1871 2035 1923; x_wconf 88' lang='lat' dir='ltr'><strong>insti-</strong></span> <span class='ocrx_word' id='word_1_109' title='bbox 2066 1879 2111 1940; x_wconf 84' lang='grc' dir='ltr'>Β</span> 
     </span>
    </p>
   </div>
   <div class='ocr_carea' id='block_1_17' title="bbox 425 1952 2029 2032">
    <p class='ocr_par' dir='ltr' id='par_1_17' title="bbox 425 1952 2029 2032">
     <span class='ocr_line' id='line_1_17' title="bbox 425 1952 2029 2032; baseline 0.007 -27"><span class='ocrx_word' id='word_1_110' title='bbox 425 1954 526 2006; x_wconf 88' lang='lat' dir='ltr'><strong>tuit</strong></span> <span class='ocrx_word' id='word_1_111' title='bbox 553 1952 795 2025; x_wconf 84' lang='lat' dir='ltr'><strong>(Diador.</strong></span> <span class='ocrx_word' id='word_1_112' title='bbox 831 1957 1021 2026; x_wconf 77' lang='lat' dir='ltr'><strong>SicuL,</strong></span> <span class='ocrx_word' id='word_1_113' title='bbox 1045 1960 1135 2015; x_wconf 87' lang='lat' dir='ltr'><strong>lib.</strong></span> <span class='ocrx_word' id='word_1_114' title='bbox 1160 1977 1179 2016; x_wconf 84' lang='grc' dir='ltr'><strong>ι</strong></span> <span class='ocrx_word' id='word_1_115' title='bbox 1216 1960 1484 2028; x_wconf 77' lang='lat' dir='ltr'><strong>Bibliotli.,</strong></span> <span class='ocrx_word' id='word_1_116' title='bbox 1514 1980 1565 2032; x_wconf 87' lang='lat' dir='ltr'><strong>p.</strong></span> <span class='ocrx_word' id='word_1_117' title='bbox 1602 1963 1712 2031; x_wconf 83' lang='grc'><strong>17).</strong></span> <span class='ocrx_word' id='word_1_118' title='bbox 1749 1962 1808 2016; x_wconf 86' lang='lat' dir='ltr'><strong>lli</strong></span> <span class='ocrx_word' id='word_1_119' title='bbox 1832 1972 2029 2029; x_wconf 87' lang='lat' dir='ltr'><strong>autem,</strong></span> 
     </span>
    </p>
   </div>
   <div class='ocr_carea' id='block_1_18' title="bbox 426 2047 2035 2128">
    <p class='ocr_par' dir='ltr' id='par_1_18' title="bbox 426 2047 2035 2128">
     <span class='ocr_line' id='line_1_18' title="bbox 426 2047 2035 2128; baseline 0.008 -29"><span class='ocrx_word' id='word_1_120' title='bbox 426 2060 564 2117; x_wconf 90' lang='lat' dir='ltr'><strong>quos</strong></span> <span class='ocrx_word' id='word_1_121' title='bbox 594 2047 872 2120; x_wconf 78' lang='lat' dir='ltr'><strong>Babylonii</strong></span> <span class='ocrx_word' id='word_1_122' title='bbox 901 2061 1097 2107; x_wconf 76' lang='lat' dir='ltr'><strong>Vocant</strong></span> <span class='ocrx_word' id='word_1_123' title='bbox 1141 2051 1447 2122; x_wconf 79' lang='lat' dir='ltr'><strong>Chaldaeos,</strong></span> <span class='ocrx_word' id='word_1_124' title='bbox 1505 2056 1751 2110; x_wconf 84' lang='lat' dir='ltr'><strong>solebant</strong></span> <span class='ocrx_word' id='word_1_125' title='bbox 1783 2056 1837 2110; x_wconf 91' lang='lat' dir='ltr'><strong>in</strong></span> <span class='ocrx_word' id='word_1_126' title='bbox 1868 2054 2035 2128; x_wconf 62' lang='lat' dir='ltr'><strong>ngy-</strong></span> 
     </span>
    </p>
   </div>
   <div class='ocr_carea' id='block_1_19' title="bbox 426 2142 2028 2219">
    <p class='ocr_par' dir='ltr' id='par_1_19' title="bbox 426 2142 2028 2219">
     <span class='ocr_line' id='line_1_19' title="bbox 426 2142 2028 2219; baseline 0.006 -25"><span class='ocrx_word' id='word_1_127' title='bbox 426 2149 543 2210; x_wconf 90' lang='lat' dir='ltr'><strong>pto,</strong></span> <span class='ocrx_word' id='word_1_128' title='bbox 577 2142 1031 2208; x_wconf 88' lang='lat' dir='ltr'><strong>quemadmodum</strong></span> <span class='ocrx_word' id='word_1_129' title='bbox 1080 2145 1393 2202; x_wconf 85' lang='lat' dir='ltr'><strong>sacerdotes</strong></span> <span class='ocrx_word' id='word_1_130' title='bbox 1430 2148 1633 2219; x_wconf 79' lang='lat' dir='ltr'><strong>physici</strong></span> <span class='ocrx_word' id='word_1_131' title='bbox 1666 2160 1714 2202; x_wconf 89' lang='lat' dir='ltr'><strong>et</strong></span> <span class='ocrx_word' id='word_1_132' title='bbox 1751 2142 2028 2217; x_wconf 74' lang='lat' dir='ltr'><strong>astrologi,</strong></span> 
     </span>
    </p>
   </div>
   <div class='ocr_carea' id='block_1_20' title="bbox 426 2231 2035 2308">
    <p class='ocr_par' dir='ltr' id='par_1_20' title="bbox 426 2231 2035 2308">
     <span class='ocr_line' id='line_1_20' title="bbox 426 2231 2035 2308; baseline 0.007 -21"><span class='ocrx_word' id='word_1_133' title='bbox 426 2231 612 2287; x_wconf 81' lang='lat' dir='ltr'><strong>stellas</strong></span> <span class='ocrx_word' id='word_1_134' title='bbox 642 2233 954 2290; x_wconf 87' lang='lat' dir='ltr'><strong>observare.</strong></span> <span class='ocrx_word' id='word_1_135' title='bbox 984 2236 1155 2305; x_wconf 85' lang='lat' dir='ltr'><strong>Quam</strong></span> <span class='ocrx_word' id='word_1_136' title='bbox 1187 2240 1541 2308; x_wconf 85' lang='lat' dir='ltr'><strong>proculdubio</strong></span> <span class='ocrx_word' id='word_1_137' title='bbox 1588 2241 1656 2296; x_wconf 91' lang='lat' dir='ltr'><strong>ob</strong></span> <span class='ocrx_word' id='word_1_138' title='bbox 1684 2256 1901 2296; x_wconf 78' lang='lat' dir='ltr'><strong>causam</strong></span> <span class='ocrx_word' id='word_1_139' title='bbox 1936 2244 2035 2297; x_wconf 90' lang='lat' dir='ltr'><strong>Be-</strong></span> 
     </span>
    </p>
   </div>
   <div class='ocr_carea' id='block_1_21' title="bbox 434 2326 2035 2391">
    <p class='ocr_par' dir='ltr' id='par_1_21' title="bbox 434 2326 2035 2391">
     <span class='ocr_line' id='line_1_21' title="bbox 434 2326 2035 2391; baseline 0.006 -9"><span class='ocrx_word' id='word_1_140' title='bbox 434 2326 521 2382; x_wconf 87' lang='lat' dir='ltr'><strong>lus</strong></span> <span class='ocrx_word' id='word_1_141' title='bbox 539 2343 570 2383; x_wconf 90' lang='lat' dir='ltr'><strong>a</strong></span> <span class='ocrx_word' id='word_1_142' title='bbox 598 2328 771 2384; x_wconf 88' lang='lat' dir='ltr'><strong>Plinio</strong></span> <span class='ocrx_word' id='word_1_143' title='bbox 799 2344 855 2385; x_wconf 89' lang='lat' dir='ltr'><strong>et</strong></span> <span class='ocrx_word' id='word_1_144' title='bbox 878 2330 1067 2386; x_wconf 89' lang='lat' dir='ltr'><strong>Solino</strong></span> <span class='ocrx_word' id='word_1_145' title='bbox 1094 2333 1344 2389; x_wconf 80' lang='lat' dir='ltr'><strong>sideralis</strong></span> <span class='ocrx_word' id='word_1_146' title='bbox 1370 2336 1611 2391; x_wconf 70' lang='lat' dir='ltr'><strong>scientia:</strong></span> <span class='ocrx_word' id='word_1_147' title='bbox 1636 2337 1831 2391; x_wconf 89' lang='lat' dir='ltr'><strong>dicitur</strong></span> <span class='ocrx_word' id='word_1_148' title='bbox 1850 2338 2035 2391; x_wconf 83' lang='lat' dir='ltr'><strong>inven-</strong></span> 
     </span>
    </p>
   </div>
   <div class='ocr_carea' id='block_1_22' title="bbox 428 2425 2033 2499">
    <p class='ocr_par' dir='ltr' id='par_1_22' title="bbox 428 2425 2033 2499">
     <span class='ocr_line' id='line_1_22' title="bbox 428 2425 2033 2499; baseline 0.007 -23"><span class='ocrx_word' id='word_1_149' title='bbox 428 2429 534 2487; x_wconf 89' lang='lat' dir='ltr'><strong>tor,</strong></span> <span class='ocrx_word' id='word_1_150' title='bbox 566 2433 727 2495; x_wconf 88' lang='lat' dir='ltr'><strong>atque</strong></span> <span class='ocrx_word' id='word_1_151' title='bbox 752 2425 820 2480; x_wconf 89' lang='lat' dir='ltr'><strong>ab</strong></span> <span class='ocrx_word' id='word_1_152' title='bbox 864 2426 1195 2497; x_wconf 83' lang='lat' dir='ltr'><strong>Hieronyqu</strong></span> <span class='ocrx_word' id='word_1_153' title='bbox 1223 2428 1387 2494; x_wconf 91' lang='lat' dir='ltr'><strong>idem,</strong></span> <span class='ocrx_word' id='word_1_154' title='bbox 1418 2435 1506 2499; x_wconf 89' lang='lat' dir='ltr'><strong>qui</strong></span> <span class='ocrx_word' id='word_1_155' title='bbox 1552 2431 1621 2485; x_wconf 84' lang='lat' dir='ltr'><strong>ab</strong></span> <span class='ocrx_word' id='word_1_156' title='bbox 1652 2432 1891 2488; x_wconf 73' lang='lat' dir='ltr'><strong>Hebraeis</strong></span> <span class='ocrx_word' id='word_1_157' title='bbox 1916 2432 2033 2497; x_wconf 89' lang='lat' dir='ltr'><strong>Bel,</strong></span> 
     </span>
    </p>
   </div>
   <div class='ocr_carea' id='block_1_23' title="bbox 426 2513 2035 2594">
    <p class='ocr_par' dir='ltr' id='par_1_23' title="bbox 426 2513 2035 2594">
     <span class='ocr_line' id='line_1_23' title="bbox 426 2513 2035 2594; baseline 0.007 -25"><span class='ocrx_word' id='word_1_158' title='bbox 426 2529 458 2569; x_wconf 78' lang='grc' dir='ltr'><strong>ιι</strong></span> <span class='ocrx_word' id='word_1_159' title='bbox 506 2513 743 2570; x_wconf 88' lang='lat' dir='ltr'><strong>Sidoniis</strong></span> <span class='ocrx_word' id='word_1_160' title='bbox 787 2526 842 2572; x_wconf 90' lang='lat' dir='ltr'><strong>et</strong></span> <span class='ocrx_word' id='word_1_161' title='bbox 889 2517 1231 2576; x_wconf 73' lang='lat' dir='ltr'><strong>Phrenicibus</strong></span> <span class='ocrx_word' id='word_1_162' title='bbox 1264 2522 1410 2588; x_wconf 88' lang='lat' dir='ltr'><strong>Baal,</strong></span> <span class='ocrx_word' id='word_1_163' title='bbox 1441 2524 1762 2594; x_wconf 86' lang='lat' dir='ltr'><strong>appellatur,</strong></span> <span class='ocrx_word' id='word_1_164' title='bbox 1812 2535 1974 2593; x_wconf 87' lang='lat' dir='ltr'><strong>atque</strong></span> <span class='ocrx_word' id='word_1_165' title='bbox 2003 2542 2035 2580; x_wconf 89' lang='lat' dir='ltr'><strong>a</strong></span> 
     </span>
    </p>
   </div>
   <div class='ocr_carea' id='block_1_24' title="bbox 426 2606 2028 2692">
    <p class='ocr_par' dir='ltr' id='par_1_24' title="bbox 426 2606 2028 2692">
     <span class='ocr_line' id='line_1_24' title="bbox 426 2606 2028 2692; baseline 0.008 -29"><span class='ocrx_word' id='word_1_166' title='bbox 426 2606 567 2663; x_wconf 88' lang='lat' dir='ltr'><strong>Nino</strong></span> <span class='ocrx_word' id='word_1_167' title='bbox 612 2609 755 2667; x_wconf 87' lang='lat' dir='ltr'><strong>illius</strong></span> <span class='ocrx_word' id='word_1_168' title='bbox 802 2612 915 2667; x_wconf 80' lang='lat' dir='ltr'><strong>lilio</strong></span> <span class='ocrx_word' id='word_1_169' title='bbox 958 2615 1011 2670; x_wconf 93' lang='lat' dir='ltr'><strong>in</strong></span> <span class='ocrx_word' id='word_1_170' title='bbox 1058 2616 1284 2672; x_wconf 88' lang='lat' dir='ltr'><strong>deorum</strong></span> <span class='ocrx_word' id='word_1_171' title='bbox 1334 2618 1581 2674; x_wconf 86' lang='lat' dir='ltr'><strong>ordinem</strong></span> <span class='ocrx_word' id='word_1_172' title='bbox 1631 2618 1832 2673; x_wconf 82' lang='lat' dir='ltr'><strong>relatus</strong></span> <span class='ocrx_word' id='word_1_173' title='bbox 1860 2618 2028 2692; x_wconf 81' lang='lat' dir='ltr'><strong>(Plin.</strong></span> 
     </span>
    </p>
   </div>
   <div class='ocr_carea' id='block_1_25' title="bbox 427 2702 2030 2783">
    <p class='ocr_par' dir='ltr' id='par_1_25' title="bbox 427 2702 2030 2783">
     <span class='ocr_line' id='line_1_25' title="bbox 427 2702 2030 2783; baseline 0.007 -25"><span class='ocrx_word' id='word_1_174' title='bbox 427 2702 518 2758; x_wconf 80' lang='lat' dir='ltr'><strong>lib.</strong></span> <span class='ocrx_word' id='word_1_175' title='bbox 563 2719 613 2757; x_wconf 82' lang='grc' dir='ltr'>νι</span> <span class='ocrx_word' id='word_1_176' title='bbox 662 2704 855 2760; x_wconf 86' lang='lat' dir='ltr'><strong>Natnr.</strong></span> <span class='ocrx_word' id='word_1_177' title='bbox 906 2708 1051 2773; x_wconf 87' lang='lat' dir='ltr'><strong>hist.,</strong></span> <span class='ocrx_word' id='word_1_178' title='bbox 1102 2727 1148 2765; x_wconf 90' lang='lat' dir='ltr'><strong>c.</strong></span> <span class='ocrx_word' id='word_1_179' title='bbox 1200 2709 1302 2771; x_wconf 76' lang='grc'><strong>27.</strong></span> <span class='ocrx_word' id='word_1_180' title='bbox 1335 2731 1387 2782; x_wconf 89' lang='lat' dir='ltr'><strong>p.</strong></span> <span class='ocrx_word' id='word_1_181' title='bbox 1432 2713 1570 2776; x_wconf 71' lang='lat'><strong>712;</strong></span> <span class='ocrx_word' id='word_1_182' title='bbox 1607 2712 1797 2779; x_wconf 68' lang='lat' dir='ltr'><strong>Solim,</strong></span> <span class='ocrx_word' id='word_1_183' title='bbox 1844 2730 1890 2767; x_wconf 79' lang='grc' dir='ltr'><strong>ε.</strong></span> <span class='ocrx_word' id='word_1_184' title='bbox 1940 2717 2030 2783; x_wconf 77' lang='grc'><strong>56,</strong></span> 
     </span>
    </p>
   </div>
   <div class='ocr_carea' id='block_1_26' title="bbox 428 2796 2029 2877">
    <p class='ocr_par' dir='ltr' id='par_1_26' title="bbox 428 2796 2029 2877">
     <span class='ocr_line' id='line_1_26' title="bbox 428 2796 2029 2877; baseline 0.009 -28"><span class='ocrx_word' id='word_1_185' title='bbox 428 2813 482 2866; x_wconf 85' lang='lat' dir='ltr'><strong>p.</strong></span> <span class='ocrx_word' id='word_1_186' title='bbox 510 2796 617 2864; x_wconf 87' lang='lat'><strong>87;</strong></span> <span class='ocrx_word' id='word_1_187' title='bbox 652 2796 977 2872; x_wconf 62' lang='lat' dir='ltr'><strong>Hieronynu,</strong></span> <span class='ocrx_word' id='word_1_188' title='bbox 997 2803 1049 2858; x_wconf 83' lang='lat' dir='ltr'><strong>in</strong></span> <span class='ocrx_word' id='word_1_189' title='bbox 1074 2800 1282 2873; x_wconf 76' lang='lat' dir='ltr'><strong>Oscam,</strong></span> <span class='ocrx_word' id='word_1_190' title='bbox 1312 2822 1360 2863; x_wconf 90' lang='lat' dir='ltr'><strong>c.</strong></span> <span class='ocrx_word' id='word_1_191' title='bbox 1380 2806 1436 2871; x_wconf 72' lang='lat'><strong>2,</strong></span> <span class='ocrx_word' id='word_1_192' title='bbox 1470 2823 1518 2861; x_wconf 84' lang='grc' dir='ltr'><strong>υ.</strong></span> <span class='ocrx_word' id='word_1_193' title='bbox 1546 2808 1635 2873; x_wconf 79' lang='grc'><strong>16,</strong></span> <span class='ocrx_word' id='word_1_194' title='bbox 1663 2826 1714 2877; x_wconf 87' lang='lat' dir='ltr'><strong>p.</strong></span> <span class='ocrx_word' id='word_1_195' title='bbox 1748 2808 2029 2875; x_wconf 71' lang='grc' dir='ltr'><strong>1251,ηοιι.</strong></span> 
     </span>
    </p>
   </div>
   <div class='ocr_carea' id='block_1_27' title="bbox 426 2888 597 2963">
    <p class='ocr_par' dir='ltr' id='par_1_27' title="bbox 426 2888 597 2963">
     <span class='ocr_line' id='line_1_27' title="bbox 426 2888 597 2963; baseline -0.012 -18"><span class='ocrx_word' id='word_1_196' title='bbox 426 2889 531 2945; x_wconf 81' lang='lat' dir='ltr'><strong>edit</strong></span> <span class='ocrx_word' id='word_1_197' title='bbox 554 2888 597 2963; x_wconf 91' lang='lat'><strong>).</strong></span> 
     </span>
    </p>
   </div>
   <div class='ocr_carea' id='block_1_28' title="bbox 502 2981 2036 3051">
    <p class='ocr_par' dir='ltr' id='par_1_28' title="bbox 502 2981 2036 3051">
     <span class='ocr_line' id='line_1_28' title="bbox 502 2981 2036 3051; baseline 0.009 -14"><span class='ocrx_word' id='word_1_198' title='bbox 502 2981 729 3039; x_wconf 81' lang='lat' dir='ltr'><strong>Fatetur</strong></span> <span class='ocrx_word' id='word_1_199' title='bbox 741 2996 919 3041; x_wconf 90' lang='lat' dir='ltr'><strong>autem</strong></span> <span class='ocrx_word' id='word_1_200' title='bbox 936 2987 1203 3047; x_wconf 86' lang='lat' dir='ltr'><strong>Heraldus</strong></span> <span class='ocrx_word' id='word_1_201' title='bbox 1228 3006 1287 3046; x_wconf 85' lang='lat' dir='ltr'><strong>se</strong></span> <span class='ocrx_word' id='word_1_202' title='bbox 1304 2991 1373 3048; x_wconf 91' lang='lat' dir='ltr'><strong>de</strong></span> <span class='ocrx_word' id='word_1_203' title='bbox 1396 2992 1612 3047; x_wconf 85' lang='lat' dir='ltr'><strong>.Iuliano</strong></span> <span class='ocrx_word' id='word_1_204' title='bbox 1630 2994 1761 3048; x_wconf 89' lang='lat' dir='ltr'><strong>nihil</strong></span> <span class='ocrx_word' id='word_1_205' title='bbox 1786 2994 2036 3051; x_wconf 89' lang='lat' dir='ltr'><strong>habuisse</strong></span> 
     </span>
    </p>
   </div>
   <div class='ocr_carea' id='block_1_29' title="bbox 426 3077 2036 3147">
    <p class='ocr_par' dir='ltr' id='par_1_29' title="bbox 426 3077 2036 3147">
     <span class='ocr_line' id='line_1_29' title="bbox 426 3077 2036 3147; baseline 0.006 -17"><span class='ocrx_word' id='word_1_206' title='bbox 426 3077 714 3147; x_wconf 83' lang='lat' dir='ltr'><strong>comperti.</strong></span> <span class='ocrx_word' id='word_1_207' title='bbox 742 3078 882 3135; x_wconf 83' lang='lat' dir='ltr'><strong>Nihil</strong></span> <span class='ocrx_word' id='word_1_208' title='bbox 909 3082 1073 3137; x_wconf 87' lang='lat' dir='ltr'><strong>etiam</strong></span> <span class='ocrx_word' id='word_1_209' title='bbox 1102 3083 1171 3139; x_wconf 88' lang='lat' dir='ltr'><strong>de</strong></span> <span class='ocrx_word' id='word_1_210' title='bbox 1201 3099 1268 3140; x_wconf 87' lang='lat' dir='ltr'><strong>eo</strong></span> <span class='ocrx_word' id='word_1_211' title='bbox 1293 3085 1343 3139; x_wconf 91' lang='lat' dir='ltr'><strong>in</strong></span> <span class='ocrx_word' id='word_1_212' title='bbox 1374 3085 1598 3139; x_wconf 84' lang='lat' dir='ltr'><strong>aliorum</strong></span> <span class='ocrx_word' id='word_1_213' title='bbox 1628 3086 1696 3141; x_wconf 87' lang='lat' dir='ltr'><strong>ad</strong></span> <span class='ocrx_word' id='word_1_214' title='bbox 1726 3087 1944 3143; x_wconf 77' lang='lat' dir='ltr'><strong>Aruobii</strong></span> <span class='ocrx_word' id='word_1_215' title='bbox 1975 3088 2036 3141; x_wconf 77' lang='lat' dir='ltr'><strong>li—</strong></span> 
     </span>
    </p>
   </div>
   <div class='ocr_carea' id='block_1_30' title="bbox 427 3167 2037 3247">
    <p class='ocr_par' dir='ltr' id='par_1_30' title="bbox 427 3167 2037 3247">
     <span class='ocr_line' id='line_1_30' title="bbox 427 3167 2037 3247; baseline 0.007 -24"><span class='ocrx_word' id='word_1_216' title='bbox 427 3167 559 3224; x_wconf 87' lang='lat' dir='ltr'><strong>bros</strong></span> <span class='ocrx_word' id='word_1_217' title='bbox 577 3168 1049 3229; x_wconf 68' lang='lat' dir='ltr'><strong>observationibus</strong></span> <span class='ocrx_word' id='word_1_218' title='bbox 1062 3177 1317 3231; x_wconf 91' lang='lat' dir='ltr'><strong>occurrit.</strong></span> <span class='ocrx_word' id='word_1_219' title='bbox 1343 3176 1423 3232; x_wconf 79' lang='lat' dir='ltr'><strong>Ex</strong></span> <span class='ocrx_word' id='word_1_220' title='bbox 1448 3178 1691 3247; x_wconf 88' lang='lat' dir='ltr'><strong>pluribus</strong></span> <span class='ocrx_word' id='word_1_221' title='bbox 1712 3190 1911 3242; x_wconf 82' lang='lat' dir='ltr'><strong>tamen.</strong></span> <span class='ocrx_word' id='word_1_222' title='bbox 1935 3180 2037 3235; x_wconf 89' lang='lat' dir='ltr'><strong>hoc</strong></span> 
     </span>
    </p>
   </div>
   <div class='ocr_carea' id='block_1_31' title="bbox 1677 334 2033 403">
    <p class='ocr_par' dir='ltr' id='par_1_31' title="bbox 1677 336 2033 396">
     <span class='ocr_line' id='line_1_31' title="bbox 1677 336 2033 396; baseline -0.006 -2"><span class='ocrx_word' id='word_1_223' title='bbox 1677 336 2033 396; x_wconf 79' lang='lat' dir='ltr'><strong>DlSSERTA&#39;J</strong></span> 
     </span>
    </p>
   </div>
   <div class='ocr_carea' id='block_1_32' title="bbox 2149 334 3712 403">
    <p class='ocr_par' dir='ltr' id='par_1_32' title="bbox 2164 335 3712 403">
     <span class='ocr_line' id='line_1_32' title="bbox 2164 335 3712 403; baseline 0.005 -9"><span class='ocrx_word' id='word_1_224' title='bbox 2164 335 2446 397; x_wconf 69' lang='lat' dir='ltr'><strong>PR/EVIA</strong></span> <span class='ocrx_word' id='word_1_225' title='bbox 3624 344 3712 403; x_wconf 68' lang='grc'><strong>672</strong></span> 
     </span>
    </p>
   </div>
   <div class='ocr_carea' id='block_1_33' title="bbox 430 455 2106 528">
    <p class='ocr_par' dir='ltr' id='par_1_33' title="bbox 430 455 2106 528">
     <span class='ocr_line' id='line_1_33' title="bbox 430 455 2106 528; baseline -0.001 -16"><span class='ocrx_word' id='word_1_226' title='bbox 430 455 589 523; x_wconf 83' lang='lat' dir='ltr'><strong>siam,</strong></span> <span class='ocrx_word' id='word_1_227' title='bbox 614 465 775 527; x_wconf 86' lang='lat' dir='ltr'><strong>atque</strong></span> <span class='ocrx_word' id='word_1_228' title='bbox 795 456 1026 527; x_wconf 87' lang='lat' dir='ltr'><strong>primum</strong></span> <span class='ocrx_word' id='word_1_229' title='bbox 1048 455 1392 514; x_wconf 86' lang='lat' dir='ltr'><strong>historiarum</strong></span> <span class='ocrx_word' id='word_1_230' title='bbox 1415 456 1532 527; x_wconf 85' lang='lat' dir='ltr'><strong>ejus</strong></span> <span class='ocrx_word' id='word_1_231' title='bbox 1555 457 1773 522; x_wconf 88' lang='lat' dir='ltr'><strong>librum,</strong></span> <span class='ocrx_word' id='word_1_232' title='bbox 1797 457 1885 528; x_wconf 90' lang='lat' dir='ltr'><strong>qui</strong></span> <span class='ocrx_word' id='word_1_233' title='bbox 1913 471 2027 512; x_wconf 88' lang='lat' dir='ltr'><strong>am-</strong></span> <span class='ocrx_word' id='word_1_234' title='bbox 2053 464 2106 523; x_wconf 73' lang='grc' dir='ltr'><strong>Α</strong></span> 
     </span>
    </p>
   </div>
   <div class='ocr_carea' id='block_1_34' title="bbox 2731 476 3121 521">
    <p class='ocr_par' dir='ltr' id='par_1_34' title="bbox 2731 476 3121 521">
     <span class='ocr_line' id='line_1_34' title="bbox 2731 476 3121 521; baseline 0.005 -3"><span class='ocrx_word' id='word_1_235' title='bbox 2731 476 3024 520; x_wconf 71' lang='grc' dir='ltr'><strong>Αιιτιουιυε</strong></span> <span class='ocrx_word' id='word_1_236' title='bbox 3058 479 3121 521; x_wconf 85' lang='grc' dir='ltr'>ιι.</span> 
     </span>
    </p>
   </div>
   <div class='ocr_carea' id='block_1_35' title="bbox 2129 571 3708 643">
    <p class='ocr_par' dir='ltr' id='par_1_35' title="bbox 2129 571 3708 643">
     <span class='ocr_line' id='line_1_35' title="bbox 2129 571 3708 643; baseline 0.005 -21"><span class='ocrx_word' id='word_1_237' title='bbox 2129 571 2379 643; x_wconf 64' lang='lat' dir='ltr'><strong>Dq_variis</strong></span> <span class='ocrx_word' id='word_1_238' title='bbox 2397 578 2601 643; x_wconf 69' lang='lat' dir='ltr'><strong>vatibus.</strong></span> <span class='ocrx_word' id='word_1_239' title='bbox 2627 579 2734 643; x_wconf 84' lang='lat' dir='ltr'><strong>sive</strong></span> <span class='ocrx_word' id='word_1_240' title='bbox 2756 576 3035 643; x_wconf 74' lang='lat' dir='ltr'><strong>hominibus</strong></span> <span class='ocrx_word' id='word_1_241' title='bbox 3052 580 3280 643; x_wconf 68' lang='lat' dir='ltr'><strong>nimirum</strong></span> <span class='ocrx_word' id='word_1_242' title='bbox 3304 578 3509 643; x_wconf 76' lang='lat' dir='ltr'><strong>Sibylla,</strong></span> <span class='ocrx_word' id='word_1_243' title='bbox 3530 579 3708 642; x_wconf 82' lang='lat' dir='ltr'><strong>Bacide,</strong></span> 
     </span>
    </p>
   </div>
   <div class='ocr_carea' id='block_1_36' title="bbox 2192 618 3709 705">
    <p class='ocr_par' dir='ltr' id='par_1_36' title="bbox 2192 618 3709 705">
     <span class='ocr_line' id='line_1_36' title="bbox 2192 618 3709 705; baseline 0.001 -21"><span class='ocrx_word' id='word_1_244' title='bbox 2192 618 2414 705; x_wconf 39' lang='lat' dir='ltr'><strong>sane;</strong></span> <span class='ocrx_word' id='word_1_245' title='bbox 2426 618 2602 705; x_wconf 56' lang='lat' dir='ltr'><strong>iisiis</strong></span> <span class='ocrx_word' id='word_1_246' title='bbox 2616 618 3035 705; x_wconf 53' lang='lat' dir='ltr'><strong>{smitam</strong></span> <span class='ocrx_word' id='word_1_247' title='bbox 3053 618 3709 705; x_wconf 57' lang='grc' dir='ltr'><strong>’ϋδδδδὲοἶξῖιῖξῆιιῐῖὀςξ</strong></span> 
     </span>
    </p>
   </div>
   <div class='ocr_carea' id='block_1_37' title="bbox 2194 698 3711 769">
    <p class='ocr_par' dir='ltr' id='par_1_37' title="bbox 2194 698 3711 769">
     <span class='ocr_line' id='line_1_37' title="bbox 2194 698 3711 769; baseline 0.01 -24"><span class='ocrx_word' id='word_1_248' title='bbox 2194 698 2503 769; x_wconf 73' lang='lat' dir='ltr'><strong>rio._Pyt_hio,</strong></span> <span class='ocrx_word' id='word_1_249' title='bbox 2526 701 2793 767; x_wconf 69' lang='lat' dir='ltr'><strong>Didymen,</strong></span> <span class='ocrx_word' id='word_1_250' title='bbox 2821 703 3062 769; x_wconf 86' lang='lat' dir='ltr'><strong>Pbilesio,</strong></span> <span class='ocrx_word' id='word_1_251' title='bbox 3084 717 3292 769; x_wconf 84' lang='lat' dir='ltr'><strong>quorum</strong></span> <span class='ocrx_word' id='word_1_252' title='bbox 3312 698 3617 757; x_wconf 71' lang='lat' dir='ltr'><strong>mentionem</strong></span> <span class='ocrx_word' id='word_1_253' title='bbox 3633 709 3711 760; x_wconf 76' lang='grc' dir='ltr'><strong>Δι’-</strong></span> 
     </span>
    </p>
   </div>
   <div class='ocr_carea' id='block_1_38' title="bbox 2195 760 2528 817">
    <p class='ocr_par' dir='ltr' id='par_1_38' title="bbox 2195 760 2528 817">
     <span class='ocr_line' id='line_1_38' title="bbox 2195 760 2528 817; baseline 0.018 -8"><span class='ocrx_word' id='word_1_254' title='bbox 2195 760 2365 817; x_wconf 54' lang='lat' dir='ltr'><strong>nobiu»7</strong></span> <span class='ocrx_word' id='word_1_255' title='bbox 2388 762 2528 814; x_wconf 78' lang='lat' dir='ltr'><strong>fecit.</strong></span> 
     </span>
    </p>
   </div>
   <div class='ocr_carea' id='block_1_39' title="bbox 2205 891 3713 964">
    <p class='ocr_par' dir='ltr' id='par_1_39' title="bbox 2205 891 3713 964">
     <span class='ocr_line' id='line_1_39' title="bbox 2205 891 3713 964; baseline 0.006 -18"><span class='ocrx_word' id='word_1_256' title='bbox 2205 891 2549 961; x_wconf 82' lang='lat' dir='ltr'><strong>Quadrupliri</strong></span> <span class='ocrx_word' id='word_1_257' title='bbox 2572 903 2749 949; x_wconf 84' lang='lat' dir='ltr'><strong>vatum</strong></span> <span class='ocrx_word' id='word_1_258' title='bbox 2771 896 3021 964; x_wconf 79' lang='lat' dir='ltr'><strong>exemplo</strong></span> <span class='ocrx_word' id='word_1_259' title='bbox 3034 895 3307 954; x_wconf 82' lang='lat' dir='ltr'><strong>Arnobius</strong></span> <span class='ocrx_word' id='word_1_260' title='bbox 3321 899 3607 955; x_wconf 68' lang='lat' dir='ltr'><strong>conﬁrmat</strong></span> <span class='ocrx_word' id='word_1_261' title='bbox 3625 899 3713 955; x_wconf 81' lang='lat' dir='ltr'><strong>ltu-</strong></span> 
     </span>
    </p>
   </div>
   <div class='ocr_carea' id='block_1_40' title="bbox 2135 982 3711 1061">
    <p class='ocr_par' dir='ltr' id='par_1_40' title="bbox 2135 982 3711 1061">
     <span class='ocr_line' id='line_1_40' title="bbox 2135 982 3711 1061; baseline 0.006 -24"><span class='ocrx_word' id='word_1_262' title='bbox 2135 998 2347 1037; x_wconf 78' lang='lat' dir='ltr'><strong>manain</strong></span> <span class='ocrx_word' id='word_1_263' title='bbox 2378 982 2576 1041; x_wconf 78' lang='lat' dir='ltr'><strong>Chi-isti</strong></span> <span class='ocrx_word' id='word_1_264' title='bbox 2604 996 2876 1045; x_wconf 84' lang='lat' dir='ltr'><strong>naturam.</strong></span> <span class='ocrx_word' id='word_1_265' title='bbox 2898 986 3079 1042; x_wconf 75' lang='lat' dir='ltr'><strong>divina</strong></span> <span class='ocrx_word' id='word_1_266' title='bbox 3106 996 3286 1042; x_wconf 90' lang='lat' dir='ltr'><strong>tamen</strong></span> <span class='ocrx_word' id='word_1_267' title='bbox 3311 988 3521 1061; x_wconf 80' lang='lat' dir='ltr'><strong>integra</strong></span> <span class='ocrx_word' id='word_1_268' title='bbox 3548 1005 3711 1059; x_wconf 86' lang='lat' dir='ltr'><strong>perse-</strong></span> 
     </span>
    </p>
   </div>
   <div class='ocr_carea' id='block_1_41' title="bbox 2134 1078 3712 1153">
    <p class='ocr_par' dir='ltr' id='par_1_41' title="bbox 2134 1078 3712 1153">
     <span class='ocr_line' id='line_1_41' title="bbox 2134 1078 3712 1153; baseline 0.008 -26"><span class='ocrx_word' id='word_1_269' title='bbox 2134 1082 2379 1138; x_wconf 86' lang='lat' dir='ltr'><strong>verante,</strong></span> <span class='ocrx_word' id='word_1_270' title='bbox 2413 1090 2679 1133; x_wconf 89' lang='lat' dir='ltr'><strong>mortuam</strong></span> <span class='ocrx_word' id='word_1_271' title='bbox 2712 1093 2899 1133; x_wconf 79' lang='lat' dir='ltr'><strong>revera</strong></span> <span class='ocrx_word' id='word_1_272' title='bbox 2931 1078 3099 1135; x_wconf 84' lang='lat' dir='ltr'><strong>fuisse</strong></span> <span class='ocrx_word' id='word_1_273' title='bbox 3129 1079 3372 1148; x_wconf 76' lang='lat' dir='ltr'><strong>(Arnob.,</strong></span> <span class='ocrx_word' id='word_1_274' title='bbox 3400 1081 3438 1136; x_wconf 89' lang='grc' dir='ltr'>ι.</span> <span class='ocrx_word' id='word_1_275' title='bbox 3470 1099 3508 1149; x_wconf 83' lang='grc' dir='ltr'>ι,</span> <span class='ocrx_word' id='word_1_276' title='bbox 3533 1101 3586 1149; x_wconf 88' lang='lat' dir='ltr'><strong>p.</strong></span> <span class='ocrx_word' id='word_1_277' title='bbox 3615 1083 3712 1153; x_wconf 76' lang='lat'><strong>38).</strong></span> 
     </span>
    </p>
   </div>
   <div class='ocr_carea' id='block_1_42' title="bbox 2135 1166 3713 1243">
    <p class='ocr_par' dir='ltr' id='par_1_42' title="bbox 2135 1166 3713 1243">
     <span class='ocr_line' id='line_1_42' title="bbox 2135 1166 3713 1243; baseline 0.006 -21"><span class='ocrx_word' id='word_1_278' title='bbox 2135 1166 2266 1222; x_wconf 88' lang='lat' dir='ltr'><strong>Nam</strong></span> <span class='ocrx_word' id='word_1_279' title='bbox 2297 1170 2385 1237; x_wconf 91' lang='lat' dir='ltr'><strong>qui</strong></span> <span class='ocrx_word' id='word_1_280' title='bbox 2412 1180 2565 1225; x_wconf 88' lang='lat' dir='ltr'><strong>vates</strong></span> <span class='ocrx_word' id='word_1_281' title='bbox 2595 1171 2715 1225; x_wconf 90' lang='lat' dir='ltr'><strong>illos</strong></span> <span class='ocrx_word' id='word_1_282' title='bbox 2738 1170 3013 1230; x_wconf 79' lang='lat' dir='ltr'><strong>al&#39;llabant.</strong></span> <span class='ocrx_word' id='word_1_283' title='bbox 3038 1187 3099 1226; x_wconf 91' lang='lat' dir='ltr'><strong>ac</strong></span> <span class='ocrx_word' id='word_1_284' title='bbox 3121 1186 3217 1243; x_wconf 90' lang='lat' dir='ltr'><strong>per</strong></span> <span class='ocrx_word' id='word_1_285' title='bbox 3235 1188 3328 1228; x_wconf 71' lang='lat' dir='ltr'><strong>eo~</strong></span> <span class='ocrx_word' id='word_1_286' title='bbox 3353 1175 3713 1243; x_wconf 65' lang='lat' dir='ltr'><strong>loquebantur,</strong></span> 
     </span>
    </p>
   </div>
   <div class='ocr_carea' id='block_1_43' title="bbox 2135 1264 3713 1338">
    <p class='ocr_par' dir='ltr' id='par_1_43' title="bbox 2135 1264 3713 1338">
     <span class='ocr_line' id='line_1_43' title="bbox 2135 1264 3713 1338; baseline 0.008 -24"><span class='ocrx_word' id='word_1_287' title='bbox 2135 1276 2257 1315; x_wconf 89' lang='lat' dir='ltr'><strong>cmn</strong></span> <span class='ocrx_word' id='word_1_288' title='bbox 2284 1264 2417 1329; x_wconf 82' lang='lat' dir='ltr'><strong>ipsis</strong></span> <span class='ocrx_word' id='word_1_289' title='bbox 2443 1264 2824 1330; x_wconf 83' lang='lat' dir='ltr'><strong>morientibus,</strong></span> <span class='ocrx_word' id='word_1_290' title='bbox 2848 1267 2953 1320; x_wconf 84' lang='lat' dir='ltr'><strong>vita</strong></span> <span class='ocrx_word' id='word_1_291' title='bbox 2984 1265 3087 1320; x_wconf 87' lang='lat' dir='ltr'><strong>dici</strong></span> <span class='ocrx_word' id='word_1_292' title='bbox 3120 1281 3225 1320; x_wconf 91' lang='lat' dir='ltr'><strong>non</strong></span> <span class='ocrx_word' id='word_1_293' title='bbox 3257 1275 3485 1336; x_wconf 87' lang='lat' dir='ltr'><strong>possunt</strong></span> <span class='ocrx_word' id='word_1_294' title='bbox 3513 1270 3713 1338; x_wconf 78' lang='lat' dir='ltr'><strong>privati.</strong></span> 
     </span>
    </p>
   </div>
   <div class='ocr_carea' id='block_1_44' title="bbox 2210 1355 3718 1429">
    <p class='ocr_par' dir='ltr' id='par_1_44' title="bbox 2210 1355 3718 1429">
     <span class='ocr_line' id='line_1_44' title="bbox 2210 1355 3718 1429; baseline 0.005 -20"><span class='ocrx_word' id='word_1_295' title='bbox 2210 1355 2389 1409; x_wconf 88' lang='lat' dir='ltr'><strong>Prima</strong></span> <span class='ocrx_word' id='word_1_296' title='bbox 2422 1370 2602 1413; x_wconf 84' lang='lat' dir='ltr'><strong>autem</strong></span> <span class='ocrx_word' id='word_1_297' title='bbox 2636 1374 2700 1412; x_wconf 86' lang='lat' dir='ltr'><strong>ex</strong></span> <span class='ocrx_word' id='word_1_298' title='bbox 2731 1358 2816 1411; x_wconf 89' lang='lat' dir='ltr'><strong>bis</strong></span> <span class='ocrx_word' id='word_1_299' title='bbox 2840 1360 3055 1414; x_wconf 85' lang='lat' dir='ltr'><strong>vatibus</strong></span> <span class='ocrx_word' id='word_1_300' title='bbox 3081 1359 3148 1413; x_wconf 88' lang='lat' dir='ltr'><strong>ab</strong></span> <span class='ocrx_word' id='word_1_301' title='bbox 3173 1370 3398 1416; x_wconf 89' lang='lat' dir='ltr'><strong>auctore</strong></span> <span class='ocrx_word' id='word_1_302' title='bbox 3428 1371 3612 1416; x_wconf 88' lang='lat' dir='ltr'><strong>nostro</strong></span> <span class='ocrx_word' id='word_1_303' title='bbox 3635 1379 3718 1429; x_wconf 86' lang='lat' dir='ltr'><strong>ap-</strong></span> 
     </span>
    </p>
   </div>
   <div class='ocr_carea' id='block_1_45' title="bbox 2138 1446 3717 1530">
    <p class='ocr_par' dir='ltr' id='par_1_45' title="bbox 2138 1446 3717 1530">
     <span class='ocr_line' id='line_1_45' title="bbox 2138 1446 3717 1530; baseline 0.008 -29"><span class='ocrx_word' id='word_1_304' title='bbox 2138 1446 2280 1502; x_wconf 87' lang='lat' dir='ltr'><strong>latur</strong></span> <span class='ocrx_word' id='word_1_305' title='bbox 2307 1449 2532 1523; x_wconf 80' lang='lat' dir='ltr'><strong>Sibylla,</strong></span> <span class='ocrx_word' id='word_1_306' title='bbox 2566 1450 2635 1506; x_wconf 85' lang='lat' dir='ltr'><strong>de</strong></span> <span class='ocrx_word' id='word_1_307' title='bbox 2668 1466 2773 1520; x_wconf 88' lang='lat' dir='ltr'><strong>qua</strong></span> <span class='ocrx_word' id='word_1_308' title='bbox 2818 1468 2922 1507; x_wconf 89' lang='lat' dir='ltr'><strong>non</strong></span> <span class='ocrx_word' id='word_1_309' title='bbox 2956 1454 3124 1508; x_wconf 88' lang='lat' dir='ltr'><strong>semel</strong></span> <span class='ocrx_word' id='word_1_310' title='bbox 3176 1452 3579 1525; x_wconf 85' lang='lat' dir='ltr'><strong>disputavimus</strong></span> <span class='ocrx_word' id='word_1_311' title='bbox 3617 1459 3672 1530; x_wconf 89' lang='lat' dir='ltr'><strong>(t.</strong></span> <span class='ocrx_word' id='word_1_312' title='bbox 3702 1474 3717 1513; x_wconf 86' lang='grc' dir='ltr'><strong>ι</strong></span> 
     </span>
    </p>
   </div>
   <div class='ocr_carea' id='block_1_46' title="bbox 2137 1540 3716 1622">
    <p class='ocr_par' dir='ltr' id='par_1_46' title="bbox 2137 1540 3716 1622">
     <span class='ocr_line' id='line_1_46' title="bbox 2137 1540 3716 1622; baseline 0.006 -29"><span class='ocrx_word' id='word_1_313' title='bbox 2137 1540 2414 1611; x_wconf 67' lang='grc' dir='ltr'><strong>Αρριιναῑη</strong></span> <span class='ocrx_word' id='word_1_314' title='bbox 2442 1545 2480 1596; x_wconf 85' lang='grc' dir='ltr'>ι.</span> <span class='ocrx_word' id='word_1_315' title='bbox 2506 1559 2585 1609; x_wconf 85' lang='grc' dir='ltr'>ιιι,</span> <span class='ocrx_word' id='word_1_316' title='bbox 2617 1545 2821 1600; x_wconf 81' lang='lat' dir='ltr'><strong>dissert.</strong></span> <span class='ocrx_word' id='word_1_317' title='bbox 2844 1545 2901 1611; x_wconf 73' lang='grc'>2,</span> <span class='ocrx_word' id='word_1_318' title='bbox 2926 1547 3042 1607; x_wconf 66' lang='lat' dir='ltr'><strong>a2.</strong></span> <span class='ocrx_word' id='word_1_319' title='bbox 3062 1544 3204 1616; x_wconf 72' lang='lat' dir='ltr'><strong>p.20</strong></span> <span class='ocrx_word' id='word_1_320' title='bbox 3235 1564 3249 1612; x_wconf 93' lang='lat'><strong>;</strong></span> <span class='ocrx_word' id='word_1_321' title='bbox 3279 1558 3381 1602; x_wconf 85' lang='lat' dir='ltr'><strong>art.</strong></span> <span class='ocrx_word' id='word_1_322' title='bbox 3407 1548 3461 1610; x_wconf 72' lang='grc'>2,</span> <span class='ocrx_word' id='word_1_323' title='bbox 3488 1549 3716 1622; x_wconf 75' lang='lat' dir='ltr'><strong>p.ll76).</strong></span> 
     </span>
    </p>
   </div>
   <div class='ocr_carea' id='block_1_47' title="bbox 2139 1635 3716 1705">
    <p class='ocr_par' dir='ltr' id='par_1_47' title="bbox 2139 1635 3716 1705">
     <span class='ocr_line' id='line_1_47' title="bbox 2139 1635 3716 1705; baseline 0.005 -16"><span class='ocrx_word' id='word_1_324' title='bbox 2139 1635 2423 1690; x_wconf 78' lang='lat' dir='ltr'><strong>Secundus</strong></span> <span class='ocrx_word' id='word_1_325' title='bbox 2453 1646 2795 1705; x_wconf 88' lang='lat' dir='ltr'><strong>nuncupatur</strong></span> <span class='ocrx_word' id='word_1_326' title='bbox 2820 1637 2993 1693; x_wconf 80' lang='lat' dir='ltr'><strong>Bacis.</strong></span> <span class='ocrx_word' id='word_1_327' title='bbox 3027 1641 3097 1693; x_wconf 84' lang='lat' dir='ltr'><strong>At</strong></span> <span class='ocrx_word' id='word_1_328' title='bbox 3126 1638 3196 1695; x_wconf 91' lang='lat' dir='ltr'><strong>dc</strong></span> <span class='ocrx_word' id='word_1_329' title='bbox 3220 1639 3312 1694; x_wconf 91' lang='lat' dir='ltr'><strong>illo</strong></span> <span class='ocrx_word' id='word_1_330' title='bbox 3333 1655 3362 1693; x_wconf 93' lang='lat' dir='ltr'><strong>a</strong></span> <span class='ocrx_word' id='word_1_331' title='bbox 3392 1642 3550 1696; x_wconf 90' lang='lat' dir='ltr'><strong>nobis</strong></span> <span class='ocrx_word' id='word_1_332' title='bbox 3574 1642 3716 1697; x_wconf 87' lang='lat' dir='ltr'><strong>etiam</strong></span> 
     </span>
    </p>
   </div>
   <div class='ocr_carea' id='block_1_48' title="bbox 2137 1726 3711 1806">
    <p class='ocr_par' dir='ltr' id='par_1_48' title="bbox 2137 1726 3711 1806">
     <span class='ocr_line' id='line_1_48' title="bbox 2137 1726 3711 1806; baseline 0.008 -26"><span class='ocrx_word' id='word_1_333' title='bbox 2137 1726 2264 1782; x_wconf 88' lang='lat' dir='ltr'><strong>alibi</strong></span> <span class='ocrx_word' id='word_1_334' title='bbox 2287 1737 2466 1781; x_wconf 86' lang='lat' dir='ltr'><strong>actum</strong></span> <span class='ocrx_word' id='word_1_335' title='bbox 2498 1740 2602 1783; x_wconf 76' lang='lat' dir='ltr'><strong>est.</strong></span> <span class='ocrx_word' id='word_1_336' title='bbox 2639 1730 2863 1785; x_wconf 79' lang='lat' dir='ltr'><strong>Dionem</strong></span> <span class='ocrx_word' id='word_1_337' title='bbox 2898 1742 3077 1786; x_wconf 89' lang='lat' dir='ltr'><strong>tamen</strong></span> <span class='ocrx_word' id='word_1_338' title='bbox 3101 1732 3552 1804; x_wconf 70' lang='lat' dir='ltr'><strong>ChrySiistomum</strong></span> <span class='ocrx_word' id='word_1_339' title='bbox 3595 1751 3711 1806; x_wconf 51' lang='lat' dir='ltr'><strong>prae.</strong></span> 
     </span>
    </p>
   </div>
   <div class='ocr_carea' id='block_1_49' title="bbox 2140 1825 3716 1902">
    <p class='ocr_par' dir='ltr' id='par_1_49' title="bbox 2140 1825 3716 1902">
     <span class='ocr_line' id='line_1_49' title="bbox 2140 1825 3716 1902; baseline 0.006 -26"><span class='ocrx_word' id='word_1_340' title='bbox 2140 1831 2310 1888; x_wconf 70' lang='lat' dir='ltr'><strong>terea,</strong></span> <span class='ocrx_word' id='word_1_341' title='bbox 2334 1825 2378 1877; x_wconf 88' lang='lat' dir='ltr'><strong>si</strong></span> <span class='ocrx_word' id='word_1_342' title='bbox 2403 1834 2554 1879; x_wconf 88' lang='lat' dir='ltr'><strong>vacat</strong></span> <span class='ocrx_word' id='word_1_343' title='bbox 2580 1834 2633 1880; x_wconf 89' lang='lat' dir='ltr'><strong>et</strong></span> <span class='ocrx_word' id='word_1_344' title='bbox 2655 1825 2825 1892; x_wconf 86' lang='lat' dir='ltr'><strong>lubet,</strong></span> <span class='ocrx_word' id='word_1_345' title='bbox 2849 1826 3140 1882; x_wconf 87' lang='lat' dir='ltr'><strong>consulere</strong></span> <span class='ocrx_word' id='word_1_346' title='bbox 3160 1829 3363 1898; x_wconf 88' lang='lat' dir='ltr'><strong>poteris</strong></span> <span class='ocrx_word' id='word_1_347' title='bbox 3389 1826 3716 1902; x_wconf 81' lang='lat' dir='ltr'><strong>(Dion,0rat.</strong></span> 
     </span>
    </p>
   </div>
   <div class='ocr_carea' id='block_1_50' title="bbox 2142 1915 2571 1987">
    <p class='ocr_par' dir='ltr' id='par_1_50' title="bbox 2142 1915 2571 1987">
     <span class='ocr_line' id='line_1_50' title="bbox 2142 1915 2571 1987; baseline 0 -14"><span class='ocrx_word' id='word_1_348' title='bbox 2142 1918 2229 1974; x_wconf 84' lang='grc'>15,</span> <span class='ocrx_word' id='word_1_349' title='bbox 2262 1918 2325 1970; x_wconf 86' lang='lat' dir='ltr'><strong>de</strong></span> <span class='ocrx_word' id='word_1_350' title='bbox 2352 1915 2571 1987; x_wconf 73' lang='lat' dir='ltr'><strong>Exsil.).</strong></span> 
     </span>
    </p>
   </div>
   <div class='ocr_carea' id='block_1_51' title="bbox 2212 2010 3720 2083">
    <p class='ocr_par' dir='ltr' id='par_1_51' title="bbox 2212 2010 3720 2083">
     <span class='ocr_line' id='line_1_51' title="bbox 2212 2010 3720 2083; baseline 0.007 -19"><span class='ocrx_word' id='word_1_351' title='bbox 2212 2010 2464 2067; x_wconf 82' lang='lat' dir='ltr'><strong>Barideut</strong></span> <span class='ocrx_word' id='word_1_352' title='bbox 2517 2013 2721 2083; x_wconf 81' lang='lat' dir='ltr'><strong>excipit</strong></span> <span class='ocrx_word' id='word_1_353' title='bbox 2770 2014 2998 2070; x_wconf 79' lang='lat' dir='ltr'><strong>Helenus</strong></span> <span class='ocrx_word' id='word_1_354' title='bbox 3060 2015 3200 2071; x_wconf 90' lang='lat' dir='ltr'><strong>haud</strong></span> <span class='ocrx_word' id='word_1_355' title='bbox 3240 2015 3405 2072; x_wconf 87' lang='lat' dir='ltr'><strong>dubie</strong></span> <span class='ocrx_word' id='word_1_356' title='bbox 3454 2017 3647 2073; x_wconf 88' lang='lat' dir='ltr'><strong>Priami</strong></span> <span class='ocrx_word' id='word_1_357' title='bbox 3674 2028 3720 2074; x_wconf 86' lang='lat' dir='ltr'><strong>et</strong></span> 
     </span>
    </p>
   </div>
   <div class='ocr_carea' id='block_1_52' title="bbox 2139 2103 3723 2177">
    <p class='ocr_par' dir='ltr' id='par_1_52' title="bbox 2139 2103 3723 2177">
     <span class='ocr_line' id='line_1_52' title="bbox 2139 2103 3723 2177; baseline 0.004 -18"><span class='ocrx_word' id='word_1_358' title='bbox 2139 2103 2377 2160; x_wconf 68' lang='lat' dir='ltr'><strong>Hecubm</strong></span> <span class='ocrx_word' id='word_1_359' title='bbox 2408 2106 2574 2173; x_wconf 76' lang='lat' dir='ltr'><strong>ﬁlius,</strong></span> <span class='ocrx_word' id='word_1_360' title='bbox 2604 2109 2695 2177; x_wconf 91' lang='lat' dir='ltr'><strong>qui</strong></span> <span class='ocrx_word' id='word_1_361' title='bbox 2727 2123 2756 2162; x_wconf 88' lang='lat' dir='ltr'><strong>a</strong></span> <span class='ocrx_word' id='word_1_362' title='bbox 2785 2109 3051 2164; x_wconf 87' lang='lat' dir='ltr'><strong>Cicerone</strong></span> <span class='ocrx_word' id='word_1_363' title='bbox 3078 2110 3130 2164; x_wconf 93' lang='lat' dir='ltr'><strong>in</strong></span> <span class='ocrx_word' id='word_1_364' title='bbox 3159 2109 3394 2164; x_wconf 88' lang='lat' dir='ltr'><strong>aliorum</strong></span> <span class='ocrx_word' id='word_1_365' title='bbox 3430 2122 3612 2167; x_wconf 80' lang='lat' dir='ltr'><strong>vatum</strong></span> <span class='ocrx_word' id='word_1_366' title='bbox 3638 2128 3723 2166; x_wconf 84' lang='lat' dir='ltr'><strong>uu-</strong></span> 
     </span>
    </p>
   </div>
   <div class='ocr_carea' id='block_1_53' title="bbox 2139 2200 3716 2272">
    <p class='ocr_par' dir='ltr' id='par_1_53' title="bbox 2139 2200 3716 2272">
     <span class='ocr_line' id='line_1_53' title="bbox 2139 2200 3716 2272; baseline 0.006 -23"><span class='ocrx_word' id='word_1_367' title='bbox 2139 2213 2347 2251; x_wconf 71' lang='lat' dir='ltr'><strong>lnerum</strong></span> <span class='ocrx_word' id='word_1_368' title='bbox 2373 2200 2573 2252; x_wconf 87' lang='lat' dir='ltr'><strong>merito</strong></span> <span class='ocrx_word' id='word_1_369' title='bbox 2599 2212 2921 2272; x_wconf 80' lang='lat' dir='ltr'><strong>aggregatur</strong></span> <span class='ocrx_word' id='word_1_370' title='bbox 2945 2200 3101 2272; x_wconf 63' lang='lat' dir='ltr'><strong>(Cia,</strong></span> <span class='ocrx_word' id='word_1_371' title='bbox 3130 2203 3169 2255; x_wconf 86' lang='grc' dir='ltr'>ι.</span> <span class='ocrx_word' id='word_1_372' title='bbox 3194 2218 3231 2258; x_wconf 89' lang='grc' dir='ltr'><strong>ιι</strong></span> <span class='ocrx_word' id='word_1_373' title='bbox 3256 2202 3321 2257; x_wconf 80' lang='lat' dir='ltr'><strong>de</strong></span> <span class='ocrx_word' id='word_1_374' title='bbox 3347 2201 3541 2258; x_wconf 72' lang='lat' dir='ltr'><strong>Natat.</strong></span> <span class='ocrx_word' id='word_1_375' title='bbox 3566 2205 3716 2271; x_wconf 63' lang='lat' dir='ltr'><strong>deuia.</strong></span> 
     </span>
    </p>
   </div>
   <div class='ocr_carea' id='block_1_54' title="bbox 2139 2290 3722 2368">
    <p class='ocr_par' dir='ltr' id='par_1_54' title="bbox 2139 2290 3722 2368">
     <span class='ocr_line' id='line_1_54' title="bbox 2139 2290 3722 2368; baseline 0.005 -25"><span class='ocrx_word' id='word_1_376' title='bbox 2139 2308 2193 2361; x_wconf 90' lang='lat' dir='ltr'><strong>p.</strong></span> <span class='ocrx_word' id='word_1_377' title='bbox 2216 2290 2324 2345; x_wconf 71' lang='grc'><strong>214</strong></span> <span class='ocrx_word' id='word_1_378' title='bbox 2344 2332 2358 2354; x_wconf 94' lang='grc'><strong>,</strong></span> <span class='ocrx_word' id='word_1_379' title='bbox 2403 2292 2497 2345; x_wconf 86' lang='lat' dir='ltr'><strong>lin.</strong></span> <span class='ocrx_word' id='word_1_380' title='bbox 2526 2292 2642 2360; x_wconf 75' lang='grc'><strong>41).</strong></span> <span class='ocrx_word' id='word_1_381' title='bbox 2670 2294 2765 2349; x_wconf 87' lang='lat' dir='ltr'><strong>Ille</strong></span> <span class='ocrx_word' id='word_1_382' title='bbox 2795 2295 2940 2349; x_wconf 89' lang='lat' dir='ltr'><strong>enim</strong></span> <span class='ocrx_word' id='word_1_383' title='bbox 2972 2310 3101 2351; x_wconf 76' lang='lat' dir='ltr'><strong>vero</strong></span> <span class='ocrx_word' id='word_1_384' title='bbox 3132 2310 3253 2350; x_wconf 93' lang='lat' dir='ltr'><strong>cum</strong></span> <span class='ocrx_word' id='word_1_385' title='bbox 3285 2295 3494 2368; x_wconf 84' lang='lat' dir='ltr'><strong>Pyrrho</strong></span> <span class='ocrx_word' id='word_1_386' title='bbox 3523 2296 3722 2353; x_wconf 77' lang='lat' dir='ltr'><strong>naufra-</strong></span> 
     </span>
    </p>
   </div>
   <div class='ocr_carea' id='block_1_55' title="bbox 2138 2385 3720 2460">
    <p class='ocr_par' dir='ltr' id='par_1_55' title="bbox 2138 2385 3720 2460">
     <span class='ocr_line' id='line_1_55' title="bbox 2138 2385 3720 2460; baseline 0.006 -25"><span class='ocrx_word' id='word_1_387' title='bbox 2138 2385 2285 2451; x_wconf 82' lang='lat' dir='ltr'><strong>ginm</strong></span> <span class='ocrx_word' id='word_1_388' title='bbox 2315 2385 2679 2453; x_wconf 62' lang='lat' dir='ltr'><strong>praedixisset,</strong></span> <span class='ocrx_word' id='word_1_389' title='bbox 2722 2388 2963 2460; x_wconf 82' lang='lat' dir='ltr'><strong>Pyrrhus</strong></span> <span class='ocrx_word' id='word_1_390' title='bbox 2990 2390 3039 2444; x_wconf 89' lang='lat' dir='ltr'><strong>ei</strong></span> <span class='ocrx_word' id='word_1_391' title='bbox 3068 2389 3489 2447; x_wconf 85' lang='lat' dir='ltr'><strong>Andromachen</strong></span> <span class='ocrx_word' id='word_1_392' title='bbox 3518 2407 3720 2447; x_wconf 78' lang='lat' dir='ltr'><strong>uxorem</strong></span> 
     </span>
    </p>
   </div>
   <div class='ocr_carea' id='block_1_56' title="bbox 2139 2478 3723 2554">
    <p class='ocr_par' dir='ltr' id='par_1_56' title="bbox 2139 2478 3723 2554">
     <span class='ocr_line' id='line_1_56' title="bbox 2139 2478 3723 2554; baseline 0.006 -23"><span class='ocrx_word' id='word_1_393' title='bbox 2139 2478 2191 2531; x_wconf 90' lang='lat' dir='ltr'><strong>in</strong></span> <span class='ocrx_word' id='word_1_394' title='bbox 2215 2481 2639 2546; x_wconf 86' lang='lat' dir='ltr'><strong>matrimonium,</strong></span> <span class='ocrx_word' id='word_1_395' title='bbox 2656 2497 2719 2537; x_wconf 88' lang='lat' dir='ltr'><strong>ac</strong></span> <span class='ocrx_word' id='word_1_396' title='bbox 2738 2485 2885 2552; x_wconf 76' lang='lat' dir='ltr'><strong>regni</strong></span> <span class='ocrx_word' id='word_1_397' title='bbox 2912 2494 3118 2554; x_wconf 88' lang='lat' dir='ltr'><strong>partem</strong></span> <span class='ocrx_word' id='word_1_398' title='bbox 3140 2487 3437 2542; x_wconf 85' lang='lat' dir='ltr'><strong>concessit.</strong></span> <span class='ocrx_word' id='word_1_399' title='bbox 3462 2485 3615 2543; x_wconf 89' lang='lat' dir='ltr'><strong>Unde</strong></span> <span class='ocrx_word' id='word_1_400' title='bbox 3627 2486 3723 2541; x_wconf 81' lang='lat' dir='ltr'><strong>Vir-</strong></span> 
     </span>
    </p>
   </div>
   <div class='ocr_carea' id='block_1_57' title="bbox 2136 2575 3721 2650">
    <p class='ocr_par' dir='ltr' id='par_1_57' title="bbox 2136 2575 3721 2650">
     <span class='ocr_line' id='line_1_57' title="bbox 2136 2575 3721 2650; baseline 0.004 -23"><span class='ocrx_word' id='word_1_401' title='bbox 2136 2575 2299 2643; x_wconf 80' lang='lat' dir='ltr'><strong>gilius</strong></span> <span class='ocrx_word' id='word_1_402' title='bbox 2346 2577 2483 2643; x_wconf 71' lang='lat' dir='ltr'><strong>bmc,</strong></span> <span class='ocrx_word' id='word_1_403' title='bbox 2513 2593 2633 2646; x_wconf 74' lang='lat' dir='ltr'><strong>qua:</strong></span> <span class='ocrx_word' id='word_1_404' title='bbox 2654 2594 2683 2631; x_wconf 86' lang='lat' dir='ltr'><strong>a</strong></span> <span class='ocrx_word' id='word_1_405' title='bbox 2718 2577 2979 2632; x_wconf 89' lang='lat' dir='ltr'><strong>Pausania</strong></span> <span class='ocrx_word' id='word_1_406' title='bbox 3010 2578 3437 2641; x_wconf 72' lang='lat' dir='ltr'><strong>comprobantur</strong></span> <span class='ocrx_word' id='word_1_407' title='bbox 3457 2579 3721 2650; x_wconf 65' lang='lat' dir='ltr'><strong>(Pansam,</strong></span> 
     </span>
    </p>
   </div>
   <div class='ocr_carea' id='block_1_58' title="bbox 2138 2668 3596 2747">
    <p class='ocr_par' dir='ltr' id='par_1_58' title="bbox 2138 2668 3596 2747">
     <span class='ocr_line' id='line_1_58' title="bbox 2138 2668 3596 2747; baseline 0.005 -25"><span class='ocrx_word' id='word_1_408' title='bbox 2138 2668 2177 2722; x_wconf 95' lang='lat' dir='ltr'><strong>l.</strong></span> <span class='ocrx_word' id='word_1_409' title='bbox 2211 2684 2249 2733; x_wconf 90' lang='lat' dir='ltr'><strong>t,</strong></span> <span class='ocrx_word' id='word_1_410' title='bbox 2296 2687 2346 2738; x_wconf 86' lang='lat' dir='ltr'><strong>p.</strong></span> <span class='ocrx_word' id='word_1_411' title='bbox 2377 2670 2464 2735; x_wconf 87' lang='grc'><strong>10,</strong></span> <span class='ocrx_word' id='word_1_412' title='bbox 2514 2680 2561 2725; x_wconf 83' lang='lat' dir='ltr'><strong>et</strong></span> <span class='ocrx_word' id='word_1_413' title='bbox 2592 2673 2631 2724; x_wconf 84' lang='grc' dir='ltr'>ι.</span> <span class='ocrx_word' id='word_1_414' title='bbox 2676 2688 2731 2739; x_wconf 87' lang='grc' dir='ltr'>ιι,</span> <span class='ocrx_word' id='word_1_415' title='bbox 2789 2690 2840 2740; x_wconf 82' lang='lat' dir='ltr'><strong>p.</strong></span> <span class='ocrx_word' id='word_1_416' title='bbox 2894 2671 3007 2743; x_wconf 66' lang='lat' dir='ltr'><strong>(ili),</strong></span> <span class='ocrx_word' id='word_1_417' title='bbox 3042 2672 3311 2730; x_wconf 84' lang='lat' dir='ltr'><strong>cecinisse</strong></span> <span class='ocrx_word' id='word_1_418' title='bbox 3358 2675 3596 2747; x_wconf 77' lang='lat' dir='ltr'><strong>legitur:</strong></span> 
     </span>
    </p>
   </div>
   <div class='ocr_carea' id='block_1_59' title="bbox 2232 2783 3399 2850">
    <p class='ocr_par' dir='ltr' id='par_1_59' title="bbox 2232 2783 3399 2850">
     <span class='ocr_line' id='line_1_59' title="bbox 2232 2783 3399 2850; baseline 0.006 -18"><span class='ocrx_word' id='word_1_419' title='bbox 2232 2783 2325 2850; x_wconf 68' lang='lat' dir='ltr'><strong>llic</strong></span> <span class='ocrx_word' id='word_1_420' title='bbox 2349 2785 2650 2850; x_wconf 75' lang='lat' dir='ltr'><strong>incredibilis</strong></span> <span class='ocrx_word' id='word_1_421' title='bbox 2672 2800 2836 2835; x_wconf 88' lang='lat' dir='ltr'><strong>rerum</strong></span> <span class='ocrx_word' id='word_1_422' title='bbox 2863 2788 2985 2835; x_wconf 80' lang='lat' dir='ltr'><strong>fama</strong></span> <span class='ocrx_word' id='word_1_423' title='bbox 3005 2795 3211 2850; x_wconf 86' lang='lat' dir='ltr'><strong>occupat</strong></span> <span class='ocrx_word' id='word_1_424' title='bbox 3232 2808 3308 2838; x_wconf 65' lang='lat' dir='ltr'><strong>at...</strong></span> <span class='ocrx_word' id='word_1_425' title='bbox 3324 2802 3399 2848; x_wconf 71' lang='lat' dir='ltr'><strong>es,</strong></span> 
     </span>
    </p>
   </div>
   <div class='ocr_carea' id='block_1_60' title="bbox 2232 2848 3507 2912">
    <p class='ocr_par' dir='ltr' id='par_1_60' title="bbox 2232 2848 3507 2912">
     <span class='ocr_line' id='line_1_60' title="bbox 2232 2848 3507 2912; baseline 0.005 -18"><span class='ocrx_word' id='word_1_426' title='bbox 2232 2848 2777 2912; x_wconf 58' lang='lat' dir='ltr'><strong>ljriainideullclenum</strong></span> <span class='ocrx_word' id='word_1_427' title='bbox 2799 2850 2969 2900; x_wconf 79' lang='lat' dir='ltr'><strong>Graias</strong></span> <span class='ocrx_word' id='word_1_428' title='bbox 2991 2848 3203 2911; x_wconf 72' lang='lat' dir='ltr'><strong>regnare</strong></span> <span class='ocrx_word' id='word_1_429' title='bbox 3227 2865 3314 2912; x_wconf 80' lang='lat' dir='ltr'><strong>per</strong></span> <span class='ocrx_word' id='word_1_430' title='bbox 3340 2855 3507 2910; x_wconf 89' lang='lat' dir='ltr'><strong>urbes,</strong></span> 
     </span>
    </p>
   </div>
   <div class='ocr_carea' id='block_1_61' title="bbox 2233 2909 3532 2977">
    <p class='ocr_par' dir='ltr' id='par_1_61' title="bbox 2233 2909 3532 2977">
     <span class='ocr_line' id='line_1_61' title="bbox 2233 2909 3532 2977; baseline 0.005 -20"><span class='ocrx_word' id='word_1_431' title='bbox 2233 2909 2470 2977; x_wconf 59' lang='lat' dir='ltr'><strong>goujugio</strong></span> <span class='ocrx_word' id='word_1_432' title='bbox 2494 2910 2703 2977; x_wconf 64' lang='lat' dir='ltr'><strong>{Eaeidae</strong></span> <span class='ocrx_word' id='word_1_433' title='bbox 2733 2912 2935 2977; x_wconf 81' lang='lat' dir='ltr'><strong>Pyrrhi,</strong></span> <span class='ocrx_word' id='word_1_434' title='bbox 2960 2909 3271 2976; x_wconf 70' lang='lat' dir='ltr'><strong>sceptrisque</strong></span> <span class='ocrx_word' id='word_1_435' title='bbox 3300 2909 3532 2977; x_wconf 78' lang='lat' dir='ltr'><strong>potitum,</strong></span> 
     </span>
    </p>
   </div>
   <div class='ocr_carea' id='block_1_62' title="bbox 2232 2972 3518 3035">
    <p class='ocr_par' dir='ltr' id='par_1_62' title="bbox 2232 2972 3518 3035">
     <span class='ocr_line' id='line_1_62' title="bbox 2232 2972 3518 3035; baseline 0.004 -14"><span class='ocrx_word' id='word_1_436' title='bbox 2232 2972 2294 3021; x_wconf 77' lang='lat' dir='ltr'><strong>Et</strong></span> <span class='ocrx_word' id='word_1_437' title='bbox 2318 2974 2474 3035; x_wconf 81' lang='lat' dir='ltr'><strong>patrio</strong></span> <span class='ocrx_word' id='word_1_438' title='bbox 2500 2972 2871 3023; x_wconf 80' lang='lat' dir='ltr'><strong>Andromachen</strong></span> <span class='ocrx_word' id='word_1_439' title='bbox 2894 2972 3075 3025; x_wconf 84' lang='lat' dir='ltr'><strong>iterum</strong></span> <span class='ocrx_word' id='word_1_440' title='bbox 3101 2972 3311 3026; x_wconf 65' lang='lat' dir='ltr'><strong>cesSisse</strong></span> <span class='ocrx_word' id='word_1_441' title='bbox 3330 2980 3518 3028; x_wconf 85' lang='lat' dir='ltr'><strong>marito.</strong></span> 
     </span>
    </p>
   </div>
   <div class='ocr_carea' id='block_1_63' title="bbox 2469 3056 3640 3129">
    <p class='ocr_par' dir='ltr' id='par_1_63' title="bbox 2469 3056 3640 3129">
     <span class='ocr_line' id='line_1_63' title="bbox 2469 3056 3640 3129; baseline 0.001 -20"><span class='ocrx_word' id='word_1_442' title='bbox 2469 3057 2697 3126; x_wconf 79' lang='lat' dir='ltr'><strong>(Vit‘gil.,</strong></span> <span class='ocrx_word' id='word_1_443' title='bbox 2728 3056 2808 3111; x_wconf 83' lang='lat' dir='ltr'><strong>lib.</strong></span> <span class='ocrx_word' id='word_1_444' title='bbox 2836 3075 2884 3109; x_wconf 90' lang='grc' dir='ltr'><strong>ιιι</strong></span> <span class='ocrx_word' id='word_1_445' title='bbox 2911 3059 3128 3123; x_wconf 52' lang='lat' dir='ltr'><strong>Elidit,</strong></span> <span class='ocrx_word' id='word_1_446' title='bbox 3152 3074 3279 3112; x_wconf 81' lang='lat' dir='ltr'><strong>vers.</strong></span> <span class='ocrx_word' id='word_1_447' title='bbox 3306 3062 3398 3113; x_wconf 55' lang='lat'><strong>294&#39;</strong></span> <span class='ocrx_word' id='word_1_448' title='bbox 3419 3069 3465 3114; x_wconf 73' lang='lat' dir='ltr'><strong>et</strong></span> <span class='ocrx_word' id='word_1_449' title='bbox 3486 3060 3640 3129; x_wconf 82' lang='lat' dir='ltr'><strong>seqq.)</strong></span> 
     </span>
    </p>
   </div>
   <div class='ocr_carea' id='block_1_64' title="bbox 2138 3190 3719 3267">
    <p class='ocr_par' dir='ltr' id='par_1_64' title="bbox 2138 3190 3719 3267">
     <span class='ocr_line' id='line_1_64' title="bbox 2138 3190 3719 3267; baseline 0.005 -26"><span class='ocrx_word' id='word_1_450' title='bbox 2138 3190 2251 3258; x_wconf 86' lang='lat' dir='ltr'><strong>Qua</strong></span> <span class='ocrx_word' id='word_1_451' title='bbox 2279 3202 2458 3245; x_wconf 86' lang='lat' dir='ltr'><strong>autem</strong></span> <span class='ocrx_word' id='word_1_452' title='bbox 2490 3192 2819 3247; x_wconf 78' lang='lat' dir='ltr'><strong>vaticinandi</strong></span> <span class='ocrx_word' id='word_1_453' title='bbox 2849 3193 3074 3248; x_wconf 83' lang='lat' dir='ltr'><strong>scientia</strong></span> <span class='ocrx_word' id='word_1_454' title='bbox 3118 3193 3372 3264; x_wconf 89' lang='lat' dir='ltr'><strong>polleret,</strong></span> <span class='ocrx_word' id='word_1_455' title='bbox 3406 3194 3550 3251; x_wconf 86' lang='lat' dir='ltr'><strong>idem</strong></span> <span class='ocrx_word' id='word_1_456' title='bbox 3574 3204 3719 3267; x_wconf 86' lang='lat' dir='ltr'><strong>poeta</strong></span> 
     </span>
    </p>
   </div>
   <div class='ocr_carea' id='block_1_65' title="bbox 429 3264 3021 3359">
    <p class='ocr_par' dir='ltr' id='par_1_65' title="bbox 429 3264 3021 3359">
     <span class='ocr_line' id='line_1_65' title="bbox 429 3264 3021 3359; baseline 0.012 -43"><span class='ocrx_word' id='word_1_457' title='bbox 429 3277 627 3318; x_wconf 85' lang='lat' dir='ltr'><strong>nomen</strong></span> <span class='ocrx_word' id='word_1_458' title='bbox 656 3264 1093 3336; x_wconf 71' lang='lat' dir='ltr'><strong>prteferentihus,</strong></span> <span class='ocrx_word' id='word_1_459' title='bbox 1126 3270 1235 3324; x_wconf 89' lang='lat' dir='ltr'><strong>duo</strong></span> <span class='ocrx_word' id='word_1_460' title='bbox 1264 3272 1564 3341; x_wconf 66' lang='lat' dir='ltr'><strong>pmsertim</strong></span> <span class='ocrx_word' id='word_1_461' title='bbox 1620 3288 1649 3327; x_wconf 87' lang='lat' dir='ltr'><strong>a</strong></span> <span class='ocrx_word' id='word_1_462' title='bbox 1708 3273 1869 3327; x_wconf 79' lang='lat' dir='ltr'><strong>Suida</strong></span> <span class='ocrx_word' id='word_1_463' title='bbox 1925 3289 2039 3328; x_wconf 90' lang='lat' dir='ltr'><strong>me-</strong></span> <span class='ocrx_word' id='word_1_464' title='bbox 2067 3282 2112 3345; x_wconf 71' lang='grc' dir='ltr'><strong>ρ</strong></span> <span class='ocrx_word' id='word_1_465' title='bbox 2144 3282 2229 3338; x_wconf 81' lang='lat' dir='ltr'><strong>his</strong></span> <span class='ocrx_word' id='word_1_466' title='bbox 2258 3286 2510 3341; x_wconf 78' lang='lat' dir='ltr'><strong>versibus</strong></span> <span class='ocrx_word' id='word_1_467' title='bbox 2533 3298 2718 3357; x_wconf 89' lang='lat' dir='ltr'><strong>postea</strong></span> <span class='ocrx_word' id='word_1_468' title='bbox 2746 3289 3021 3359; x_wconf 80' lang='lat' dir='ltr'><strong>explicat:</strong></span> 
     </span>
    </p>
   </div>
   <div class='ocr_carea' id='block_1_66' title="bbox 430 3360 2034 3435">
    <p class='ocr_par' dir='ltr' id='par_1_66' title="bbox 430 3360 2034 3435">
     <span class='ocr_line' id='line_1_66' title="bbox 430 3360 2034 3435; baseline 0.007 -25"><span class='ocrx_word' id='word_1_469' title='bbox 430 3367 729 3422; x_wconf 86' lang='lat' dir='ltr'><strong>morantur,</strong></span> <span class='ocrx_word' id='word_1_470' title='bbox 759 3376 989 3427; x_wconf 86' lang='lat' dir='ltr'><strong>quorum</strong></span> <span class='ocrx_word' id='word_1_471' title='bbox 1038 3378 1177 3418; x_wconf 86' lang='lat' dir='ltr'><strong>unus</strong></span> <span class='ocrx_word' id='word_1_472' title='bbox 1219 3360 1527 3427; x_wconf 67' lang='lat' dir='ltr'><strong>Chaldaeus,</strong></span> <span class='ocrx_word' id='word_1_473' title='bbox 1574 3376 1627 3420; x_wconf 88' lang='lat' dir='ltr'><strong>et</strong></span> <span class='ocrx_word' id='word_1_474' title='bbox 1657 3365 2034 3435; x_wconf 87' lang='lat' dir='ltr'><strong>philosophus,</strong></span> 
     </span>
    </p>
   </div>
   <div class='ocr_carea' id='block_1_67' title="bbox 427 3450 2039 3523">
    <p class='ocr_par' dir='ltr' id='par_1_67' title="bbox 427 3450 2039 3523">
     <span class='ocr_line' id='line_1_67' title="bbox 427 3450 2039 3523; baseline 0.009 -23"><span class='ocrx_word' id='word_1_475' title='bbox 427 3450 520 3519; x_wconf 89' lang='lat' dir='ltr'><strong>qui</strong></span> <span class='ocrx_word' id='word_1_476' title='bbox 544 3451 711 3507; x_wconf 88' lang='lat' dir='ltr'><strong>libros</strong></span> <span class='ocrx_word' id='word_1_477' title='bbox 730 3461 961 3523; x_wconf 88' lang='lat' dir='ltr'><strong>quatuor</strong></span> <span class='ocrx_word' id='word_1_478' title='bbox 987 3454 1056 3509; x_wconf 92' lang='lat' dir='ltr'><strong>de</strong></span> <span class='ocrx_word' id='word_1_479' title='bbox 1076 3456 1415 3513; x_wconf 68' lang='lat' dir='ltr'><strong>dmmonibus</strong></span> <span class='ocrx_word' id='word_1_480' title='bbox 1435 3458 1698 3513; x_wconf 86' lang='lat' dir='ltr'><strong>ediderat.</strong></span> <span class='ocrx_word' id='word_1_481' title='bbox 1727 3461 1878 3515; x_wconf 87' lang='lat' dir='ltr'><strong>Alter</strong></span> <span class='ocrx_word' id='word_1_482' title='bbox 1908 3475 2039 3515; x_wconf 89' lang='lat' dir='ltr'><strong>vero</strong></span> 
     </span>
    </p>
   </div>
   <div class='ocr_carea' id='block_1_68' title="bbox 430 3544 2037 3622">
    <p class='ocr_par' dir='ltr' id='par_1_68' title="bbox 430 3544 2037 3622">
     <span class='ocr_line' id='line_1_68' title="bbox 430 3544 2037 3622; baseline 0.003 -22"><span class='ocrx_word' id='word_1_483' title='bbox 430 3544 597 3615; x_wconf 86' lang='lat' dir='ltr'><strong>hujus</strong></span> <span class='ocrx_word' id='word_1_484' title='bbox 624 3547 765 3603; x_wconf 82' lang='lat' dir='ltr'><strong>ﬁlius</strong></span> <span class='ocrx_word' id='word_1_485' title='bbox 815 3550 1031 3619; x_wconf 81' lang='lat' dir='ltr'><strong>scripsit</strong></span> <span class='ocrx_word' id='word_1_486' title='bbox 1079 3551 1323 3607; x_wconf 87' lang='lat' dir='ltr'><strong>versibus</strong></span> <span class='ocrx_word' id='word_1_487' title='bbox 1375 3552 1675 3621; x_wconf 78' lang='lat' dir='ltr'><strong>tbeurgica,</strong></span> <span class='ocrx_word' id='word_1_488' title='bbox 1724 3553 2037 3622; x_wconf 84' lang='lat' dir='ltr'><strong>initiatoria,</strong></span> 
     </span>
    </p>
   </div>
   <div class='ocr_carea' id='block_1_69' title="bbox 432 3633 2038 3713">
    <p class='ocr_par' dir='ltr' id='par_1_69' title="bbox 432 3633 2038 3713">
     <span class='ocr_line' id='line_1_69' title="bbox 432 3633 2038 3713; baseline 0.006 -20"><span class='ocrx_word' id='word_1_489' title='bbox 432 3640 676 3705; x_wconf 87' lang='lat' dir='ltr'><strong>oracula,</strong></span> <span class='ocrx_word' id='word_1_490' title='bbox 707 3651 761 3696; x_wconf 91' lang='lat' dir='ltr'><strong>et</strong></span> <span class='ocrx_word' id='word_1_491' title='bbox 801 3642 903 3697; x_wconf 89' lang='lat' dir='ltr'><strong>alia</strong></span> <span class='ocrx_word' id='word_1_492' title='bbox 936 3658 1293 3713; x_wconf 67' lang='lat' dir='ltr'><strong>quaecumque</strong></span> <span class='ocrx_word' id='word_1_493' title='bbox 1337 3644 1497 3713; x_wconf 88' lang='lat' dir='ltr'><strong>lmjus</strong></span> <span class='ocrx_word' id='word_1_494' title='bbox 1528 3646 1771 3701; x_wconf 61' lang='lat' dir='ltr'><strong>scientia:</strong></span> <span class='ocrx_word' id='word_1_495' title='bbox 1819 3633 2038 3702; x_wconf 68' lang='lat' dir='ltr'><strong>arcana.</strong></span> 
     </span>
    </p>
   </div>
   <div class='ocr_carea' id='block_1_70' title="bbox 434 3729 2036 3809">
    <p class='ocr_par' dir='ltr' id='par_1_70' title="bbox 434 3729 2036 3809">
     <span class='ocr_line' id='line_1_70' title="bbox 434 3729 2036 3809; baseline 0.004 -22"><span class='ocrx_word' id='word_1_496' title='bbox 434 3729 540 3787; x_wconf 90' lang='lat' dir='ltr'><strong>Sed</strong></span> <span class='ocrx_word' id='word_1_497' title='bbox 569 3731 685 3788; x_wconf 48' lang='lat' dir='ltr'><strong>huic</strong></span> <span class='ocrx_word' id='word_1_498' title='bbox 710 3732 776 3787; x_wconf 90' lang='lat' dir='ltr'><strong>ad</strong></span> <span class='ocrx_word' id='word_1_499' title='bbox 805 3733 1033 3789; x_wconf 87' lang='lat' dir='ltr'><strong>deorum</strong></span> <span class='ocrx_word' id='word_1_500' title='bbox 1060 3735 1265 3790; x_wconf 90' lang='lat' dir='ltr'><strong>cultum</strong></span> <span class='ocrx_word' id='word_1_501' title='bbox 1296 3737 1487 3807; x_wconf 85' lang='lat' dir='ltr'><strong>magis,</strong></span> <span class='ocrx_word' id='word_1_502' title='bbox 1520 3753 1680 3808; x_wconf 89' lang='lat' dir='ltr'><strong>quam</strong></span> <span class='ocrx_word' id='word_1_503' title='bbox 1711 3738 1776 3792; x_wconf 87' lang='lat' dir='ltr'><strong>ad</strong></span> <span class='ocrx_word' id='word_1_504' title='bbox 1809 3741 2036 3809; x_wconf 77' lang='lat' dir='ltr'><strong>magiam</strong></span> 
     </span>
    </p>
   </div>
   <div class='ocr_carea' id='block_1_71' title="bbox 433 3827 2040 3902">
    <p class='ocr_par' dir='ltr' id='par_1_71' title="bbox 433 3827 2040 3902">
     <span class='ocr_line' id='line_1_71' title="bbox 433 3827 2040 3902; baseline 0.004 -23"><span class='ocrx_word' id='word_1_505' title='bbox 433 3835 711 3894; x_wconf 86' lang='lat' dir='ltr'><strong>spectasse</strong></span> <span class='ocrx_word' id='word_1_506' title='bbox 758 3827 1005 3893; x_wconf 85' lang='lat' dir='ltr'><strong>quamvis</strong></span> <span class='ocrx_word' id='word_1_507' title='bbox 1050 3829 1328 3883; x_wconf 86' lang='lat' dir='ltr'><strong>nonnullis</strong></span> <span class='ocrx_word' id='word_1_508' title='bbox 1360 3830 1527 3885; x_wconf 86' lang='lat' dir='ltr'><strong>videri</strong></span> <span class='ocrx_word' id='word_1_509' title='bbox 1581 3834 1809 3901; x_wconf 89' lang='lat' dir='ltr'><strong>possint,</strong></span> <span class='ocrx_word' id='word_1_510' title='bbox 1843 3833 1886 3887; x_wconf 92' lang='lat' dir='ltr'><strong>si</strong></span> <span class='ocrx_word' id='word_1_511' title='bbox 1919 3834 2040 3902; x_wconf 87' lang='lat' dir='ltr'><strong>quis</strong></span> 
     </span>
    </p>
   </div>
   <div class='ocr_carea' id='block_1_72' title="bbox 434 3920 2040 3991">
    <p class='ocr_par' dir='ltr' id='par_1_72' title="bbox 434 3920 2040 3991">
     <span class='ocr_line' id='line_1_72' title="bbox 434 3920 2040 3991; baseline 0.007 -19"><span class='ocrx_word' id='word_1_512' title='bbox 434 3927 614 3973; x_wconf 88' lang='lat' dir='ltr'><strong>tamen</strong></span> <span class='ocrx_word' id='word_1_513' title='bbox 642 3920 939 3975; x_wconf 80' lang='lat' dir='ltr'><strong>Arnobiom</strong></span> <span class='ocrx_word' id='word_1_514' title='bbox 962 3921 1030 3977; x_wconf 92' lang='lat' dir='ltr'><strong>de</strong></span> <span class='ocrx_word' id='word_1_515' title='bbox 1056 3921 1168 3986; x_wconf 92' lang='lat' dir='ltr'><strong>illo,</strong></span> <span class='ocrx_word' id='word_1_516' title='bbox 1199 3932 1291 3977; x_wconf 89' lang='lat' dir='ltr'><strong>aut</strong></span> <span class='ocrx_word' id='word_1_517' title='bbox 1318 3923 1439 3991; x_wconf 89' lang='lat' dir='ltr'><strong>ejus</strong></span> <span class='ocrx_word' id='word_1_518' title='bbox 1470 3935 1618 3989; x_wconf 83' lang='lat' dir='ltr'><strong>patre</strong></span> <span class='ocrx_word' id='word_1_519' title='bbox 1642 3926 1875 3981; x_wconf 91' lang='lat' dir='ltr'><strong>locutum</strong></span> <span class='ocrx_word' id='word_1_520' title='bbox 1918 3942 2040 3983; x_wconf 89' lang='lat' dir='ltr'><strong>esse</strong></span> 
     </span>
    </p>
   </div>
   <div class='ocr_carea' id='block_1_73' title="bbox 435 4011 2041 4091">
    <p class='ocr_par' dir='ltr' id='par_1_73' title="bbox 435 4011 2041 4091">
     <span class='ocr_line' id='line_1_73' title="bbox 435 4011 2041 4091; baseline 0.006 -25"><span class='ocrx_word' id='word_1_521' title='bbox 435 4011 764 4082; x_wconf 82' lang='lat' dir='ltr'><strong>probaverit,</strong></span> <span class='ocrx_word' id='word_1_522' title='bbox 818 4012 942 4069; x_wconf 90' lang='lat' dir='ltr'><strong>huic</strong></span> <span class='ocrx_word' id='word_1_523' title='bbox 992 4030 1099 4070; x_wconf 91' lang='lat' dir='ltr'><strong>non</strong></span> <span class='ocrx_word' id='word_1_524' title='bbox 1150 4016 1381 4072; x_wconf 87' lang='lat' dir='ltr'><strong>multum</strong></span> <span class='ocrx_word' id='word_1_525' title='bbox 1430 4016 1672 4088; x_wconf 83' lang='lat' dir='ltr'><strong>profecto</strong></span> <span class='ocrx_word' id='word_1_526' title='bbox 1720 4020 2041 4091; x_wconf 79' lang='lat' dir='ltr'><strong>repugnabi—</strong></span> 
     </span>
    </p>
   </div>
   <div class='ocr_carea' id='block_1_74' title="bbox 432 4118 575 4159">
    <p class='ocr_par' dir='ltr' id='par_1_74' title="bbox 432 4118 575 4159">
     <span class='ocr_line' id='line_1_74' title="bbox 432 4118 575 4159; baseline -0.014 0"><span class='ocrx_word' id='word_1_527' title='bbox 432 4118 575 4159; x_wconf 87' lang='lat' dir='ltr'><strong>mus.</strong></span> 
     </span>
    </p>
   </div>
   <div class='ocr_carea' id='block_1_75' title="bbox 497 4193 2036 4274">
    <p class='ocr_par' dir='ltr' id='par_1_75' title="bbox 497 4193 2036 4274">
     <span class='ocr_line' id='line_1_75' title="bbox 497 4193 2036 4274; baseline 0.006 -21"><span class='ocrx_word' id='word_1_528' title='bbox 497 4193 584 4257; x_wconf 79' lang='lat' dir='ltr'><strong>De</strong></span> <span class='ocrx_word' id='word_1_529' title='bbox 610 4200 820 4257; x_wconf 67' lang='lat' dir='ltr'><strong>Bttbulo</strong></span> <span class='ocrx_word' id='word_1_530' title='bbox 850 4200 1083 4274; x_wconf 90' lang='lat' dir='ltr'><strong>denique</strong></span> <span class='ocrx_word' id='word_1_531' title='bbox 1112 4203 1244 4259; x_wconf 90' lang='lat' dir='ltr'><strong>nihil</strong></span> <span class='ocrx_word' id='word_1_532' title='bbox 1281 4206 1438 4274; x_wconf 90' lang='lat' dir='ltr'><strong>plane</strong></span> <span class='ocrx_word' id='word_1_533' title='bbox 1467 4206 1535 4260; x_wconf 89' lang='lat' dir='ltr'><strong>ab</strong></span> <span class='ocrx_word' id='word_1_534' title='bbox 1572 4207 1683 4262; x_wconf 91' lang='lat' dir='ltr'><strong>ullo</strong></span> <span class='ocrx_word' id='word_1_535' title='bbox 1722 4217 2036 4263; x_wconf 86' lang='lat' dir='ltr'><strong>annotatur.</strong></span> 
     </span>
    </p>
   </div>
   <div class='ocr_carea' id='block_1_76' title="bbox 435 4295 2043 4367">
    <p class='ocr_par' dir='ltr' id='par_1_76' title="bbox 435 4295 2043 4367">
     <span class='ocr_line' id='line_1_76' title="bbox 435 4295 2043 4367; baseline 0.003 -15"><span class='ocrx_word' id='word_1_536' title='bbox 435 4295 574 4363; x_wconf 86' lang='lat' dir='ltr'><strong>Quid</strong></span> <span class='ocrx_word' id='word_1_537' title='bbox 607 4306 785 4351; x_wconf 88' lang='lat' dir='ltr'><strong>autem</strong></span> <span class='ocrx_word' id='word_1_538' title='bbox 816 4296 858 4349; x_wconf 90' lang='lat' dir='ltr'><strong>si</strong></span> <span class='ocrx_word' id='word_1_539' title='bbox 896 4313 991 4365; x_wconf 90' lang='lat' dir='ltr'><strong>pro</strong></span> <span class='ocrx_word' id='word_1_540' title='bbox 1018 4296 1278 4367; x_wconf 62' lang='lat' dir='ltr'><strong>Babulus,</strong></span> <span class='ocrx_word' id='word_1_541' title='bbox 1315 4299 1367 4353; x_wconf 91' lang='lat' dir='ltr'><strong>in</strong></span> <span class='ocrx_word' id='word_1_542' title='bbox 1395 4301 1619 4355; x_wconf 84' lang='lat' dir='ltr'><strong>Arnobii</strong></span> <span class='ocrx_word' id='word_1_543' title='bbox 1656 4310 1800 4356; x_wconf 84' lang='lat' dir='ltr'><strong>textu</strong></span> <span class='ocrx_word' id='word_1_544' title='bbox 1829 4301 2043 4357; x_wconf 75' lang='lat' dir='ltr'><strong>Bnbilus</strong></span> 
     </span>
    </p>
   </div>
   <div class='ocr_carea' id='block_1_77' title="bbox 436 4389 2045 4461">
    <p class='ocr_par' dir='ltr' id='par_1_77' title="bbox 436 4389 2045 4461">
     <span class='ocr_line' id='line_1_77' title="bbox 436 4389 2045 4461; baseline 0.002 -16"><span class='ocrx_word' id='word_1_545' title='bbox 436 4389 683 4461; x_wconf 84' lang='lat' dir='ltr'><strong>legatur?</strong></span> <span class='ocrx_word' id='word_1_546' title='bbox 714 4389 910 4445; x_wconf 82' lang='lat' dir='ltr'><strong>Narrat</strong></span> <span class='ocrx_word' id='word_1_547' title='bbox 938 4391 1082 4446; x_wconf 89' lang='lat' dir='ltr'><strong>enim</strong></span> <span class='ocrx_word' id='word_1_548' title='bbox 1116 4392 1410 4448; x_wconf 85' lang='lat' dir='ltr'><strong>Suetonius</strong></span> <span class='ocrx_word' id='word_1_549' title='bbox 1440 4393 1667 4450; x_wconf 89' lang='lat' dir='ltr'><strong>Claudio</strong></span> <span class='ocrx_word' id='word_1_550' title='bbox 1706 4395 1916 4450; x_wconf 82' lang='lat' dir='ltr'><strong>Nerone</strong></span> <span class='ocrx_word' id='word_1_551' title='bbox 1944 4398 2045 4449; x_wconf 89' lang='lat' dir='ltr'><strong>im-</strong></span> 
     </span>
    </p>
   </div>
   <div class='ocr_carea' id='block_1_78' title="bbox 436 4480 2043 4559">
    <p class='ocr_par' dir='ltr' id='par_1_78' title="bbox 436 4480 2043 4559">
     <span class='ocr_line' id='line_1_78' title="bbox 436 4480 2043 4559; baseline 0.004 -21"><span class='ocrx_word' id='word_1_552' title='bbox 436 4480 683 4554; x_wconf 82' lang='lat' dir='ltr'><strong>perante,</strong></span> <span class='ocrx_word' id='word_1_553' title='bbox 710 4498 832 4539; x_wconf 90' lang='lat' dir='ltr'><strong>cum</strong></span> <span class='ocrx_word' id='word_1_554' title='bbox 863 4483 1019 4538; x_wconf 91' lang='lat' dir='ltr'><strong>stella</strong></span> <span class='ocrx_word' id='word_1_555' title='bbox 1048 4485 1240 4540; x_wconf 90' lang='lat' dir='ltr'><strong>crinita</strong></span> <span class='ocrx_word' id='word_1_556' title='bbox 1269 4502 1368 4559; x_wconf 90' lang='lat' dir='ltr'><strong>per</strong></span> <span class='ocrx_word' id='word_1_557' title='bbox 1396 4488 1680 4543; x_wconf 87' lang='lat' dir='ltr'><strong>continuas</strong></span> <span class='ocrx_word' id='word_1_558' title='bbox 1708 4501 1892 4543; x_wconf 86' lang='lat' dir='ltr'><strong>noctes</strong></span> <span class='ocrx_word' id='word_1_559' title='bbox 1914 4490 2043 4544; x_wconf 91' lang='lat' dir='ltr'><strong>oriri</strong></span> 
     </span>
    </p>
   </div>
   <div class='ocr_carea' id='block_1_79' title="bbox 436 4576 2042 4651">
    <p class='ocr_par' dir='ltr' id='par_1_79' title="bbox 436 4576 2042 4651">
     <span class='ocr_line' id='line_1_79' title="bbox 436 4576 2042 4651; baseline 0.005 -22"><span class='ocrx_word' id='word_1_560' title='bbox 436 4578 729 4642; x_wconf 65' lang='lat' dir='ltr'><strong>coepisset:</strong></span> <span class='ocrx_word' id='word_1_561' title='bbox 765 4594 785 4626; x_wconf 77' lang='grc' dir='ltr'><strong>ι</strong></span> <span class='ocrx_word' id='word_1_562' title='bbox 822 4576 1025 4629; x_wconf 83' lang='lat' dir='ltr'><strong>Anxius</strong></span> <span class='ocrx_word' id='word_1_563' title='bbox 1051 4576 1191 4631; x_wconf 87' lang='lat' dir='ltr'><strong>Nero</strong></span> <span class='ocrx_word' id='word_1_564' title='bbox 1219 4594 1278 4633; x_wconf 88' lang='lat' dir='ltr'><strong>ea</strong></span> <span class='ocrx_word' id='word_1_565' title='bbox 1324 4578 1392 4634; x_wconf 92' lang='lat' dir='ltr'><strong>de</strong></span> <span class='ocrx_word' id='word_1_566' title='bbox 1440 4595 1518 4646; x_wconf 88' lang='lat' dir='ltr'><strong>re,</strong></span> <span class='ocrx_word' id='word_1_567' title='bbox 1560 4600 1578 4633; x_wconf 84' lang='grc' dir='ltr'><strong>ι</strong></span> <span class='ocrx_word' id='word_1_568' title='bbox 1613 4582 1804 4651; x_wconf 90' lang='lat' dir='ltr'><strong>inquit,</strong></span> <span class='ocrx_word' id='word_1_569' title='bbox 1837 4600 1854 4633; x_wconf 82' lang='grc' dir='ltr'><strong>ι</strong></span> <span class='ocrx_word' id='word_1_570' title='bbox 1892 4593 1947 4635; x_wconf 88' lang='lat' dir='ltr'><strong>ut</strong></span> <span class='ocrx_word' id='word_1_571' title='bbox 1977 4600 2042 4637; x_wconf 78' lang='lat' dir='ltr'><strong>ex</strong></span> 
     </span>
    </p>
   </div>
   <div class='ocr_carea' id='block_1_80' title="bbox 2236 3400 3553 3467">
    <p class='ocr_par' dir='ltr' id='par_1_80' title="bbox 2236 3400 3553 3467">
     <span class='ocr_line' id='line_1_80' title="bbox 2236 3400 3553 3467; baseline 0.005 -19"><span class='ocrx_word' id='word_1_572' title='bbox 2236 3400 2537 3467; x_wconf 65' lang='lat' dir='ltr'><strong>Trojngena,</strong></span> <span class='ocrx_word' id='word_1_573' title='bbox 2560 3408 2807 3467; x_wconf 74' lang='lat' dir='ltr'><strong>interpres</strong></span> <span class='ocrx_word' id='word_1_574' title='bbox 2828 3404 3011 3465; x_wconf 82' lang='lat' dir='ltr'><strong>divum,</strong></span> <span class='ocrx_word' id='word_1_575' title='bbox 3034 3407 3117 3465; x_wconf 86' lang='lat' dir='ltr'><strong>qui</strong></span> <span class='ocrx_word' id='word_1_576' title='bbox 3139 3408 3338 3456; x_wconf 85' lang='lat' dir='ltr'><strong>numina</strong></span> <span class='ocrx_word' id='word_1_577' title='bbox 3362 3405 3553 3467; x_wconf 74' lang='lat' dir='ltr'><strong>thbi,</strong></span> 
     </span>
    </p>
   </div>
   <div class='ocr_carea' id='block_1_81' title="bbox 2236 3462 3464 3531">
    <p class='ocr_par' dir='ltr' id='par_1_81' title="bbox 2236 3462 3464 3531">
     <span class='ocr_line' id='line_1_81' title="bbox 2236 3462 3464 3531; baseline 0.007 -21"><span class='ocrx_word' id='word_1_578' title='bbox 2236 3462 2325 3531; x_wconf 72' lang='lat' dir='ltr'><strong>Qui</strong></span> <span class='ocrx_word' id='word_1_579' title='bbox 2356 3466 2587 3531; x_wconf 75' lang='lat' dir='ltr'><strong>tripodas,</strong></span> <span class='ocrx_word' id='word_1_580' title='bbox 2601 3462 2751 3531; x_wconf 67' lang='lat' dir='ltr'><strong>Clarii</strong></span> <span class='ocrx_word' id='word_1_581' title='bbox 2778 3466 2957 3525; x_wconf 76' lang='lat' dir='ltr'><strong>lauros,</strong></span> <span class='ocrx_word' id='word_1_582' title='bbox 2981 3462 3065 3531; x_wconf 84' lang='lat' dir='ltr'><strong>qui</strong></span> <span class='ocrx_word' id='word_1_583' title='bbox 3090 3469 3251 3517; x_wconf 81' lang='lat' dir='ltr'><strong>sidera</strong></span> <span class='ocrx_word' id='word_1_584' title='bbox 3291 3473 3464 3530; x_wconf 83' lang='lat' dir='ltr'><strong>sentis,</strong></span> 
     </span>
    </p>
   </div>
   <div class='ocr_carea' id='block_1_82' title="bbox 2234 3526 3530 3595">
    <p class='ocr_par' dir='ltr' id='par_1_82' title="bbox 2234 3526 3530 3595">
     <span class='ocr_line' id='line_1_82' title="bbox 2234 3526 3530 3595; baseline 0.005 -18"><span class='ocrx_word' id='word_1_585' title='bbox 2234 3526 2297 3577; x_wconf 85' lang='lat' dir='ltr'><strong>Et</strong></span> <span class='ocrx_word' id='word_1_586' title='bbox 2321 3527 2571 3578; x_wconf 80' lang='lat' dir='ltr'><strong>volucrum</strong></span> <span class='ocrx_word' id='word_1_587' title='bbox 2598 3529 2806 3591; x_wconf 79' lang='lat' dir='ltr'><strong>linguas,</strong></span> <span class='ocrx_word' id='word_1_588' title='bbox 2834 3538 2888 3581; x_wconf 81' lang='lat' dir='ltr'><strong>et.</strong></span> <span class='ocrx_word' id='word_1_589' title='bbox 2913 3548 2921 3593; x_wconf 86' lang='grc' dir='ltr'><strong>ι</strong></span> <span class='ocrx_word' id='word_1_590' title='bbox 2944 3526 3132 3593; x_wconf 73' lang='lat' dir='ltr'><strong>repetis</strong></span> <span class='ocrx_word' id='word_1_591' title='bbox 3151 3533 3313 3581; x_wconf 83' lang='lat' dir='ltr'><strong>omina</strong></span> <span class='ocrx_word' id='word_1_592' title='bbox 3340 3526 3530 3595; x_wconf 72' lang='lat' dir='ltr'><strong>pennae.</strong></span> 
     </span>
    </p>
   </div>
   <div class='ocr_carea' id='block_1_83' title="bbox 2915 3614 3603 3684">
    <p class='ocr_par' dir='ltr' id='par_1_83' title="bbox 2915 3614 3603 3684">
     <span class='ocr_line' id='line_1_83' title="bbox 2915 3614 3603 3684; baseline -0.004 -18"><span class='ocrx_word' id='word_1_593' title='bbox 2915 3614 3095 3677; x_wconf 81' lang='lat' dir='ltr'><strong>(Ibid.,</strong></span> <span class='ocrx_word' id='word_1_594' title='bbox 3116 3628 3244 3669; x_wconf 82' lang='lat' dir='ltr'><strong>vers.</strong></span> <span class='ocrx_word' id='word_1_595' title='bbox 3270 3617 3364 3667; x_wconf 75' lang='lat'><strong>359</strong></span> <span class='ocrx_word' id='word_1_596' title='bbox 3388 3623 3433 3669; x_wconf 82' lang='lat' dir='ltr'><strong>et</strong></span> <span class='ocrx_word' id='word_1_597' title='bbox 3455 3618 3603 3684; x_wconf 79' lang='lat' dir='ltr'><strong>seqq.)</strong></span> 
     </span>
    </p>
   </div>
   <div class='ocr_carea' id='block_1_84' title="bbox 2142 3717 3427 3789">
    <p class='ocr_par' dir='ltr' id='par_1_84' title="bbox 2142 3717 3427 3789">
     <span class='ocr_line' id='line_1_84' title="bbox 2142 3717 3427 3789; baseline 0.006 -17"><span class='ocrx_word' id='word_1_598' title='bbox 2142 3717 2365 3789; x_wconf 73' lang='lat' dir='ltr'><strong>Legesis</strong></span> <span class='ocrx_word' id='word_1_599' title='bbox 2395 3719 2494 3775; x_wconf 92' lang='lat' dir='ltr'><strong>bos</strong></span> <span class='ocrx_word' id='word_1_600' title='bbox 2525 3722 2577 3775; x_wconf 92' lang='lat' dir='ltr'><strong>iu</strong></span> <span class='ocrx_word' id='word_1_601' title='bbox 2602 3738 2795 3778; x_wconf 83' lang='lat' dir='ltr'><strong>versus</strong></span> <span class='ocrx_word' id='word_1_602' title='bbox 2822 3723 2998 3778; x_wconf 89' lang='lat' dir='ltr'><strong>Servii</strong></span> <span class='ocrx_word' id='word_1_603' title='bbox 3023 3725 3427 3779; x_wconf 76' lang='lat' dir='ltr'><strong>annotatioiies.</strong></span> 
     </span>
    </p>
   </div>
   <div class='ocr_carea' id='block_1_85' title="bbox 2213 3812 3725 3878">
    <p class='ocr_par' dir='ltr' id='par_1_85' title="bbox 2213 3812 3725 3878">
     <span class='ocr_line' id='line_1_85' title="bbox 2213 3812 3725 3878; baseline 0.006 -13"><span class='ocrx_word' id='word_1_604' title='bbox 2213 3812 2447 3878; x_wconf 84' lang='lat' dir='ltr'><strong>Quartus</strong></span> <span class='ocrx_word' id='word_1_605' title='bbox 2498 3815 2710 3870; x_wconf 89' lang='lat' dir='ltr'><strong>tandem</strong></span> <span class='ocrx_word' id='word_1_606' title='bbox 2759 3827 2813 3871; x_wconf 93' lang='lat' dir='ltr'><strong>et</strong></span> <span class='ocrx_word' id='word_1_607' title='bbox 2863 3817 3086 3872; x_wconf 91' lang='lat' dir='ltr'><strong>ultimus</strong></span> <span class='ocrx_word' id='word_1_608' title='bbox 3137 3818 3359 3873; x_wconf 78' lang='lat' dir='ltr'><strong>Martius</strong></span> <span class='ocrx_word' id='word_1_609' title='bbox 3401 3818 3470 3875; x_wconf 88' lang='lat' dir='ltr'><strong>ab</strong></span> <span class='ocrx_word' id='word_1_610' title='bbox 3518 3827 3725 3875; x_wconf 85' lang='lat' dir='ltr'><strong>auctore</strong></span> 
     </span>
    </p>
   </div>
   <div class='ocr_carea' id='block_1_86' title="bbox 2145 3908 3726 3978">
    <p class='ocr_par' dir='ltr' id='par_1_86' title="bbox 2145 3908 3726 3978">
     <span class='ocr_line' id='line_1_86' title="bbox 2145 3908 3726 3978; baseline 0.009 -21"><span class='ocrx_word' id='word_1_611' title='bbox 2145 3915 2331 3960; x_wconf 86' lang='lat' dir='ltr'><strong>nostro</strong></span> <span class='ocrx_word' id='word_1_612' title='bbox 2362 3919 2602 3973; x_wconf 86' lang='lat' dir='ltr'><strong>vocatur,</strong></span> <span class='ocrx_word' id='word_1_613' title='bbox 2626 3923 2785 3978; x_wconf 90' lang='lat' dir='ltr'><strong>quem</strong></span> <span class='ocrx_word' id='word_1_614' title='bbox 2817 3908 3017 3975; x_wconf 86' lang='lat' dir='ltr'><strong>Livius,</strong></span> <span class='ocrx_word' id='word_1_615' title='bbox 3040 3920 3097 3965; x_wconf 90' lang='lat' dir='ltr'><strong>et</strong></span> <span class='ocrx_word' id='word_1_616' title='bbox 3121 3912 3441 3970; x_wconf 74' lang='lat' dir='ltr'><strong>Amimnuus</strong></span> <span class='ocrx_word' id='word_1_617' title='bbox 3475 3914 3726 3972; x_wconf 74' lang='lat' dir='ltr'><strong>Marcelli-</strong></span> 
     </span>
    </p>
   </div>
   <div class='ocr_carea' id='block_1_87' title="bbox 2144 3999 3721 4076">
    <p class='ocr_par' dir='ltr' id='par_1_87' title="bbox 2144 3999 3721 4076">
     <span class='ocr_line' id='line_1_87' title="bbox 2144 3999 3721 4076; baseline 0.008 -23"><span class='ocrx_word' id='word_1_618' title='bbox 2144 3999 2286 4056; x_wconf 91' lang='lat' dir='ltr'><strong>linus</strong></span> <span class='ocrx_word' id='word_1_619' title='bbox 2312 4012 2487 4057; x_wconf 88' lang='lat' dir='ltr'><strong>vatem</strong></span> <span class='ocrx_word' id='word_1_620' title='bbox 2512 4003 2774 4059; x_wconf 83' lang='lat' dir='ltr'><strong>illustrem</strong></span> <span class='ocrx_word' id='word_1_621' title='bbox 2807 4005 3268 4076; x_wconf 53' lang='lat' dir='ltr'><strong>appellantium.</strong></span> <span class='ocrx_word' id='word_1_622' title='bbox 3290 4008 3380 4063; x_wconf 84' lang='lat' dir='ltr'><strong>lib.</strong></span> <span class='ocrx_word' id='word_1_623' title='bbox 3402 4024 3529 4070; x_wconf 78' lang='lat' dir='ltr'><strong>xxv.</strong></span> <span class='ocrx_word' id='word_1_624' title='bbox 3560 4026 3605 4064; x_wconf 84' lang='lat' dir='ltr'><strong>c.</strong></span> <span class='ocrx_word' id='word_1_625' title='bbox 3630 4011 3721 4073; x_wconf 70' lang='lat'><strong>{2;</strong></span> 
     </span>
    </p>
   </div>
   <div class='ocr_carea' id='block_1_88' title="bbox 2144 4098 3724 4177">
    <p class='ocr_par' dir='ltr' id='par_1_88' title="bbox 2144 4098 3724 4177">
     <span class='ocr_line' id='line_1_88' title="bbox 2144 4098 3724 4177; baseline 0.008 -28"><span class='ocrx_word' id='word_1_626' title='bbox 2144 4098 2403 4151; x_wconf 83' lang='lat' dir='ltr'><strong>Ammian.</strong></span> <span class='ocrx_word' id='word_1_627' title='bbox 2440 4098 2672 4153; x_wconf 81' lang='lat' dir='ltr'><strong>Marcell.</strong></span> <span class='ocrx_word' id='word_1_628' title='bbox 2700 4140 2714 4163; x_wconf 91' lang='lat'><strong>,</strong></span> <span class='ocrx_word' id='word_1_629' title='bbox 2765 4101 2852 4154; x_wconf 88' lang='lat' dir='ltr'><strong>lib.</strong></span> <span class='ocrx_word' id='word_1_630' title='bbox 2886 4117 3000 4169; x_wconf 77' lang='lat' dir='ltr'><strong>xw,</strong></span> <span class='ocrx_word' id='word_1_631' title='bbox 3050 4121 3103 4171; x_wconf 87' lang='lat' dir='ltr'><strong>p.</strong></span> <span class='ocrx_word' id='word_1_632' title='bbox 3150 4103 3226 4177; x_wconf 80' lang='grc'><strong>5).</strong></span> <span class='ocrx_word' id='word_1_633' title='bbox 3259 4104 3405 4161; x_wconf 90' lang='lat' dir='ltr'><strong>Duos</strong></span> <span class='ocrx_word' id='word_1_634' title='bbox 3447 4118 3619 4161; x_wconf 80' lang='lat' dir='ltr'><strong>autem</strong></span> <span class='ocrx_word' id='word_1_635' title='bbox 3665 4108 3724 4161; x_wconf 91' lang='lat' dir='ltr'><strong>il-</strong></span> 
     </span>
    </p>
   </div>
   <div class='ocr_carea' id='block_1_89' title="bbox 2152 4188 3722 4271">
    <p class='ocr_par' dir='ltr' id='par_1_89' title="bbox 2152 4188 3722 4271">
     <span class='ocr_line' id='line_1_89' title="bbox 2152 4188 3722 4271; baseline 0.008 -29"><span class='ocrx_word' id='word_1_636' title='bbox 2152 4188 2257 4244; x_wconf 90' lang='lat' dir='ltr'><strong>lius</strong></span> <span class='ocrx_word' id='word_1_637' title='bbox 2289 4206 2479 4245; x_wconf 74' lang='lat' dir='ltr'><strong>versus</strong></span> <span class='ocrx_word' id='word_1_638' title='bbox 2522 4192 2705 4247; x_wconf 87' lang='lat' dir='ltr'><strong>Livius</strong></span> <span class='ocrx_word' id='word_1_639' title='bbox 2731 4194 2979 4262; x_wconf 81' lang='lat' dir='ltr'><strong>exhibet,</strong></span> <span class='ocrx_word' id='word_1_640' title='bbox 3013 4212 3242 4266; x_wconf 89' lang='lat' dir='ltr'><strong>quorum</strong></span> <span class='ocrx_word' id='word_1_641' title='bbox 3275 4201 3480 4271; x_wconf 87' lang='lat' dir='ltr'><strong>priore,</strong></span> <span class='ocrx_word' id='word_1_642' title='bbox 3528 4201 3722 4271; x_wconf 90' lang='lat' dir='ltr'><strong>inquit,</strong></span> 
     </span>
    </p>
   </div>
   <div class='ocr_carea' id='block_1_90' title="bbox 2145 4280 3724 4362">
    <p class='ocr_par' dir='ltr' id='par_1_90' title="bbox 2145 4280 3724 4362">
     <span class='ocr_line' id='line_1_90' title="bbox 2145 4280 3724 4362; baseline 0.009 -29"><span class='ocrx_word' id='word_1_643' title='bbox 2145 4280 2483 4339; x_wconf 85' lang='lat' dir='ltr'><strong>Cannensem</strong></span> <span class='ocrx_word' id='word_1_644' title='bbox 2538 4286 2747 4340; x_wconf 85' lang='lat' dir='ltr'><strong>cladem</strong></span> <span class='ocrx_word' id='word_1_645' title='bbox 2804 4288 3127 4355; x_wconf 81' lang='lat' dir='ltr'><strong>pr:edixerat</strong></span> <span class='ocrx_word' id='word_1_646' title='bbox 3186 4311 3200 4347; x_wconf 86' lang='lat'><strong>:</strong></span> <span class='ocrx_word' id='word_1_647' title='bbox 3259 4294 3561 4362; x_wconf 87' lang='lat' dir='ltr'><strong>posteriore</strong></span> <span class='ocrx_word' id='word_1_648' title='bbox 3601 4309 3724 4349; x_wconf 85' lang='lat' dir='ltr'><strong>vero</strong></span> 
     </span>
    </p>
   </div>
   <div class='ocr_carea' id='block_1_91' title="bbox 2148 4373 3728 4449">
    <p class='ocr_par' dir='ltr' id='par_1_91' title="bbox 2148 4373 3728 4449">
     <span class='ocr_line' id='line_1_91' title="bbox 2148 4373 3728 4449; baseline 0.006 -23"><span class='ocrx_word' id='word_1_649' title='bbox 2148 4373 2448 4439; x_wconf 78' lang='lat' dir='ltr'><strong>Romanos,</strong></span> <span class='ocrx_word' id='word_1_650' title='bbox 2492 4379 2944 4449; x_wconf 87' lang='lat' dir='ltr'><strong>quemadmodum</strong></span> <span class='ocrx_word' id='word_1_651' title='bbox 2974 4381 3135 4436; x_wconf 86' lang='lat' dir='ltr'><strong>etiam</strong></span> <span class='ocrx_word' id='word_1_652' title='bbox 3164 4382 3463 4440; x_wconf 80' lang='lat' dir='ltr'><strong>Macrobius</strong></span> <span class='ocrx_word' id='word_1_653' title='bbox 3489 4386 3728 4441; x_wconf 80' lang='lat' dir='ltr'><strong>testiﬁca-</strong></span> 
     </span>
    </p>
   </div>
   <div class='ocr_carea' id='block_1_92' title="bbox 2150 4470 3727 4547">
    <p class='ocr_par' dir='ltr' id='par_1_92' title="bbox 2150 4470 3727 4547">
     <span class='ocr_line' id='line_1_92' title="bbox 2150 4470 3727 4547; baseline 0.008 -28"><span class='ocrx_word' id='word_1_654' title='bbox 2150 4476 2252 4529; x_wconf 88' lang='lat' dir='ltr'><strong>tur,</strong></span> <span class='ocrx_word' id='word_1_655' title='bbox 2281 4470 2345 4522; x_wconf 90' lang='lat' dir='ltr'><strong>ad</strong></span> <span class='ocrx_word' id='word_1_656' title='bbox 2382 4470 2534 4525; x_wconf 91' lang='lat' dir='ltr'><strong>ludos</strong></span> <span class='ocrx_word' id='word_1_657' title='bbox 2558 4472 2793 4539; x_wconf 81' lang='lat' dir='ltr'><strong>Apollini</strong></span> <span class='ocrx_word' id='word_1_658' title='bbox 2826 4473 3101 4528; x_wconf 84' lang='lat' dir='ltr'><strong>vovendos</strong></span> <span class='ocrx_word' id='word_1_659' title='bbox 3134 4475 3514 4547; x_wconf 79' lang='lat' dir='ltr'><strong>faciendosque</strong></span> <span class='ocrx_word' id='word_1_660' title='bbox 3534 4479 3727 4533; x_wconf 80' lang='lat' dir='ltr'><strong>induxit</strong></span> 
     </span>
    </p>
   </div>
   <div class='ocr_carea' id='block_1_93' title="bbox 2150 4560 3654 4644">
    <p class='ocr_par' dir='ltr' id='par_1_93' title="bbox 2150 4560 3654 4644">
     <span class='ocr_line' id='line_1_93' title="bbox 2150 4560 3654 4644; baseline 0.009 -31"><span class='ocrx_word' id='word_1_661' title='bbox 2150 4560 2441 4632; x_wconf 81' lang='lat' dir='ltr'><strong>(Macrob.,</strong></span> <span class='ocrx_word' id='word_1_662' title='bbox 2476 4564 2563 4620; x_wconf 84' lang='lat' dir='ltr'><strong>lib.</strong></span> <span class='ocrx_word' id='word_1_663' title='bbox 2611 4581 2628 4619; x_wconf 85' lang='grc' dir='ltr'><strong>ι</strong></span> <span class='ocrx_word' id='word_1_664' title='bbox 2658 4565 2957 4628; x_wconf 81' lang='lat' dir='ltr'><strong>Saturnnl.,</strong></span> <span class='ocrx_word' id='word_1_665' title='bbox 2986 4583 3033 4622; x_wconf 80' lang='grc' dir='ltr'><strong>ε.</strong></span> <span class='ocrx_word' id='word_1_666' title='bbox 3063 4568 3153 4636; x_wconf 87' lang='grc'><strong>17,</strong></span> <span class='ocrx_word' id='word_1_667' title='bbox 3184 4588 3236 4639; x_wconf 87' lang='lat' dir='ltr'><strong>p.</strong></span> <span class='ocrx_word' id='word_1_668' title='bbox 3267 4569 3379 4626; x_wconf 67' lang='grc'><strong>254</strong></span> <span class='ocrx_word' id='word_1_669' title='bbox 3402 4581 3450 4626; x_wconf 83' lang='lat' dir='ltr'><strong>et</strong></span> <span class='ocrx_word' id='word_1_670' title='bbox 3472 4570 3654 4644; x_wconf 55' lang='grc' dir='ltr'><strong>δείνῳ).</strong></span> 
     </span>
    </p>
   </div>
   <div class='ocr_carea' id='block_1_94' title="bbox 437 4654 2033 4744">
    <p class='ocr_par' dir='ltr' id='par_1_94' title="bbox 437 4663 2033 4740">
     <span class='ocr_line' id='line_1_94' title="bbox 437 4663 2033 4740; baseline 0.006 -21"><span class='ocrx_word' id='word_1_671' title='bbox 437 4663 914 4737; x_wconf 82' lang='lat' dir='ltr'><strong>Babiloastrologo</strong></span> <span class='ocrx_word' id='word_1_672' title='bbox 936 4666 1123 4723; x_wconf 91' lang='lat' dir='ltr'><strong>didicit</strong></span> <span class='ocrx_word' id='word_1_673' title='bbox 1140 4669 1317 4725; x_wconf 89' lang='lat' dir='ltr'><strong>solere</strong></span> <span class='ocrx_word' id='word_1_674' title='bbox 1339 4686 1493 4740; x_wconf 79' lang='lat' dir='ltr'><strong>reges</strong></span> <span class='ocrx_word' id='word_1_675' title='bbox 1516 4671 1636 4725; x_wconf 87' lang='lat' dir='ltr'><strong>talia</strong></span> <span class='ocrx_word' id='word_1_676' title='bbox 1662 4683 1871 4727; x_wconf 83' lang='lat' dir='ltr'><strong>ostenta</strong></span> <span class='ocrx_word' id='word_1_677' title='bbox 1894 4674 2033 4729; x_wconf 79' lang='lat' dir='ltr'><strong>caede</strong></span> 
     </span>
    </p>
   </div>
   <div class='ocr_carea' id='block_1_95' title="bbox 2149 4654 3727 4744">
    <p class='ocr_par' dir='ltr' id='par_1_95' title="bbox 2222 4654 3727 4733">
     <span class='ocr_line' id='line_1_95' title="bbox 2222 4654 3727 4733; baseline 0.008 -26"><span class='ocrx_word' id='word_1_678' title='bbox 2222 4654 2277 4708; x_wconf 94' lang='lat' dir='ltr'><strong>In</strong></span> <span class='ocrx_word' id='word_1_679' title='bbox 2310 4666 2487 4710; x_wconf 78' lang='lat' dir='ltr'><strong>vatum</strong></span> <span class='ocrx_word' id='word_1_680' title='bbox 2518 4672 2677 4726; x_wconf 86' lang='lat' dir='ltr'><strong>porro</strong></span> <span class='ocrx_word' id='word_1_681' title='bbox 2704 4659 3033 4715; x_wconf 84' lang='lat' dir='ltr'><strong>mentionem</strong></span> <span class='ocrx_word' id='word_1_682' title='bbox 3081 4662 3510 4733; x_wconf 84' lang='lat' dir='ltr'><strong>quandoquidem</strong></span> <span class='ocrx_word' id='word_1_683' title='bbox 3555 4663 3727 4719; x_wconf 82' lang='lat' dir='ltr'><strong>inridi-</strong></span> 
     </span>
    </p>
   </div>
   <div class='ocr_carea' id='block_1_96' title="bbox 436 4759 2038 4838">
    <p class='ocr_par' dir='ltr' id='par_1_96' title="bbox 436 4759 2038 4838">
     <span class='ocr_line' id='line_1_96' title="bbox 436 4759 2038 4838; baseline 0.006 -25"><span class='ocrx_word' id='word_1_684' title='bbox 436 4759 614 4829; x_wconf 88' lang='lat' dir='ltr'><strong>aliqua</strong></span> <span class='ocrx_word' id='word_1_685' title='bbox 652 4760 845 4815; x_wconf 77' lang='lat' dir='ltr'><strong>illuSIri</strong></span> <span class='ocrx_word' id='word_1_686' title='bbox 890 4764 1130 4830; x_wconf 84' lang='lat' dir='ltr'><strong>expiare,</strong></span> <span class='ocrx_word' id='word_1_687' title='bbox 1165 4774 1325 4834; x_wconf 90' lang='lat' dir='ltr'><strong>atque</strong></span> <span class='ocrx_word' id='word_1_688' title='bbox 1352 4781 1381 4819; x_wconf 91' lang='lat' dir='ltr'><strong>a</strong></span> <span class='ocrx_word' id='word_1_689' title='bbox 1418 4777 1588 4820; x_wconf 89' lang='lat' dir='ltr'><strong>semet</strong></span> <span class='ocrx_word' id='word_1_690' title='bbox 1619 4768 1672 4822; x_wconf 91' lang='lat' dir='ltr'><strong>in</strong></span> <span class='ocrx_word' id='word_1_691' title='bbox 1711 4768 1886 4838; x_wconf 82' lang='lat' dir='ltr'><strong>capita</strong></span> <span class='ocrx_word' id='word_1_692' title='bbox 1919 4784 2038 4834; x_wconf 87' lang='lat' dir='ltr'><strong>pro-</strong></span> 
     </span>
    </p>
   </div>
   <div class='ocr_carea' id='block_1_97' title="bbox 437 4852 2042 4928">
    <p class='ocr_par' dir='ltr' id='par_1_97' title="bbox 437 4852 2042 4928">
     <span class='ocr_line' id='line_1_97' title="bbox 437 4852 2042 4928; baseline 0.006 -21"><span class='ocrx_word' id='word_1_693' title='bbox 437 4866 621 4908; x_wconf 89' lang='lat' dir='ltr'><strong>cerum</strong></span> <span class='ocrx_word' id='word_1_694' title='bbox 645 4852 943 4922; x_wconf 88' lang='lat' dir='ltr'><strong>depellere,</strong></span> <span class='ocrx_word' id='word_1_695' title='bbox 971 4856 1310 4912; x_wconf 83' lang='lat' dir='ltr'><strong>nobilissimo</strong></span> <span class='ocrx_word' id='word_1_696' title='bbox 1339 4859 1533 4928; x_wconf 91' lang='lat' dir='ltr'><strong>cuique</strong></span> <span class='ocrx_word' id='word_1_697' title='bbox 1556 4859 1775 4915; x_wconf 80' lang='lat' dir='ltr'><strong>exilium</strong></span> <span class='ocrx_word' id='word_1_698' title='bbox 1802 4861 2042 4915; x_wconf 83' lang='lat' dir='ltr'><strong>destina-</strong></span> 
     </span>
    </p>
   </div>
   <div class='ocr_carea' id='block_1_98' title="bbox 437 4946 1848 5026">
    <p class='ocr_par' dir='ltr' id='par_1_98' title="bbox 437 4946 1848 5026">
     <span class='ocr_line' id='line_1_98' title="bbox 437 4946 1848 5026; baseline 0.004 -25"><span class='ocrx_word' id='word_1_699' title='bbox 437 4947 513 5002; x_wconf 86' lang='lat' dir='ltr'><strong>vit</strong></span> <span class='ocrx_word' id='word_1_700' title='bbox 543 4966 562 4999; x_wconf 78' lang='grc' dir='ltr'><strong>ι</strong></span> <span class='ocrx_word' id='word_1_701' title='bbox 596 4946 861 5015; x_wconf 82' lang='lat' dir='ltr'><strong>(Sueton.,</strong></span> <span class='ocrx_word' id='word_1_702' title='bbox 893 4947 983 5003; x_wconf 86' lang='lat' dir='ltr'><strong>lib.</strong></span> <span class='ocrx_word' id='word_1_703' title='bbox 1011 4965 1068 5004; x_wconf 79' lang='lat' dir='ltr'><strong>v1</strong></span> <span class='ocrx_word' id='word_1_704' title='bbox 1098 4953 1153 5004; x_wconf 82' lang='lat' dir='ltr'><strong>in</strong></span> <span class='ocrx_word' id='word_1_705' title='bbox 1187 4948 1288 5005; x_wconf 85' lang='lat' dir='ltr'><strong>Vit.</strong></span> <span class='ocrx_word' id='word_1_706' title='bbox 1328 4948 1549 5016; x_wconf 85' lang='lat' dir='ltr'><strong>Neron.,</strong></span> <span class='ocrx_word' id='word_1_707' title='bbox 1582 4970 1697 5021; x_wconf 80' lang='lat' dir='ltr'><strong>cap.</strong></span> <span class='ocrx_word' id='word_1_708' title='bbox 1731 4953 1848 5026; x_wconf 82' lang='lat'><strong>55.)</strong></span> 
     </span>
    </p>
   </div>
   <div class='ocr_carea' id='block_1_99' title="bbox 511 5038 2043 5113">
    <p class='ocr_par' dir='ltr' id='par_1_99' title="bbox 511 5038 2043 5113">
     <span class='ocr_line' id='line_1_99' title="bbox 511 5038 2043 5113; baseline 0.004 -19"><span class='ocrx_word' id='word_1_709' title='bbox 511 5038 902 5095; x_wconf 82' lang='lat' dir='ltr'><strong>Verumtamen</strong></span> <span class='ocrx_word' id='word_1_710' title='bbox 934 5050 1108 5095; x_wconf 90' lang='lat' dir='ltr'><strong>utrum</strong></span> <span class='ocrx_word' id='word_1_711' title='bbox 1141 5040 1247 5107; x_wconf 88' lang='lat' dir='ltr'><strong>hic,</strong></span> <span class='ocrx_word' id='word_1_712' title='bbox 1279 5052 1330 5097; x_wconf 93' lang='lat' dir='ltr'><strong>et</strong></span> <span class='ocrx_word' id='word_1_713' title='bbox 1367 5044 1459 5097; x_wconf 90' lang='lat' dir='ltr'><strong>alii</strong></span> <span class='ocrx_word' id='word_1_714' title='bbox 1499 5059 1527 5096; x_wconf 92' lang='lat' dir='ltr'><strong>a</strong></span> <span class='ocrx_word' id='word_1_715' title='bbox 1572 5045 1726 5099; x_wconf 89' lang='lat' dir='ltr'><strong>nobis</strong></span> <span class='ocrx_word' id='word_1_716' title='bbox 1765 5047 2043 5113; x_wconf 79' lang='lat' dir='ltr'><strong>recensiti,</strong></span> 
     </span>
    </p>
   </div>
   <div class='ocr_carea' id='block_1_100' title="bbox 437 5134 2038 5209">
    <p class='ocr_par' dir='ltr' id='par_1_100' title="bbox 437 5134 2038 5209">
     <span class='ocr_line' id='line_1_100' title="bbox 437 5134 2038 5209; baseline 0.005 -20"><span class='ocrx_word' id='word_1_717' title='bbox 437 5135 471 5189; x_wconf 91' lang='lat' dir='ltr'><strong>ii</strong></span> <span class='ocrx_word' id='word_1_718' title='bbox 510 5150 700 5190; x_wconf 87' lang='lat' dir='ltr'><strong>revera</strong></span> <span class='ocrx_word' id='word_1_719' title='bbox 728 5136 865 5204; x_wconf 89' lang='lat' dir='ltr'><strong>magi</strong></span> <span class='ocrx_word' id='word_1_720' title='bbox 897 5134 1117 5205; x_wconf 80' lang='lat' dir='ltr'><strong>fuerint,</strong></span> <span class='ocrx_word' id='word_1_721' title='bbox 1150 5138 1240 5209; x_wconf 90' lang='lat' dir='ltr'><strong>qui</strong></span> <span class='ocrx_word' id='word_1_722' title='bbox 1268 5139 1335 5191; x_wconf 90' lang='lat' dir='ltr'><strong>ab</strong></span> <span class='ocrx_word' id='word_1_723' title='bbox 1361 5137 1601 5194; x_wconf 79' lang='lat' dir='ltr'><strong>Ai-uohio</strong></span> <span class='ocrx_word' id='word_1_724' title='bbox 1624 5140 2038 5208; x_wconf 86' lang='lat' dir='ltr'><strong>compellantur,</strong></span> 
     </span>
    </p>
   </div>
   <div class='ocr_carea' id='block_1_101' title="bbox 436 5228 2037 5300">
    <p class='ocr_par' dir='ltr' id='par_1_101' title="bbox 436 5228 2037 5300">
     <span class='ocr_line' id='line_1_101' title="bbox 436 5228 2037 5300; baseline 0.004 -19"><span class='ocrx_word' id='word_1_725' title='bbox 436 5228 525 5283; x_wconf 78' lang='lat' dir='ltr'><strong>vel</strong></span> <span class='ocrx_word' id='word_1_726' title='bbox 558 5236 733 5283; x_wconf 88' lang='lat' dir='ltr'><strong>utrum</strong></span> <span class='ocrx_word' id='word_1_727' title='bbox 762 5228 985 5299; x_wconf 88' lang='lat' dir='ltr'><strong>aliquid,</strong></span> <span class='ocrx_word' id='word_1_728' title='bbox 1020 5240 1074 5285; x_wconf 90' lang='lat' dir='ltr'><strong>et</strong></span> <span class='ocrx_word' id='word_1_729' title='bbox 1107 5231 1377 5300; x_wconf 89' lang='lat' dir='ltr'><strong>quomodo</strong></span> <span class='ocrx_word' id='word_1_730' title='bbox 1406 5233 1457 5284; x_wconf 92' lang='lat' dir='ltr'><strong>in</strong></span> <span class='ocrx_word' id='word_1_731' title='bbox 1501 5232 1641 5287; x_wconf 88' lang='lat' dir='ltr'><strong>illius</strong></span> <span class='ocrx_word' id='word_1_732' title='bbox 1669 5244 1811 5288; x_wconf 84' lang='lat' dir='ltr'><strong>textu</strong></span> <span class='ocrx_word' id='word_1_733' title='bbox 1853 5250 2037 5289; x_wconf 92' lang='lat' dir='ltr'><strong>emen-</strong></span> 
     </span>
    </p>
   </div>
   <div class='ocr_carea' id='block_1_102' title="bbox 438 5319 2039 5397">
    <p class='ocr_par' dir='ltr' id='par_1_102' title="bbox 438 5319 2039 5397">
     <span class='ocr_line' id='line_1_102' title="bbox 438 5319 2039 5397; baseline 0.004 -22"><span class='ocrx_word' id='word_1_734' title='bbox 438 5319 673 5375; x_wconf 86' lang='lat' dir='ltr'><strong>dandum</strong></span> <span class='ocrx_word' id='word_1_735' title='bbox 710 5321 796 5382; x_wconf 91' lang='lat' dir='ltr'><strong>sit,</strong></span> <span class='ocrx_word' id='word_1_736' title='bbox 837 5338 936 5376; x_wconf 90' lang='lat' dir='ltr'><strong>nos</strong></span> <span class='ocrx_word' id='word_1_737' title='bbox 976 5338 1106 5377; x_wconf 87' lang='lat' dir='ltr'><strong>sane</strong></span> <span class='ocrx_word' id='word_1_738' title='bbox 1137 5324 1291 5391; x_wconf 88' lang='lat' dir='ltr'><strong>nihil,</strong></span> <span class='ocrx_word' id='word_1_739' title='bbox 1338 5326 1437 5381; x_wconf 90' lang='lat' dir='ltr'><strong>nisi</strong></span> <span class='ocrx_word' id='word_1_740' title='bbox 1480 5325 1699 5379; x_wconf 82' lang='lat' dir='ltr'><strong>alterius</strong></span> <span class='ocrx_word' id='word_1_741' title='bbox 1730 5328 2039 5397; x_wconf 83' lang='lat' dir='ltr'><strong>integrioris</strong></span> 
     </span>
    </p>
   </div>
   <div class='ocr_carea' id='block_1_103' title="bbox 436 5413 2036 5489">
    <p class='ocr_par' dir='ltr' id='par_1_103' title="bbox 436 5413 2036 5489">
     <span class='ocr_line' id='line_1_103' title="bbox 436 5413 2036 5489; baseline 0.004 -21"><span class='ocrx_word' id='word_1_742' title='bbox 436 5413 639 5468; x_wconf 88' lang='lat' dir='ltr'><strong>codicis</strong></span> <span class='ocrx_word' id='word_1_743' title='bbox 664 5428 768 5481; x_wconf 84' lang='lat' dir='ltr'><strong>cpe</strong></span> <span class='ocrx_word' id='word_1_744' title='bbox 798 5414 985 5484; x_wconf 89' lang='lat' dir='ltr'><strong>adjuti,</strong></span> <span class='ocrx_word' id='word_1_745' title='bbox 1017 5428 1169 5471; x_wconf 89' lang='lat' dir='ltr'><strong>certo</strong></span> <span class='ocrx_word' id='word_1_746' title='bbox 1203 5429 1443 5474; x_wconf 88' lang='lat' dir='ltr'><strong>statuere</strong></span> <span class='ocrx_word' id='word_1_747' title='bbox 1473 5418 1750 5473; x_wconf 77' lang='lat' dir='ltr'><strong>audemus.</strong></span> <span class='ocrx_word' id='word_1_748' title='bbox 1784 5421 2036 5489; x_wconf 86' lang='lat' dir='ltr'><strong>Quapro-</strong></span> 
     </span>
    </p>
   </div>
   <div class='ocr_carea' id='block_1_104' title="bbox 438 5508 2034 5587">
    <p class='ocr_par' dir='ltr' id='par_1_104' title="bbox 438 5508 2034 5587">
     <span class='ocr_line' id='line_1_104' title="bbox 438 5508 2034 5587; baseline 0.008 -29"><span class='ocrx_word' id='word_1_749' title='bbox 438 5517 557 5577; x_wconf 88' lang='lat' dir='ltr'><strong>pter</strong></span> <span class='ocrx_word' id='word_1_750' title='bbox 605 5508 873 5564; x_wconf 85' lang='lat' dir='ltr'><strong>malumus</strong></span> <span class='ocrx_word' id='word_1_751' title='bbox 918 5509 1147 5567; x_wconf 82' lang='lat' dir='ltr'><strong>aliorum</strong></span> <span class='ocrx_word' id='word_1_752' title='bbox 1182 5529 1245 5570; x_wconf 89' lang='lat' dir='ltr'><strong>ea</strong></span> <span class='ocrx_word' id='word_1_753' title='bbox 1293 5512 1361 5572; x_wconf 90' lang='lat' dir='ltr'><strong>de</strong></span> <span class='ocrx_word' id='word_1_754' title='bbox 1400 5530 1459 5571; x_wconf 86' lang='lat' dir='ltr'><strong>re</strong></span> <span class='ocrx_word' id='word_1_755' title='bbox 1496 5523 1829 5585; x_wconf 83' lang='lat' dir='ltr'><strong>exspectare,</strong></span> <span class='ocrx_word' id='word_1_756' title='bbox 1874 5532 2034 5587; x_wconf 84' lang='lat' dir='ltr'><strong>quam</strong></span> 
     </span>
    </p>
   </div>
   <div class='ocr_carea' id='block_1_105' title="bbox 438 5602 1155 5673">
    <p class='ocr_par' dir='ltr' id='par_1_105' title="bbox 438 5602 1155 5673">
     <span class='ocr_line' id='line_1_105' title="bbox 438 5602 1155 5673; baseline 0.007 -17"><span class='ocrx_word' id='word_1_757' title='bbox 438 5611 683 5657; x_wconf 91' lang='lat' dir='ltr'><strong>nostrum</strong></span> <span class='ocrx_word' id='word_1_758' title='bbox 712 5602 853 5659; x_wconf 81' lang='lat' dir='ltr'><strong>ferre</strong></span> <span class='ocrx_word' id='word_1_759' title='bbox 874 5602 1155 5673; x_wconf 88' lang='lat' dir='ltr'><strong>judicium.</strong></span> 
     </span>
    </p>
   </div>
   <div class='ocr_carea' id='block_1_106' title="bbox 2146 4750 3725 4827">
    <p class='ocr_par' dir='ltr' id='par_1_106' title="bbox 2146 4750 3725 4827">
     <span class='ocr_line' id='line_1_106' title="bbox 2146 4750 3725 4827; baseline 0.006 -25"><span class='ocrx_word' id='word_1_760' title='bbox 2146 4763 2297 4811; x_wconf 90' lang='lat' dir='ltr'><strong>mus,</strong></span> <span class='ocrx_word' id='word_1_761' title='bbox 2340 4766 2447 4803; x_wconf 90' lang='lat' dir='ltr'><strong>non</strong></span> <span class='ocrx_word' id='word_1_762' title='bbox 2492 4750 2676 4806; x_wconf 87' lang='lat' dir='ltr'><strong>inutile</strong></span> <span class='ocrx_word' id='word_1_763' title='bbox 2726 4752 2939 4817; x_wconf 76' lang='lat' dir='ltr'><strong>forsan,</strong></span> <span class='ocrx_word' id='word_1_764' title='bbox 2999 4770 3098 4810; x_wconf 92' lang='lat' dir='ltr'><strong>nec</strong></span> <span class='ocrx_word' id='word_1_765' title='bbox 3155 4771 3183 4809; x_wconf 89' lang='lat' dir='ltr'><strong>a</strong></span> <span class='ocrx_word' id='word_1_766' title='bbox 3234 4760 3511 4827; x_wconf 89' lang='lat' dir='ltr'><strong>proposito</strong></span> <span class='ocrx_word' id='word_1_767' title='bbox 3556 4768 3725 4813; x_wconf 88' lang='lat' dir='ltr'><strong>nostro</strong></span> 
     </span>
    </p>
   </div>
   <div class='ocr_carea' id='block_1_107' title="bbox 2147 4845 3729 4925">
    <p class='ocr_par' dir='ltr' id='par_1_107' title="bbox 2147 4845 3729 4925">
     <span class='ocr_line' id='line_1_107' title="bbox 2147 4845 3729 4925; baseline 0.004 -26"><span class='ocrx_word' id='word_1_768' title='bbox 2147 4859 2367 4914; x_wconf 88' lang='lat' dir='ltr'><strong>prorsus</strong></span> <span class='ocrx_word' id='word_1_769' title='bbox 2392 4845 2626 4899; x_wconf 86' lang='lat' dir='ltr'><strong>alienum</strong></span> <span class='ocrx_word' id='word_1_770' title='bbox 2656 4848 2777 4908; x_wconf 85' lang='lat' dir='ltr'><strong>erit,</strong></span> <span class='ocrx_word' id='word_1_771' title='bbox 2808 4847 3009 4913; x_wconf 81' lang='lat' dir='ltr'><strong>aliquid</strong></span> <span class='ocrx_word' id='word_1_772' title='bbox 3038 4848 3104 4904; x_wconf 90' lang='lat' dir='ltr'><strong>de</strong></span> <span class='ocrx_word' id='word_1_773' title='bbox 3148 4850 3211 4903; x_wconf 92' lang='lat' dir='ltr'><strong>iis</strong></span> <span class='ocrx_word' id='word_1_774' title='bbox 3240 4850 3447 4915; x_wconf 86' lang='lat' dir='ltr'><strong>dicere,</strong></span> <span class='ocrx_word' id='word_1_775' title='bbox 3479 4868 3593 4925; x_wconf 66' lang='lat' dir='ltr'><strong>qua:</strong></span> <span class='ocrx_word' id='word_1_776' title='bbox 3637 4855 3729 4907; x_wconf 77' lang='lat' dir='ltr'><strong>Ar-</strong></span> 
     </span>
    </p>
   </div>
   <div class='ocr_carea' id='block_1_108' title="bbox 2145 4937 3727 5016">
    <p class='ocr_par' dir='ltr' id='par_1_108' title="bbox 2145 4937 3727 5016">
     <span class='ocr_line' id='line_1_108' title="bbox 2145 4937 3727 5016; baseline 0.005 -25"><span class='ocrx_word' id='word_1_777' title='bbox 2145 4938 2336 4991; x_wconf 89' lang='lat' dir='ltr'><strong>nobius</strong></span> <span class='ocrx_word' id='word_1_778' title='bbox 2362 4937 2430 4993; x_wconf 91' lang='lat' dir='ltr'><strong>de</strong></span> <span class='ocrx_word' id='word_1_779' title='bbox 2460 4938 2656 4992; x_wconf 85' lang='lat' dir='ltr'><strong>divinis</strong></span> <span class='ocrx_word' id='word_1_780' title='bbox 2688 4940 3028 5009; x_wconf 81' lang='lat' dir='ltr'><strong>quihusdam,</strong></span> <span class='ocrx_word' id='word_1_781' title='bbox 3071 4942 3227 4997; x_wconf 89' lang='lat' dir='ltr'><strong>sicuti</strong></span> <span class='ocrx_word' id='word_1_782' title='bbox 3274 4947 3505 5016; x_wconf 80' lang='lat' dir='ltr'><strong>gentiles</strong></span> <span class='ocrx_word' id='word_1_783' title='bbox 3552 4945 3727 5016; x_wconf 81' lang='lat' dir='ltr'><strong>Opina-</strong></span> 
     </span>
    </p>
   </div>
   <div class='ocr_carea' id='block_1_109' title="bbox 2145 5031 3724 5101">
    <p class='ocr_par' dir='ltr' id='par_1_109' title="bbox 2145 5031 3724 5101">
     <span class='ocr_line' id='line_1_109' title="bbox 2145 5031 3724 5101; baseline 0.005 -15"><span class='ocrx_word' id='word_1_784' title='bbox 2145 5031 2362 5096; x_wconf 86' lang='lat' dir='ltr'><strong>bantur,</strong></span> <span class='ocrx_word' id='word_1_785' title='bbox 2423 5033 2656 5099; x_wconf 81' lang='lat' dir='ltr'><strong>vatibus,</strong></span> <span class='ocrx_word' id='word_1_786' title='bbox 2716 5049 2809 5087; x_wconf 87' lang='lat' dir='ltr'><strong>seu</strong></span> <span class='ocrx_word' id='word_1_787' title='bbox 2867 5034 3141 5101; x_wconf 81' lang='lat' dir='ltr'><strong>fatidicis,</strong></span> <span class='ocrx_word' id='word_1_788' title='bbox 3196 5048 3250 5093; x_wconf 91' lang='lat' dir='ltr'><strong>et</strong></span> <span class='ocrx_word' id='word_1_789' title='bbox 3296 5040 3481 5095; x_wconf 88' lang='lat' dir='ltr'><strong>divina</strong></span> <span class='ocrx_word' id='word_1_790' title='bbox 3522 5040 3724 5096; x_wconf 83' lang='lat' dir='ltr'><strong>oracula</strong></span> 
     </span>
    </p>
   </div>
   <div class='ocr_carea' id='block_1_110' title="bbox 2148 5128 3721 5204">
    <p class='ocr_par' dir='ltr' id='par_1_110' title="bbox 2148 5128 3721 5204">
     <span class='ocr_line' id='line_1_110' title="bbox 2148 5128 3721 5204; baseline 0.004 -22"><span class='ocrx_word' id='word_1_791' title='bbox 2148 5128 2499 5186; x_wconf 82' lang='lat' dir='ltr'><strong>fundentibus</strong></span> <span class='ocrx_word' id='word_1_792' title='bbox 2528 5131 2670 5185; x_wconf 80' lang='lat' dir='ltr'><strong>hunc</strong></span> <span class='ocrx_word' id='word_1_793' title='bbox 2692 5134 2742 5185; x_wconf 92' lang='lat' dir='ltr'><strong>in</strong></span> <span class='ocrx_word' id='word_1_794' title='bbox 2764 5132 2980 5186; x_wconf 87' lang='lat' dir='ltr'><strong>tnodum</strong></span> <span class='ocrx_word' id='word_1_795' title='bbox 3001 5142 3256 5187; x_wconf 87' lang='lat' dir='ltr'><strong>enarrat:</strong></span> <span class='ocrx_word' id='word_1_796' title='bbox 3277 5152 3293 5185; x_wconf 83' lang='grc' dir='ltr'><strong>ι</strong></span> <span class='ocrx_word' id='word_1_797' title='bbox 3318 5134 3721 5204; x_wconf 82' lang='lat' dir='ltr'><strong>Trophonius...</strong></span> 
     </span>
    </p>
   </div>
   <div class='ocr_carea' id='block_1_111' title="bbox 2142 5222 3720 5294">
    <p class='ocr_par' dir='ltr' id='par_1_111' title="bbox 2142 5222 3720 5294">
     <span class='ocr_line' id='line_1_111' title="bbox 2142 5222 3720 5294; baseline 0.002 -18"><span class='ocrx_word' id='word_1_798' title='bbox 2142 5222 2461 5287; x_wconf 82' lang='lat' dir='ltr'><strong>Dodonaeus,</strong></span> <span class='ocrx_word' id='word_1_799' title='bbox 2497 5235 2581 5277; x_wconf 88' lang='lat' dir='ltr'><strong>aut</strong></span> <span class='ocrx_word' id='word_1_800' title='bbox 2608 5224 2909 5294; x_wconf 87' lang='lat' dir='ltr'><strong>Jupiter...;</strong></span> <span class='ocrx_word' id='word_1_801' title='bbox 2943 5225 3124 5279; x_wconf 84' lang='lat' dir='ltr'><strong>Delius</strong></span> <span class='ocrx_word' id='word_1_802' title='bbox 3154 5225 3370 5291; x_wconf 79' lang='lat' dir='ltr'><strong>Apollo,</strong></span> <span class='ocrx_word' id='word_1_803' title='bbox 3396 5228 3477 5283; x_wconf 83' lang='lat' dir='ltr'><strong>vel</strong></span> <span class='ocrx_word' id='word_1_804' title='bbox 3506 5227 3720 5290; x_wconf 75' lang='lat' dir='ltr'><strong>Clarius,</strong></span> 
     </span>
    </p>
   </div>
   <div class='ocr_carea' id='block_1_112' title="bbox 2143 5316 3724 5391">
    <p class='ocr_par' dir='ltr' id='par_1_112' title="bbox 2143 5316 3724 5391">
     <span class='ocr_line' id='line_1_112' title="bbox 2143 5316 3724 5391; baseline 0 -19"><span class='ocrx_word' id='word_1_805' title='bbox 2143 5316 2450 5389; x_wconf 72' lang='lat' dir='ltr'><strong>Didymmus</strong></span> <span class='ocrx_word' id='word_1_806' title='bbox 2475 5361 2489 5382; x_wconf 87' lang='lat'><strong>,</strong></span> <span class='ocrx_word' id='word_1_807' title='bbox 2524 5316 2815 5385; x_wconf 78' lang='lat' dir='ltr'><strong>Pliilesius,</strong></span> <span class='ocrx_word' id='word_1_808' title='bbox 2861 5318 3084 5391; x_wconf 85' lang='lat' dir='ltr'><strong>Pythius</strong></span> <span class='ocrx_word' id='word_1_809' title='bbox 3108 5361 3123 5385; x_wconf 91' lang='lat'><strong>,</strong></span> <span class='ocrx_word' id='word_1_810' title='bbox 3163 5328 3219 5374; x_wconf 87' lang='lat' dir='ltr'><strong>et</strong></span> <span class='ocrx_word' id='word_1_811' title='bbox 3257 5324 3301 5373; x_wconf 91' lang='lat' dir='ltr'><strong>is</strong></span> <span class='ocrx_word' id='word_1_812' title='bbox 3334 5320 3605 5377; x_wconf 88' lang='lat' dir='ltr'><strong>habendus</strong></span> <span class='ocrx_word' id='word_1_813' title='bbox 3644 5318 3724 5373; x_wconf 89' lang='lat' dir='ltr'><strong>di-</strong></span> 
     </span>
    </p>
   </div>
   <div class='ocr_carea' id='block_1_113' title="bbox 2140 5410 3719 5486">
    <p class='ocr_par' dir='ltr' id='par_1_113' title="bbox 2140 5410 3719 5486">
     <span class='ocr_line' id='line_1_113' title="bbox 2140 5410 3719 5486; baseline 0.001 -21"><span class='ocrx_word' id='word_1_814' title='bbox 2140 5412 2297 5465; x_wconf 85' lang='lat' dir='ltr'><strong>vinus</strong></span> <span class='ocrx_word' id='word_1_815' title='bbox 2324 5411 2564 5481; x_wconf 77' lang='grc' dir='ltr'><strong>(Αι-ιιοὸ..</strong></span> <span class='ocrx_word' id='word_1_816' title='bbox 2600 5410 2687 5465; x_wconf 84' lang='lat' dir='ltr'><strong>lib.</strong></span> <span class='ocrx_word' id='word_1_817' title='bbox 2723 5427 2734 5464; x_wconf 89' lang='lat' dir='ltr'><strong>I</strong></span> <span class='ocrx_word' id='word_1_818' title='bbox 2764 5454 2777 5476; x_wconf 91' lang='lat'><strong>,</strong></span> <span class='ocrx_word' id='word_1_819' title='bbox 2824 5430 2874 5479; x_wconf 82' lang='lat' dir='ltr'><strong>p.</strong></span> <span class='ocrx_word' id='word_1_820' title='bbox 2906 5412 3017 5482; x_wconf 70' lang='grc'><strong>14).</strong></span> <span class='ocrx_word' id='word_1_821' title='bbox 3051 5411 3121 5466; x_wconf 83' lang='lat' dir='ltr'><strong>Ita</strong></span> <span class='ocrx_word' id='word_1_822' title='bbox 3150 5428 3282 5468; x_wconf 88' lang='lat' dir='ltr'><strong>sane</strong></span> <span class='ocrx_word' id='word_1_823' title='bbox 3318 5415 3372 5470; x_wconf 92' lang='lat' dir='ltr'><strong>in</strong></span> <span class='ocrx_word' id='word_1_824' title='bbox 3419 5412 3719 5486; x_wconf 85' lang='lat' dir='ltr'><strong>quibusdam</strong></span> 
     </span>
    </p>
   </div>
   <div class='ocr_carea' id='block_1_114' title="bbox 2143 5503 3721 5575">
    <p class='ocr_par' dir='ltr' id='par_1_114' title="bbox 2143 5503 3721 5575">
     <span class='ocr_line' id='line_1_114' title="bbox 2143 5503 3721 5575; baseline -0.001 -15"><span class='ocrx_word' id='word_1_825' title='bbox 2143 5504 2333 5561; x_wconf 89' lang='lat' dir='ltr'><strong>horum</strong></span> <span class='ocrx_word' id='word_1_826' title='bbox 2384 5505 2645 5559; x_wconf 89' lang='lat' dir='ltr'><strong>librorum</strong></span> <span class='ocrx_word' id='word_1_827' title='bbox 2690 5503 3035 5559; x_wconf 89' lang='lat' dir='ltr'><strong>editionibns.</strong></span> <span class='ocrx_word' id='word_1_828' title='bbox 3083 5504 3191 5560; x_wconf 87' lang='lat' dir='ltr'><strong>Sed</strong></span> <span class='ocrx_word' id='word_1_829' title='bbox 3238 5506 3291 5560; x_wconf 92' lang='lat' dir='ltr'><strong>in</strong></span> <span class='ocrx_word' id='word_1_830' title='bbox 3350 5505 3721 5575; x_wconf 82' lang='lat' dir='ltr'><strong>antiquioribus</strong></span> 
     </span>
    </p>
   </div>
   <div class='ocr_carea' id='block_1_115' title="bbox 2138 5596 3721 5669">
    <p class='ocr_par' dir='ltr' id='par_1_115' title="bbox 2138 5596 3721 5669">
     <span class='ocr_line' id='line_1_115' title="bbox 2138 5596 3721 5669; baseline -0.001 -18"><span class='ocrx_word' id='word_1_831' title='bbox 2138 5614 2241 5669; x_wconf 88' lang='lat' dir='ltr'><strong>pro</strong></span> <span class='ocrx_word' id='word_1_832' title='bbox 2292 5597 2623 5668; x_wconf 78' lang='lat' dir='ltr'><strong>Trap/ton.&#39;us</strong></span> <span class='ocrx_word' id='word_1_833' title='bbox 2671 5596 2897 5665; x_wconf 83' lang='lat' dir='ltr'><strong>legimus</strong></span> <span class='ocrx_word' id='word_1_834' title='bbox 2946 5598 3202 5669; x_wconf 80' lang='lat' dir='ltr'><strong>profanis,</strong></span> <span class='ocrx_word' id='word_1_835' title='bbox 3247 5608 3302 5653; x_wconf 91' lang='lat' dir='ltr'><strong>et</strong></span> <span class='ocrx_word' id='word_1_836' title='bbox 3354 5598 3627 5668; x_wconf 81' lang='lat' dir='ltr'><strong>profanus;</strong></span> <span class='ocrx_word' id='word_1_837' title='bbox 3671 5597 3721 5651; x_wconf 89' lang='lat' dir='ltr'><strong>in</strong></span> 
     </span>
    </p>
   </div>
   <div class='ocr_carea' id='block_1_116' title="bbox 2142 5691 3720 5764">
    <p class='ocr_par' dir='ltr' id='par_1_116' title="bbox 2142 5691 3720 5764">
     <span class='ocr_line' id='line_1_116' title="bbox 2142 5691 3720 5764; baseline -0.003 -15"><span class='ocrx_word' id='word_1_838' title='bbox 2142 5694 2290 5763; x_wconf 76' lang='lat' dir='ltr'><strong>regio</strong></span> <span class='ocrx_word' id='word_1_839' title='bbox 2311 5694 2497 5748; x_wconf 74' lang='lat' dir='ltr'><strong>codice</strong></span> <span class='ocrx_word' id='word_1_840' title='bbox 2522 5692 2889 5761; x_wconf 87' lang='lat' dir='ltr'><strong>manuscripto</strong></span> <span class='ocrx_word' id='word_1_841' title='bbox 2913 5691 3084 5763; x_wconf 85' lang='lat' dir='ltr'><strong>prima</strong></span> <span class='ocrx_word' id='word_1_842' title='bbox 3108 5707 3270 5747; x_wconf 89' lang='lat' dir='ltr'><strong>manu</strong></span> <span class='ocrx_word' id='word_1_843' title='bbox 3298 5691 3720 5764; x_wconf 76' lang='lat' dir='ltr'><strong>profanins.&#39;l&#39;am</strong></span> 
     </span>
    </p>
   </div>
   <div class='ocr_carea' id='block_1_117' title="bbox 2144 5784 3719 5853">
    <p class='ocr_par' dir='ltr' id='par_1_117' title="bbox 2144 5784 3719 5853">
     <span class='ocr_line' id='line_1_117' title="bbox 2144 5784 3719 5853; baseline -0.003 -11"><span class='ocrx_word' id='word_1_844' title='bbox 2144 5786 2284 5843; x_wconf 68' lang='lat' dir='ltr'><strong>{cede</strong></span> <span class='ocrx_word' id='word_1_845' title='bbox 2331 5800 2508 5843; x_wconf 87' lang='lat' dir='ltr'><strong>autem</strong></span> <span class='ocrx_word' id='word_1_846' title='bbox 2558 5786 2913 5842; x_wconf 84' lang='lat' dir='ltr'><strong>adulteratqu</strong></span> <span class='ocrx_word' id='word_1_847' title='bbox 2970 5795 3055 5841; x_wconf 89' lang='lat' dir='ltr'><strong>est</strong></span> <span class='ocrx_word' id='word_1_848' title='bbox 3111 5786 3215 5841; x_wconf 92' lang='lat' dir='ltr'><strong>hoc</strong></span> <span class='ocrx_word' id='word_1_849' title='bbox 3264 5802 3486 5853; x_wconf 86' lang='lat' dir='ltr'><strong>nomen,</strong></span> <span class='ocrx_word' id='word_1_850' title='bbox 3536 5794 3590 5839; x_wconf 94' lang='lat' dir='ltr'><strong>ut</strong></span> <span class='ocrx_word' id='word_1_851' title='bbox 3637 5784 3719 5838; x_wconf 80' lang='lat' dir='ltr'><strong>vix</strong></span> 
     </span>
    </p>
   </div>
   <div class='ocr_carea' id='block_1_118' title="bbox 2144 5879 3716 5957">
    <p class='ocr_par' dir='ltr' id='par_1_118' title="bbox 2144 5879 3716 5957">
     <span class='ocr_line' id='line_1_118' title="bbox 2144 5879 3716 5957; baseline -0.006 -16"><span class='ocrx_word' id='word_1_852' title='bbox 2144 5886 2347 5957; x_wconf 86' lang='lat' dir='ltr'><strong>absque</strong></span> <span class='ocrx_word' id='word_1_853' title='bbox 2374 5884 2481 5939; x_wconf 84' lang='lat' dir='ltr'><strong>alio</strong></span> <span class='ocrx_word' id='word_1_854' title='bbox 2506 5883 2734 5940; x_wconf 82' lang='lat' dir='ltr'><strong>meliore</strong></span> <span class='ocrx_word' id='word_1_855' title='bbox 2771 5881 2959 5939; x_wconf 84' lang='lat' dir='ltr'><strong>codice</strong></span> <span class='ocrx_word' id='word_1_856' title='bbox 2988 5882 3240 5939; x_wconf 89' lang='lat' dir='ltr'><strong>resarciri</strong></span> <span class='ocrx_word' id='word_1_857' title='bbox 3274 5896 3435 5953; x_wconf 89' lang='lat' dir='ltr'><strong>posse</strong></span> <span class='ocrx_word' id='word_1_858' title='bbox 3473 5879 3716 5938; x_wconf 76' lang='lat' dir='ltr'><strong>rideatur.</strong></span> 
     </span>
    </p>
   </div>
  </div>
