3872 6356
164 345 258 403 675

1315 346 1380 404 IN
1429 342 1806 414 AltNOBlUM,
1855 344 2013 405 CAP.
2046 344 2242 403 XXVI.

3353 353 3460 409 στι

225 462 288 514 At
334 458 378 513 si
426 455 497 515 de
540 458 856 531 Trophonio
920 457 1175 517 locutura
1210 460 1377 519 fuisse
1439 464 1741 518 Ar-iobiuni
1776 472 1821 527 Α
1856 461 1959 515 alia
1992 462 2256 526 delubra,
2286 477 2404 531 qitte
2433 460 2592 534 hujus
2617 461 2883 533 Apollinis
2909 465 3190 523 oraculum
3221 475 3277 524 et
3304 483 3458 526 sacra

162 562 295 608 recte
317 551 598 622 probetur,
623 553 675 608 id
704 554 1011 610 conﬁrmari
1042 558 1238 626 poterit
1260 558 1573 612 testimonio
1595 568 1744 613 vetc-

161 664 268 703 rum
309 647 678 719 Scriptorum,
728 651 821 721 qui
872 651 1151 704 memoriae
1201 651 1554 721 prodiderunt
1602 652 1750 707 illius

160 742 405 809 oracula,
458 757 527 799 ex
573 742 807 813 quodam
860 742 1115 798 Labadiae
1160 759 1323 813 specu
1364 745 1493 797 olim
1541 744 1749 799 reddita

161 834 334 891 fuisse.
363 835 558 892 Narrat
602 851 733 891 vero
762 836 1061 892 Pausanias
1090 838 1284 907 quibus
1329 838 1524 892 ritilius
1554 838 1624 905 ii,
1656 838 1746 908 qui

160 930 517 1001 Trapboiiiuin
548 929 930 997 consulebant,
985 932 1038 985 in
1072 932 1211 986 hanc
1253 945 1474 1001 specum
1522 932 1747 987 descen-

159 1025 359 1095 derent,
392 1036 554 1098 atque
582 1037 741 1083 antea
773 1025 1042 1081 deberent
1070 1027 1298 1096 expiari.
1331 1027 1406 1081 De
1436 1027 1538 1081 hoc
1567 1035 1748 1081 autem

162 1121 367 1176 oraculo
394 1122 591 1191 pra-ter
612 1120 963 1184 Strabonem,
995 1120 1338 1188 Ciceronem,
1363 1120 1594 1187 Livium,
1622 1120 1746 1175 Ori-

161 1232 337 1286 genem
357 1257 373 1281 ,
403 1215 619 1271 Suidam
643 1259 657 1280 .
709 1215 973 1286 legendus
1003 1224 1082 1271 est
1115 1214 1409 1279 Erasmus,
1442 1215 1530 1285 qui
1571 1214 1748 1269 varias

161 1307 219 1363 de
247 1306 339 1363 illo
366 1308 653 1378 opiniones
682 1308 889 1363 retulit.
930 1307 1002 1363 At
1038 1308 1108 1363 de
1137 1308 1231 1362 illo
1260 1308 1423 1363 etiam
1457 1305 1747 1361 Tertullia-

162 1417 251 1456 nus
279 1401 415 1473 egit,
451 1409 509 1456 ut
533 1416 633 1456 suo
666 1402 784 1457 loco
813 1400 1134 1456 videbimus.
1170 1399 1189 1473 (
1220 1399 1451 1454 Pausan.
1477 1441 1492 1462 .
1532 1400 1620 1454 lib.
1658 1415 1747 1465 ix,

162 1513 276 1566 pag.
307 1495 432 1561 515,
463 1506 511 1549 et
540 1510 676 1567 seq.;
708 1494 893 1560 Suid.,
935 1494 1004 1548 ad
1031 1492 1170 1549 verb.
1198 1497 1515 1571 Τροφώνιοςς
1544 1492 1747 1557 Strab.,

162 1588 265 1649 ιιι..
296 1604 345 1643 rx
378 1588 595 1660 Geogr.,
622 1606 722 1661 pag
773 1588 902 1655 414,
930 1588 1071 1656 421,
1100 1597 1147 1642 et
1176 1588 1263 1642 lib.
1308 1604 1431 1649 xvi,
1465 1605 1585 1659 pag.
1619 1586 1747 1653 762;

162 1680 309 1737 Cicer.
338 1724 355 1749 ,
388 1683 456 1737 lib
528 1699 548 1738 ι
586 1682 799 1739 Tuscid.
821 1725 837 1751 ,
872 1700 993 1753 pag.
1027 1683 1155 1748 154,
1189 1693 1237 1737 el
1273 1682 1361 1737 lib.
1399 1698 1454 1737 Ill
1506 1684 1570 1737 de
1622 1682 1746 1736 Nat.

162 1776 290 1830 deor.
313 1818 329 1840 ,
359 1793 480 1848 pag.
508 1776 616 1833 247
642 1794 658 1844 ;
688 1776 838 1845 Liv.,
871 1776 960 1831 lib.
1008 1792 1139 1843 ην,
1187 1793 1305 1844 cap.
1337 1776 1440 1842 27;
1491 1775 1703 1848 Origen.
1730 1818 1747 1845 ,

1853 555 2155 608 continent.
2209 555 2484 610 Giraldnm
2541 556 2744 623 etiam,
2790 559 2838 614 si
2886 560 3102 616 animus
3144 570 3257 628 est,
3311 562 3460 619 adire

1852 646 1991 699 baud
2020 646 2317 702 difﬁciliter
2367 648 2569 717 poteris
2600 648 2803 720 (Strab.
2831 691 2847 715 ,
2877 651 2967 705 lib.
3014 668 3130 715 XIV,
3165 672 3287 726 pug.
3318 653 3457 722 636;

1853 739 2063 796 Girald.
2090 783 2104 805 ,
2140 741 2414 814 Synlagm.
2446 744 2475 797 7
2510 742 2573 797 de
2591 745 2691 798 diis
2711 754 2844 816 gent.
2869 788 2885 812 ,
2929 764 3051 818 pag.
3093 746 3247 820 2‘25).
3294 748 3458 805 Deni-

1855 848 1959 903 que
1986 835 2054 889 de
2082 836 2250 890 var-iis
2282 836 2622 907 Apollinilius
2648 841 2765 895 haec
2791 840 2996 897 Statius
3026 842 3224 897 cecinit
3256 859 3272 899 :

1943 945 2188 1012 Quidquid
2214 960 2285 1008 es,
2312 956 2531 999 mternus
2552 950 2743 1001 Phoebo
2761 951 2918 1012 dolor,
2943 960 2996 1004 et
3018 967 3145 1003 nova
3169 954 3338 1005 clades

1945 1010 2156 1078 Semper
2176 1012 2293 1078 eris,
2317 1014 2564 1078 mutisque
2587 1014 2669 1063 diu
2694 1010 2954 1077 plorabere
2982 1016 3091 1078 Deli
3113 1018 3205 1067 liis.

1943 1068 2344 1142 titec'l‘enedon.
2372 1068 2707 1142 Cyr-ruantque
2728 1079 2853 1137 dies,
2875 1068 3119 1142 partuque
3136 1079 3334 1141 ligatam

1946 1131 2127 1201 gelen,
2155 1142 2207 1201 et.
2232 1131 2637 1201 iiitonsj'claudet'
2664 1131 2939 1201 penetralia
2962 1131 3209 1192 Branchi":

1942 1192 2254 1269 {NeoClarias
2278 1198 2367 1269 liae
2388 1197 2501 1269 luce
2527 1192 2677 1269 fores;
2695 1200 2947 1269 Didymtea
2967 1218 3048 1265 ,ue
3074 1206 3333 1269 quisquam

1944 1254 2152 1319 Limina,
2179 1272 2275 1309 nec
2298 1259 2494 1325 Lyciam
2526 1254 2737 1326 supplex
2764 1254 3015 1316 consultor
3036 1254 3209 1316 adibis:

2230 1344 2403 1407 (Stal.,
2426 1343 2511 1397 lib.
2536 1363 2619 1398 vui
2641 1346 2858 1400 Thebaid
2867 1385 2898 1412 .,
2924 1349 3063 1416 longe
3080 1357 3184 1417 past
3206 1348 3338 1417 init.)

2456 1488 2748 1532 ARTICULUS
2772 1492 2851 1532 111.

1852 1577 1932 1631 De
1958 1583 2106 1632 variis
2136 1587 2541 1658 scriptoribusab
2575 1588 2797 1658 Arnobio
2818 1593 2995 1658 citatis.
3022 1609 3230 1658 quorum
3267 1598 3463 1649 nomina

2232 1650 2409 1699 ordine
2431 1649 2743 1715 alphabetico
2763 1649 3080 1708 exhibentur.

1928 1771 2121 1831 Plures
2147 1776 2422 1833 Arnobius
2470 1780 2582 1836 suis
2612 1781 2663 1837 in
2710 1783 2865 1840 libris
2891 1786 3077 1841 citavit
3128 1788 3457 1859 scriptores,

162 1868 242 1923 lib.
271 1884 328 1925 in
366 1880 536 1925 contr.
567 1870 701 1925 εριε.
722 1911 739 1936 ,
774 1887 895 1942 pag.
928 1870 1024 1925 l3l
1054 1886 1070 1935 ;
1104 1869 1338 1937 Erasm.,
1372 1870 1541 1942 Adng.
1588 1868 1750 1935 Cliil.,
1785 1861 1833 1923 B
1859 1865 2093 1923 buorum
2139 1871 2451 1927 testimonio
2496 1886 2551 1930 et
2579 1877 2869 1933 autoritate
2923 1890 3017 1934 aut
3065 1881 3313 1952 dogmata
3364 1898 3462 1938 sua

163 1974 282 2018 cent.
323 1965 375 2032 7,
416 1966 587 2037 Adag.
633 1965 744 2031 77;
799 1963 999 2020 Disserl
1047 1966 1102 2020 in
1142 1964 1475 2029 Tertullian.,
1513 1981 1635 2035 cap.
1682 1965 1749 2034 7,

162 2067 253 2112 arl.
276 2059 331 2114 5.
355 2055 378 2133 )

224 2151 352 2208 Τιιιιι
390 2152 589 2210 deinde
614 2152 1147 2224 Arnobiusappellat
1186 2153 1379 2210 Jovem
1411 2153 1746 2210 Dodonaeum

162 2242 370 2317 ejusque
396 2249 647 2312 oracula,
681 2247 752 2303 de
798 2246 996 2319 quibus
1025 2259 1222 2318 praeter
1247 2250 1384 2303 alios
1416 2248 1749 2303 mentionem

163 2339 393 2397 fecerunt
420 2341 742 2409 Pausanias,
781 2343 874 2398 lib.
906 2358 944 2404 ι,
972 2358 1091 2414 pag.
1121 2343 1219 2405 15;
1251 2341 1477 2408 Cicero,
1512 2342 1608 2397 lib.
1640 2359 1654 2397 ι
1689 2342 1756 2397 de

163 2431 494 2501 Divinatione,
513 2450 635 2506 pag.
664 2434 808 2499 268;
842 2434 1067 2497 Plinius,
1103 2435 1195 2489 lib.
1222 2450 1274 2490 tv
1303 2434 1437 2489 Hist.
1471 2433 1627 2501 Nat.,
1649 2434 1752 2488 ini-

164 2529 248 2596 tio,
280 2544 377 2601 pag
400 2530 508 2585 404
532 2546 548 2595 ;
574 2530 795 2586 Solinus
822 2530 1114 2603 Polyliist.,
1142 2546 1263 2601 cap.
1290 2532 1343 2585 7.
1380 2533 1447 2585 At
1491 2531 1641 2601 plura
1683 2530 1753 2586 de

162 2620 244 2677 illo
268 2622 488 2679 Servius
528 2625 582 2679 in
603 2624 723 2683 anis
762 2624 830 2679 ad
862 2624 1066 2696 Virgilii
1096 2626 1334 2682 carmina
1384 2626 1750 2681 annotationi-

162 2714 281 2779 bus,
314 2717 402 2771 ubi
432 2716 694 2772 observat
732 2717 938 2773 lebetes
967 2720 1018 2772 in
1053 2720 1253 2788 templo
1296 2718 1551 2773 Dodonaei
1580 2717 1749 2785 Jovis,

160 2806 207 2861 in
235 2809 425 2865 ﬁnibus
450 2808 788 2877 IEioloruin,
823 2812 901 2867 illi
926 2822 982 2866 et
1004 2811 1203 2867 Veneri
1226 2828 1253 2865 a
1286 2812 1561 2867 veteribus
1588 2813 1753 2865 luisse

160 2912 492 2959 consecratus
543 2904 563 2975 (
603 2903 832 2976 Virgil.,
866 2905 956 2959 lib.
1009 2920 1066 2961 ιιι
1107 2905 1316 2960 Ᾱέηεὶά.
1343 2947 1360 2972 ,
1400 2921 1532 2959 vers.
1574 2904 1680 2960 446
1704 2902 1748 2974 ).

162 2990 279 3050 lude
294 2996 453 3051 etiam
482 3010 561 3051 a-s
584 2996 943 3061 Dodonaeum,
971 2998 1040 3053 de
1060 3013 1170 3069 quo
1195 3014 1225 3052 a
1249 2997 1403 3053 nobis
1423 2998 1549 3053 alibi
1573 3011 1750 3054 actum

161 3098 233 3141 est
259 3089 278 3157 (
307 3086 452 3143 Tom.
484 3104 503 3143 ι
535 3090 791 3157 Αμριιηιι.
818 3131 835 3158 ,
865 3093 954 3146 lib.
987 3107 1045 3145 tit
1071 3133 1086 3157 ,
1130 3093 1334 3145 dissert.
1382 3092 1446 3157 l,
1496 3108 1614 3159 cap.
1651 3092 1748 3157 10;

162 3189 250 3233 art.
278 3181 300 3235 l
325 3220 343 3247 ,
384 3199 506 3254 pag.
537 3183 644 3239 770
669 3193 718 3237 et
744 3200 850 3254 seq.
877 3183 921 3257 ).
948 3184 1402 3255 quemadmodum
1449 3184 1516 3240 de
1546 3185 1751 3256 Apolli.

1856 1960 2064 2016 stabilit
2110 1973 2165 2019 et
2209 1965 2532 2033 conﬁrmat,
2582 1979 2675 2024 aut
2719 1972 3005 2042 gentilium
3055 1989 3272 2030 errores
3327 1990 3460 2032 con-

1856 2050 1995 2108 futat
2022 2064 2076 2110 et
2107 2055 2361 2113 deSIruit.
2393 2059 2504 2114 Eos
2543 2072 2724 2117 autem
2777 2064 3004 2130 ordine,
3058 2076 3118 2120 ut
3162 2066 3343 2133 aiunt,
3376 2069 3463 2124 al-

1860 2144 2145 2215 phabetico
2174 2153 2387 2207 caeteris
2417 2154 2668 2210 omnibus
2699 2156 2941 2213 laciliore
2966 2169 3023 2214 et
3051 2160 3293 2217 clariore
3318 2177 3465 2218 nunc

1857 2240 2281 2311 appellabimus,
2331 2254 2385 2299 et
2436 2246 2562 2315 quid
2617 2248 2685 2303 de
2715 2250 2817 2304 illis
2857 2251 2925 2307 ah
2970 2251 3091 2307 aliis
3142 2256 3463 2311 auctoribus

1856 2336 2107 2389 traditum
2135 2337 2235 2404 sit,
2266 2338 2524 2406 breviter,
2559 2355 2621 2397 ac
2646 2357 2745 2413 pro
2776 2343 2913 2399 virili
2944 2356 3097 2416 parte
3141 2357 3325 2403 nostra
3350 2364 3449 2405 ex-

1856 2440 2061 2496 ponere
2086 2430 2429 2487 conabimur.

1928 2521 2105 2578 Elius
2131 2524 2316 2595 itaque
2342 2526 2659 2598 simpliciter
2699 2530 2770 2587 ab
2821 2530 3065 2588 Arnobio
3116 2543 3307 2591 nostro
3347 2534 3464 2592 lau-

1854 2614 2033 2684 datur,
2092 2617 2397 2690 dii-iturqiie
2468 2624 2520 2678 in
2582 2623 2781 2692 aliam,
2855 2642 3015 2699 quam
3100 2628 3227 2685 Piso
3272 2637 3328 2686 et
3396 2636 3465 2687 de

1857 2708 2235 2767 Noverisilibus
2288 2712 2392 2769 diis
2440 2726 2496 2771 et
2548 2716 2617 2773 de
2682 2718 2847 2774 Musis
2902 2721 3065 2776 ivisse
3109 2722 3456 2780 sententiam.

1856 2800 1962 2857 Sed
1993 2801 2098 2856 duo
2129 2804 2180 2857 iii
2230 2804 2416 2873 primis
2455 2806 2673 2864 fuerunt
2703 2809 2832 2865 IElii
2888 2813 3108 2868 nomine
3135 2816 3452 2886 nuncupati.

1854 2892 2065 2949 Primus
2094 2898 2238 2951 enim
2271 2899 2414 2953 enim
2444 2911 2528 2955 est
2568 2902 2632 2956 C.
2663 2901 2841 2958 {Elius
2868 2902 3038 2970 Stilo,
3092 2921 3255 2975 quem
3287 2907 3460 2964 Varro

1855 3000 1884 3039 a
1910 2985 2102 3043 Pisoite
2129 2988 2197 3043 de
2224 2992 2339 3045 lacu
2373 2989 2561 3047 Curtio
2585 2993 2911 3050 dissensisse
2963 2997 3045 3051 bis
3072 2998 3253 3054 verbis
3310 3000 3465 3055 testi-

1855 3076 2083 3133 ﬁcatur:
2121 3098 2140 3133 ι
2178 3080 2237 3136 In
2265 3081 2387 3137 foro
2434 3084 2610 3141 lacum
2661 3086 2906 3143 Curtium
2952 3106 2981 3143 a
3032 3090 3219 3146 Curtio
3259 3092 3465 3151 dictum

1853 3184 2089 3229 constat.
2118 3175 2191 3230 De
2217 3192 2284 3231 eo
2312 3180 2512 3249 triceps
2538 3180 2781 3236 historia.
2809 3182 2946 3238 Nam
2975 3194 3029 3237 et
3058 3185 3327 3242 Procilius
3353 3202 3464 3245 non

162 3274 304 3330 nibus
329 3275 532 3343 Clario,
566 3276 785 3350 Pythio,
810 3288 865 3333 et
895 3279 1193 3350 Didymzeo,
1242 3280 1311 3334 ab
1344 3280 1584 3334 Ariiobio
1612 3280 1745 3335 cita-
1779 3259 1825 3323 C
1859 3266 1998 3321 idem
2054 3270 2293 3338 Ρνυάίάίι
2345 3273 2488 3343 (Ιυυά
2541 3275 2699 3341 Piso;
2757 3293 2858 3333 nec
2904 3279 3047 3348 quod
3098 3283 3143 3335 is
3190 3280 3255 3337 Ο.
3288 3281 3466 3340 Elius

162 3368 239 3422 tis.
267 3368 364 3434 Qui
400 3384 526 3425 vero
568 3370 725 3440 plura
773 3370 841 3425 de
886 3371 1145 3441 Apolline
1188 3372 1370 3427 Clario
1402 3374 1671 3439 voluerit,
1705 3373 1752 3428 is

162 3460 304 3516 adeat
321 3462 529 3518 Plinum
557 3462 655 3518 lib.
676 3478 713 3518 ιι
735 3462 923 3519 Natur.
945 3464 1161 3529 liistor.,
1179 3480 1301 3535 cap.
1326 3464 1449 3525 105.
1470 3481 1587 3535 pag.
1606 3464 1746 3531 25.1;

160 3553 461 3612 Strabonem
488 3599 507 3625 ,
542 3558 637 3613 lib.
676 3573 767 3612 xiv
807 3557 1115 3630 Geograpli.
1141 3602 1156 3627 ,
1187 3574 1308 3630 pag.
1362 3558 1488 3618 642.
1532 3569 1581 3615 et
1614 3562 1749 3614 Cor-

160 3651 347 3707 nelium
368 3652 638 3714 Taciturn,
663 3652 756 3707 lib.
776 3653 1057 3720 ttAnnal.,
1081 3662 1200 3721 post
1229 3652 1396 3719 nied.,
1412 3652 1500 3705 tibi
1525 3652 1592 3705 de
1616 3651 1751 3707 Ger-

163 3745 363 3799 manico
390 3746 633 3800 disserit.
666 3746 739 3800 De
772 3745 1049 3817 Didymzeo
1075 3755 1282 3812 autem,
1314 3747 1566 3801 eumdem
1597 3746 1750 3803 Stra-

161 3836 363 3906 bonem,
382 3839 474 3896 lib.
494 3840 683 3906 citato,
705 3854 824 3910 pag.
846 3839 972 3905 634;
990 3841 1333 3908 Pausaniam,
1354 3843 1447 3897 lib.
1464 3858 1501 3908 i,
1518 3858 1637 3913 pag.
1657 3842 1746 3908 15;

163 3928 361 3996 Melain,
386 3934 476 3989 lib.
505 3950 544 4001 ι,
568 3935 659 3989 ubi
682 3932 752 3989 de
771 3934 950 4000 Jtittia;
977 3936 1283 4004 Apuleium,
1317 3936 1419 3991 sub
1463 3936 1553 3991 lin.
1581 3936 1673 3991 lib.
1697 3952 1748 3991 tv

162 4024 529 4098 Mctamorpln,
554 4043 674 4099 pag.
708 4027 797 4093 70;
828 4028 1083 4095 Plinium,
1117 4030 1211 4084 lib.
1246 4046 1297 4084 vi
1322 4029 1566 4084 Natural.
1594 4030 1745 4097 liist.,

162 4131 268 4188 cap.
323 4120 414 4184 l6,
464 4135 588 4190 pag.
640 4119 764 4185 678;
820 4120 1217 4188 Sommenmn,
1286 4123 1381 4177 liii.
1438 4139 1474 4189 ι,
1511 4138 1631 4193 cap.
1691 4124 1741 4189 7,

165 4224 274 4282 pag.
304 4212 427 4268 ⁷109.
470 4214 546 4267 De
590 4212 803 4284 Pythio,
853 4212 1129 4279 O\ltll||lll,
1160 4214 1253 4269 lib.
1288 4230 1305 4268 ι
1356 4214 1745 4285 Metamorpli.,

166 4303 295 4357 circa
327 4304 491 4371 med.;
520 4305 815 4361 Diodorum
870 4306 1138 4369 Siculum,
1191 4306 1287 4361 lib.
1328 4323 1421 4361 χιιι
1461 4307 1743 4376 Biblioth.,

166 4410 277 4467 pag.
296 4397 418 4460 523.
438 4409 492 4453 et
513 4412 656 4468 seq.;
676 4398 1025 4465 Herodotum,
1053 4400 1146 4455 lib.
1170 4416 1207 4464 i,
1230 4398 1258 4472 ᾖ
1279 4400 1370 4463 65;
1398 4400 1742 4466 Pausaniam,

168 4488 252 4542 lib.
280 4506 331 4553 ς,
365 4506 482 4563 pag.
506 4492 632 4555 3‘20,
657 4503 712 4547 et
739 4508 917 4564 seqq.;
946 4492 1314 4556 Plutarchum,
1336 4493 1430 4547 liii.
1453 4495 1519 4549 de
1538 4495 1746 4566 Pythia:

168 4584 400 4650 oraculis,
418 4600 537 4655 pag.
552 4584 681 4650 594,
697 4593 908 4655 etseq.;
928 4586 1277 4652 Macrobium,
1298 4588 1388 4641 lib.
1411 4588 1740 4655 iS.itiii'nal.,

1853 3361 1990 3417 Stilo
2030 3375 2247 3419 secutus
2283 3385 2301 3417 i
2357 3365 2540 3437 (Varr.
2566 3410 2582 3435 ,
2623 3370 2663 3424 Ι.
2709 3385 2765 3425 tv
2807 3371 2871 3425 de
2896 3370 3047 3443 Ling.
3082 3372 3201 3440 lat.,
3258 3392 3310 3445 p.
3343 3374 3461 3447 56).

1852 3452 1996 3510 Alibi
2029 3472 2154 3512 vero
2185 3458 2379 3514 asserit
2406 3475 2529 3516 eum
2564 3462 2615 3516 in
2656 3462 2841 3519 latinis
2868 3464 3064 3521 litteris
3096 3468 3263 3523 fuisse
3292 3484 3456 3525 exer-

1857 3550 2113 3618 citatum,
2149 3553 2385 3623 citatque
2411 3556 2555 3612 illius
2603 3558 3104 3628 interpretationem
3152 3565 3460 3621 carminum

1858 3644 2125 3701 Saliorum
2145 3690 2160 3713 ,
2196 3660 2249 3704 et
2288 3649 2431 3704 aliud
2462 3651 2582 3721 ejus
2613 3656 3095 3723 commentarium,
3125 3659 3221 3715 sed
3254 3660 3465 3717 utrobi-

1852 3756 1957 3810 que
1982 3741 2047 3797 C.
2071 3741 2247 3797 {Elius
2267 3754 2489 3799 meatur
2520 3747 2692 3815 (Idem
2713 3790 2728 3815 ,
2759 3750 2797 3803 ι.
2828 3766 2919 3816 vr,
2952 3768 3004 3820 p.
3032 3752 3132 3816 70,
3167 3753 3278 3827 76).

1929 3834 2131 3906 Duplex
2183 3852 2313 3892 vero
2341 3837 2471 3893 Elii
2503 3838 2671 3896 fuisse
2700 3855 3002 3913 cognomen
3038 3846 3290 3916 perbibet
3315 3847 3455 3906 Sue-

1853 3928 2067 3990 tonius,
2115 3930 2204 3998 qiii
2248 3929 2363 3984 haec
2407 3932 2474 3986 de
2512 3932 2606 3987 illo
2645 3936 2924 3991 memorim
2966 3939 3248 4006 prodidit:
3285 3960 3303 3994 ι
3346 3942 3446 3999 Lu-

1851 4020 1964 4075 cius
2015 4019 2192 4075 I’Elius
2232 4025 2556 4094 cognomine
2601 4026 2801 4095 duplici
2834 4029 2951 4083 fuit.
3007 4030 3143 4086 Nam
3202 4042 3258 4089 et
3309 4034 3464 4091 Prai-

1851 4113 2076 4176 conius,
2132 4115 2276 4184 quod
2328 4125 2481 4186 pater
2512 4118 2630 4187 ejus
2672 4122 3003 4189 praeconium
3048 4124 3251 4181 iecerat
3292 4143 3462 4185 voca-

1852 4199 2048 4272 batur;
2106 4220 2160 4263 et
2190 4209 2326 4264 Stilo
2348 4252 2363 4277 ,
2394 4212 2537 4281 quod
2579 4212 2853 4270 orationes
2896 4216 3236 4275 nobilissimo
3265 4222 3465 4294 cuique

1853 4299 2091 4355 scribere
2141 4302 2351 4357 solebat
2411 4321 2422 4356 :
2483 4314 2661 4359 tantus
2734 4310 3052 4378 optimatum
3113 4312 3326 4382 fautor,
3402 4327 3463 4373 tit

1850 4390 2105 4457 Quintum
2155 4395 2426 4450 Metellum
2479 4396 2823 4455 Numidicum
2872 4403 2924 4455 in
2970 4406 3189 4461 exilium
3231 4409 3461 4465 comita-

1852 4493 1935 4538 tus
1962 4485 2052 4539 sit.
2094 4506 2111 4537 ι
2146 4486 2388 4558 (Sueten.
2412 4530 2427 4554 ,
2452 4490 2516 4542 (lc
2537 4488 2795 4547 Illuslrib.
2831 4493 3119 4551 Grammar.
3143 4540 3159 4565 ,
3201 4516 3318 4567 cap.
3376 4503 3461 4574 5.)

1854 4578 1928 4634 De
1951 4579 2252 4636 Przeconini
2278 4599 2493 4654 quoque
2520 4589 2844 4657 ciignomine
2868 4593 2947 4645 sic
2968 4591 3188 4661 scripsit
3213 4595 3417 4652 Plinius
3442 4615 3457 4652 :

168 4676 887 4747 cap.l7;atque0rigeneni,
915 4678 1066 4733 initio
1099 4680 1193 4733 lib.
1213 4691 1487 4735 viicnntra
1505 4682 1743 4737 Celsum.
1777 4659 1831 4720 Ῑ)
1864 4693 1882 4726 ι
1907 4674 2082 4746 Vulgo
2108 4693 2341 4747 purpura
2360 4677 2553 4735 latiore
2580 4685 2773 4737 lnnicm
2798 4699 2925 4739 usos
2947 4685 3260 4744 invenimus
3295 4691 3458 4747 etiam

232 4768 305 4822 Ab
332 4779 549 4825 auctore
579 4780 763 4823 nostro
791 4770 968 4825 adhuc
998 4773 1299 4841 appellatur
1346 4774 1606 4829 Pliilcsiiis
1629 4818 1644 4840 ,
1676 4776 1745 4832 de

171 4874 264 4927 quo
302 4862 599 4919 Macrobius
629 4862 742 4918 hinc
780 4863 971 4917 litteris
997 4867 1269 4920 mandavit
1302 4884 1315 4919 :
1353 4886 1371 4918 ι
1399 4866 1641 4926 Ἀπόλλων
1670 4882 1745 4925 ψι-

173 4951 363 5022 λήσιος,
417 4959 563 5030 quod
595 4958 774 5011 lumen
805 4958 921 5027 ejus
962 4963 1215 5015 exoriens
1253 4961 1486 5015 amabile
1522 4964 1741 5017 amicis-

172 5048 288 5103 sima
313 5052 659 5107 veneratione
686 5050 965 5106 oculorum
1009 5053 1415 5108 consalutamus
1452 5074 1470 5106 ι
1501 5054 1693 5128 (Macr.
1720 5098 1736 5121 ,

172 5141 284 5197 lib.i
313 5142 581 5199 Salumal.
606 5186 622 5209 ,
662 5163 778 5215 cap.
814 5146 880 5200 l7
910 5187 924 5208 .
958 5163 1079 5218 pag.
1121 5147 1271 5219 259).
1304 5148 1510 5204 Plinius
1557 5166 1688 5206 vero
1726 5170 1739 5205 :

180 5252 196 5285 ι
228 5236 492 5295 Canaclius
539 5239 847 5309 Apollinem
896 5241 1095 5296 nudum
1128 5242 1287 5302 fecit.
1336 5244 1427 5313 qui
1476 5243 1742 5300 Pbilesius

174 5334 576 5401 cognominatur.
633 5336 684 5389 in
737 5335 1048 5407 Diilyinzeo,
1106 5336 1410 5408 {Eginelica
1439 5339 1563 5392 ruris
1604 5348 1741 5394 tein-

176 5434 393 5491 perattira
456 5446 476 5480 ι
540 5426 762 5499 (Pliit.,
819 5430 908 5485 lib.
968 5446 1022 5485 ιιι
1093 5430 1230 5487 Hist.
1289 5443 1440 5498 mil.,
1500 5450 1614 5502 cap.
1671 5435 1738 5497 5,

178 5521 379 5589 1,0912,
404 5523 479 5594 ε).
501 5522 764 5579 Eumilem
785 5526 1135 5595 proculdubio
1164 5528 1451 5581 Pausanias
1481 5536 1746 5581 memorat

178 5625 359 5669 aeneum
387 5619 436 5672 in
464 5618 783 5675 Branchidis
817 5620 1144 5688 Apollinem,
1174 5638 1202 5675 a
1230 5621 1413 5676 Xerxe
1440 5618 1581 5675 Darii
1614 5622 1741 5686 lilio,

182 5712 231 5757 et
252 5705 512 5767 Persarum
559 5729 689 5786 rege
732 5713 992 5777 ablatum,
1028 5731 1186 5786 quem
1217 5714 1436 5770 Milesiis
1486 5714 1747 5769 Seleucus

184 5810 291 5868 post
311 5820 469 5863 annos
494 5810 694 5866 multos
716 5810 925 5865 remisit
942 5808 1223 5881 (Pausmi.,
1250 5810 1342 5865 lib.
1363 5828 1452 5866 \‘lll
1473 5855 1486 5873 ,
1515 5828 1567 5879 ρ.
1591 5809 1740 5873 273).

184 5890 354 5955 Strabo
378 5910 550 5960 autent
584 5902 789 5961 addidit
828 5902 897 5959 ibi
944 5919 1062 5961 esse
1110 5904 1288 5961 lucum
1340 5904 1747 5975 pretiosum,ct

1856 4787 2158 4842 praecones,
2189 4774 2326 4829 sicut
2355 4784 2561 4845 patrem
2613 4778 2673 4833 L.
2702 4777 2832 4834 lElii
2863 4779 3081 4836 Stilonis
3127 4782 3459 4853 Praecnnini,

1848 4867 1919 4922 ob
1963 4866 2012 4922 id
2061 4870 2422 4937 cognominati
2473 4890 2491 4923 ι
2529 4872 2740 4941 (Plin.,
2773 4874 2811 4931 Ι.
2848 4888 3027 4929 xxxrtt
3052 4874 3245 4933 Natur.
3284 4878 3457 4949 Hist,

1849 4977 1893 5013 ε.
1946 4962 2005 5025 1,
2054 4981 2109 5032 p.
2160 4962 2261 5027 l6;
2291 4976 2337 5018 el
2385 4965 2421 5019 Ι.
2469 4981 2581 5033 th,
2624 4984 2670 5021 ε.
2718 4968 2769 5035 1,
2824 4986 2876 5039 p.
2922 4968 3074 5041 558).
3130 4970 3286 5028 Utidc
3334 4989 3459 5043 pos-

1851 5063 1935 5110 tea
1983 5057 2101 5112 solo
2129 5057 2353 5114 Stilonis
2381 5060 2680 5117 Praeconini
2734 5064 2953 5120 nomine
2994 5065 3259 5121 laudatur.
3306 5066 3457 5126 Hunc

1850 5152 1917 5201 A.
1947 5148 2149 5204 Gellius
2179 5150 2239 5206 L.
2274 5148 2825 5215 AiliuunautASlium
2858 5160 3195 5229 simpliciter,
3229 5161 3325 5235 sed
3361 5162 3458 5218 do-

1848 5252 1991 5298 ctum
2015 5286 2030 5310 ,
2055 5256 2109 5299 et
2129 5246 2257 5301 alibi
2277 5248 2731 5314 erudi:issimiim,
2759 5265 2823 5305 ac
2852 5250 3111 5308 Varronis
3139 5254 3453 5323 magistrum

1849 5340 2102 5409 appellat.
2156 5341 2326 5397 Simili
2390 5358 2607 5414 quoque
2685 5344 2847 5399 modo
2888 5344 3065 5402 Ᾱέιὶιιε
3135 5346 3305 5413 Stilo,
3362 5360 3457 5407 aut

1850 5432 2026 5488 IElius
2070 5444 2277 5489 tantum
2309 5436 2633 5507 quandoque
2654 5454 2681 5491 a
2706 5437 2869 5493 Festo
2896 5452 3239 5511 nuncupatur
3265 5439 3450 5511 (Gell.,

1851 5524 1888 5577 Ι.
1920 5541 1955 5578 ιι
2001 5524 2161 5580 Nocl.
2212 5538 2340 5593 nll.,
2396 5545 2442 5581 c.
2495 5528 2598 5593 ‘21,
2651 5547 2702 5599 p.
2763 5530 2908 5593 158,
2954 5542 2999 5585 el
3054 5532 3090 5586 l.
3149 5548 3241 5595 ιιι,
3286 5549 3335 5587 c.
3386 5536 3452 5601 5,

1852 5636 1904 5688 p.
1942 5619 2064 5675 ’218
2086 5662 2101 5685 ,
2148 5630 2195 5675 et
2220 5622 2256 5673 Ι.
2292 5638 2343 5687 v,
2372 5638 2418 5674 c.
2449 5621 2553 5685 ‘20,
2590 5639 2641 5690 ρ.
2687 5622 2810 5688 557,
2836 5634 2882 5677 et
2910 5625 2946 5676 Ι.
2972 5640 3063 5679 xvi
3086 5667 3099 5691 ,
3132 5643 3179 5680 c.
3202 5627 3258 5689 8;
3282 5624 3452 5695 Fest.,

1852 5714 1915 5766 dc
1942 5716 2137 5769 vcrbor.
2166 5714 2409 5787 Signif.).
2446 5715 2637 5771 Nonne
2679 5732 2842 5786 porro
2872 5726 2928 5773 et
2956 5718 3049 5775 ille
3091 5722 3205 5792 ipse
3233 5729 3353 5789 est,
3385 5723 3458 5781 de

1851 5825 1959 5879 quo
2002 5810 2192 5865 Cicero
2235 5810 2491 5881 scripsit:
2529 5811 2907 5881 l’liilOSOphica
2953 5812 3242 5887 dogmata,
3282 5834 3300 5865 ι
3336 5829 3459 5888 post

1853 5902 1913 5959 L.
1954 5903 2081 5960 rElii
2126 5906 2294 5963 nostri
2339 5920 2623 5975 occasum,
2664 5922 2731 5963 ne
2773 5924 2803 5964 ει
2839 5907 3043 5967 Latinis
3085 5911 3300 5984 quidem
3347 5918 3459 5988 peti
