3872 6340
378 353 482 410 673

1621 345 2070 408 lllSSERTATlO
2108 345 2388 405 ΡΒᾸΞὙΙΑ

3579 341 3688 396 676

377 470 660 542 poterant?
683 485 703 524 ι
736 467 957 541 (Cicer.,
991 466 1081 530 lib.
1115 483 1132 524 t
1164 467 1405 522 Acadent.
1457 480 1574 535 pag.
1622 466 1689 530 4,
1721 467 1816 519 lin.
1850 462 1974 536 14).
2009 471 2061 528 Λ
2087 465 2242 532 alibi;
2269 465 2382 519 Liv.
2407 507 2422 530 ,
2456 464 2547 518 lib.
2576 475 2782 528 nam;
2816 459 2992 526 Plin.,
3015 458 3103 514 lib.
3133 473 3232 515 xm
3253 500 3267 525 ,
3301 475 3350 513 c.
3374 459 3468 525 15,
3497 478 3552 530 p.
3581 457 3680 523 58;

449 567 521 619 At
551 574 704 619 certe
745 563 815 618 de
864 563 959 618 illo
1003 561 1175 618 Lucio
1225 560 1373 615 Atllio
1418 559 1626 614 Stilone
1675 559 1792 613 haec
1837 559 1978 612 idem

375 656 571 712 Cicero
597 657 816 726 scriptis
842 655 1123 717 mandavit
1154 672 1167 706 :
1206 672 1222 705 ι
1259 653 1434 707 Cotta:
1468 667 1568 720 pro
1591 667 1645 704 se
1669 669 1688 703 ι
1737 650 1978 721 (quidam

376 747 668 806 delendum
706 749 1062 816 suSpicantur
1099 745 1232 800 illud
1281 747 1355 815 se)
1393 762 1412 794 ι
1476 743 1592 812 lege
1645 744 1827 808 varia,
1859 758 1980 811 qua:

378 841 717 907 inscribitur,
755 858 874 897 eam
911 841 968 896 L.
997 839 1174 894 :Elius
1200 838 1390 893 scribit
1415 835 1586 892 Cottae
1617 846 1828 907 rogatu.
1855 834 1980 890 Fuit

379 937 424 991 is
464 937 686 996 omnino
727 939 810 990 vir
857 935 1141 1010 egregius,
1192 942 1246 988 et
1277 947 1445 1002 equus
1487 931 1792 994 Romanus,
1855 945 1977 984 cmn

378 1029 571 1097 primis
603 1030 866 1084 honestus
889 1068 904 1093 ,
937 1027 1194 1096 idemque
1223 1025 1625 1081 eruditissimus
1649 1065 1661 1088 ,
1697 1031 1751 1078 et
1787 1023 1980 1094 graecis

379 1121 578 1175 litteris
603 1130 656 1178 et
704 1120 886 1179 latinis
919 1139 931 1173 :
963 1119 1413 1192 antiquitatisque
1457 1127 1690 1183 nostrze,
1724 1125 1778 1170 et
1811 1117 1861 1168 in
1893 1115 1977 1168 in-

377 1211 556 1265 ventis
607 1213 804 1277 rebus,
852 1222 908 1267 et
937 1213 987 1266 in
1043 1211 1215 1276 actis,
1251 1211 1689 1280 scriptorumque
1728 1219 1973 1262 veterum

378 1303 613 1360 litterate
642 1307 876 1374 peritus;
927 1320 1084 1373 quam
1124 1304 1402 1359 scientiam
1447 1303 1622 1358 Varro
1664 1311 1848 1356 noster
1886 1315 1978 1354 ac-

376 1411 590 1468 ceptam
636 1399 704 1452 ab
736 1399 850 1462 illo,
882 1409 1208 1469 auctamque
1232 1414 1332 1468 per
1363 1413 1423 1452 se
1456 1399 1538 1451 vir
1577 1396 1794 1468 ingenio
1837 1411 1978 1463 prm-

377 1502 567 1559 stans,
599 1493 857 1563 omnique
905 1494 1156 1547 doctrina
1201 1493 1450 1563 pluribus
1490 1501 1544 1546 et
1592 1489 1980 1545 illustrioribus

377 1587 574 1644 litteris
606 1589 926 1659 explicavit.
961 1588 1065 1643 Sed
1091 1582 1233 1642 idem
1268 1586 1446 1642 Atilius
1478 1585 1682 1640 stoicus
1715 1599 1838 1639 esse
1881 1599 1978 1636 vo—

379 1683 512 1749 luit,
559 1695 748 1737 orator
791 1691 970 1736 autem
1010 1696 1110 1735 nec
1151 1681 1356 1734 studuit
1386 1694 1651 1749 unquam,
1707 1692 1808 1731 nec
1856 1675 1975 1734 fuit.

376 1776 660 1830 Scribebat
699 1787 875 1829 tamen
929 1773 1239 1836 orationes,
1291 1787 1425 1838 qms
1470 1771 1558 1823 alii
1605 1769 1893 1834 dicerent,
1924 1777 1980 1820 ut

2089 557 2248 613 Dion.
2277 558 2548 612 Halicarn.
2573 598 2587 624 ,
2615 556 2706 625 lib.
2739 571 2792 622 I,
2826 573 2879 625 p.
2908 554 2975 620 6;
3001 556 3155 610 Auct.
3179 553 3329 624 Orig.
3354 563 3498 624 gent.
3523 569 3682 619 rom.,

2088 671 2141 724 p.
2173 653 2323 723 299).

2162 747 2485 803 Antiochum
2525 753 2720 800 testem
2768 743 3020 814 producit
3060 741 3368 803 Arnobius,
3419 739 3517 795 sed
3562 745 3687 809 post

2083 841 2417 896 Clementem
2444 838 2869 899 Alexandrinum
2893 880 2908 902 ,
2956 836 3032 891 uti
3079 851 3107 888 a
3135 833 3296 890 nobis
3331 831 3530 887 alicubi
3586 832 3688 885 ob—

2083 943 2358 991 servatum
2385 976 2400 1000 ,
2455 934 2546 987 ubi
2571 933 2637 987 de
2667 933 2767 986 hoc
2796 933 3066 1002 scriptore
3095 927 3290 1000 agendi
3313 942 3438 983 sese
3465 922 3688 980 occasio

2083 1033 2280 1085 obtulit
2335 1032 2552 1096 (Arnob.
2577 1071 2592 1095 ,
2641 1030 2729 1084 lib.
2761 1045 2848 1096 Vt,
2881 1047 2936 1101 p.
2973 1027 3110 1093 195;
3163 1037 3288 1080 tom.
3321 1041 3340 1080 ι
3382 1023 3637 1095 Apparat.
3667 1061 3685 1090 ,

2085 1143 2139 1196 ρ.
2169 1123 2273 1177 725
2300 1136 2344 1178 et
2368 1124 2520 1191 8l7).

2163 1217 2554 1287 Apollodorum
2581 1215 2774 1271 eodem
2804 1215 2962 1286 plane
2994 1211 3156 1268 modo
3188 1221 3384 1267 testem
3415 1207 3692 1265 Arnobius

2082 1313 2346 1380 adhibet;
2381 1313 2474 1369 sed
2525 1311 2869 1367 ostendimus
2909 1309 3094 1379 plures
3137 1322 3203 1363 eo
3251 1306 3474 1362 nomine
3521 1304 3694 1358 fuisse

2083 1421 2188 1476 app
2219 1405 2380 1460 llatos
2411 1404 2660 1476 (Arnob.,
2696 1402 2785 1457 lib.
2821 1417 2897 1468 tv,
2950 1420 3004 1472 ρ.
3040 1400 3183 1467 Hb;
3233 1409 3358 1453 tam.
3389 1414 3407 1453 ι
3447 1397 3651 1468 Appar.
3676 1435 3692 1460 ,

2085 1517 2138 1568 ρ.
2191 1499 2333 1554 1192
2361 1508 2407 1551 et
2433 1497 2626 1564 1256).

2159 1595 2388 1647 Arianus
2417 1591 2686 1662 Epicteti,
2730 1590 2870 1644 sicut
2918 1597 3109 1643 auctor
3135 1595 3322 1642 noster
3361 1591 3681 1648 attestatur,

2081 1686 2411 1741 documenta
2464 1683 2883 1753 approbaverat.
2937 1682 3003 1736 Et
3052 1688 3202 1736 recte
3259 1677 3502 1750 quidem.
3555 1675 3698 1731 Nam

2085 1781 2212 1845 ille,
2255 1781 2346 1850 qui
2393 1779 2565 1849 patria
2612 1774 3050 1831 Nicomediensis
3095 1772 3230 1834 fuit,
3287 1771 3590 1825 historicus
3639 1776 3700 1824 et

377 1868 443 1932 Q.
478 1866 734 1930 Metello,
768 1875 827 1919 ut
874 1867 938 1931 Q.
971 1865 1208 1933 Caepioni
1235 1905 1250 1927 ,
1298 1874 1352 1917 ut
1383 1862 1447 1930 Q.
1503 1862 1762 1930 Pompeio
1808 1860 1974 1925 Rufo;

2110 1873 2476 1943 philosophus,
2527 1871 2764 1940 Epicteti
2811 1867 3224 1924 dissertationes
3251 1865 3478 1938 digessit
3521 1863 3698 1932 Quin-

375 1976 705 2030 quamquam
734 1961 779 2012 is
805 1961 966 2014 etiam
990 1948 1106 2030 ipse
1129 1961 1434 2026 scripsisset
1471 1972 1563 2012 eas
1584 1999 1598 2021 ,
1626 1957 1821 2026 quibus
1865 1964 1984 2023 post

380 2073 438 2105 sc
489 2063 574 2107 est.
606 2068 772 2117 usus,
805 2053 899 2108 sed
937 2068 1043 2106 non
1074 2053 1191 2106 sine
1223 2050 1392 2106 ᾸΕΙὶο.
1429 2051 1524 2104 llis
1575 2053 1719 2104 enim
1766 2049 1981 2117 scriptis

378 2146 546 2198 etiam
611 2145 726 2214 ipse
777 2143 994 2198 interfui
1022 2187 1036 2208 ,
1070 2160 1191 2198 cum
1223 2159 1399 2198 essem
1432 2143 1572 2213 apud
1620 2140 1822 2197 Ellum
1849 2142 1979 2195 ado-

379 2241 616 2300 lescens,
641 2253 872 2307 eumque
900 2237 1090 2291 audire
1122 2237 1464 2306 perstudiose
1495 2236 1726 2291 solerem
1765 2255 1785 2287 ι
1821 2233 1975 2306 (Cia,

375 2329 527 2384 Brut.
549 2371 564 2395 ,
591 2346 712 2399 pag.
743 2329 881 2391 229,
913 2330 1007 2383 lin.
1045 2329 1158 2396 16).

467 2420 751 2476 Fuitalter
813 2419 995 2475 [Elius
1045 2422 1370 2491 cognomine
1425 2421 1672 2485 Tubero,
1733 2422 1854 2491 qui,
1922 2429 1980 2474 ut

375 2515 518 2570 idem
571 2515 763 2570 Cicero
791 2516 984 2570 eodem
1017 2517 1066 2568 in
1099 2516 1236 2569 libro
1283 2515 1532 2583 perhibet
1555 2555 1568 2578 ,
1617 2517 1891 2569 orationes
1924 2515 1975 2568 in

374 2608 676 2664 Gracchum
713 2608 932 2672 habuit,
959 2609 1053 2664 sed
1079 2609 1242 2663 homo
1274 2609 1443 2664 durus
1473 2619 1622 2671 erat,
1657 2620 1805 2664 secta
1837 2609 1975 2662 stoi‘

372 2717 502 2766 cus,
539 2702 830 2756 mediocris
879 2702 930 2754 in
980 2701 1249 2764 dicendo,
1300 2702 1650 2757 doctissimus
1698 2703 1749 2756 id
1792 2702 1976 2771 dispu-

377 2795 561 2849 tando.
596 2794 852 2861 Qumdatu
877 2804 1056 2849 autem
1088 2794 1206 2863 ejus
1245 2795 1406 2848 verba
1449 2811 1476 2847 a
1514 2793 1779 2848 Cicerone
1825 2805 1973 2847 Iran~

386 2889 587 2957 scripta
635 2887 800 2942 refert
837 2888 900 2940 A.
943 2885 1186 2947 Gellius,
1235 2902 1261 2938 a
1307 2902 1413 2954 quo
1458 2885 1576 2953 ejus
1625 2885 1974 2940 historiarum

378 2978 532 3039 libri,
585 2978 815 3046 aliaeque
844 2977 1252 3032 lucubrationes
1277 3020 1290 3040 ,
1329 2978 1464 3032 sicut
1497 2995 1523 3029 a
1561 2978 1819 3047 Dionysio
1867 2979 1974 3031 Ha-

374 3069 743 3134 Lcarnasseo,
802 3067 1002 3130 Festo,
1058 3078 1218 3135 atque
1268 3068 1394 3122 aliis
1447 3070 1705 3122 citantur.
1770 3070 1976 3124 Poteris

372 3169 635 3229 praeterea
664 3159 918 3214 Vossium
948 3161 1238 3214 consulere
1268 3159 1436 3229 (Ibid.
1457 3202 1470 3223 ,
1499 3179 1554 3230 p.
1577 3162 1684 3218 219
1706 3205 1719 3228 ,
1747 3163 1838 3215 lin.
1873 3164 1932 3217 51
1959 3178 1973 3227 ;

2083 1979 2196 2020 tum
2229 1975 2410 2019 autem
2435 1979 2620 2018 carum
2648 1963 2841 2016 librum
2874 1962 2937 2018 A.
2971 1960 3177 2015 Gellius
3207 1960 3339 2014 citat
3367 1977 3380 2011 :
3417 1957 3513 2014 sed
3551 1972 3696 2026 qna-

2086 2071 2204 2111 tuor
2247 2066 2454 2110 tantum
2506 2055 2648 2126 typis
2693 2053 2851 2108 edita:
2897 2050 3054 2106 nobis
3104 2059 3420 2120 supersunt.
3477 2047 3696 2102 Videsis

2087 2151 2339 2205 Vossium
2363 2190 2377 2213 ,
2428 2148 2730 2204 Gesnerum
2817 2154 2872 2200 et
2901 2145 2952 2198 in
2983 2143 3178 2198 citatos
3207 2141 3367 2198 Gellii
3403 2140 3558 2194 locos
3587 2155 3696 2193 an-

2083 2245 2388 2297 notationes
2421 2241 2639 2311 (Arnob.
2671 2240 2759 2293 lib.
2797 2255 2830 2292 tt
2856 2279 2870 2303 ,
2916 2255 2969 2307 p.
3000 2237 3104 2302 90;
3139 2235 3276 2289 Gell.
3302 2275 3318 2301 ,
3353 2233 3506 2300 lib.t,
3536 2249 3584 2287 c.
3617 2230 3694 2295 2,

2086 2337 2172 2390 lib.
2205 2351 2358 2391 xxvu
2380 2375 2394 2400 ,
2427 2352 2473 2389 c.
2503 2332 2604 2400 i9;
2637 2333 2725 2385 lib.
2775 2346 2933 2397 uix,
2966 2346 3013 2386 c.
3041 2328 3108 2394 ες
3160 2326 3308 2382 Voss.
3337 2368 3354 2394 ,
3406 2325 3496 2380 lib.
3541 2339 3580 2378 ιι
3628 2324 3698 2378 de

2086 2431 2227 2487 Hist.
2260 2447 2413 2502 graec.
2443 2471 2457 2493 ,
2491 2445 2537 2482 c.
2571 2429 2665 2492 11,
2696 2444 2748 2497 p.
2782 2424 2896 2497 15).

2163 2531 2330 2584 Butas
2358 2529 2427 2582 ab
2457 2527 2692 2582 Arnsbio
2711 2567 2726 2590 ,
2778 2526 2830 2577 in
2867 2521 3171 2578 Consulibus
3195 2563 3210 2588 ,
3263 2521 3550 2591 scripsisse
3579 2529 3699 2574 tra-

2080 2626 2225 2681 ditur
2270 2626 2347 2676 las
2377 2621 2698 2682 mulieribus
2732 2635 2836 2672 non
2872 2617 3042 2672 fuisse
3068 2628 3305 2687 myrtcas
3338 2615 3606 2670 verbenas
3633 2613 3692 2667 in

2081 2717 2244 2771 Bonae
2289 2714 2405 2769 dea:
2472 2711 2674 2767 inferre
2732 2709 3017 2765 sacellum.
3069 2711 3131 2762 At
3183 2707 3402 2778 quidam
3452 2708 3521 2760 ibi
3575 2720 3694 2760 non

2087 2807 2266 2870 Bulas,
2322 2806 2415 2858 sed
2464 2802 2782 2856 Plutarchus
2822 2800 3106 2870 legendum
3154 2799 3526 2869 suspicantur.
3576 2797 3696 2852 Nec

2080 2899 2326 2955 fortassis
2380 2898 2651 2952 immerito
2693 2895 2921 2966 (Arnob.
2949 2937 2965 2956 ,
3017 2894 3105 2947 lib.
3157 2910 3227 2958 v,
3285 2892 3521 2964 ρ.188;
3555 2891 3694 2945 Plu-

2080 2993 2286 3057 tarch.,
2339 3002 2464 3045 tom.
2513 3006 2586 3052 tt,
2641 3008 2693 3058 p.
2745 2985 2901 3052 268).
2947 2985 3079 3040 Nam
3132 2984 3462 3041 Plutarchus
3505 2984 3558 3039 id
3600 2999 3694 3040 re-

2081 3104 2205 3141 vera
2255 3088 2305 3139 in
2342 3084 2721 3151 Quazstionibus
2755 3079 3024 3145 Romanis,
3057 3095 3178 3149 qua:
3220 3094 3398 3148 grmce
3440 3079 3695 3151 Ρωμαικσὶ

2082 3180 2484 3241 inscribuntur,
2533 3192 2652 3231 eam
2710 3174 3068 3245 quatstionem
3128 3173 3419 3242 preponit,
3463 3186 3528 3225 ac
3576 3171 3695 3224 sol-

372 3255 434 3306 A.
473 3252 611 3308 Gell.
635 3296 647 3317 ,
683 3254 772 3307 lib.
809 3269 898 3309 xw
945 3252 1105 3306 Noct.
1151 3264 1278 3319 ott.,
1311 3271 1356 3307 ο.
1388 3253 1454 3320 2,
1502 3273 1553 3322 p.
1603 3255 1742 3321 765;
1777 3256 1865 3309 lib.
1901 3272 1972 3322 v1,

2110 3274 2180 3326 'it.
2212 3271 2321 3326 Cur
2351 3282 2532 3324 autem
2584 3269 2723 3322 lianc
2766 3265 3128 3337 quatstionem
3176 3265 3450 3319 Arnobius
3480 3261 3618 3334 (Lib.
3649 3279 3692 3330 ι,

375 3364 497 3416 cap.
532 3349 585 3412 5,
630 3365 683 3416 p.
714 3345 854 3410 568,
907 3363 1022 3415 cap.
1071 3347 1135 3412 4,
1188 3365 1240 3416 p.
1277 3345 1414 3410 570;
1469 3347 1558 3399 lib.
1592 3363 1662 3412 χ,
1705 3365 1823 3417 cap.
1868 3347 1974 3412 ‘28,

373 3457 423 3508 ρ.
460 3438 707 3504 575;lib.
733 3455 821 3493 xw
842 3456 980 3509 ,cap.
1010 3439 1044 3491 2
1063 3481 1076 3503 ,
1102 3458 1153 3509 p.
1178 3438 1313 3503 765;
1336 3438 1555 3509 Dionys.
1581 3437 1784 3505 Halic.,
1815 3438 1903 3493 lib.
1935 3457 1972 3504 ι,

372 3549 425 3602 p.
461 3531 494 3586 6
520 3543 566 3585 ct
593 3532 693 3599 67;
736 3531 881 3586 Voss.
907 3574 920 3595 ,
953 3533 1042 3587 lib.
1076 3548 1093 3587 ι
1126 3533 1188 3584 de
1218 3532 1358 3588 Hist.
1386 3534 1466 3586 lit.
1489 3573 1505 3597 ,
1529 3534 1618 3587 lib.
1648 3550 1699 3600 t,
1733 3551 1848 3605 cap.
1894 3535 1972 3605 9).

441 3624 574 3692 Quis
598 3636 777 3681 autem
805 3642 871 3680 ex
919 3625 1003 3680 his
1046 3625 1258 3679 duobus
1286 3625 1355 3678 ab
1409 3627 1652 3680 Aruobio
1686 3626 1936 3682 laudetur
1956 3669 1970 3692 ,

373 3721 415 3772 si
464 3735 715 3788 quaeras,
763 3720 1221 3789 reSpOndebimus
1253 3734 1382 3773 vero
1421 3734 1541 3774 esse
1587 3720 1818 3775 similius
1861 3723 1974 3790 pri-

374 3829 519 3866 mum
557 3811 761 3865 1E1ium
793 3813 1057 3866 Stilonem
1091 3811 1159 3864 ab
1210 3826 1275 3865 eo
1307 3811 1483 3866 citari.
1533 3809 1699 3881 Cujus
1746 3827 1879 3868 sane
1922 3815 1971 3866 in

373 3907 649 3975 opinionis
677 3906 1150 3961 conﬁrmationem
1184 3905 1410 3974 proferri
1459 3916 1689 3976 possunt
1738 3911 1898 3962 citata
1943 3923 1974 3962 a

373 4001 531 4063 nobis
584 4000 845 4054 Varronis
897 3999 1090 4066 verba,
1150 3999 1346 4068 quibus
1385 3997 1780 4068 discrepantem
1816 4001 1974 4069 hujus

373 4092 503 4148 .Liii
547 4109 575 4147 a
621 4093 856 4158 Pisone,
889 4092 1354 4164 quemadmodum
1404 4093 1482 4147 ait
1530 4094 1804 4149 Arnobius
1849 4110 1970 4149 nos-

375 4199 474 4257 ter,
510 4189 838 4245 sententiam
895 4187 1098 4242 retulit.
1133 4187 1242 4241 Nec
1297 4189 1526 4242 multum
1586 4204 1717 4244 sane
1749 4190 1975 4244 interest

373 4302 552 4344 utrum
594 4289 662 4344 ab
713 4288 902 4343 eodem
937 4287 1183 4342 Varrone
1225 4287 1290 4341 C.
1327 4285 1538 4351 IElius,
1591 4298 1682 4341 aut
1732 4288 1800 4342 ab
1851 4287 1974 4342 aliis

373 4383 434 4436 L.
468 4381 644 4436 jElius
676 4382 1006 4434 nominetur.
1039 4380 1156 4437 Una
1189 4381 1334 4435 enim
1371 4381 1549 4434 littera
1581 4381 1636 4434 in
1686 4380 1844 4435 aliam
1877 4398 1972 4450 po-

374 4479 476 4532 tuit
509 4477 664 4532 facile
692 4493 717 4528 a
753 4477 990 4530 librariis
1027 4475 1370 4529 commutari.

445 4569 635 4626 )Etltlii
668 4570 982 4624 testimOnio
1016 4579 1134 4636 post
1176 4568 1510 4623 Clementem
1544 4569 1971 4625 Alexandrinum

2077 3385 2130 3436 p.
2187 3365 2282 3434 37)
2343 3363 2620 3418 Consualia
2668 3359 2975 3424 vocaverit,
3009 3374 3072 3414 ea
3119 3357 3344 3413 forsitan
3385 3358 3524 3412 ratio
3564 3356 3695 3412 red-

2077 3459 2129 3512 di
2193 3464 2412 3525 potest,
2470 3453 2612 3521 quod
2679 3453 3078 3522 propositarum
3135 3450 3498 3520 qumstionum
3557 3451 3693 3504 catl-

2075 3565 2164 3605 sas
2193 3558 2246 3602 et
2292 3548 2534 3602 rationes
2565 3544 2768 3600 afferre
2815 3539 3023 3598 nititur.
3069 3541 3124 3597 Si
3174 3543 3296 3612 quis
3345 3549 3529 3596 tamen
3581 3539 3692 3594 Bu-

2078 3652 2145 3698 ta:
2190 3640 2472 3696 Causualia
2521 3639 2682 3694 nobis
2715 3636 3062 3701 indicaverit,
3099 3638 3152 3690 in
3199 3652 3267 3692 eo
3315 3636 3569 3707 protinus
3595 3649 3691 3692 ac-

2077 3738 2442 3808 quiescentus-

2148 3832 2434 3886 Caesellius
2479 3830 2867 3900 grammaticus
2911 3828 3341 3884 celebratissima
3387 3828 3686 3884 lectionum

2075 3926 2419 3995 antiquarum
2476 3923 2864 3977 commentaria
2893 3966 2906 3988 ,
2932 3922 3000 3976 ab
3051 3921 3116 3976 A.
3168 3920 3343 3977 Gellio
3383 3923 3581 3991 smpius
3607 3923 3688 3978 ei-

2077 4030 2183 4074 tata
2210 4062 2223 4082 ,
2259 4017 2457 4086 publici
2489 4015 2626 4084 juris
2677 4014 2824 4070 fecit.
2855 4015 2991 4069 Huic
3016 4023 3194 4068 autem
3220 4029 3525 4085 cognomen
3554 4013 3684 4068 Vin-

2077 4115 2178 4167 dici
2211 4112 2376 4165 luisse
2407 4110 2722 4164 teSIilicatur
2748 4107 2934 4181 (Gell.,
2958 4109 3046 4162 lib.
3079 4123 3116 4163 ιι
3148 4106 3306 4162 Noct.
3335 4117 3430 4162 att.
3459 4150 3474 4174 ,
3504 4124 3552 4161 c.
3580 4107 3681 4174 16;

2077 4207 2164 4260 lib.
2191 4222 2283 4271 ιιι,
2309 4220 2354 4257 c.
2385 4204 2482 4266 16;
2510 4201 2596 4255 lib.
2627 4217 2697 4254 vti
2722 4244 2736 4267 ,
2769 4218 2816 4254 c.
2845 4202 2931 4263 11,
2965 4201 3056 4254 lib.
3085 4215 3123 4255 ιι
3145 4243 3159 4267 ,
3209 4217 3257 4255 c.
3315 4201 3418 4266 14;
3461 4200 3553 4254 lib.
3586 4215 3640 4255 ιι
3662 4241 3679 4268 ,

2077 4315 2125 4354 c.
2192 4300 2283 4359 l5;
2319 4296 2406 4349 lib.
2460 4310 2623 4349 xxvm
2647 4337 2660 4360 ,
2692 4311 2737 4348 c.
2777 4295 2874 4353 11,
2910 4293 2977 4346 lib
3005 4309 3072 4357 ιι,
3096 4310 3143 4347 c.
3167 4290 3247 4364 2).

2149 4392 2305 4446 Cmsii
2354 4405 2547 4445 nomen
2599 4389 2707 4442 duo
2761 4404 2814 4442 in
2863 4389 3054 4457 primis
3091 4398 3270 4457 poetae
3325 4387 3681 4458 praetulerunt

2084 4483 2276 4555 (Arnob
2331 4482 2420 4534 lib.
2458 4497 2554 4546 ιιι,
2582 4498 2635 4547 p.
2673 4477 2820 4550 125).
2851 4480 3052 4534 Horum
3097 4495 3237 4533 unus
3267 4477 3402 4544 fuit,
3451 4478 3541 4549 qui
3591 4479 3679 4531 in-

2081 4578 2260 4632 sulsus
2289 4576 2570 4642 malusque
2603 4584 2758 4639 poeta
2792 4572 2876 4625 his
2915 4570 3110 4626 Catulli
3157 4571 3225 4626 ad
3277 4569 3499 4626 Calvum
3525 4569 3675 4625 Lici-

371 4666 678 4730 Arnobius,
725 4675 780 4718 ut
809 4678 975 4732 supra
1001 4662 1268 4725 vidimus,
1299 4677 1430 4716 usus
1473 4673 1576 4718 est.
1615 4664 1688 4717 De
1734 4665 1827 4718 illo
1873 4680 1968 4718 au-
1999 4643 2054 4704 Β
2080 4689 2204 4728 num
2233 4681 2507 4726 oratorem
2541 4667 2785 4721 versibus
2816 4676 3035 4720 notatur
3066 4683 3078 4718 :

370 4769 476 4814 tem
508 4757 734 4812 Vossius
759 4799 774 4822 ,
805 4767 856 4811 et
880 4771 977 4809 nos
1007 4755 1115 4823 jam
1151 4755 1351 4824 aliquid
1393 4755 1444 4808 in
1485 4757 1766 4822 superiore
1793 4756 1974 4826 Appa-

369 4863 518 4906 ratus
553 4849 720 4903 nostri
747 4858 892 4902 torno
929 4846 1166 4900 diximus
1195 4845 1416 4917 (Arnob.
1442 4888 1458 4913 ,
1492 4846 1581 4901 lib.
1616 4863 1689 4909 γι,
1739 4865 1792 4918 p.
1835 4849 1971 4912 i96;

385 4943 624 5008 Vossius,
689 4942 774 4995 lib.
834 4956 890 4995 ιιι
957 4941 1019 4994 de
1054 4939 1253 4993 Hister.
1289 4955 1444 5010 graec.
1468 4980 1482 5006 ,
1536 4959 1590 5011 p.
1626 4941 1763 5007 516;
1797 4951 1920 4998 tom.
1956 4957 1974 4997 ι

368 5041 622 5110 Apparat.
644 5079 658 5104 ,
690 5055 740 5108 p.
777 5034 926 5106 755).

439 5134 628 5191 Antias
651 5177 664 5197 ,
701 5149 795 5189 seu
825 5133 890 5202 Q.
924 5131 1180 5188 Valerius
1221 5131 1409 5186 Antias
1439 5135 1644 5202 grande
1687 5136 1963 5190 annalium

369 5245 504 5298 opus
531 5228 809 5293 ediderat,
840 5227 998 5296 cujus
1025 5227 1160 5282 liber
1183 5226 1456 5282 secundus
1505 5227 1572 5280 ab
1603 5239 1827 5282 auctore
1869 5245 1970 5283 no-

369 5332 484 5376 stro
513 5329 566 5378 et
595 5321 864 5380 Macrobio
899 5318 1116 5391 (Arnob.
1142 5362 1155 5382 ,
1191 5320 1280 5373 lib.
1324 5335 1391 5385 ν,
1425 5338 1473 5390 p.
1514 5319 1647 5383 liii;
1696 5321 1928 5375 Macrob.
1952 5364 1967 5388 ,

369 5416 459 5470 lib.
491 5433 504 5469 t
547 5415 818 5473 Saturnal.
840 5457 855 5477 ,
885 5399 1013 5483 cap:
1037 5409 1164 5484 iii);
1201 5413 1494 5468 vicesimus
1542 5428 1671 5467 vero
1699 5423 1923 5482 quartus
1949 5457 1965 5480 ,

369 5506 817 5576 quadragesimus
863 5517 1120 5573 quartus,
1163 5521 1225 5559 ac
1267 5505 1703 5575 septuagesimus
1749 5508 1973 5576 quintus

369 5601 454 5654 hic
479 5602 541 5654 A.
574 5599 748 5654 Gellio
772 5600 1032 5654 citantur.
1055 5599 1213 5668 Saepe
1234 5599 1394 5652 etiam
1431 5599 1498 5651 ab
1520 5607 1708 5651 auctor
1736 5614 1765 5654 a
1792 5599 1970 5664 Livio,

368 5702 422 5748 et
454 5693 664 5757 Plinio,
711 5703 874 5762 atque
905 5692 1101 5747 alicubi
1131 5707 1159 5745 a
1215 5692 1472 5764 Dionysio
1520 5692 1933 5750 Halicarnasseo
1954 5735 1970 5760 ,

371 5796 424 5838 et
471 5784 709 5855 Originis
753 5786 930 5855 gentis
981 5800 1222 5840 romana:
1273 5785 1540 5854 scriptore
1590 5785 1838 5842 laudatus
1893 5797 1978 5842 est

379 5876 573 5950 (Gcll.,
606 5878 696 5934 lib.
743 5895 757 5931 ι
803 5875 959 5932 Noct.
993 5888 1123 5945 att.,
1175 5894 1221 5932 c.
1268 5879 1331 5944 7,
1378 5887 1426 5932 ct
1466 5877 1555 5932 lib.
1589 5895 1702 5947 vn,
1736 5895 1782 5932 c.
1832 5879 1903 5947 9,
1930 5889 1976 5933 et

2325 4764 2447 4814 Nam
2466 4765 2505 4812 si
2532 4762 2732 4820 luxerit,
2763 4760 2819 4807 ad
2844 4759 3152 4808 librariorum

2331 4828 2532 4877 Curram
2552 4825 2749 4880 scrinia,
2775 4822 2974 4884 Csesios,
3002 4822 3238 4884 Aquinos,

2328 4889 2596 4942 Sullanum.
2621 4889 2781 4936 omnia
2807 4883 3032 4946 colligam
3058 4883 3268 4933 venena.

2326 4953 2397 5002 Ac
2420 4959 2471 5000 te
2497 4951 2574 4999 bis
2596 4949 2855 5012 suppliciis
2867 4948 3241 5012 remunerabor.

2797 5007 3016 5074 (Catull.,
3051 5007 3334 5073 epigr.1'5.)

2152 5144 2302 5201 Alter
2329 5142 2522 5199 Cresius
2550 5183 2562 5204 ,
2596 5147 2957 5210 cognomento
2985 5136 3180 5192 Bassus
3206 5177 3221 5201 ,
3251 5145 3410 5207 poeta
3453 5133 3666 5209 lyricus,

2074 5237 2302 5293 Neronis
2338 5244 2496 5289 :etate
2541 5233 2754 5293 ﬂoruit.
2785 5246 2945 5302 quem
2976 5231 3194 5284 Persius
3233 5231 3313 5285 sic
3341 5229 3560 5286 ali‘atur:

2169 5329 2386 5379 Admovit
2411 5328 2508 5389 jam
2531 5327 2701 5389 bruma
2729 5323 2832 5374 foco
2857 5331 2928 5383 te,
2943 5324 3117 5389 Basse,
3137 5322 3338 5380 Sabino,

2167 5385 2481 5456 Jaumelyra,
2510 5397 2562 5438 et
2586 5388 2763 5456 tetrico
2789 5389 2956 5436 vivunt
2978 5388 3060 5434 tibi
3089 5396 3291 5456 pectore
3309 5385 3526 5443 chordae,

2172 5455 2297 5505 Mire
2321 5447 2508 5516 opifex,
2548 5451 2768 5516 numeris
2792 5457 3017 5516 veterum
3044 5447 3303 5516 primordia
3328 5461 3517 5516 rerum,

2172 5519 2330 5578 Atque
2356 5510 2541 5562 marem
2567 5514 2825 5578 strepitum
2847 5510 2953 5560 ﬁdis
2972 5511 3247 5578 intendisse
3270 5510 3464 5572 latinae;

2168 5572 2278 5630 Mos
2301 5577 2516 5637 juvencs
2543 5572 2730 5636 agitare
2743 5575 2898 5637 iocos,
2925 5583 2978 5622 et
3003 5572 3179 5636 pollice
3198 5572 3407 5623 honesto

2169 5641 2414 5703 Egregios
2440 5639 2616 5687 lusisse
2640 5651 2807 5686 senes.

2911 5699 3098 5763 (Pers.,
3123 5694 3264 5749 sutir.
3291 5694 3366 5760 6.)

2079 5788 2423 5843 Britannicus
2500 5793 2679 5839 autem
2712 5784 2762 5838 in
2805 5784 2918 5838 suis
2962 5781 3028 5837 ad
3071 5780 3188 5837 haec
3226 5779 3467 5836 carmina
3507 5789 3669 5834 anno-

2082 5881 2316 5937 tionibus
2373 5880 2630 5935 observat
2682 5875 2906 5933 Fabium
2959 5875 3026 5931 de
3081 5875 3171 5931 illo
3212 5874 3293 5931 sic
3332 5874 3663 5947 scripsisse;
