  <div class='ocr_page' id='page_1' title='image "/cluster/home/n/w/nwhite01/storage/ocr_20150623/5/uva.x000826532/380.png"; bbox 0 0 3872 6364; ppageno 0'>
   <div class='ocr_carea' id='block_1_1' title="bbox 195 346 289 402">
    <p class='ocr_par' dir='ltr' id='par_1_1' title="bbox 195 346 289 402">
     <span class='ocr_line' id='line_1_1' title="bbox 195 346 289 402; baseline 0 0"><span class='ocrx_word' id='word_1_1' title='bbox 195 346 289 402; x_wconf 79' lang='grc'><strong>677</strong></span> 
     </span>
    </p>
   </div>
   <div class='ocr_carea' id='block_1_2' title="bbox 1387 339 2354 414">
    <p class='ocr_par' dir='ltr' id='par_1_2' title="bbox 1387 339 2354 414">
     <span class='ocr_line' id='line_1_2' title="bbox 1387 339 2354 414; baseline 0.001 -12"><span class='ocrx_word' id='word_1_2' title='bbox 1387 344 1454 404; x_wconf 85' lang='grc' dir='ltr'>ΙΝ</span> <span class='ocrx_word' id='word_1_3' title='bbox 1485 341 1864 414; x_wconf 79' lang='lat' dir='ltr'><strong>ARNOBIUM,</strong></span> <span class='ocrx_word' id='word_1_4' title='bbox 1911 339 2066 402; x_wconf 75' lang='lat' dir='ltr'><strong>CAP.</strong></span> <span class='ocrx_word' id='word_1_5' title='bbox 2099 341 2354 404; x_wconf 61' lang='lat' dir='ltr'><strong>XXVI.&quot;</strong></span> 
     </span>
    </p>
   </div>
   <div class='ocr_carea' id='block_1_3' title="bbox 3387 350 3492 410">
    <p class='ocr_par' dir='ltr' id='par_1_3' title="bbox 3387 350 3492 410">
     <span class='ocr_line' id='line_1_3' title="bbox 3387 350 3492 410; baseline 0 0"><span class='ocrx_word' id='word_1_6' title='bbox 3387 350 3492 410; x_wconf 87' lang='lat'><strong>678</strong></span> 
     </span>
    </p>
   </div>
   <div class='ocr_carea' id='block_1_4' title="bbox 201 460 3492 536">
    <p class='ocr_par' dir='ltr' id='par_1_4' title="bbox 201 460 3492 536">
     <span class='ocr_line' id='line_1_4' title="bbox 201 460 3492 536; baseline 0.004 -22"><span class='ocrx_word' id='word_1_7' title='bbox 201 481 218 514; x_wconf 81' lang='grc' dir='ltr'><strong>ι</strong></span> <span class='ocrx_word' id='word_1_8' title='bbox 249 463 568 534; x_wconf 80' lang='lat' dir='ltr'><strong>Lyricopum</strong></span> <span class='ocrx_word' id='word_1_9' title='bbox 600 460 855 520; x_wconf 74' lang='lat' dir='ltr'><strong>Horatius</strong></span> <span class='ocrx_word' id='word_1_10' title='bbox 895 461 1009 519; x_wconf 88' lang='lat' dir='ltr'><strong>fere</strong></span> <span class='ocrx_word' id='word_1_11' title='bbox 1051 463 1200 519; x_wconf 88' lang='lat' dir='ltr'><strong>solus</strong></span> <span class='ocrx_word' id='word_1_12' title='bbox 1242 463 1348 535; x_wconf 83' lang='lat' dir='ltr'><strong>legi</strong></span> <span class='ocrx_word' id='word_1_13' title='bbox 1377 463 1593 536; x_wconf 86' lang='lat' dir='ltr'><strong>dignus.</strong></span> <span class='ocrx_word' id='word_1_14' title='bbox 1647 464 1777 520; x_wconf 89' lang='lat' dir='ltr'><strong>Nam</strong></span> <span class='ocrx_word' id='word_1_15' title='bbox 1809 467 1861 526; x_wconf 75' lang='grc' dir='ltr'><strong>Α</strong></span> <span class='ocrx_word' id='word_1_16' title='bbox 1893 463 2066 530; x_wconf 63' lang='lat' dir='ltr'><strong>llaec,</strong></span> <span class='ocrx_word' id='word_1_17' title='bbox 2105 463 2132 535; x_wconf 83' lang='lat'>§</span> <span class='ocrx_word' id='word_1_18' title='bbox 2165 467 2221 531; x_wconf 76' lang='lat'><strong>5,</strong></span> <span class='ocrx_word' id='word_1_19' title='bbox 2255 482 2305 534; x_wconf 78' lang='grc' dir='ltr'>ρ.</span> <span class='ocrx_word' id='word_1_20' title='bbox 2336 463 2490 536; x_wconf 74' lang='grc'>841).</span> <span class='ocrx_word' id='word_1_21' title='bbox 2525 464 2596 521; x_wconf 85' lang='lat' dir='ltr'><strong>Et</strong></span> <span class='ocrx_word' id='word_1_22' title='bbox 2619 464 2739 522; x_wconf 79' lang='lat' dir='ltr'><strong>haec</strong></span> <span class='ocrx_word' id='word_1_23' title='bbox 2769 466 2991 536; x_wconf 84' lang='lat' dir='ltr'><strong>quidem</strong></span> <span class='ocrx_word' id='word_1_24' title='bbox 3015 466 3296 526; x_wconf 82' lang='lat' dir='ltr'><strong>Ciceronis</strong></span> <span class='ocrx_word' id='word_1_25' title='bbox 3329 472 3492 527; x_wconf 84' lang='lat' dir='ltr'><strong>verba</strong></span> 
     </span>
    </p>
   </div>
   <div class='ocr_carea' id='block_1_5' title="bbox 192 555 1786 628">
    <p class='ocr_par' dir='ltr' id='par_1_5' title="bbox 192 555 1786 628">
     <span class='ocr_line' id='line_1_5' title="bbox 192 555 1786 628; baseline 0.003 -20"><span class='ocrx_word' id='word_1_26' title='bbox 192 556 412 624; x_wconf 84' lang='lat' dir='ltr'><strong>insurgit</strong></span> <span class='ocrx_word' id='word_1_27' title='bbox 462 555 797 628; x_wconf 88' lang='lat' dir='ltr'><strong>aliquando,</strong></span> <span class='ocrx_word' id='word_1_28' title='bbox 828 565 882 612; x_wconf 90' lang='lat' dir='ltr'><strong>et</strong></span> <span class='ocrx_word' id='word_1_29' title='bbox 914 557 1104 626; x_wconf 87' lang='lat' dir='ltr'><strong>plenus</strong></span> <span class='ocrx_word' id='word_1_30' title='bbox 1129 556 1487 628; x_wconf 86' lang='lat' dir='ltr'><strong>jucunditatis</strong></span> <span class='ocrx_word' id='word_1_31' title='bbox 1513 567 1568 612; x_wconf 86' lang='lat' dir='ltr'><strong>et</strong></span> <span class='ocrx_word' id='word_1_32' title='bbox 1595 558 1786 627; x_wconf 72' lang='lat' dir='ltr'><strong>gratiae</strong></span> 
     </span>
    </p>
   </div>
   <div class='ocr_carea' id='block_1_6' title="bbox 193 647 1787 721">
    <p class='ocr_par' dir='ltr' id='par_1_6' title="bbox 193 647 1787 721">
     <span class='ocr_line' id='line_1_6' title="bbox 193 647 1787 721; baseline 0.003 -19"><span class='ocrx_word' id='word_1_33' title='bbox 193 657 244 702; x_wconf 89' lang='lat' dir='ltr'><strong>et</strong></span> <span class='ocrx_word' id='word_1_34' title='bbox 267 647 429 702; x_wconf 83' lang='lat' dir='ltr'><strong>variis</strong></span> <span class='ocrx_word' id='word_1_35' title='bbox 457 651 640 704; x_wconf 82' lang='lat' dir='ltr'><strong>verbis</strong></span> <span class='ocrx_word' id='word_1_36' title='bbox 676 658 734 704; x_wconf 91' lang='lat' dir='ltr'><strong>et</strong></span> <span class='ocrx_word' id='word_1_37' title='bbox 782 649 1093 705; x_wconf 82' lang='lat' dir='ltr'><strong>felicissime</strong></span> <span class='ocrx_word' id='word_1_38' title='bbox 1141 649 1338 704; x_wconf 80' lang='lat' dir='ltr'><strong>audax.</strong></span> <span class='ocrx_word' id='word_1_39' title='bbox 1387 650 1441 704; x_wconf 88' lang='lat' dir='ltr'><strong>Si</strong></span> <span class='ocrx_word' id='word_1_40' title='bbox 1488 666 1650 721; x_wconf 93' lang='lat' dir='ltr'><strong>quem</strong></span> <span class='ocrx_word' id='word_1_41' title='bbox 1691 649 1787 706; x_wconf 89' lang='lat' dir='ltr'><strong>ad-</strong></span> 
     </span>
    </p>
   </div>
   <div class='ocr_carea' id='block_1_7' title="bbox 187 743 1788 816">
    <p class='ocr_par' dir='ltr' id='par_1_7' title="bbox 187 743 1788 816">
     <span class='ocr_line' id='line_1_7' title="bbox 187 743 1788 816; baseline 0.003 -20"><span class='ocrx_word' id='word_1_42' title='bbox 187 743 348 812; x_wconf 86' lang='lat' dir='ltr'><strong>jicere</strong></span> <span class='ocrx_word' id='word_1_43' title='bbox 396 744 572 810; x_wconf 86' lang='lat' dir='ltr'><strong>velis,</strong></span> <span class='ocrx_word' id='word_1_44' title='bbox 639 744 685 800; x_wconf 89' lang='lat' dir='ltr'><strong>is</strong></span> <span class='ocrx_word' id='word_1_45' title='bbox 735 744 940 800; x_wconf 73' lang='lat' dir='ltr'><strong>Btesius</strong></span> <span class='ocrx_word' id='word_1_46' title='bbox 985 743 1182 799; x_wconf 79' lang='lat' dir='ltr'><strong>Bassus</strong></span> <span class='ocrx_word' id='word_1_47' title='bbox 1225 746 1367 812; x_wconf 90' lang='lat' dir='ltr'><strong>erit,</strong></span> <span class='ocrx_word' id='word_1_48' title='bbox 1405 761 1566 815; x_wconf 89' lang='lat' dir='ltr'><strong>quem</strong></span> <span class='ocrx_word' id='word_1_49' title='bbox 1613 761 1788 816; x_wconf 93' lang='lat' dir='ltr'><strong>nuper</strong></span> 
     </span>
    </p>
   </div>
   <div class='ocr_carea' id='block_1_8' title="bbox 193 834 491 890">
    <p class='ocr_par' dir='ltr' id='par_1_8' title="bbox 193 834 491 890">
     <span class='ocr_line' id='line_1_8' title="bbox 193 834 491 890; baseline 0.01 -3"><span class='ocrx_word' id='word_1_50' title='bbox 193 834 434 890; x_wconf 73' lang='lat' dir='ltr'><strong>vidimus.</strong></span> <span class='ocrx_word' id='word_1_51' title='bbox 470 857 491 890; x_wconf 74' lang='grc' dir='ltr'><strong>ι</strong></span> 
     </span>
    </p>
   </div>
   <div class='ocr_carea' id='block_1_9' title="bbox 258 929 1788 1002">
    <p class='ocr_par' dir='ltr' id='par_1_9' title="bbox 258 929 1788 1002">
     <span class='ocr_line' id='line_1_9' title="bbox 258 929 1788 1002; baseline 0.003 -20"><span class='ocrx_word' id='word_1_52' title='bbox 258 929 386 998; x_wconf 83' lang='lat' dir='ltr'><strong>Quis</strong></span> <span class='ocrx_word' id='word_1_53' title='bbox 417 940 601 985; x_wconf 87' lang='lat' dir='ltr'><strong>autem</strong></span> <span class='ocrx_word' id='word_1_54' title='bbox 630 947 697 986; x_wconf 79' lang='lat' dir='ltr'><strong>ex</strong></span> <span class='ocrx_word' id='word_1_55' title='bbox 722 930 802 985; x_wconf 89' lang='lat' dir='ltr'><strong>his</strong></span> <span class='ocrx_word' id='word_1_56' title='bbox 826 931 1038 986; x_wconf 89' lang='lat' dir='ltr'><strong>duobus</strong></span> <span class='ocrx_word' id='word_1_57' title='bbox 1058 974 1073 997; x_wconf 98' lang='lat'><strong>,</strong></span> <span class='ocrx_word' id='word_1_58' title='bbox 1106 941 1198 986; x_wconf 87' lang='lat' dir='ltr'><strong>aut</strong></span> <span class='ocrx_word' id='word_1_59' title='bbox 1223 947 1288 990; x_wconf 80' lang='lat' dir='ltr'><strong>ex</strong></span> <span class='ocrx_word' id='word_1_60' title='bbox 1337 931 1459 986; x_wconf 89' lang='lat' dir='ltr'><strong>aliis</strong></span> <span class='ocrx_word' id='word_1_61' title='bbox 1483 974 1499 998; x_wconf 92' lang='lat'><strong>,</strong></span> <span class='ocrx_word' id='word_1_62' title='bbox 1527 933 1572 987; x_wconf 92' lang='lat' dir='ltr'><strong>si</strong></span> <span class='ocrx_word' id='word_1_63' title='bbox 1602 933 1692 1002; x_wconf 90' lang='lat' dir='ltr'><strong>qui</strong></span> <span class='ocrx_word' id='word_1_64' title='bbox 1720 930 1788 987; x_wconf 91' lang='lat' dir='ltr'><strong>ab</strong></span> 
     </span>
    </p>
   </div>
   <div class='ocr_carea' id='block_1_10' title="bbox 192 1024 1788 1094">
    <p class='ocr_par' dir='ltr' id='par_1_10' title="bbox 192 1024 1788 1094">
     <span class='ocr_line' id='line_1_10' title="bbox 192 1024 1788 1094; baseline 0.003 -17"><span class='ocrx_word' id='word_1_65' title='bbox 192 1024 269 1077; x_wconf 91' lang='lat' dir='ltr'><strong>his</strong></span> <span class='ocrx_word' id='word_1_66' title='bbox 291 1025 494 1078; x_wconf 81' lang='lat' dir='ltr'><strong>diversi</strong></span> <span class='ocrx_word' id='word_1_67' title='bbox 539 1024 774 1088; x_wconf 87' lang='lat' dir='ltr'><strong>fuerint,</strong></span> <span class='ocrx_word' id='word_1_68' title='bbox 805 1027 873 1080; x_wconf 89' lang='lat' dir='ltr'><strong>ab</strong></span> <span class='ocrx_word' id='word_1_69' title='bbox 914 1027 1157 1082; x_wconf 90' lang='lat' dir='ltr'><strong>Arnobio</strong></span> <span class='ocrx_word' id='word_1_70' title='bbox 1209 1030 1423 1094; x_wconf 89' lang='lat' dir='ltr'><strong>citetur,</strong></span> <span class='ocrx_word' id='word_1_71' title='bbox 1469 1028 1614 1083; x_wconf 89' lang='lat' dir='ltr'><strong>dictu</strong></span> <span class='ocrx_word' id='word_1_72' title='bbox 1645 1026 1788 1082; x_wconf 84' lang='lat' dir='ltr'><strong>haud</strong></span> 
     </span>
    </p>
   </div>
   <div class='ocr_carea' id='block_1_11' title="bbox 189 1114 1788 1192">
    <p class='ocr_par' dir='ltr' id='par_1_11' title="bbox 189 1114 1788 1192">
     <span class='ocr_line' id='line_1_11' title="bbox 189 1114 1788 1192; baseline 0.003 -22"><span class='ocrx_word' id='word_1_73' title='bbox 189 1114 359 1172; x_wconf 91' lang='lat' dir='ltr'><strong>facile.</strong></span> <span class='ocrx_word' id='word_1_74' title='bbox 397 1118 454 1174; x_wconf 91' lang='lat' dir='ltr'><strong>Si</strong></span> <span class='ocrx_word' id='word_1_75' title='bbox 489 1129 665 1174; x_wconf 81' lang='lat' dir='ltr'><strong>tamen</strong></span> <span class='ocrx_word' id='word_1_76' title='bbox 703 1118 858 1172; x_wconf 90' lang='lat' dir='ltr'><strong>illum</strong></span> <span class='ocrx_word' id='word_1_77' title='bbox 901 1119 967 1174; x_wconf 89' lang='lat' dir='ltr'><strong>de</strong></span> <span class='ocrx_word' id='word_1_78' title='bbox 994 1120 1169 1175; x_wconf 75' lang='lat' dir='ltr'><strong>Caesio</strong></span> <span class='ocrx_word' id='word_1_79' title='bbox 1199 1120 1368 1175; x_wconf 88' lang='lat' dir='ltr'><strong>Basso</strong></span> <span class='ocrx_word' id='word_1_80' title='bbox 1415 1121 1562 1192; x_wconf 91' lang='lat' dir='ltr'><strong>loqui</strong></span> <span class='ocrx_word' id='word_1_81' title='bbox 1592 1120 1788 1190; x_wconf 87' lang='lat' dir='ltr'><strong>proba-</strong></span> 
     </span>
    </p>
   </div>
   <div class='ocr_carea' id='block_1_12' title="bbox 191 1211 1787 1285">
    <p class='ocr_par' dir='ltr' id='par_1_12' title="bbox 191 1211 1787 1285">
     <span class='ocr_line' id='line_1_12' title="bbox 191 1211 1787 1285; baseline 0.005 -23"><span class='ocrx_word' id='word_1_82' title='bbox 191 1212 363 1275; x_wconf 81' lang='lat' dir='ltr'><strong>veris,</strong></span> <span class='ocrx_word' id='word_1_83' title='bbox 415 1227 524 1265; x_wconf 92' lang='lat' dir='ltr'><strong>non</strong></span> <span class='ocrx_word' id='word_1_84' title='bbox 571 1212 988 1281; x_wconf 86' lang='lat' dir='ltr'><strong>refragabimur.</strong></span> <span class='ocrx_word' id='word_1_85' title='bbox 1022 1211 1234 1267; x_wconf 88' lang='lat' dir='ltr'><strong>Videsis</strong></span> <span class='ocrx_word' id='word_1_86' title='bbox 1280 1212 1529 1268; x_wconf 86' lang='lat' dir='ltr'><strong>Vossiutn</strong></span> <span class='ocrx_word' id='word_1_87' title='bbox 1555 1213 1624 1270; x_wconf 89' lang='lat' dir='ltr'><strong>de</strong></span> <span class='ocrx_word' id='word_1_88' title='bbox 1659 1229 1787 1285; x_wconf 87' lang='lat' dir='ltr'><strong>poe-</strong></span> 
     </span>
    </p>
   </div>
   <div class='ocr_carea' id='block_1_13' title="bbox 191 1302 1462 1381">
    <p class='ocr_par' dir='ltr' id='par_1_13' title="bbox 191 1302 1462 1381">
     <span class='ocr_line' id='line_1_13' title="bbox 191 1302 1462 1381; baseline 0.004 -23"><span class='ocrx_word' id='word_1_89' title='bbox 191 1304 253 1358; x_wconf 88' lang='lat' dir='ltr'><strong>tis</strong></span> <span class='ocrx_word' id='word_1_90' title='bbox 275 1304 460 1359; x_wconf 89' lang='lat' dir='ltr'><strong>latinis</strong></span> <span class='ocrx_word' id='word_1_91' title='bbox 490 1302 669 1378; x_wconf 71' lang='lat' dir='ltr'><strong>(Voss.</strong></span> <span class='ocrx_word' id='word_1_92' title='bbox 691 1349 705 1373; x_wconf 88' lang='lat'><strong>,</strong></span> <span class='ocrx_word' id='word_1_93' title='bbox 747 1305 896 1359; x_wconf 87' lang='lat' dir='ltr'><strong>Poet.</strong></span> <span class='ocrx_word' id='word_1_94' title='bbox 930 1307 1050 1372; x_wconf 88' lang='lat' dir='ltr'><strong>lat.,</strong></span> <span class='ocrx_word' id='word_1_95' title='bbox 1089 1324 1144 1377; x_wconf 88' lang='lat' dir='ltr'><strong>p.</strong></span> <span class='ocrx_word' id='word_1_96' title='bbox 1182 1309 1246 1362; x_wconf 86' lang='grc'><strong>17</strong></span> <span class='ocrx_word' id='word_1_97' title='bbox 1272 1319 1320 1362; x_wconf 85' lang='lat' dir='ltr'><strong>et</strong></span> <span class='ocrx_word' id='word_1_98' title='bbox 1343 1307 1462 1381; x_wconf 69' lang='grc'>44).</span> 
     </span>
    </p>
   </div>
   <div class='ocr_carea' id='block_1_14' title="bbox 253 1395 1790 1473">
    <p class='ocr_par' dir='ltr' id='par_1_14' title="bbox 253 1395 1790 1473">
     <span class='ocr_line' id='line_1_14' title="bbox 253 1395 1790 1473; baseline 0.005 -21"><span class='ocrx_word' id='word_1_99' title='bbox 253 1395 424 1452; x_wconf 87' lang='lat' dir='ltr'><strong>Cincii</strong></span> <span class='ocrx_word' id='word_1_100' title='bbox 470 1399 539 1452; x_wconf 91' lang='lat' dir='ltr'><strong>ab</strong></span> <span class='ocrx_word' id='word_1_101' title='bbox 583 1401 904 1457; x_wconf 88' lang='lat' dir='ltr'><strong>auctoritate</strong></span> <span class='ocrx_word' id='word_1_102' title='bbox 933 1399 1087 1468; x_wconf 88' lang='lat' dir='ltr'><strong>plura</strong></span> <span class='ocrx_word' id='word_1_103' title='bbox 1118 1401 1392 1457; x_wconf 82' lang='lat' dir='ltr'><strong>Arnobius</strong></span> <span class='ocrx_word' id='word_1_104' title='bbox 1433 1405 1648 1473; x_wconf 77' lang='lat' dir='ltr'><strong>repetit.</strong></span> <span class='ocrx_word' id='word_1_105' title='bbox 1685 1403 1790 1459; x_wconf 85' lang='lat' dir='ltr'><strong>Ve-</strong></span> 
     </span>
    </p>
   </div>
   <div class='ocr_carea' id='block_1_15' title="bbox 190 1490 1790 1564">
    <p class='ocr_par' dir='ltr' id='par_1_15' title="bbox 190 1490 1790 1564">
     <span class='ocr_line' id='line_1_15' title="bbox 190 1490 1790 1564; baseline 0.006 -22"><span class='ocrx_word' id='word_1_106' title='bbox 190 1490 503 1545; x_wconf 90' lang='lat' dir='ltr'><strong>tustissimis</strong></span> <span class='ocrx_word' id='word_1_107' title='bbox 529 1501 706 1545; x_wconf 90' lang='lat' dir='ltr'><strong>autem</strong></span> <span class='ocrx_word' id='word_1_108' title='bbox 753 1491 1027 1548; x_wconf 71' lang='lat' dir='ltr'><strong>historicis</strong></span> <span class='ocrx_word' id='word_1_109' title='bbox 1057 1509 1086 1547; x_wconf 87' lang='lat' dir='ltr'><strong>a</strong></span> <span class='ocrx_word' id='word_1_110' title='bbox 1137 1494 1396 1564; x_wconf 84' lang='lat' dir='ltr'><strong>Dionysio</strong></span> <span class='ocrx_word' id='word_1_111' title='bbox 1444 1496 1790 1552; x_wconf 84' lang='lat' dir='ltr'><strong>Halicarnas-</strong></span> 
     </span>
    </p>
   </div>
   <div class='ocr_carea' id='block_1_16' title="bbox 187 1585 1790 1645">
    <p class='ocr_par' dir='ltr' id='par_1_16' title="bbox 187 1585 1790 1645">
     <span class='ocr_line' id='line_1_16' title="bbox 187 1585 1790 1645; baseline 0.006 -9"><span class='ocrx_word' id='word_1_112' title='bbox 187 1597 276 1637; x_wconf 88' lang='lat' dir='ltr'><strong>seo</strong></span> <span class='ocrx_word' id='word_1_113' title='bbox 298 1586 380 1636; x_wconf 87' lang='lat' dir='ltr'><strong>his</strong></span> <span class='ocrx_word' id='word_1_114' title='bbox 410 1585 593 1638; x_wconf 86' lang='lat' dir='ltr'><strong>verbis</strong></span> <span class='ocrx_word' id='word_1_115' title='bbox 619 1597 1010 1640; x_wconf 80' lang='lat' dir='ltr'><strong>annumeratur</strong></span> <span class='ocrx_word' id='word_1_116' title='bbox 1045 1605 1056 1640; x_wconf 93' lang='lat'><strong>:</strong></span> <span class='ocrx_word' id='word_1_117' title='bbox 1095 1605 1113 1637; x_wconf 77' lang='grc' dir='ltr'><strong>ι</strong></span> <span class='ocrx_word' id='word_1_118' title='bbox 1164 1586 1275 1642; x_wconf 86' lang='lat' dir='ltr'><strong>Nec</strong></span> <span class='ocrx_word' id='word_1_119' title='bbox 1305 1590 1580 1645; x_wconf 87' lang='lat' dir='ltr'><strong>absimiles</strong></span> <span class='ocrx_word' id='word_1_120' title='bbox 1619 1590 1790 1645; x_wconf 86' lang='lat' dir='ltr'><strong>histo-</strong></span> 
     </span>
    </p>
   </div>
   <div class='ocr_carea' id='block_1_17' title="bbox 186 1677 1789 1751">
    <p class='ocr_par' dir='ltr' id='par_1_17' title="bbox 186 1677 1789 1751">
     <span class='ocr_line' id='line_1_17' title="bbox 186 1677 1789 1751; baseline 0.005 -19"><span class='ocrx_word' id='word_1_121' title='bbox 186 1679 288 1733; x_wconf 89' lang='lat' dir='ltr'><strong>rias</strong></span> <span class='ocrx_word' id='word_1_122' title='bbox 322 1677 610 1734; x_wconf 90' lang='lat' dir='ltr'><strong>ediderunt</strong></span> <span class='ocrx_word' id='word_1_123' title='bbox 639 1690 903 1751; x_wconf 88' lang='lat' dir='ltr'><strong>quotquot</strong></span> <span class='ocrx_word' id='word_1_124' title='bbox 929 1681 1159 1736; x_wconf 83' lang='lat' dir='ltr'><strong>Romani</strong></span> <span class='ocrx_word' id='word_1_125' title='bbox 1196 1682 1447 1738; x_wconf 88' lang='lat' dir='ltr'><strong>homines</strong></span> <span class='ocrx_word' id='word_1_126' title='bbox 1485 1684 1633 1740; x_wconf 82' lang='lat' dir='ltr'><strong>urbis</strong></span> <span class='ocrx_word' id='word_1_127' title='bbox 1675 1700 1789 1741; x_wconf 71' lang='lat' dir='ltr'><strong>sua:</strong></span> 
     </span>
    </p>
   </div>
   <div class='ocr_carea' id='block_1_18' title="bbox 187 1780 1786 1846">
    <p class='ocr_par' dir='ltr' id='par_1_18' title="bbox 187 1780 1786 1846">
     <span class='ocr_line' id='line_1_18' title="bbox 187 1780 1786 1846; baseline 0.006 -24"><span class='ocrx_word' id='word_1_128' title='bbox 187 1787 269 1824; x_wconf 89' lang='lat' dir='ltr'><strong>res</strong></span> <span class='ocrx_word' id='word_1_129' title='bbox 296 1783 480 1841; x_wconf 82' lang='lat' dir='ltr'><strong>gestas</strong></span> <span class='ocrx_word' id='word_1_130' title='bbox 501 1787 680 1840; x_wconf 67' lang='lat' dir='ltr'><strong>graeco</strong></span> <span class='ocrx_word' id='word_1_131' title='bbox 707 1789 960 1828; x_wconf 82' lang='lat' dir='ltr'><strong>sermone</strong></span> <span class='ocrx_word' id='word_1_132' title='bbox 994 1780 1365 1844; x_wconf 85' lang='lat' dir='ltr'><strong>scripserunt,</strong></span> <span class='ocrx_word' id='word_1_133' title='bbox 1410 1792 1640 1846; x_wconf 88' lang='lat' dir='ltr'><strong>quorum</strong></span> <span class='ocrx_word' id='word_1_134' title='bbox 1689 1793 1786 1832; x_wconf 87' lang='lat' dir='ltr'><strong>ve-</strong></span> 
     </span>
    </p>
   </div>
   <div class='ocr_carea' id='block_1_19' title="bbox 1892 556 3480 635">
    <p class='ocr_par' dir='ltr' id='par_1_19' title="bbox 1892 556 3480 635">
     <span class='ocr_line' id='line_1_19' title="bbox 1892 556 3480 635; baseline 0.005 -25"><span class='ocrx_word' id='word_1_135' title='bbox 1892 557 1946 610; x_wconf 89' lang='lat' dir='ltr'><strong>in</strong></span> <span class='ocrx_word' id='word_1_136' title='bbox 1973 557 2114 611; x_wconf 88' lang='lat' dir='ltr'><strong>ilhus</strong></span> <span class='ocrx_word' id='word_1_137' title='bbox 2155 556 2457 628; x_wconf 87' lang='lat' dir='ltr'><strong>Philippica</strong></span> <span class='ocrx_word' id='word_1_138' title='bbox 2498 560 2734 615; x_wconf 89' lang='lat' dir='ltr'><strong>secunda</strong></span> <span class='ocrx_word' id='word_1_139' title='bbox 2764 559 2940 617; x_wconf 89' lang='lat' dir='ltr'><strong>adhuc</strong></span> <span class='ocrx_word' id='word_1_140' title='bbox 2986 574 3277 618; x_wconf 90' lang='lat' dir='ltr'><strong>occurrunt</strong></span> <span class='ocrx_word' id='word_1_141' title='bbox 3324 563 3480 635; x_wconf 64' lang='lat' dir='ltr'><strong>(Cia,</strong></span> 
     </span>
    </p>
   </div>
   <div class='ocr_carea' id='block_1_20' title="bbox 1894 648 3491 725">
    <p class='ocr_par' dir='ltr' id='par_1_20' title="bbox 1894 648 3491 725">
     <span class='ocr_line' id='line_1_20' title="bbox 1894 648 3491 725; baseline 0.008 -24"><span class='ocrx_word' id='word_1_142' title='bbox 1894 648 2131 720; x_wconf 80' lang='lat' dir='ltr'><strong>Philipp.</strong></span> <span class='ocrx_word' id='word_1_143' title='bbox 2156 667 2187 703; x_wconf 90' lang='grc' dir='ltr'><strong>ιι</strong></span> <span class='ocrx_word' id='word_1_144' title='bbox 2211 693 2225 716; x_wconf 93' lang='grc'><strong>,</strong></span> <span class='ocrx_word' id='word_1_145' title='bbox 2262 668 2317 722; x_wconf 86' lang='lat' dir='ltr'><strong>p.</strong></span> <span class='ocrx_word' id='word_1_146' title='bbox 2354 650 2505 723; x_wconf 66' lang='lat'><strong>495).</strong></span> <span class='ocrx_word' id='word_1_147' title='bbox 2559 652 2722 723; x_wconf 84' lang='lat' dir='ltr'><strong>Atqui</strong></span> <span class='ocrx_word' id='word_1_148' title='bbox 2753 653 2876 708; x_wconf 89' lang='lat' dir='ltr'><strong>huic</strong></span> <span class='ocrx_word' id='word_1_149' title='bbox 2917 655 3120 711; x_wconf 87' lang='lat' dir='ltr'><strong>rhetori</strong></span> <span class='ocrx_word' id='word_1_150' title='bbox 3149 700 3163 724; x_wconf 95' lang='lat'><strong>,</strong></span> <span class='ocrx_word' id='word_1_151' title='bbox 3195 658 3272 712; x_wconf 93' lang='lat' dir='ltr'><strong>uti</strong></span> <span class='ocrx_word' id='word_1_152' title='bbox 3301 661 3453 713; x_wconf 80' lang='lat' dir='ltr'><strong>vides</strong></span> <span class='ocrx_word' id='word_1_153' title='bbox 3476 701 3491 725; x_wconf 97' lang='lat'><strong>,</strong></span> 
     </span>
    </p>
   </div>
   <div class='ocr_carea' id='block_1_21' title="bbox 1894 743 3495 823">
    <p class='ocr_par' dir='ltr' id='par_1_21' title="bbox 1894 743 3495 823">
     <span class='ocr_line' id='line_1_21' title="bbox 1894 743 3495 823; baseline 0.008 -28"><span class='ocrx_word' id='word_1_154' title='bbox 1894 759 2000 797; x_wconf 91' lang='lat' dir='ltr'><strong>non</strong></span> <span class='ocrx_word' id='word_1_155' title='bbox 2028 743 2186 798; x_wconf 92' lang='lat' dir='ltr'><strong>modo</strong></span> <span class='ocrx_word' id='word_1_156' title='bbox 2212 754 2566 800; x_wconf 88' lang='lat' dir='ltr'><strong>memoratum</strong></span> <span class='ocrx_word' id='word_1_157' title='bbox 2599 747 2669 801; x_wconf 88' lang='lat' dir='ltr'><strong>ab</strong></span> <span class='ocrx_word' id='word_1_158' title='bbox 2699 749 2940 804; x_wconf 82' lang='lat' dir='ltr'><strong>Arnobio</strong></span> <span class='ocrx_word' id='word_1_159' title='bbox 2972 766 3164 805; x_wconf 87' lang='lat' dir='ltr'><strong>nomen</strong></span> <span class='ocrx_word' id='word_1_160' title='bbox 3197 769 3259 808; x_wconf 93' lang='lat' dir='ltr'><strong>ac</strong></span> <span class='ocrx_word' id='word_1_161' title='bbox 3292 768 3495 823; x_wconf 75' lang='lat' dir='ltr'><strong>cogno-</strong></span> 
     </span>
    </p>
   </div>
   <div class='ocr_carea' id='block_1_22' title="bbox 1894 837 3495 914">
    <p class='ocr_par' dir='ltr' id='par_1_22' title="bbox 1894 837 3495 914">
     <span class='ocr_line' id='line_1_22' title="bbox 1894 837 3495 914; baseline 0.007 -23"><span class='ocrx_word' id='word_1_162' title='bbox 1894 851 2015 891; x_wconf 91' lang='lat' dir='ltr'><strong>meu</strong></span> <span class='ocrx_word' id='word_1_163' title='bbox 2047 839 2342 906; x_wconf 88' lang='lat' dir='ltr'><strong>competit,</strong></span> <span class='ocrx_word' id='word_1_164' title='bbox 2371 837 2466 892; x_wconf 92' lang='lat' dir='ltr'><strong>sed</strong></span> <span class='ocrx_word' id='word_1_165' title='bbox 2498 838 2626 893; x_wconf 89' lang='lat' dir='ltr'><strong>illud</strong></span> <span class='ocrx_word' id='word_1_166' title='bbox 2657 841 2820 895; x_wconf 86' lang='lat' dir='ltr'><strong>etiam</strong></span> <span class='ocrx_word' id='word_1_167' title='bbox 2847 882 2860 905; x_wconf 94' lang='lat'><strong>,</strong></span> <span class='ocrx_word' id='word_1_168' title='bbox 2895 844 3038 913; x_wconf 89' lang='lat' dir='ltr'><strong>quod</strong></span> <span class='ocrx_word' id='word_1_169' title='bbox 3083 859 3260 914; x_wconf 72' lang='lat' dir='ltr'><strong>grtece</strong></span> <span class='ocrx_word' id='word_1_170' title='bbox 3302 846 3495 902; x_wconf 87' lang='lat' dir='ltr'><strong>doctus</strong></span> 
     </span>
    </p>
   </div>
   <div class='ocr_carea' id='block_1_23' title="bbox 1892 928 3498 1005">
    <p class='ocr_par' dir='ltr' id='par_1_23' title="bbox 1892 928 3498 1005">
     <span class='ocr_line' id='line_1_23' title="bbox 1892 928 3498 1005; baseline 0.007 -23"><span class='ocrx_word' id='word_1_171' title='bbox 1892 929 2124 983; x_wconf 80' lang='lat' dir='ltr'><strong>dicatur.</strong></span> <span class='ocrx_word' id='word_1_172' title='bbox 2175 928 2367 984; x_wconf 87' lang='lat' dir='ltr'><strong>Utrum</strong></span> <span class='ocrx_word' id='word_1_173' title='bbox 2407 946 2542 987; x_wconf 85' lang='lat' dir='ltr'><strong>vero</strong></span> <span class='ocrx_word' id='word_1_174' title='bbox 2572 932 2615 986; x_wconf 90' lang='lat' dir='ltr'><strong>is</strong></span> <span class='ocrx_word' id='word_1_175' title='bbox 2661 933 2777 1002; x_wconf 90' lang='lat' dir='ltr'><strong>ipse</strong></span> <span class='ocrx_word' id='word_1_176' title='bbox 2805 935 2907 999; x_wconf 86' lang='lat' dir='ltr'><strong>sit,</strong></span> <span class='ocrx_word' id='word_1_177' title='bbox 2952 936 3040 1005; x_wconf 88' lang='lat' dir='ltr'><strong>qui</strong></span> <span class='ocrx_word' id='word_1_178' title='bbox 3069 936 3239 992; x_wconf 88' lang='lat' dir='ltr'><strong>libros</strong></span> <span class='ocrx_word' id='word_1_179' title='bbox 3284 937 3351 993; x_wconf 90' lang='lat' dir='ltr'><strong>de</strong></span> <span class='ocrx_word' id='word_1_180' title='bbox 3393 938 3498 995; x_wconf 85' lang='lat' dir='ltr'><strong>diis</strong></span> 
     </span>
    </p>
   </div>
   <div class='ocr_carea' id='block_1_24' title="bbox 1890 1025 3498 1109">
    <p class='ocr_par' dir='ltr' id='par_1_24' title="bbox 1890 1025 3498 1109">
     <span class='ocr_line' id='line_1_24' title="bbox 1890 1025 3498 1109; baseline 0.011 -34"><span class='ocrx_word' id='word_1_181' title='bbox 1890 1038 2067 1092; x_wconf 73' lang='lat' dir='ltr'><strong>graece</strong></span> <span class='ocrx_word' id='word_1_182' title='bbox 2094 1025 2328 1083; x_wconf 87' lang='lat' dir='ltr'><strong>edidisse</strong></span> <span class='ocrx_word' id='word_1_183' title='bbox 2359 1030 2672 1098; x_wconf 82' lang='lat' dir='ltr'><strong>perhibetur</strong></span> <span class='ocrx_word' id='word_1_184' title='bbox 2697 1074 2711 1097; x_wconf 91' lang='lat'><strong>,</strong></span> <span class='ocrx_word' id='word_1_185' title='bbox 2735 1033 2982 1102; x_wconf 85' lang='lat' dir='ltr'><strong>expende</strong></span> <span class='ocrx_word' id='word_1_186' title='bbox 3002 1076 3018 1102; x_wconf 93' lang='lat'><strong>,</strong></span> <span class='ocrx_word' id='word_1_187' title='bbox 3049 1050 3262 1106; x_wconf 57' lang='lat' dir='ltr'><strong>quaeso,</strong></span> <span class='ocrx_word' id='word_1_188' title='bbox 3294 1045 3349 1092; x_wconf 91' lang='lat' dir='ltr'><strong>et</strong></span> <span class='ocrx_word' id='word_1_189' title='bbox 3371 1053 3498 1109; x_wconf 86' lang='lat' dir='ltr'><strong>pro-</strong></span> 
     </span>
    </p>
   </div>
   <div class='ocr_carea' id='block_1_25' title="bbox 1894 1119 2103 1171">
    <p class='ocr_par' dir='ltr' id='par_1_25' title="bbox 1894 1119 2103 1171">
     <span class='ocr_line' id='line_1_25' title="bbox 1894 1119 2103 1171; baseline 0.014 -3"><span class='ocrx_word' id='word_1_190' title='bbox 1894 1119 2103 1171; x_wconf 85' lang='lat' dir='ltr'><strong>nuntia.</strong></span> 
     </span>
    </p>
   </div>
   <div class='ocr_carea' id='block_1_26' title="bbox 1963 1205 3497 1283">
    <p class='ocr_par' dir='ltr' id='par_1_26' title="bbox 1963 1205 3497 1283">
     <span class='ocr_line' id='line_1_26' title="bbox 1963 1205 3497 1283; baseline 0.012 -22"><span class='ocrx_word' id='word_1_191' title='bbox 1963 1205 2237 1264; x_wconf 83' lang='lat' dir='ltr'><strong>Cornificii</strong></span> <span class='ocrx_word' id='word_1_192' title='bbox 2292 1211 2621 1283; x_wconf 75' lang='lat' dir='ltr'><strong>singularem</strong></span> <span class='ocrx_word' id='word_1_193' title='bbox 2673 1215 2740 1271; x_wconf 90' lang='lat' dir='ltr'><strong>de</strong></span> <span class='ocrx_word' id='word_1_194' title='bbox 2791 1216 3174 1276; x_wconf 86' lang='lat' dir='ltr'><strong>Novensilibns</strong></span> <span class='ocrx_word' id='word_1_195' title='bbox 3219 1221 3326 1277; x_wconf 91' lang='lat' dir='ltr'><strong>diis</strong></span> <span class='ocrx_word' id='word_1_196' title='bbox 3372 1237 3497 1280; x_wconf 88' lang='lat' dir='ltr'><strong>sen-</strong></span> 
     </span>
    </p>
   </div>
   <div class='ocr_carea' id='block_1_27' title="bbox 1896 1300 3493 1389">
    <p class='ocr_par' dir='ltr' id='par_1_27' title="bbox 1896 1300 3493 1389">
     <span class='ocr_line' id='line_1_27' title="bbox 1896 1300 3493 1389; baseline 0.011 -35"><span class='ocrx_word' id='word_1_197' title='bbox 1896 1300 2117 1355; x_wconf 84' lang='lat' dir='ltr'><strong>tentiam</strong></span> <span class='ocrx_word' id='word_1_198' title='bbox 2169 1303 2355 1358; x_wconf 86' lang='lat' dir='ltr'><strong>retulit</strong></span> <span class='ocrx_word' id='word_1_199' title='bbox 2393 1305 2666 1362; x_wconf 82' lang='lat' dir='ltr'><strong>Arnobius</strong></span> <span class='ocrx_word' id='word_1_200' title='bbox 2715 1309 2958 1378; x_wconf 82' lang='lat' dir='ltr'><strong>(Arnob.,</strong></span> <span class='ocrx_word' id='word_1_201' title='bbox 2990 1311 3080 1366; x_wconf 89' lang='lat' dir='ltr'><strong>lib.</strong></span> <span class='ocrx_word' id='word_1_202' title='bbox 3126 1329 3218 1380; x_wconf 93' lang='grc' dir='ltr'><strong>ιιι,</strong></span> <span class='ocrx_word' id='word_1_203' title='bbox 3254 1333 3307 1384; x_wconf 87' lang='lat' dir='ltr'><strong>p.</strong></span> <span class='ocrx_word' id='word_1_204' title='bbox 3342 1314 3493 1389; x_wconf 64' lang='grc'>12⁸3).</span> 
     </span>
    </p>
   </div>
   <div class='ocr_carea' id='block_1_28' title="bbox 1894 1396 3498 1478">
    <p class='ocr_par' dir='ltr' id='par_1_28' title="bbox 1894 1396 3498 1478">
     <span class='ocr_line' id='line_1_28' title="bbox 1894 1396 3498 1478; baseline 0.011 -29"><span class='ocrx_word' id='word_1_205' title='bbox 1894 1396 2172 1452; x_wconf 84' lang='lat' dir='ltr'><strong>Testatum</strong></span> <span class='ocrx_word' id='word_1_206' title='bbox 2230 1411 2410 1454; x_wconf 89' lang='lat' dir='ltr'><strong>autem</strong></span> <span class='ocrx_word' id='word_1_207' title='bbox 2459 1402 2614 1456; x_wconf 90' lang='lat' dir='ltr'><strong>nobis</strong></span> <span class='ocrx_word' id='word_1_208' title='bbox 2676 1403 2976 1460; x_wconf 82' lang='lat' dir='ltr'><strong>Macrobius</strong></span> <span class='ocrx_word' id='word_1_209' title='bbox 3023 1405 3148 1462; x_wconf 90' lang='lat' dir='ltr'><strong>fecit</strong></span> <span class='ocrx_word' id='word_1_210' title='bbox 3199 1409 3384 1478; x_wconf 85' lang='lat' dir='ltr'><strong>plures</strong></span> <span class='ocrx_word' id='word_1_211' title='bbox 3430 1411 3498 1467; x_wconf 85' lang='lat' dir='ltr'><strong>ab</strong></span> 
     </span>
    </p>
   </div>
   <div class='ocr_carea' id='block_1_29' title="bbox 1895 1487 3498 1569">
    <p class='ocr_par' dir='ltr' id='par_1_29' title="bbox 1895 1487 3498 1569">
     <span class='ocr_line' id='line_1_29' title="bbox 1895 1487 3498 1569; baseline 0.01 -28"><span class='ocrx_word' id='word_1_212' title='bbox 1895 1487 1989 1541; x_wconf 93' lang='lat' dir='ltr'><strong>illo</strong></span> <span class='ocrx_word' id='word_1_213' title='bbox 2045 1489 2220 1543; x_wconf 88' lang='lat' dir='ltr'><strong>editos</strong></span> <span class='ocrx_word' id='word_1_214' title='bbox 2267 1491 2430 1546; x_wconf 86' lang='lat' dir='ltr'><strong>luisse</strong></span> <span class='ocrx_word' id='word_1_215' title='bbox 2474 1491 2795 1565; x_wconf 86' lang='lat' dir='ltr'><strong>Etymorum</strong></span> <span class='ocrx_word' id='word_1_216' title='bbox 2844 1497 3043 1564; x_wconf 87' lang='lat' dir='ltr'><strong>libros,</strong></span> <span class='ocrx_word' id='word_1_217' title='bbox 3092 1500 3247 1569; x_wconf 91' lang='lat' dir='ltr'><strong>cujus</strong></span> <span class='ocrx_word' id='word_1_218' title='bbox 3278 1502 3498 1556; x_wconf 89' lang='lat' dir='ltr'><strong>tertium</strong></span> 
     </span>
    </p>
   </div>
   <div class='ocr_carea' id='block_1_30' title="bbox 1894 1582 3498 1667">
    <p class='ocr_par' dir='ltr' id='par_1_30' title="bbox 1894 1582 3498 1667">
     <span class='ocr_line' id='line_1_30' title="bbox 1894 1582 3498 1667; baseline 0.011 -34"><span class='ocrx_word' id='word_1_219' title='bbox 1894 1582 2042 1636; x_wconf 89' lang='lat' dir='ltr'><strong>hisce</strong></span> <span class='ocrx_word' id='word_1_220' title='bbox 2084 1582 2417 1653; x_wconf 89' lang='lat' dir='ltr'><strong>totidemque</strong></span> <span class='ocrx_word' id='word_1_221' title='bbox 2459 1585 2644 1640; x_wconf 89' lang='lat' dir='ltr'><strong>citavit</strong></span> <span class='ocrx_word' id='word_1_222' title='bbox 2674 1588 2855 1643; x_wconf 87' lang='lat' dir='ltr'><strong>verbis</strong></span> <span class='ocrx_word' id='word_1_223' title='bbox 2890 1607 2903 1644; x_wconf 90' lang='lat'><strong>:</strong></span> <span class='ocrx_word' id='word_1_224' title='bbox 2938 1607 2958 1640; x_wconf 84' lang='grc'><strong><em>‹</em></strong></span> <span class='ocrx_word' id='word_1_225' title='bbox 2993 1589 3318 1649; x_wconf 89' lang='lat' dir='ltr'><strong>Cornilicius</strong></span> <span class='ocrx_word' id='word_1_226' title='bbox 3365 1594 3498 1667; x_wconf 83' lang='lat' dir='ltr'><strong>Ety-</strong></span> 
     </span>
    </p>
   </div>
   <div class='ocr_carea' id='block_1_31' title="bbox 1894 1679 3494 1759">
    <p class='ocr_par' dir='ltr' id='par_1_31' title="bbox 1894 1679 3494 1759">
     <span class='ocr_line' id='line_1_31' title="bbox 1894 1679 3494 1759; baseline 0.01 -30"><span class='ocrx_word' id='word_1_227' title='bbox 1894 1693 2104 1732; x_wconf 77' lang='lat' dir='ltr'><strong>morum</strong></span> <span class='ocrx_word' id='word_1_228' title='bbox 2170 1679 2264 1735; x_wconf 88' lang='lat' dir='ltr'><strong>lib.</strong></span> <span class='ocrx_word' id='word_1_229' title='bbox 2325 1697 2375 1733; x_wconf 90' lang='grc' dir='ltr'><strong>ιιι</strong></span> <span class='ocrx_word' id='word_1_230' title='bbox 2424 1683 2651 1749; x_wconf 84' lang='lat' dir='ltr'><strong>Cicero,</strong></span> <span class='ocrx_word' id='word_1_231' title='bbox 2708 1686 2975 1756; x_wconf 73' lang='lat' dir='ltr'><strong>«inquit,</strong></span> <span class='ocrx_word' id='word_1_232' title='bbox 3027 1705 3045 1736; x_wconf 80' lang='grc' dir='ltr'><strong>ι</strong></span> <span class='ocrx_word' id='word_1_233' title='bbox 3100 1704 3206 1742; x_wconf 88' lang='grc' dir='ltr'><strong>ιιοιι</strong></span> <span class='ocrx_word' id='word_1_234' title='bbox 3259 1688 3494 1759; x_wconf 82' lang='lat' dir='ltr'><strong>Janum,</strong></span> 
     </span>
    </p>
   </div>
   <div class='ocr_carea' id='block_1_32' title="bbox 1892 1768 3493 1850">
    <p class='ocr_par' dir='ltr' id='par_1_32' title="bbox 1892 1768 3493 1850">
     <span class='ocr_line' id='line_1_32' title="bbox 1892 1768 3493 1850; baseline 0.008 -27"><span class='ocrx_word' id='word_1_235' title='bbox 1892 1769 1984 1848; x_wconf 80' lang='lat' dir='ltr'><strong>sed</strong></span> <span class='ocrx_word' id='word_1_236' title='bbox 2018 1768 2226 1825; x_wconf 87' lang='lat' dir='ltr'><strong>Fanum</strong></span> <span class='ocrx_word' id='word_1_237' title='bbox 2281 1773 2498 1826; x_wconf 87' lang='lat' dir='ltr'><strong>nomina</strong></span> <span class='ocrx_word' id='word_1_238' title='bbox 2543 1776 2611 1829; x_wconf 91' lang='lat' dir='ltr'><strong>ab</strong></span> <span class='ocrx_word' id='word_1_239' title='bbox 2659 1776 2839 1831; x_wconf 91' lang='lat' dir='ltr'><strong>eundo</strong></span> <span class='ocrx_word' id='word_1_240' title='bbox 2879 1797 2897 1830; x_wconf 81' lang='grc' dir='ltr'><strong>ι</strong></span> <span class='ocrx_word' id='word_1_241' title='bbox 2934 1777 3219 1850; x_wconf 66' lang='lat' dir='ltr'><strong>(Macr-0b.,</strong></span> <span class='ocrx_word' id='word_1_242' title='bbox 3250 1783 3338 1836; x_wconf 91' lang='lat' dir='ltr'><strong>lib.</strong></span> <span class='ocrx_word' id='word_1_243' title='bbox 3385 1783 3493 1838; x_wconf 86' lang='lat' dir='ltr'><strong>Sa-</strong></span> 
     </span>
    </p>
   </div>
   <div class='ocr_carea' id='block_1_33' title="bbox 188 1841 1778 1944">
    <p class='ocr_par' dir='ltr' id='par_1_33' title="bbox 188 1862 1778 1944">
     <span class='ocr_line' id='line_1_33' title="bbox 188 1862 1778 1944; baseline 0.006 -28"><span class='ocrx_word' id='word_1_244' title='bbox 188 1864 464 1917; x_wconf 89' lang='lat' dir='ltr'><strong>tustissimi</strong></span> <span class='ocrx_word' id='word_1_245' title='bbox 487 1862 553 1930; x_wconf 84' lang='lat' dir='ltr'><strong>Q.</strong></span> <span class='ocrx_word' id='word_1_246' title='bbox 582 1863 781 1919; x_wconf 85' lang='lat' dir='ltr'><strong>Fabius</strong></span> <span class='ocrx_word' id='word_1_247' title='bbox 809 1874 863 1923; x_wconf 87' lang='lat' dir='ltr'><strong>et</strong></span> <span class='ocrx_word' id='word_1_248' title='bbox 907 1865 970 1931; x_wconf 85' lang='lat' dir='ltr'><strong>L,</strong></span> <span class='ocrx_word' id='word_1_249' title='bbox 1014 1864 1233 1921; x_wconf 89' lang='lat' dir='ltr'><strong>Cincius</strong></span> <span class='ocrx_word' id='word_1_250' title='bbox 1257 1911 1270 1934; x_wconf 95' lang='lat'><strong>,</strong></span> <span class='ocrx_word' id='word_1_251' title='bbox 1317 1871 1529 1930; x_wconf 78' lang='grc' dir='ltr'><strong>Λεύκιος</strong></span> <span class='ocrx_word' id='word_1_252' title='bbox 1561 1873 1778 1944; x_wconf 76' lang='grc' dir='ltr'><strong>Κίγκιος,</strong></span> 
     </span>
    </p>
   </div>
   <div class='ocr_carea' id='block_1_34' title="bbox 1896 1841 3500 1944">
    <p class='ocr_par' dir='ltr' id='par_1_34' title="bbox 1896 1841 3500 1942">
     <span class='ocr_line' id='line_1_34' title="bbox 1896 1841 3500 1942; baseline 0.01 -26"><span class='ocrx_word' id='word_1_253' title='bbox 1896 1841 2113 1929; x_wconf 81' lang='lat' dir='ltr'><strong>turnal.,</strong></span> <span class='ocrx_word' id='word_1_254' title='bbox 2147 1881 2196 1919; x_wconf 83' lang='grc' dir='ltr'>ε.</span> <span class='ocrx_word' id='word_1_255' title='bbox 2231 1866 2292 1931; x_wconf 87' lang='grc'><strong>6,</strong></span> <span class='ocrx_word' id='word_1_256' title='bbox 2325 1883 2378 1934; x_wconf 90' lang='lat' dir='ltr'><strong>p.</strong></span> <span class='ocrx_word' id='word_1_257' title='bbox 2404 1866 2561 1939; x_wconf 69' lang='lat'><strong>9.19).</strong></span> <span class='ocrx_word' id='word_1_258' title='bbox 2596 1869 2738 1924; x_wconf 89' lang='lat' dir='ltr'><strong>Alibi</strong></span> <span class='ocrx_word' id='word_1_259' title='bbox 2771 1887 2901 1925; x_wconf 86' lang='lat' dir='ltr'><strong>vero</strong></span> <span class='ocrx_word' id='word_1_260' title='bbox 2941 1841 3222 1942; x_wconf 40' lang='lat' dir='ltr'><strong>‘quosdam</strong></span> <span class='ocrx_word' id='word_1_261' title='bbox 3249 1874 3315 1929; x_wconf 87' lang='lat' dir='ltr'><strong>de</strong></span> <span class='ocrx_word' id='word_1_262' title='bbox 3361 1875 3500 1932; x_wconf 85' lang='lat' dir='ltr'><strong>Cen-</strong></span> 
     </span>
    </p>
   </div>
   <div class='ocr_carea' id='block_1_35' title="bbox 186 1957 1787 2033">
    <p class='ocr_par' dir='ltr' id='par_1_35' title="bbox 186 1957 1787 2033">
     <span class='ocr_line' id='line_1_35' title="bbox 186 1957 1787 2033; baseline 0.005 -24"><span class='ocrx_word' id='word_1_263' title='bbox 186 1957 338 2011; x_wconf 92' lang='lat' dir='ltr'><strong>ambo</strong></span> <span class='ocrx_word' id='word_1_264' title='bbox 370 1957 610 2026; x_wconf 60' lang='lat' dir='ltr'><strong>mquales</strong></span> <span class='ocrx_word' id='word_1_265' title='bbox 637 1958 796 2014; x_wconf 87' lang='lat' dir='ltr'><strong>bellis</strong></span> <span class='ocrx_word' id='word_1_266' title='bbox 841 1959 1077 2013; x_wconf 80' lang='lat' dir='ltr'><strong>Punicis.</strong></span> <span class='ocrx_word' id='word_1_267' title='bbox 1103 1959 1305 2014; x_wconf 81' lang='lat' dir='ltr'><strong>Horum</strong></span> <span class='ocrx_word' id='word_1_268' title='bbox 1335 1973 1559 2032; x_wconf 85' lang='lat' dir='ltr'><strong>uterque</strong></span> <span class='ocrx_word' id='word_1_269' title='bbox 1581 1979 1640 2018; x_wconf 80' lang='lat' dir='ltr'><strong>ea</strong></span> <span class='ocrx_word' id='word_1_270' title='bbox 1673 1964 1787 2033; x_wconf 87' lang='lat' dir='ltr'><strong>qui-</strong></span> 
     </span>
    </p>
   </div>
   <div class='ocr_carea' id='block_1_36' title="bbox 186 2050 1789 2126">
    <p class='ocr_par' dir='ltr' id='par_1_36' title="bbox 186 2050 1789 2126">
     <span class='ocr_line' id='line_1_36' title="bbox 186 2050 1789 2126; baseline 0.004 -22"><span class='ocrx_word' id='word_1_271' title='bbox 186 2050 278 2106; x_wconf 90' lang='lat' dir='ltr'><strong>bus</strong></span> <span class='ocrx_word' id='word_1_272' title='bbox 309 2051 426 2120; x_wconf 89' lang='lat' dir='ltr'><strong>ipse</strong></span> <span class='ocrx_word' id='word_1_273' title='bbox 459 2052 735 2118; x_wconf 90' lang='lat' dir='ltr'><strong>interfuit,</strong></span> <span class='ocrx_word' id='word_1_274' title='bbox 769 2062 825 2106; x_wconf 90' lang='grc' dir='ltr'><strong>ιιι</strong></span> <span class='ocrx_word' id='word_1_275' title='bbox 849 2053 1018 2119; x_wconf 87' lang='lat' dir='ltr'><strong>probe</strong></span> <span class='ocrx_word' id='word_1_276' title='bbox 1064 2053 1168 2108; x_wconf 90' lang='lat' dir='ltr'><strong>sibi</strong></span> <span class='ocrx_word' id='word_1_277' title='bbox 1215 2055 1430 2124; x_wconf 87' lang='lat' dir='ltr'><strong>cognita</strong></span> <span class='ocrx_word' id='word_1_278' title='bbox 1452 2098 1467 2119; x_wconf 95' lang='lat'><strong>,</strong></span> <span class='ocrx_word' id='word_1_279' title='bbox 1500 2056 1789 2126; x_wconf 70' lang='lat' dir='ltr'><strong>diligenter</strong></span> 
     </span>
    </p>
   </div>
   <div class='ocr_carea' id='block_1_37' title="bbox 184 2145 1786 2216">
    <p class='ocr_par' dir='ltr' id='par_1_37' title="bbox 184 2145 1786 2216">
     <span class='ocr_line' id='line_1_37' title="bbox 184 2145 1786 2216; baseline 0.006 -21"><span class='ocrx_word' id='word_1_280' title='bbox 184 2146 460 2197; x_wconf 82' lang='lat' dir='ltr'><strong>mandavit</strong></span> <span class='ocrx_word' id='word_1_281' title='bbox 489 2145 706 2198; x_wconf 88' lang='lat' dir='ltr'><strong>litteris.</strong></span> <span class='ocrx_word' id='word_1_282' title='bbox 756 2146 890 2212; x_wconf 58' lang='lat' dir='ltr'><strong>Qure</strong></span> <span class='ocrx_word' id='word_1_283' title='bbox 917 2161 1047 2200; x_wconf 87' lang='lat' dir='ltr'><strong>vero</strong></span> <span class='ocrx_word' id='word_1_284' title='bbox 1079 2147 1206 2201; x_wconf 90' lang='lat' dir='ltr'><strong>olim</strong></span> <span class='ocrx_word' id='word_1_285' title='bbox 1241 2159 1360 2216; x_wconf 91' lang='lat' dir='ltr'><strong>post</strong></span> <span class='ocrx_word' id='word_1_286' title='bbox 1395 2148 1599 2205; x_wconf 85' lang='lat' dir='ltr'><strong>Urbem</strong></span> <span class='ocrx_word' id='word_1_287' title='bbox 1651 2166 1786 2204; x_wconf 85' lang='lat' dir='ltr'><strong>con—</strong></span> 
     </span>
    </p>
   </div>
   <div class='ocr_carea' id='block_1_38' title="bbox 183 2233 1786 2305">
    <p class='ocr_par' dir='ltr' id='par_1_38' title="bbox 183 2233 1786 2305">
     <span class='ocr_line' id='line_1_38' title="bbox 183 2233 1786 2305; baseline 0.006 -17"><span class='ocrx_word' id='word_1_288' title='bbox 183 2233 342 2288; x_wconf 89' lang='lat' dir='ltr'><strong>ditam</strong></span> <span class='ocrx_word' id='word_1_289' title='bbox 366 2234 626 2305; x_wconf 82' lang='lat' dir='ltr'><strong>deinceps</strong></span> <span class='ocrx_word' id='word_1_290' title='bbox 648 2248 936 2291; x_wconf 88' lang='lat' dir='ltr'><strong>consecuta</strong></span> <span class='ocrx_word' id='word_1_291' title='bbox 979 2249 1132 2302; x_wconf 89' lang='lat' dir='ltr'><strong>sunt,</strong></span> <span class='ocrx_word' id='word_1_292' title='bbox 1168 2249 1454 2295; x_wconf 89' lang='lat' dir='ltr'><strong>contentus</strong></span> <span class='ocrx_word' id='word_1_293' title='bbox 1503 2242 1600 2296; x_wconf 90' lang='lat' dir='ltr'><strong>fuit</strong></span> <span class='ocrx_word' id='word_1_294' title='bbox 1630 2259 1786 2296; x_wconf 84' lang='lat' dir='ltr'><strong>sum-</strong></span> 
     </span>
    </p>
   </div>
   <div class='ocr_carea' id='block_1_39' title="bbox 187 2331 1783 2405">
    <p class='ocr_par' dir='ltr' id='par_1_39' title="bbox 187 2331 1783 2405">
     <span class='ocr_line' id='line_1_39' title="bbox 187 2331 1783 2405; baseline 0.008 -25"><span class='ocrx_word' id='word_1_295' title='bbox 187 2331 363 2383; x_wconf 88' lang='lat' dir='ltr'><strong>matim</strong></span> <span class='ocrx_word' id='word_1_296' title='bbox 396 2346 721 2398; x_wconf 86' lang='lat' dir='ltr'><strong>percurrere</strong></span> <span class='ocrx_word' id='word_1_297' title='bbox 773 2350 790 2382; x_wconf 82' lang='grc' dir='ltr'><strong>ι</strong></span> <span class='ocrx_word' id='word_1_298' title='bbox 828 2331 1046 2402; x_wconf 79' lang='lat' dir='ltr'><strong>(Arnob.</strong></span> <span class='ocrx_word' id='word_1_299' title='bbox 1069 2378 1082 2400; x_wconf 90' lang='lat'><strong>,</strong></span> <span class='ocrx_word' id='word_1_300' title='bbox 1114 2333 1206 2387; x_wconf 84' lang='lat' dir='ltr'><strong>lib.</strong></span> <span class='ocrx_word' id='word_1_301' title='bbox 1243 2352 1300 2389; x_wconf 89' lang='grc' dir='ltr'><strong>ιιι</strong></span> <span class='ocrx_word' id='word_1_302' title='bbox 1329 2375 1344 2400; x_wconf 88' lang='grc'><strong>,</strong></span> <span class='ocrx_word' id='word_1_303' title='bbox 1371 2353 1425 2405; x_wconf 83' lang='grc' dir='ltr'>ρ.</span> <span class='ocrx_word' id='word_1_304' title='bbox 1461 2336 1597 2404; x_wconf 66' lang='lat'><strong>£99.;</strong></span> <span class='ocrx_word' id='word_1_305' title='bbox 1626 2337 1783 2392; x_wconf 87' lang='lat' dir='ltr'><strong>Dion.</strong></span> 
     </span>
    </p>
   </div>
   <div class='ocr_carea' id='block_1_40' title="bbox 188 2420 1787 2498">
    <p class='ocr_par' dir='ltr' id='par_1_40' title="bbox 188 2420 1787 2498">
     <span class='ocr_line' id='line_1_40' title="bbox 188 2420 1787 2498; baseline 0.008 -25"><span class='ocrx_word' id='word_1_306' title='bbox 188 2420 382 2485; x_wconf 62' lang='lat' dir='ltr'><strong>Helia,</strong></span> <span class='ocrx_word' id='word_1_307' title='bbox 425 2421 514 2475; x_wconf 87' lang='lat' dir='ltr'><strong>lib.</strong></span> <span class='ocrx_word' id='word_1_308' title='bbox 548 2439 598 2488; x_wconf 91' lang='grc' dir='ltr'><strong>ι,</strong></span> <span class='ocrx_word' id='word_1_309' title='bbox 640 2441 694 2493; x_wconf 89' lang='lat' dir='ltr'><strong>p.</strong></span> <span class='ocrx_word' id='word_1_310' title='bbox 726 2424 759 2477; x_wconf 87' lang='grc'>6</span> <span class='ocrx_word' id='word_1_311' title='bbox 790 2437 835 2476; x_wconf 81' lang='lat' dir='ltr'><strong>et</strong></span> <span class='ocrx_word' id='word_1_312' title='bbox 868 2424 977 2496; x_wconf 80' lang='lat'><strong>16).</strong></span> <span class='ocrx_word' id='word_1_313' title='bbox 1015 2428 1096 2481; x_wconf 87' lang='lat' dir='ltr'><strong>Ab</strong></span> <span class='ocrx_word' id='word_1_314' title='bbox 1139 2444 1204 2482; x_wconf 89' lang='lat' dir='ltr'><strong>eo</strong></span> <span class='ocrx_word' id='word_1_315' title='bbox 1238 2445 1425 2498; x_wconf 90' lang='lat' dir='ltr'><strong>postea</strong></span> <span class='ocrx_word' id='word_1_316' title='bbox 1461 2431 1546 2484; x_wconf 89' lang='lat' dir='ltr'><strong>vir</strong></span> <span class='ocrx_word' id='word_1_317' title='bbox 1583 2442 1787 2486; x_wconf 72' lang='lat' dir='ltr'><strong>senato-</strong></span> 
     </span>
    </p>
   </div>
   <div class='ocr_carea' id='block_1_41' title="bbox 186 2515 1784 2592">
    <p class='ocr_par' dir='ltr' id='par_1_41' title="bbox 186 2515 1784 2592">
     <span class='ocr_line' id='line_1_41' title="bbox 186 2515 1784 2592; baseline 0.009 -28"><span class='ocrx_word' id='word_1_318' title='bbox 186 2515 243 2565; x_wconf 88' lang='lat' dir='ltr'><strong>rii</strong></span> <span class='ocrx_word' id='word_1_319' title='bbox 278 2516 479 2568; x_wconf 79' lang='lat' dir='ltr'><strong>ordinis</strong></span> <span class='ocrx_word' id='word_1_320' title='bbox 523 2559 536 2580; x_wconf 98' lang='lat'><strong>,</strong></span> <span class='ocrx_word' id='word_1_321' title='bbox 571 2526 624 2570; x_wconf 89' lang='lat' dir='ltr'><strong>et</strong></span> <span class='ocrx_word' id='word_1_322' title='bbox 669 2532 698 2570; x_wconf 72' lang='grc' dir='ltr'><strong>ιι</strong></span> <span class='ocrx_word' id='word_1_323' title='bbox 728 2517 887 2573; x_wconf 83' lang='lat' dir='ltr'><strong>Livio</strong></span> <span class='ocrx_word' id='word_1_324' title='bbox 915 2520 1172 2573; x_wconf 75' lang='lat' dir='ltr'><strong>maximus</strong></span> <span class='ocrx_word' id='word_1_325' title='bbox 1208 2531 1396 2575; x_wconf 86' lang='lat' dir='ltr'><strong>auctor</strong></span> <span class='ocrx_word' id='word_1_326' title='bbox 1447 2525 1748 2592; x_wconf 81' lang='lat' dir='ltr'><strong>appellatur</strong></span> <span class='ocrx_word' id='word_1_327' title='bbox 1770 2568 1784 2591; x_wconf 89' lang='lat'><strong>,</strong></span> 
     </span>
    </p>
   </div>
   <div class='ocr_carea' id='block_1_42' title="bbox 186 2607 1786 2687">
    <p class='ocr_par' dir='ltr' id='par_1_42' title="bbox 186 2607 1786 2687">
     <span class='ocr_line' id='line_1_42' title="bbox 186 2607 1786 2687; baseline 0.009 -29"><span class='ocrx_word' id='word_1_328' title='bbox 186 2607 279 2658; x_wconf 82' lang='lat' dir='ltr'><strong>nisi</strong></span> <span class='ocrx_word' id='word_1_329' title='bbox 309 2607 362 2660; x_wconf 90' lang='lat' dir='ltr'><strong>in</strong></span> <span class='ocrx_word' id='word_1_330' title='bbox 399 2609 504 2662; x_wconf 87' lang='lat' dir='ltr'><strong>hoc</strong></span> <span class='ocrx_word' id='word_1_331' title='bbox 537 2609 672 2663; x_wconf 81' lang='lat' dir='ltr'><strong>Livii</strong></span> <span class='ocrx_word' id='word_1_332' title='bbox 704 2610 824 2666; x_wconf 91' lang='lat' dir='ltr'><strong>loco</strong></span> <span class='ocrx_word' id='word_1_333' title='bbox 845 2656 857 2672; x_wconf 93' lang='lat'><strong>,</strong></span> <span class='ocrx_word' id='word_1_334' title='bbox 912 2629 1008 2681; x_wconf 89' lang='lat' dir='ltr'><strong>pro</strong></span> <span class='ocrx_word' id='word_1_335' title='bbox 1040 2614 1290 2672; x_wconf 70' lang='lat' dir='ltr'><strong>maximus</strong></span> <span class='ocrx_word' id='word_1_336' title='bbox 1312 2659 1326 2682; x_wconf 96' lang='lat'><strong>,</strong></span> <span class='ocrx_word' id='word_1_337' title='bbox 1377 2627 1432 2670; x_wconf 93' lang='lat' dir='ltr'><strong>ut</strong></span> <span class='ocrx_word' id='word_1_338' title='bbox 1475 2618 1526 2671; x_wconf 89' lang='lat' dir='ltr'><strong>in</strong></span> <span class='ocrx_word' id='word_1_339' title='bbox 1561 2618 1786 2687; x_wconf 87' lang='lat' dir='ltr'><strong>quibus-</strong></span> 
     </span>
    </p>
   </div>
   <div class='ocr_carea' id='block_1_43' title="bbox 186 2700 1782 2782">
    <p class='ocr_par' dir='ltr' id='par_1_43' title="bbox 186 2700 1782 2782">
     <span class='ocr_line' id='line_1_43' title="bbox 186 2700 1782 2782; baseline 0.009 -30"><span class='ocrx_word' id='word_1_340' title='bbox 186 2700 302 2753; x_wconf 81' lang='lat' dir='ltr'><strong>dam</strong></span> <span class='ocrx_word' id='word_1_341' title='bbox 333 2702 500 2756; x_wconf 88' lang='lat' dir='ltr'><strong>editis</strong></span> <span class='ocrx_word' id='word_1_342' title='bbox 534 2706 752 2757; x_wconf 72' lang='lat' dir='ltr'><strong>maxime</strong></span> <span class='ocrx_word' id='word_1_343' title='bbox 784 2720 1013 2760; x_wconf 80' lang='lat' dir='ltr'><strong>censeas</strong></span> <span class='ocrx_word' id='word_1_344' title='bbox 1039 2707 1323 2777; x_wconf 80' lang='lat' dir='ltr'><strong>legendum</strong></span> <span class='ocrx_word' id='word_1_345' title='bbox 1353 2710 1485 2782; x_wconf 85' lang='lat' dir='ltr'><strong>(Liv.</strong></span> <span class='ocrx_word' id='word_1_346' title='bbox 1507 2753 1522 2776; x_wconf 92' lang='lat'><strong>,</strong></span> <span class='ocrx_word' id='word_1_347' title='bbox 1556 2712 1642 2765; x_wconf 77' lang='lat' dir='ltr'><strong>lib.</strong></span> <span class='ocrx_word' id='word_1_348' title='bbox 1670 2730 1782 2781; x_wconf 68' lang='grc' dir='ltr'><strong>χχι,</strong></span> 
     </span>
    </p>
   </div>
   <div class='ocr_carea' id='block_1_44' title="bbox 186 2795 1785 2867">
    <p class='ocr_par' dir='ltr' id='par_1_44' title="bbox 186 2795 1785 2867">
     <span class='ocr_line' id='line_1_44' title="bbox 186 2795 1785 2867; baseline 0.009 -19"><span class='ocrx_word' id='word_1_349' title='bbox 186 2812 231 2852; x_wconf 84' lang='lat' dir='ltr'><strong>c.</strong></span> <span class='ocrx_word' id='word_1_350' title='bbox 263 2795 376 2867; x_wconf 76' lang='grc'>58).</span> <span class='ocrx_word' id='word_1_351' title='bbox 410 2796 563 2850; x_wconf 85' lang='lat' dir='ltr'><strong>Illius</strong></span> <span class='ocrx_word' id='word_1_352' title='bbox 598 2815 758 2867; x_wconf 89' lang='lat' dir='ltr'><strong>porro</strong></span> <span class='ocrx_word' id='word_1_353' title='bbox 792 2800 984 2854; x_wconf 87' lang='lat' dir='ltr'><strong>librum</strong></span> <span class='ocrx_word' id='word_1_354' title='bbox 1032 2803 1098 2855; x_wconf 87' lang='lat' dir='ltr'><strong>tle</strong></span> <span class='ocrx_word' id='word_1_355' title='bbox 1129 2802 1307 2856; x_wconf 74' lang='lat' dir='ltr'><strong>Fastis</strong></span> <span class='ocrx_word' id='word_1_356' title='bbox 1350 2806 1536 2859; x_wconf 80' lang='lat' dir='ltr'><strong>citavit</strong></span> <span class='ocrx_word' id='word_1_357' title='bbox 1577 2807 1785 2862; x_wconf 85' lang='lat' dir='ltr'><strong>Macro-</strong></span> 
     </span>
    </p>
   </div>
   <div class='ocr_carea' id='block_1_45' title="bbox 184 2889 1786 2966">
    <p class='ocr_par' dir='ltr' id='par_1_45' title="bbox 184 2889 1786 2966">
     <span class='ocr_line' id='line_1_45' title="bbox 184 2889 1786 2966; baseline 0.011 -26"><span class='ocrx_word' id='word_1_358' title='bbox 184 2889 298 2945; x_wconf 89' lang='lat' dir='ltr'><strong>bius</strong></span> <span class='ocrx_word' id='word_1_359' title='bbox 329 2909 340 2942; x_wconf 92' lang='lat'><strong>:</strong></span> <span class='ocrx_word' id='word_1_360' title='bbox 374 2890 589 2946; x_wconf 86' lang='lat' dir='ltr'><strong>Gellius</strong></span> <span class='ocrx_word' id='word_1_361' title='bbox 639 2908 772 2947; x_wconf 83' lang='lat' dir='ltr'><strong>vero</strong></span> <span class='ocrx_word' id='word_1_362' title='bbox 801 2897 946 2948; x_wconf 88' lang='lat' dir='ltr'><strong>varia</strong></span> <span class='ocrx_word' id='word_1_363' title='bbox 995 2895 1120 2950; x_wconf 85' lang='lat' dir='ltr'><strong>libri</strong></span> <span class='ocrx_word' id='word_1_364' title='bbox 1169 2898 1287 2966; x_wconf 85' lang='lat' dir='ltr'><strong>ejus</strong></span> <span class='ocrx_word' id='word_1_365' title='bbox 1330 2898 1397 2951; x_wconf 89' lang='lat' dir='ltr'><strong>de</strong></span> <span class='ocrx_word' id='word_1_366' title='bbox 1455 2915 1510 2953; x_wconf 89' lang='lat' dir='ltr'><strong>re</strong></span> <span class='ocrx_word' id='word_1_367' title='bbox 1566 2901 1786 2957; x_wconf 75' lang='lat' dir='ltr'><strong>militari</strong></span> 
     </span>
    </p>
   </div>
   <div class='ocr_carea' id='block_1_46' title="bbox 184 2982 1783 3063">
    <p class='ocr_par' dir='ltr' id='par_1_46' title="bbox 184 2982 1783 3063">
     <span class='ocr_line' id='line_1_46' title="bbox 184 2982 1783 3063; baseline 0.009 -28"><span class='ocrx_word' id='word_1_368' title='bbox 184 2982 483 3054; x_wconf 81' lang='lat' dir='ltr'><strong>fragmenta</strong></span> <span class='ocrx_word' id='word_1_369' title='bbox 523 2989 885 3057; x_wconf 87' lang='lat' dir='ltr'><strong>transcripsit.</strong></span> <span class='ocrx_word' id='word_1_370' title='bbox 921 2988 1079 3042; x_wconf 89' lang='lat' dir='ltr'><strong>Plura</strong></span> <span class='ocrx_word' id='word_1_371' title='bbox 1108 2989 1175 3044; x_wconf 88' lang='lat' dir='ltr'><strong>de</strong></span> <span class='ocrx_word' id='word_1_372' title='bbox 1211 3006 1278 3044; x_wconf 91' lang='lat' dir='ltr'><strong>eo</strong></span> <span class='ocrx_word' id='word_1_373' title='bbox 1312 2991 1534 3046; x_wconf 82' lang='lat' dir='ltr'><strong>Vossius</strong></span> <span class='ocrx_word' id='word_1_374' title='bbox 1558 3036 1571 3054; x_wconf 83' lang='lat'><strong>,</strong></span> <span class='ocrx_word' id='word_1_375' title='bbox 1624 3010 1783 3063; x_wconf 87' lang='lat' dir='ltr'><strong>quem</strong></span> 
     </span>
    </p>
   </div>
   <div class='ocr_carea' id='block_1_47' title="bbox 183 3078 1782 3153">
    <p class='ocr_par' dir='ltr' id='par_1_47' title="bbox 183 3078 1782 3153">
     <span class='ocr_line' id='line_1_47' title="bbox 183 3078 1782 3153; baseline 0.006 -23"><span class='ocrx_word' id='word_1_376' title='bbox 183 3079 222 3131; x_wconf 90' lang='lat' dir='ltr'><strong>si</strong></span> <span class='ocrx_word' id='word_1_377' title='bbox 270 3078 458 3143; x_wconf 87' lang='lat' dir='ltr'><strong>lubet,</strong></span> <span class='ocrx_word' id='word_1_378' title='bbox 509 3079 661 3134; x_wconf 88' lang='lat' dir='ltr'><strong>adire</strong></span> <span class='ocrx_word' id='word_1_379' title='bbox 710 3083 911 3148; x_wconf 87' lang='lat' dir='ltr'><strong>poteris</strong></span> <span class='ocrx_word' id='word_1_380' title='bbox 953 3081 1246 3150; x_wconf 57' lang='lat' dir='ltr'><strong>(Macrob,</strong></span> <span class='ocrx_word' id='word_1_381' title='bbox 1289 3085 1378 3138; x_wconf 88' lang='lat' dir='ltr'><strong>lib.</strong></span> <span class='ocrx_word' id='word_1_382' title='bbox 1426 3085 1782 3153; x_wconf 85' lang='lat' dir='ltr'><strong>tSaturnal.,</strong></span> 
     </span>
    </p>
   </div>
   <div class='ocr_carea' id='block_1_48' title="bbox 182 3170 1786 3245">
    <p class='ocr_par' dir='ltr' id='par_1_48' title="bbox 182 3170 1786 3245">
     <span class='ocr_line' id='line_1_48' title="bbox 182 3170 1786 3245; baseline 0.008 -23"><span class='ocrx_word' id='word_1_383' title='bbox 182 3185 222 3222; x_wconf 91' lang='lat' dir='ltr'><strong>c.</strong></span> <span class='ocrx_word' id='word_1_384' title='bbox 265 3171 362 3234; x_wconf 67' lang='lat'><strong>19.;</strong></span> <span class='ocrx_word' id='word_1_385' title='bbox 420 3170 600 3236; x_wconf 57' lang='grc' dir='ltr'><strong>[λέπη</strong></span> <span class='ocrx_word' id='word_1_386' title='bbox 649 3173 741 3227; x_wconf 87' lang='lat' dir='ltr'><strong>lib.</strong></span> <span class='ocrx_word' id='word_1_387' title='bbox 773 3189 865 3227; x_wconf 77' lang='grc' dir='ltr'><strong>ιινι</strong></span> <span class='ocrx_word' id='word_1_388' title='bbox 916 3173 1072 3228; x_wconf 81' lang='lat' dir='ltr'><strong>Nocl.</strong></span> <span class='ocrx_word' id='word_1_389' title='bbox 1111 3176 1256 3243; x_wconf 81' lang='lat' dir='ltr'><strong>Att.,</strong></span> <span class='ocrx_word' id='word_1_390' title='bbox 1307 3195 1352 3232; x_wconf 89' lang='lat' dir='ltr'><strong>c.</strong></span> <span class='ocrx_word' id='word_1_391' title='bbox 1383 3179 1440 3244; x_wconf 66' lang='lat'><strong>4;</strong></span> <span class='ocrx_word' id='word_1_392' title='bbox 1496 3179 1666 3245; x_wconf 79' lang='lat' dir='ltr'><strong>l&quot;oss.,</strong></span> <span class='ocrx_word' id='word_1_393' title='bbox 1723 3182 1786 3236; x_wconf 84' lang='lat' dir='ltr'><strong>de</strong></span> 
     </span>
    </p>
   </div>
   <div class='ocr_carea' id='block_1_49' title="bbox 1892 1958 3496 2028">
    <p class='ocr_par' dir='ltr' id='par_1_49' title="bbox 1892 1958 3496 2028">
     <span class='ocr_line' id='line_1_49' title="bbox 1892 1958 3496 2028; baseline 0.013 -20"><span class='ocrx_word' id='word_1_394' title='bbox 1892 1958 2060 2011; x_wconf 85' lang='lat' dir='ltr'><strong>tauris</strong></span> <span class='ocrx_word' id='word_1_395' title='bbox 2087 1974 2276 2012; x_wconf 77' lang='lat' dir='ltr'><strong>versus</strong></span> <span class='ocrx_word' id='word_1_396' title='bbox 2308 1961 2376 2015; x_wconf 91' lang='lat' dir='ltr'><strong>ab</strong></span> <span class='ocrx_word' id='word_1_397' title='bbox 2415 1960 2511 2016; x_wconf 91' lang='lat' dir='ltr'><strong>illo</strong></span> <span class='ocrx_word' id='word_1_398' title='bbox 2552 1964 2604 2015; x_wconf 87' lang='lat' dir='ltr'><strong>in</strong></span> <span class='ocrx_word' id='word_1_399' title='bbox 2637 1962 2836 2018; x_wconf 82' lang='lat' dir='ltr'><strong>Glauco</strong></span> <span class='ocrx_word' id='word_1_400' title='bbox 2878 1966 3193 2024; x_wconf 80' lang='lat' dir='ltr'><strong>decantatas</strong></span> <span class='ocrx_word' id='word_1_401' title='bbox 3243 1974 3496 2028; x_wconf 84' lang='lat' dir='ltr'><strong>transcri-</strong></span> 
     </span>
    </p>
   </div>
   <div class='ocr_carea' id='block_1_50' title="bbox 1893 2051 3501 2131">
    <p class='ocr_par' dir='ltr' id='par_1_50' title="bbox 1893 2051 3501 2131">
     <span class='ocr_line' id='line_1_50' title="bbox 1893 2051 3501 2131; baseline 0.013 -29"><span class='ocrx_word' id='word_1_402' title='bbox 1893 2051 1998 2119; x_wconf 87' lang='lat' dir='ltr'><strong>psit</strong></span> <span class='ocrx_word' id='word_1_403' title='bbox 2029 2051 2194 2121; x_wconf 87' lang='lat' dir='ltr'><strong>(Ibid.</strong></span> <span class='ocrx_word' id='word_1_404' title='bbox 2219 2096 2234 2121; x_wconf 90' lang='lat'><strong>,</strong></span> <span class='ocrx_word' id='word_1_405' title='bbox 2269 2053 2356 2108; x_wconf 93' lang='lat' dir='ltr'><strong>lib.</strong></span> <span class='ocrx_word' id='word_1_406' title='bbox 2398 2071 2452 2109; x_wconf 82' lang='lat' dir='ltr'><strong>Vl</strong></span> <span class='ocrx_word' id='word_1_407' title='bbox 2475 2098 2488 2120; x_wconf 95' lang='lat'><strong>,</strong></span> <span class='ocrx_word' id='word_1_408' title='bbox 2518 2073 2566 2109; x_wconf 80' lang='grc' dir='ltr'>ε.</span> <span class='ocrx_word' id='word_1_409' title='bbox 2590 2058 2643 2123; x_wconf 76' lang='lat'><strong>4,</strong></span> <span class='ocrx_word' id='word_1_410' title='bbox 2681 2077 2734 2129; x_wconf 89' lang='lat' dir='ltr'><strong>p,</strong></span> <span class='ocrx_word' id='word_1_411' title='bbox 2759 2057 2908 2131; x_wconf 63' lang='lat' dir='ltr'><strong>48b).</strong></span> <span class='ocrx_word' id='word_1_412' title='bbox 2935 2063 3003 2114; x_wconf 88' lang='lat' dir='ltr'><strong>At</strong></span> <span class='ocrx_word' id='word_1_413' title='bbox 3031 2077 3208 2117; x_wconf 87' lang='lat' dir='ltr'><strong>nonne</strong></span> <span class='ocrx_word' id='word_1_414' title='bbox 3231 2063 3356 2120; x_wconf 89' lang='lat' dir='ltr'><strong>hinc</strong></span> <span class='ocrx_word' id='word_1_415' title='bbox 3387 2067 3501 2123; x_wconf 86' lang='lat' dir='ltr'><strong>coi-</strong></span> 
     </span>
    </p>
   </div>
   <div class='ocr_carea' id='block_1_51' title="bbox 1894 2145 3500 2221">
    <p class='ocr_par' dir='ltr' id='par_1_51' title="bbox 1894 2145 3500 2221">
     <span class='ocr_line' id='line_1_51' title="bbox 1894 2145 3500 2221; baseline 0.014 -25"><span class='ocrx_word' id='word_1_416' title='bbox 1894 2145 1981 2215; x_wconf 84' lang='lat' dir='ltr'><strong>ligi</strong></span> <span class='ocrx_word' id='word_1_417' title='bbox 2017 2156 2197 2216; x_wconf 87' lang='lat' dir='ltr'><strong>potest</strong></span> <span class='ocrx_word' id='word_1_418' title='bbox 2231 2150 2406 2217; x_wconf 89' lang='lat' dir='ltr'><strong>ipsum</strong></span> <span class='ocrx_word' id='word_1_419' title='bbox 2447 2166 2569 2206; x_wconf 88' lang='lat' dir='ltr'><strong>esse</strong></span> <span class='ocrx_word' id='word_1_420' title='bbox 2600 2152 2668 2206; x_wconf 85' lang='lat' dir='ltr'><strong>tle</strong></span> <span class='ocrx_word' id='word_1_421' title='bbox 2694 2169 2799 2221; x_wconf 89' lang='lat' dir='ltr'><strong>quo</strong></span> <span class='ocrx_word' id='word_1_422' title='bbox 2830 2153 3098 2210; x_wconf 88' lang='lat' dir='ltr'><strong>Eusebius</strong></span> <span class='ocrx_word' id='word_1_423' title='bbox 3133 2159 3184 2212; x_wconf 91' lang='lat' dir='ltr'><strong>in</strong></span> <span class='ocrx_word' id='word_1_424' title='bbox 3230 2160 3500 2217; x_wconf 88' lang='lat' dir='ltr'><strong>Chronico</strong></span> 
     </span>
    </p>
   </div>
   <div class='ocr_carea' id='block_1_52' title="bbox 1892 2239 3502 2315">
    <p class='ocr_par' dir='ltr' id='par_1_52' title="bbox 1892 2239 3502 2315">
     <span class='ocr_line' id='line_1_52' title="bbox 1892 2239 3502 2315; baseline 0.011 -23"><span class='ocrx_word' id='word_1_425' title='bbox 1892 2239 1969 2292; x_wconf 88' lang='lat' dir='ltr'><strong>sic</strong></span> <span class='ocrx_word' id='word_1_426' title='bbox 1999 2241 2237 2310; x_wconf 88' lang='lat' dir='ltr'><strong>loqttitur</strong></span> <span class='ocrx_word' id='word_1_427' title='bbox 2270 2261 2283 2296; x_wconf 85' lang='lat'><strong>:</strong></span> <span class='ocrx_word' id='word_1_428' title='bbox 2325 2264 2343 2295; x_wconf 77' lang='grc' dir='ltr'><strong>ι</strong></span> <span class='ocrx_word' id='word_1_429' title='bbox 2381 2243 2700 2300; x_wconf 81' lang='lat' dir='ltr'><strong>Corniﬁcius</strong></span> <span class='ocrx_word' id='word_1_430' title='bbox 2728 2257 2884 2315; x_wconf 86' lang='lat' dir='ltr'><strong>poeta</strong></span> <span class='ocrx_word' id='word_1_431' title='bbox 2918 2264 2947 2302; x_wconf 88' lang='lat' dir='ltr'><strong>a</strong></span> <span class='ocrx_word' id='word_1_432' title='bbox 2981 2251 3244 2305; x_wconf 90' lang='lat' dir='ltr'><strong>militibus</strong></span> <span class='ocrx_word' id='word_1_433' title='bbox 3275 2253 3502 2310; x_wconf 86' lang='lat' dir='ltr'><strong>destitu-</strong></span> 
     </span>
    </p>
   </div>
   <div class='ocr_carea' id='block_1_53' title="bbox 1892 2332 3501 2418">
    <p class='ocr_par' dir='ltr' id='par_1_53' title="bbox 1892 2332 3501 2418">
     <span class='ocr_line' id='line_1_53' title="bbox 1892 2332 3501 2418; baseline 0.012 -34"><span class='ocrx_word' id='word_1_434' title='bbox 1892 2341 1978 2384; x_wconf 89' lang='lat' dir='ltr'><strong>tus</strong></span> <span class='ocrx_word' id='word_1_435' title='bbox 2000 2332 2232 2400; x_wconf 88' lang='lat' dir='ltr'><strong>interiit,</strong></span> <span class='ocrx_word' id='word_1_436' title='bbox 2263 2352 2399 2401; x_wconf 92' lang='lat' dir='ltr'><strong>quos</strong></span> <span class='ocrx_word' id='word_1_437' title='bbox 2428 2352 2572 2406; x_wconf 67' lang='lat' dir='ltr'><strong>smpe</strong></span> <span class='ocrx_word' id='word_1_438' title='bbox 2604 2337 2871 2408; x_wconf 81' lang='lat' dir='ltr'><strong>fugientes</strong></span> <span class='ocrx_word' id='word_1_439' title='bbox 2892 2345 3135 2412; x_wconf 69' lang='lat' dir='ltr'><strong>galeatos</strong></span> <span class='ocrx_word' id='word_1_440' title='bbox 3169 2345 3383 2414; x_wconf 81' lang='lat' dir='ltr'><strong>lepores</strong></span> <span class='ocrx_word' id='word_1_441' title='bbox 3406 2363 3501 2418; x_wconf 86' lang='lat' dir='ltr'><strong>ap-</strong></span> 
     </span>
    </p>
   </div>
   <div class='ocr_carea' id='block_1_54' title="bbox 1892 2428 3503 2507">
    <p class='ocr_par' dir='ltr' id='par_1_54' title="bbox 1892 2428 3503 2507">
     <span class='ocr_line' id='line_1_54' title="bbox 1892 2428 3503 2507; baseline 0.01 -27"><span class='ocrx_word' id='word_1_442' title='bbox 1892 2428 2147 2495; x_wconf 88' lang='lat' dir='ltr'><strong>pellabat.</strong></span> <span class='ocrx_word' id='word_1_443' title='bbox 2202 2430 2370 2499; x_wconf 88' lang='lat' dir='ltr'><strong>llujus</strong></span> <span class='ocrx_word' id='word_1_444' title='bbox 2417 2447 2573 2486; x_wconf 88' lang='lat' dir='ltr'><strong>soror</strong></span> <span class='ocrx_word' id='word_1_445' title='bbox 2629 2431 2954 2502; x_wconf 88' lang='lat' dir='ltr'><strong>Cornilicia,</strong></span> <span class='ocrx_word' id='word_1_446' title='bbox 2988 2437 3142 2507; x_wconf 79' lang='lat' dir='ltr'><strong>cujus</strong></span> <span class='ocrx_word' id='word_1_447' title='bbox 3183 2444 3503 2496; x_wconf 80' lang='lat' dir='ltr'><strong>exstantiu-</strong></span> 
     </span>
    </p>
   </div>
   <div class='ocr_carea' id='block_1_55' title="bbox 1892 2520 3498 2607">
    <p class='ocr_par' dir='ltr' id='par_1_55' title="bbox 1892 2520 3498 2607">
     <span class='ocr_line' id='line_1_55' title="bbox 1892 2520 3498 2607; baseline 0.012 -35"><span class='ocrx_word' id='word_1_448' title='bbox 1892 2520 2060 2590; x_wconf 80' lang='lat' dir='ltr'><strong>signia</strong></span> <span class='ocrx_word' id='word_1_449' title='bbox 2079 2523 2464 2592; x_wconf 86' lang='lat' dir='ltr'><strong>epigrammata</strong></span> <span class='ocrx_word' id='word_1_450' title='bbox 2493 2543 2510 2575; x_wconf 88' lang='grc' dir='ltr'><strong>ι</strong></span> <span class='ocrx_word' id='word_1_451' title='bbox 2547 2525 2789 2595; x_wconf 84' lang='lat' dir='ltr'><strong>(Euseb..</strong></span> <span class='ocrx_word' id='word_1_452' title='bbox 2822 2527 3013 2584; x_wconf 84' lang='lat' dir='ltr'><strong>Chron.</strong></span> <span class='ocrx_word' id='word_1_453' title='bbox 3048 2531 3118 2585; x_wconf 86' lang='lat' dir='ltr'><strong>ad</strong></span> <span class='ocrx_word' id='word_1_454' title='bbox 3146 2550 3270 2587; x_wconf 87' lang='lat' dir='ltr'><strong>ann.</strong></span> <span class='ocrx_word' id='word_1_455' title='bbox 3306 2536 3498 2607; x_wconf 70' lang='lat'><strong>1:376).</strong></span> 
     </span>
    </p>
   </div>
   <div class='ocr_carea' id='block_1_56' title="bbox 1893 2611 3498 2696">
    <p class='ocr_par' dir='ltr' id='par_1_56' title="bbox 1893 2611 3498 2696">
     <span class='ocr_line' id='line_1_56' title="bbox 1893 2611 3498 2696; baseline 0.012 -33"><span class='ocrx_word' id='word_1_456' title='bbox 1893 2613 2006 2663; x_wconf 81' lang='lat' dir='ltr'><strong>Non</strong></span> <span class='ocrx_word' id='word_1_457' title='bbox 2039 2611 2252 2667; x_wconf 87' lang='lat' dir='ltr'><strong>dubitat</strong></span> <span class='ocrx_word' id='word_1_458' title='bbox 2282 2613 2503 2670; x_wconf 84' lang='lat' dir='ltr'><strong>Vossius</strong></span> <span class='ocrx_word' id='word_1_459' title='bbox 2535 2619 2661 2686; x_wconf 91' lang='lat' dir='ltr'><strong>quin</strong></span> <span class='ocrx_word' id='word_1_460' title='bbox 2701 2619 2744 2671; x_wconf 90' lang='lat' dir='ltr'><strong>is</strong></span> <span class='ocrx_word' id='word_1_461' title='bbox 2786 2619 2928 2674; x_wconf 90' lang='lat' dir='ltr'><strong>idem</strong></span> <span class='ocrx_word' id='word_1_462' title='bbox 2962 2622 3066 2687; x_wconf 83' lang='lat' dir='ltr'><strong>sit,</strong></span> <span class='ocrx_word' id='word_1_463' title='bbox 3099 2632 3260 2694; x_wconf 88' lang='lat' dir='ltr'><strong>atque.</strong></span> <span class='ocrx_word' id='word_1_464' title='bbox 3292 2624 3498 2696; x_wconf 81' lang='lat' dir='ltr'><strong>Virgilii</strong></span> 
     </span>
    </p>
   </div>
   <div class='ocr_carea' id='block_1_57' title="bbox 1892 2705 3499 2784">
    <p class='ocr_par' dir='ltr' id='par_1_57' title="bbox 1892 2705 3499 2784">
     <span class='ocr_line' id='line_1_57' title="bbox 1892 2705 3499 2784; baseline 0.012 -29"><span class='ocrx_word' id='word_1_465' title='bbox 1892 2705 2246 2768; x_wconf 82' lang='lat' dir='ltr'><strong>obtrectator,</strong></span> <span class='ocrx_word' id='word_1_466' title='bbox 2309 2707 2375 2760; x_wconf 91' lang='lat' dir='ltr'><strong>de</strong></span> <span class='ocrx_word' id='word_1_467' title='bbox 2426 2724 2533 2776; x_wconf 86' lang='lat' dir='ltr'><strong>quo</strong></span> <span class='ocrx_word' id='word_1_468' title='bbox 2591 2709 2643 2763; x_wconf 89' lang='lat' dir='ltr'><strong>in</strong></span> <span class='ocrx_word' id='word_1_469' title='bbox 2690 2712 2795 2764; x_wconf 89' lang='lat' dir='ltr'><strong>vita</strong></span> <span class='ocrx_word' id='word_1_470' title='bbox 2846 2713 2963 2782; x_wconf 87' lang='lat' dir='ltr'><strong>ejus</strong></span> <span class='ocrx_word' id='word_1_471' title='bbox 3026 2717 3168 2784; x_wconf 87' lang='lat' dir='ltr'><strong>apud</strong></span> <span class='ocrx_word' id='word_1_472' title='bbox 3231 2718 3499 2775; x_wconf 89' lang='lat' dir='ltr'><strong>Donatum</strong></span> 
     </span>
    </p>
   </div>
   <div class='ocr_carea' id='block_1_58' title="bbox 1893 2796 3497 2874">
    <p class='ocr_par' dir='ltr' id='par_1_58' title="bbox 1893 2796 3497 2874">
     <span class='ocr_line' id='line_1_58' title="bbox 1893 2796 3497 2874; baseline 0.012 -25"><span class='ocrx_word' id='word_1_473' title='bbox 1893 2796 2068 2865; x_wconf 72' lang='lat' dir='ltr'><strong>(Voss.</strong></span> <span class='ocrx_word' id='word_1_474' title='bbox 2091 2840 2105 2860; x_wconf 86' lang='lat'><strong>,</strong></span> <span class='ocrx_word' id='word_1_475' title='bbox 2136 2802 2198 2851; x_wconf 84' lang='lat' dir='ltr'><strong>de</strong></span> <span class='ocrx_word' id='word_1_476' title='bbox 2228 2798 2375 2854; x_wconf 81' lang='lat' dir='ltr'><strong>Poet.</strong></span> <span class='ocrx_word' id='word_1_477' title='bbox 2421 2802 2512 2856; x_wconf 84' lang='lat' dir='ltr'><strong>lat.</strong></span> <span class='ocrx_word' id='word_1_478' title='bbox 2538 2845 2550 2864; x_wconf 95' lang='lat'><strong>,</strong></span> <span class='ocrx_word' id='word_1_479' title='bbox 2585 2822 2637 2872; x_wconf 78' lang='grc' dir='ltr'>ρ.</span> <span class='ocrx_word' id='word_1_480' title='bbox 2665 2803 2781 2874; x_wconf 68' lang='grc'>22).</span> <span class='ocrx_word' id='word_1_481' title='bbox 2833 2805 2941 2860; x_wconf 86' lang='lat' dir='ltr'><strong>Sed</strong></span> <span class='ocrx_word' id='word_1_482' title='bbox 2991 2807 3184 2863; x_wconf 89' lang='lat' dir='ltr'><strong>dubius</strong></span> <span class='ocrx_word' id='word_1_483' title='bbox 3229 2809 3400 2867; x_wconf 71' lang='lat' dir='ltr'><strong>htcret</strong></span> <span class='ocrx_word' id='word_1_484' title='bbox 3430 2831 3497 2868; x_wconf 84' lang='lat' dir='ltr'><strong>an</strong></span> 
     </span>
    </p>
   </div>
   <div class='ocr_carea' id='block_1_59' title="bbox 1896 2890 3501 2975">
    <p class='ocr_par' dir='ltr' id='par_1_59' title="bbox 1896 2890 3501 2975">
     <span class='ocr_line' id='line_1_59' title="bbox 1896 2890 3501 2975; baseline 0.012 -34"><span class='ocrx_word' id='word_1_485' title='bbox 1896 2890 1981 2942; x_wconf 88' lang='lat' dir='ltr'><strong>ille</strong></span> <span class='ocrx_word' id='word_1_486' title='bbox 2021 2890 2217 2954; x_wconf 82' lang='lat' dir='ltr'><strong>fuerit,</strong></span> <span class='ocrx_word' id='word_1_487' title='bbox 2265 2893 2328 2945; x_wconf 88' lang='lat' dir='ltr'><strong>ad</strong></span> <span class='ocrx_word' id='word_1_488' title='bbox 2377 2909 2534 2964; x_wconf 74' lang='lat' dir='ltr'><strong>quem</strong></span> <span class='ocrx_word' id='word_1_489' title='bbox 2591 2897 2768 2950; x_wconf 89' lang='lat' dir='ltr'><strong>adhuc</strong></span> <span class='ocrx_word' id='word_1_490' title='bbox 2824 2898 3076 2968; x_wconf 81' lang='lat' dir='ltr'><strong>leguntur</strong></span> <span class='ocrx_word' id='word_1_491' title='bbox 3140 2902 3335 2959; x_wconf 88' lang='lat' dir='ltr'><strong>Catulli</strong></span> <span class='ocrx_word' id='word_1_492' title='bbox 3385 2907 3501 2975; x_wconf 82' lang='lat' dir='ltr'><strong>epi-</strong></span> 
     </span>
    </p>
   </div>
   <div class='ocr_carea' id='block_1_60' title="bbox 1892 2985 3496 3067">
    <p class='ocr_par' dir='ltr' id='par_1_60' title="bbox 1892 2985 3496 3067">
     <span class='ocr_line' id='line_1_60' title="bbox 1892 2985 3496 3067; baseline 0.012 -32"><span class='ocrx_word' id='word_1_493' title='bbox 1892 2999 2133 3052; x_wconf 65' lang='lat' dir='ltr'><strong>gramma</strong></span> <span class='ocrx_word' id='word_1_494' title='bbox 2159 2985 2373 3051; x_wconf 78' lang='lat' dir='ltr'><strong>(Catull.</strong></span> <span class='ocrx_word' id='word_1_495' title='bbox 2400 2989 2652 3057; x_wconf 81' lang='lat' dir='ltr'><strong>epigram.</strong></span> <span class='ocrx_word' id='word_1_496' title='bbox 2682 2990 2804 3063; x_wconf 80' lang='grc'><strong>56),</strong></span> <span class='ocrx_word' id='word_1_497' title='bbox 2829 3007 2892 3046; x_wconf 90' lang='lat' dir='ltr'><strong>ac</strong></span> <span class='ocrx_word' id='word_1_498' title='bbox 2915 2994 3194 3050; x_wconf 85' lang='lat' dir='ltr'><strong>Ciceronis</strong></span> <span class='ocrx_word' id='word_1_499' title='bbox 3215 2997 3496 3067; x_wconf 64' lang='lat' dir='ltr'><strong>epistolae;</strong></span> 
     </span>
    </p>
   </div>
   <div class='ocr_carea' id='block_1_61' title="bbox 1893 3080 3501 3151">
    <p class='ocr_par' dir='ltr' id='par_1_61' title="bbox 1893 3080 3501 3151">
     <span class='ocr_line' id='line_1_61' title="bbox 1893 3080 3501 3151; baseline 0.014 -23"><span class='ocrx_word' id='word_1_500' title='bbox 1893 3090 2071 3130; x_wconf 89' lang='lat' dir='ltr'><strong>ntrnm</strong></span> <span class='ocrx_word' id='word_1_501' title='bbox 2100 3080 2260 3133; x_wconf 87' lang='lat' dir='ltr'><strong>etiam</strong></span> <span class='ocrx_word' id='word_1_502' title='bbox 2296 3082 2364 3134; x_wconf 84' lang='lat' dir='ltr'><strong>ab</strong></span> <span class='ocrx_word' id='word_1_503' title='bbox 2413 3097 2479 3134; x_wconf 79' lang='lat' dir='ltr'><strong>eo</strong></span> <span class='ocrx_word' id='word_1_504' title='bbox 2531 3087 2765 3151; x_wconf 73' lang='lat' dir='ltr'><strong>profecta</strong></span> <span class='ocrx_word' id='word_1_505' title='bbox 2801 3087 2909 3141; x_wconf 85' lang='lat' dir='ltr'><strong>sint</strong></span> <span class='ocrx_word' id='word_1_506' title='bbox 2950 3088 3244 3146; x_wconf 83' lang='lat' dir='ltr'><strong>Rhetorica</strong></span> <span class='ocrx_word' id='word_1_507' title='bbox 3279 3094 3347 3148; x_wconf 88' lang='lat' dir='ltr'><strong>ad</strong></span> <span class='ocrx_word' id='word_1_508' title='bbox 3393 3095 3501 3151; x_wconf 84' lang='lat' dir='ltr'><strong>He-</strong></span> 
     </span>
    </p>
   </div>
   <div class='ocr_carea' id='block_1_62' title="bbox 1892 3155 3496 3245">
    <p class='ocr_par' dir='ltr' id='par_1_62' title="bbox 1892 3155 3496 3245">
     <span class='ocr_line' id='line_1_62' title="bbox 1892 3155 3496 3245; baseline 0.014 -22"><span class='ocrx_word' id='word_1_509' title='bbox 1892 3155 2175 3238; x_wconf 74' lang='lat' dir='ltr'><strong>rennium,</strong></span> <span class='ocrx_word' id='word_1_510' title='bbox 2205 3190 2324 3242; x_wconf 78' lang='lat' dir='ltr'><strong>quze</strong></span> <span class='ocrx_word' id='word_1_511' title='bbox 2360 3174 2492 3230; x_wconf 87' lang='lat' dir='ltr'><strong>falso</strong></span> <span class='ocrx_word' id='word_1_512' title='bbox 2522 3176 2807 3233; x_wconf 87' lang='lat' dir='ltr'><strong>Ciceronis</strong></span> <span class='ocrx_word' id='word_1_513' title='bbox 2834 3183 3055 3237; x_wconf 88' lang='lat' dir='ltr'><strong>nomine</strong></span> <span class='ocrx_word' id='word_1_514' title='bbox 3106 3185 3496 3245; x_wconf 89' lang='lat' dir='ltr'><strong>inscribuntur.</strong></span> 
     </span>
    </p>
   </div>
   <div class='ocr_carea' id='block_1_63' title="bbox 182 3244 1778 3343">
    <p class='ocr_par' dir='ltr' id='par_1_63' title="bbox 182 3244 1766 3343">
     <span class='ocr_line' id='line_1_63' title="bbox 182 3244 1766 3343; baseline 0.01 -27"><span class='ocrx_word' id='word_1_515' title='bbox 182 3263 317 3318; x_wconf 66' lang='lat' dir='ltr'><strong>aui.</strong></span> <span class='ocrx_word' id='word_1_516' title='bbox 354 3282 539 3336; x_wconf 62' lang='lat' dir='ltr'><strong>gum,</strong></span> <span class='ocrx_word' id='word_1_517' title='bbox 571 3267 664 3321; x_wconf 83' lang='lat' dir='ltr'><strong>lib.</strong></span> <span class='ocrx_word' id='word_1_518' title='bbox 697 3284 786 3330; x_wconf 85' lang='grc' dir='ltr'><strong>ιν.</strong></span> <span class='ocrx_word' id='word_1_519' title='bbox 824 3285 870 3322; x_wconf 77' lang='grc' dir='ltr'>ο.</span> <span class='ocrx_word' id='word_1_520' title='bbox 912 3270 1021 3336; x_wconf 70' lang='lat' dir='ltr'><strong>is,</strong></span> <span class='ocrx_word' id='word_1_521' title='bbox 1068 3272 1210 3325; x_wconf 82' lang='lat' dir='ltr'><strong>etde</strong></span> <span class='ocrx_word' id='word_1_522' title='bbox 1250 3271 1394 3329; x_wconf 77' lang='lat' dir='ltr'><strong>Hist.</strong></span> <span class='ocrx_word' id='word_1_523' title='bbox 1441 3275 1571 3343; x_wconf 63' lang='grc' dir='ltr'><strong>ιρι,</strong></span> <span class='ocrx_word' id='word_1_524' title='bbox 1620 3244 1709 3331; x_wconf 74' lang='lat' dir='ltr'><strong>at.</strong></span> <span class='ocrx_word' id='word_1_525' title='bbox 1750 3294 1766 3332; x_wconf 89' lang='grc' dir='ltr'><strong>ι</strong></span> 
     </span>
    </p>
   </div>
   <div class='ocr_carea' id='block_1_64' title="bbox 1896 3244 3500 3343">
    <p class='ocr_par' dir='ltr' id='par_1_64' title="bbox 1896 3244 3500 3339">
     <span class='ocr_line' id='line_1_64' title="bbox 1896 3244 3500 3339; baseline 0.013 -24"><span class='ocrx_word' id='word_1_526' title='bbox 1896 3261 2059 3320; x_wconf 85' lang='lat' dir='ltr'><strong>Nobis</strong></span> <span class='ocrx_word' id='word_1_527' title='bbox 2093 3280 2256 3332; x_wconf 86' lang='lat' dir='ltr'><strong>porro</strong></span> <span class='ocrx_word' id='word_1_528' title='bbox 2283 3265 2423 3320; x_wconf 86' lang='lat' dir='ltr'><strong>haud</strong></span> <span class='ocrx_word' id='word_1_529' title='bbox 2457 3283 2601 3339; x_wconf 80' lang='lat' dir='ltr'><strong>a-gre</strong></span> <span class='ocrx_word' id='word_1_530' title='bbox 2632 3272 3053 3339; x_wconf 82' lang='lat' dir='ltr'><strong>persuadebitur</strong></span> <span class='ocrx_word' id='word_1_531' title='bbox 3084 3277 3227 3333; x_wconf 89' lang='lat' dir='ltr'><strong>hunc</strong></span> <span class='ocrx_word' id='word_1_532' title='bbox 3275 3244 3500 3336; x_wconf 41' lang='lat' dir='ltr'><strong>Comiti;</strong></span> 
     </span>
    </p>
   </div>
   <div class='ocr_carea' id='block_1_65' title="bbox 178 3359 331 3432">
    <p class='ocr_par' dir='ltr' id='par_1_65' title="bbox 178 3359 331 3432">
     <span class='ocr_line' id='line_1_65' title="bbox 178 3359 331 3432; baseline 0.02 -22"><span class='ocrx_word' id='word_1_533' title='bbox 178 3376 220 3411; x_wconf 90' lang='lat' dir='ltr'><strong>c.</strong></span> <span class='ocrx_word' id='word_1_534' title='bbox 251 3359 331 3432; x_wconf 75' lang='grc' dir='ltr'>ι).</span> 
     </span>
    </p>
   </div>
   <div class='ocr_carea' id='block_1_66' title="bbox 244 3454 1784 3528">
    <p class='ocr_par' dir='ltr' id='par_1_66' title="bbox 244 3454 1784 3528">
     <span class='ocr_line' id='line_1_66' title="bbox 244 3454 1784 3528; baseline 0.006 -19"><span class='ocrx_word' id='word_1_535' title='bbox 244 3454 473 3510; x_wconf 86' lang='lat' dir='ltr'><strong>Clodius</strong></span> <span class='ocrx_word' id='word_1_536' title='bbox 517 3458 850 3525; x_wconf 63' lang='lat' dir='ltr'><strong>praenomine</strong></span> <span class='ocrx_word' id='word_1_537' title='bbox 896 3458 1086 3514; x_wconf 74' lang='lat' dir='ltr'><strong>Sextus</strong></span> <span class='ocrx_word' id='word_1_538' title='bbox 1112 3503 1125 3526; x_wconf 86' lang='lat'><strong>,</strong></span> <span class='ocrx_word' id='word_1_539' title='bbox 1167 3461 1233 3513; x_wconf 91' lang='lat' dir='ltr'><strong>ab</strong></span> <span class='ocrx_word' id='word_1_540' title='bbox 1262 3461 1538 3528; x_wconf 90' lang='lat' dir='ltr'><strong>Arnobio,</strong></span> <span class='ocrx_word' id='word_1_541' title='bbox 1592 3465 1642 3517; x_wconf 91' lang='lat' dir='ltr'><strong>in</strong></span> <span class='ocrx_word' id='word_1_542' title='bbox 1693 3481 1784 3518; x_wconf 85' lang='lat' dir='ltr'><strong>co-</strong></span> 
     </span>
    </p>
   </div>
   <div class='ocr_carea' id='block_1_67' title="bbox 178 3551 1784 3621">
    <p class='ocr_par' dir='ltr' id='par_1_67' title="bbox 178 3551 1784 3621">
     <span class='ocr_line' id='line_1_67' title="bbox 178 3551 1784 3621; baseline 0.008 -19"><span class='ocrx_word' id='word_1_543' title='bbox 178 3565 312 3613; x_wconf 89' lang='lat' dir='ltr'><strong>rum,</strong></span> <span class='ocrx_word' id='word_1_544' title='bbox 345 3567 470 3620; x_wconf 74' lang='lat' dir='ltr'><strong>quce</strong></span> <span class='ocrx_word' id='word_1_545' title='bbox 515 3551 582 3606; x_wconf 90' lang='lat' dir='ltr'><strong>de</strong></span> <span class='ocrx_word' id='word_1_546' title='bbox 612 3551 798 3608; x_wconf 82' lang='lat' dir='ltr'><strong>Fauno</strong></span> <span class='ocrx_word' id='word_1_547' title='bbox 828 3554 1077 3621; x_wconf 85' lang='lat' dir='ltr'><strong>dicebat,</strong></span> <span class='ocrx_word' id='word_1_548' title='bbox 1121 3556 1279 3610; x_wconf 87' lang='lat' dir='ltr'><strong>testis</strong></span> <span class='ocrx_word' id='word_1_549' title='bbox 1324 3556 1468 3611; x_wconf 87' lang='lat' dir='ltr'><strong>hunc</strong></span> <span class='ocrx_word' id='word_1_550' title='bbox 1488 3560 1682 3612; x_wconf 84' lang='lat' dir='ltr'><strong>citatur</strong></span> <span class='ocrx_word' id='word_1_551' title='bbox 1727 3561 1784 3615; x_wconf 90' lang='lat' dir='ltr'><strong>in</strong></span> 
     </span>
    </p>
   </div>
   <div class='ocr_carea' id='block_1_68' title="bbox 178 3641 1779 3722">
    <p class='ocr_par' dir='ltr' id='par_1_68' title="bbox 178 3641 1779 3722">
     <span class='ocr_line' id='line_1_68' title="bbox 178 3641 1779 3722; baseline 0.007 -27"><span class='ocrx_word' id='word_1_552' title='bbox 178 3643 391 3697; x_wconf 90' lang='lat' dir='ltr'><strong>modum</strong></span> <span class='ocrx_word' id='word_1_553' title='bbox 421 3663 436 3697; x_wconf 89' lang='lat'>:</span> <span class='ocrx_word' id='word_1_554' title='bbox 459 3641 650 3698; x_wconf 79' lang='lat' dir='ltr'><strong>Sextus</strong></span> <span class='ocrx_word' id='word_1_555' title='bbox 680 3643 889 3700; x_wconf 76' lang='lat' dir='ltr'><strong>Clodius</strong></span> <span class='ocrx_word' id='word_1_556' title='bbox 918 3646 1114 3701; x_wconf 86' lang='lat' dir='ltr'><strong>indicat</strong></span> <span class='ocrx_word' id='word_1_557' title='bbox 1140 3648 1193 3701; x_wconf 84' lang='lat' dir='ltr'><strong>in</strong></span> <span class='ocrx_word' id='word_1_558' title='bbox 1220 3658 1363 3703; x_wconf 73' lang='lat' dir='ltr'><strong>sexto</strong></span> <span class='ocrx_word' id='word_1_559' title='bbox 1386 3649 1449 3702; x_wconf 87' lang='lat' dir='ltr'><strong>de</strong></span> <span class='ocrx_word' id='word_1_560' title='bbox 1471 3650 1568 3704; x_wconf 77' lang='lat' dir='ltr'><strong>diis</strong></span> <span class='ocrx_word' id='word_1_561' title='bbox 1590 3669 1779 3722; x_wconf 77' lang='lat' dir='ltr'><strong>grazco.</strong></span> 
     </span>
    </p>
   </div>
   <div class='ocr_carea' id='block_1_69' title="bbox 176 3734 1780 3808">
    <p class='ocr_par' dir='ltr' id='par_1_69' title="bbox 176 3734 1780 3808">
     <span class='ocr_line' id='line_1_69' title="bbox 176 3734 1780 3808; baseline 0.006 -18"><span class='ocrx_word' id='word_1_562' title='bbox 176 3734 279 3790; x_wconf 91' lang='lat' dir='ltr'><strong>Sed</strong></span> <span class='ocrx_word' id='word_1_563' title='bbox 307 3737 572 3806; x_wconf 87' lang='lat' dir='ltr'><strong>suspicati</strong></span> <span class='ocrx_word' id='word_1_564' title='bbox 602 3748 734 3792; x_wconf 87' lang='lat' dir='ltr'><strong>sunt</strong></span> <span class='ocrx_word' id='word_1_565' title='bbox 772 3739 937 3808; x_wconf 86' lang='lat' dir='ltr'><strong>aliqui</strong></span> <span class='ocrx_word' id='word_1_566' title='bbox 995 3750 1309 3808; x_wconf 81' lang='lat' dir='ltr'><strong>Corruptum</strong></span> <span class='ocrx_word' id='word_1_567' title='bbox 1341 3758 1461 3797; x_wconf 87' lang='lat' dir='ltr'><strong>esse</strong></span> <span class='ocrx_word' id='word_1_568' title='bbox 1500 3744 1606 3798; x_wconf 87' lang='lat' dir='ltr'><strong>hoc</strong></span> <span class='ocrx_word' id='word_1_569' title='bbox 1658 3746 1780 3800; x_wconf 79' lang='lat' dir='ltr'><strong>ulti-</strong></span> 
     </span>
    </p>
   </div>
   <div class='ocr_carea' id='block_1_70' title="bbox 175 3829 1780 3895">
    <p class='ocr_par' dir='ltr' id='par_1_70' title="bbox 175 3829 1780 3895">
     <span class='ocr_line' id='line_1_70' title="bbox 175 3829 1780 3895; baseline 0.007 -14"><span class='ocrx_word' id='word_1_570' title='bbox 175 3845 312 3882; x_wconf 92' lang='lat' dir='ltr'><strong>mum</strong></span> <span class='ocrx_word' id='word_1_571' title='bbox 343 3829 571 3883; x_wconf 89' lang='lat' dir='ltr'><strong>verbum</strong></span> <span class='ocrx_word' id='word_1_572' title='bbox 597 3871 610 3895; x_wconf 94' lang='lat'><strong>,</strong></span> <span class='ocrx_word' id='word_1_573' title='bbox 665 3845 729 3885; x_wconf 84' lang='lat' dir='ltr'><strong>ac</strong></span> <span class='ocrx_word' id='word_1_574' title='bbox 778 3833 1174 3894; x_wconf 86' lang='lat' dir='ltr'><strong>restituendum</strong></span> <span class='ocrx_word' id='word_1_575' title='bbox 1223 3834 1544 3894; x_wconf 69' lang='lat' dir='ltr'><strong>ercorunt.</strong></span> <span class='ocrx_word' id='word_1_576' title='bbox 1587 3838 1693 3894; x_wconf 87' lang='lat' dir='ltr'><strong>Sed</strong></span> <span class='ocrx_word' id='word_1_577' title='bbox 1727 3839 1780 3893; x_wconf 87' lang='lat' dir='ltr'><strong>lti</strong></span> 
     </span>
    </p>
   </div>
   <div class='ocr_carea' id='block_1_71' title="bbox 176 3921 1778 3992">
    <p class='ocr_par' dir='ltr' id='par_1_71' title="bbox 176 3921 1778 3992">
     <span class='ocr_line' id='line_1_71' title="bbox 176 3921 1778 3992; baseline 0.007 -18"><span class='ocrx_word' id='word_1_578' title='bbox 176 3937 276 3975; x_wconf 92' lang='lat' dir='ltr'><strong>non</strong></span> <span class='ocrx_word' id='word_1_579' title='bbox 314 3921 564 3992; x_wconf 79' lang='lat' dir='ltr'><strong>legerant</strong></span> <span class='ocrx_word' id='word_1_580' title='bbox 605 3923 758 3977; x_wconf 91' lang='lat' dir='ltr'><strong>illum</strong></span> <span class='ocrx_word' id='word_1_581' title='bbox 789 3925 1056 3980; x_wconf 87' lang='lat' dir='ltr'><strong>Lactantii</strong></span> <span class='ocrx_word' id='word_1_582' title='bbox 1090 3927 1269 3982; x_wconf 90' lang='lat' dir='ltr'><strong>locum</strong></span> <span class='ocrx_word' id='word_1_583' title='bbox 1295 3971 1307 3991; x_wconf 90' lang='lat'><strong>,</strong></span> <span class='ocrx_word' id='word_1_584' title='bbox 1341 3930 1427 3984; x_wconf 82' lang='lat' dir='ltr'><strong>tibi</strong></span> <span class='ocrx_word' id='word_1_585' title='bbox 1473 3929 1778 3986; x_wconf 79' lang='lat' dir='ltr'><strong>Arnobium</strong></span> 
     </span>
    </p>
   </div>
   <div class='ocr_carea' id='block_1_72' title="bbox 173 4023 1779 4092">
    <p class='ocr_par' dir='ltr' id='par_1_72' title="bbox 173 4023 1779 4092">
     <span class='ocr_line' id='line_1_72' title="bbox 173 4023 1779 4092; baseline 0.01 -26"><span class='ocrx_word' id='word_1_586' title='bbox 173 4027 413 4070; x_wconf 80' lang='lat' dir='ltr'><strong>nostrum</strong></span> <span class='ocrx_word' id='word_1_587' title='bbox 447 4027 838 4086; x_wconf 58' lang='lat' dir='ltr'><strong>praeceptorem</strong></span> <span class='ocrx_word' id='word_1_588' title='bbox 882 4035 1038 4074; x_wconf 88' lang='lat' dir='ltr'><strong>suum</strong></span> <span class='ocrx_word' id='word_1_589' title='bbox 1067 4063 1081 4085; x_wconf 97' lang='lat'><strong>,</strong></span> <span class='ocrx_word' id='word_1_590' title='bbox 1114 4023 1192 4076; x_wconf 92' lang='lat' dir='ltr'><strong>sic</strong></span> <span class='ocrx_word' id='word_1_591' title='bbox 1215 4025 1497 4092; x_wconf 86' lang='lat' dir='ltr'><strong>sequitur:</strong></span> <span class='ocrx_word' id='word_1_592' title='bbox 1533 4045 1550 4076; x_wconf 79' lang='grc' dir='ltr'><strong>ι</strong></span> <span class='ocrx_word' id='word_1_593' title='bbox 1581 4025 1779 4082; x_wconf 76' lang='lat' dir='ltr'><strong>Sextus</strong></span> 
     </span>
    </p>
   </div>
   <div class='ocr_carea' id='block_1_73' title="bbox 169 4109 1778 4187">
    <p class='ocr_par' dir='ltr' id='par_1_73' title="bbox 169 4109 1778 4187">
     <span class='ocr_line' id='line_1_73' title="bbox 169 4109 1778 4187; baseline 0.009 -24"><span class='ocrx_word' id='word_1_594' title='bbox 169 4109 385 4163; x_wconf 84' lang='lat' dir='ltr'><strong>Clodius</strong></span> <span class='ocrx_word' id='word_1_595' title='bbox 420 4111 471 4163; x_wconf 89' lang='lat' dir='ltr'><strong>in</strong></span> <span class='ocrx_word' id='word_1_596' title='bbox 503 4127 570 4166; x_wconf 91' lang='lat' dir='ltr'><strong>eo</strong></span> <span class='ocrx_word' id='word_1_597' title='bbox 601 4112 738 4168; x_wconf 90' lang='lat' dir='ltr'><strong>libro</strong></span> <span class='ocrx_word' id='word_1_598' title='bbox 760 4130 920 4183; x_wconf 86' lang='lat' dir='ltr'><strong>quem</strong></span> <span class='ocrx_word' id='word_1_599' title='bbox 949 4131 1125 4184; x_wconf 69' lang='lat' dir='ltr'><strong>graece</strong></span> <span class='ocrx_word' id='word_1_600' title='bbox 1152 4119 1390 4187; x_wconf 82' lang='lat' dir='ltr'><strong>scripsit,</strong></span> <span class='ocrx_word' id='word_1_601' title='bbox 1414 4120 1580 4175; x_wconf 80' lang='lat' dir='ltr'><strong>refert</strong></span> <span class='ocrx_word' id='word_1_602' title='bbox 1607 4122 1778 4177; x_wconf 83' lang='lat' dir='ltr'><strong>Fauni</strong></span> 
     </span>
    </p>
   </div>
   <div class='ocr_carea' id='block_1_74' title="bbox 171 4202 1773 4282">
    <p class='ocr_par' dir='ltr' id='par_1_74' title="bbox 171 4202 1773 4282">
     <span class='ocr_line' id='line_1_74' title="bbox 171 4202 1773 4282; baseline 0.011 -28"><span class='ocrx_word' id='word_1_603' title='bbox 171 4202 298 4259; x_wconf 88' lang='lat' dir='ltr'><strong>hanc</strong></span> <span class='ocrx_word' id='word_1_604' title='bbox 324 4220 559 4259; x_wconf 83' lang='lat' dir='ltr'><strong>uxorem</strong></span> <span class='ocrx_word' id='word_1_605' title='bbox 596 4204 762 4262; x_wconf 83' lang='lat' dir='ltr'><strong>fuisse</strong></span> <span class='ocrx_word' id='word_1_606' title='bbox 800 4227 817 4259; x_wconf 86' lang='grc' dir='ltr'><strong>ι</strong></span> <span class='ocrx_word' id='word_1_607' title='bbox 851 4205 1096 4279; x_wconf 80' lang='lat' dir='ltr'><strong>(Arnob.,</strong></span> <span class='ocrx_word' id='word_1_608' title='bbox 1119 4210 1210 4264; x_wconf 87' lang='lat' dir='ltr'><strong>lib.</strong></span> <span class='ocrx_word' id='word_1_609' title='bbox 1241 4227 1306 4278; x_wconf 84' lang='grc' dir='ltr'><strong>ν,</strong></span> <span class='ocrx_word' id='word_1_610' title='bbox 1341 4231 1390 4282; x_wconf 85' lang='grc' dir='ltr'>ρ.</span> <span class='ocrx_word' id='word_1_611' title='bbox 1427 4214 1560 4279; x_wconf 82' lang='grc'><strong>168;</strong></span> <span class='ocrx_word' id='word_1_612' title='bbox 1598 4215 1773 4281; x_wconf 72' lang='lat' dir='ltr'><strong>l.act.,</strong></span> 
     </span>
    </p>
   </div>
   <div class='ocr_carea' id='block_1_75' title="bbox 170 4298 1777 4382">
    <p class='ocr_par' dir='ltr' id='par_1_75' title="bbox 170 4298 1777 4382">
     <span class='ocr_line' id='line_1_75' title="bbox 170 4298 1777 4382; baseline 0.011 -33"><span class='ocrx_word' id='word_1_613' title='bbox 170 4298 252 4349; x_wconf 85' lang='lat' dir='ltr'><strong>lib.</strong></span> <span class='ocrx_word' id='word_1_614' title='bbox 303 4317 354 4363; x_wconf 88' lang='grc' dir='ltr'><strong>ι,</strong></span> <span class='ocrx_word' id='word_1_615' title='bbox 403 4317 449 4352; x_wconf 91' lang='lat' dir='ltr'><strong>c.</strong></span> <span class='ocrx_word' id='word_1_616' title='bbox 497 4300 606 4363; x_wconf 80' lang='lat'><strong>99,</strong></span> <span class='ocrx_word' id='word_1_617' title='bbox 654 4319 706 4370; x_wconf 78' lang='grc' dir='ltr'>ρ.</span> <span class='ocrx_word' id='word_1_618' title='bbox 755 4303 907 4370; x_wconf 68' lang='grc' dir='ltr'><strong>ι1ἳ7).</strong></span> <span class='ocrx_word' id='word_1_619' title='bbox 957 4303 1091 4359; x_wconf 83' lang='lat' dir='ltr'><strong>Nam</strong></span> <span class='ocrx_word' id='word_1_620' title='bbox 1127 4305 1249 4360; x_wconf 90' lang='lat' dir='ltr'><strong>inde</strong></span> <span class='ocrx_word' id='word_1_621' title='bbox 1299 4308 1457 4364; x_wconf 83' lang='lat' dir='ltr'><strong>facile</strong></span> <span class='ocrx_word' id='word_1_622' title='bbox 1502 4313 1777 4382; x_wconf 82' lang='lat' dir='ltr'><strong>colligitur</strong></span> 
     </span>
    </p>
   </div>
   <div class='ocr_carea' id='block_1_76' title="bbox 169 4390 1772 4471">
    <p class='ocr_par' dir='ltr' id='par_1_76' title="bbox 169 4390 1772 4471">
     <span class='ocr_line' id='line_1_76' title="bbox 169 4390 1772 4471; baseline 0.012 -29"><span class='ocrx_word' id='word_1_623' title='bbox 169 4390 217 4442; x_wconf 92' lang='lat' dir='ltr'><strong>in</strong></span> <span class='ocrx_word' id='word_1_624' title='bbox 249 4391 475 4446; x_wconf 75' lang='lat' dir='ltr'><strong>Arnobii</strong></span> <span class='ocrx_word' id='word_1_625' title='bbox 533 4403 687 4447; x_wconf 82' lang='lat' dir='ltr'><strong>textu</strong></span> <span class='ocrx_word' id='word_1_626' title='bbox 738 4397 1001 4464; x_wconf 84' lang='lat' dir='ltr'><strong>scriptum</strong></span> <span class='ocrx_word' id='word_1_627' title='bbox 1054 4413 1159 4453; x_wconf 88' lang='lat' dir='ltr'><strong>non</strong></span> <span class='ocrx_word' id='word_1_628' title='bbox 1217 4399 1385 4457; x_wconf 87' lang='lat' dir='ltr'><strong>fuisse</strong></span> <span class='ocrx_word' id='word_1_629' title='bbox 1433 4403 1772 4471; x_wconf 60' lang='lat' dir='ltr'><strong>Grecorum,</strong></span> 
     </span>
    </p>
   </div>
   <div class='ocr_carea' id='block_1_77' title="bbox 168 4485 1405 4560">
    <p class='ocr_par' dir='ltr' id='par_1_77' title="bbox 168 4485 1405 4560">
     <span class='ocr_line' id='line_1_77' title="bbox 168 4485 1405 4560; baseline 0.008 -24"><span class='ocrx_word' id='word_1_630' title='bbox 168 4485 255 4537; x_wconf 80' lang='lat' dir='ltr'><strong>sed</strong></span> <span class='ocrx_word' id='word_1_631' title='bbox 291 4487 473 4553; x_wconf 81' lang='lat' dir='ltr'><strong>potius</strong></span> <span class='ocrx_word' id='word_1_632' title='bbox 502 4504 666 4557; x_wconf 75' lang='lat' dir='ltr'><strong>grtece</strong></span> <span class='ocrx_word' id='word_1_633' title='bbox 692 4489 904 4559; x_wconf 80' lang='lat' dir='ltr'><strong>scripto,</strong></span> <span class='ocrx_word' id='word_1_634' title='bbox 931 4492 1012 4546; x_wconf 74' lang='lat' dir='ltr'><strong>vel</strong></span> <span class='ocrx_word' id='word_1_635' title='bbox 1044 4493 1170 4560; x_wconf 90' lang='lat' dir='ltr'><strong>quid</strong></span> <span class='ocrx_word' id='word_1_636' title='bbox 1207 4493 1405 4549; x_wconf 85' lang='lat' dir='ltr'><strong>simile.</strong></span> 
     </span>
    </p>
   </div>
   <div class='ocr_carea' id='block_1_78' title="bbox 232 4579 1774 4656">
    <p class='ocr_par' dir='ltr' id='par_1_78' title="bbox 232 4579 1774 4656">
     <span class='ocr_line' id='line_1_78' title="bbox 232 4579 1774 4656; baseline 0.008 -23"><span class='ocrx_word' id='word_1_637' title='bbox 232 4579 312 4633; x_wconf 84' lang='lat' dir='ltr'><strong>Ad</strong></span> <span class='ocrx_word' id='word_1_638' title='bbox 368 4579 660 4646; x_wconf 85' lang='lat' dir='ltr'><strong>Clodium,</strong></span> <span class='ocrx_word' id='word_1_639' title='bbox 719 4583 859 4652; x_wconf 87' lang='lat' dir='ltr'><strong>quod</strong></span> <span class='ocrx_word' id='word_1_640' title='bbox 924 4595 1167 4653; x_wconf 85' lang='lat' dir='ltr'><strong>spectat,</strong></span> <span class='ocrx_word' id='word_1_641' title='bbox 1222 4587 1441 4656; x_wconf 83' lang='lat' dir='ltr'><strong>quidam</strong></span> <span class='ocrx_word' id='word_1_642' title='bbox 1488 4599 1774 4645; x_wconf 87' lang='lat' dir='ltr'><strong>autumant</strong></span> 
     </span>
    </p>
   </div>
   <div class='ocr_carea' id='block_1_79' title="bbox 168 4639 1854 4750">
    <p class='ocr_par' dir='ltr' id='par_1_79' title="bbox 168 4639 1854 4750">
     <span class='ocr_line' id='line_1_79' title="bbox 168 4639 1854 4750; baseline 0.01 -27"><span class='ocrx_word' id='word_1_643' title='bbox 168 4684 283 4723; x_wconf 89' lang='lat' dir='ltr'><strong>eum</strong></span> <span class='ocrx_word' id='word_1_644' title='bbox 315 4685 440 4726; x_wconf 89' lang='lat' dir='ltr'><strong>esse</strong></span> <span class='ocrx_word' id='word_1_645' title='bbox 485 4687 640 4741; x_wconf 86' lang='lat' dir='ltr'><strong>cujus</strong></span> <span class='ocrx_word' id='word_1_646' title='bbox 673 4672 808 4728; x_wconf 90' lang='lat' dir='ltr'><strong>liber</strong></span> <span class='ocrx_word' id='word_1_647' title='bbox 831 4716 846 4739; x_wconf 92' lang='lat'><strong>,</strong></span> <span class='ocrx_word' id='word_1_648' title='bbox 889 4674 1062 4732; x_wconf 74' lang='lat' dir='ltr'><strong>Index</strong></span> <span class='ocrx_word' id='word_1_649' title='bbox 1105 4686 1389 4747; x_wconf 82' lang='lat' dir='ltr'><strong>temporum</strong></span> <span class='ocrx_word' id='word_1_650' title='bbox 1434 4680 1730 4750; x_wconf 88' lang='lat' dir='ltr'><strong>inscriptus</strong></span> <span class='ocrx_word' id='word_1_651' title='bbox 1752 4727 1767 4749; x_wconf 86' lang='lat'><strong>,</strong></span> <span class='ocrx_word' id='word_1_652' title='bbox 1798 4639 1854 4710; x_wconf 66' lang='grc' dir='ltr'><strong>Ι)</strong></span> 
     </span>
    </p>
   </div>
   <div class='ocr_carea' id='block_1_80' title="bbox 167 4762 1764 4839">
    <p class='ocr_par' dir='ltr' id='par_1_80' title="bbox 167 4762 1764 4839">
     <span class='ocr_line' id='line_1_80' title="bbox 167 4762 1764 4839; baseline 0.01 -25"><span class='ocrx_word' id='word_1_653' title='bbox 167 4777 194 4814; x_wconf 85' lang='lat' dir='ltr'><strong>a</strong></span> <span class='ocrx_word' id='word_1_654' title='bbox 256 4762 552 4818; x_wconf 82' lang='lat' dir='ltr'><strong>Plutarcho</strong></span> <span class='ocrx_word' id='word_1_655' title='bbox 603 4764 854 4822; x_wconf 88' lang='lat' dir='ltr'><strong>laudatur</strong></span> <span class='ocrx_word' id='word_1_656' title='bbox 921 4766 1244 4839; x_wconf 70' lang='lat' dir='ltr'><strong>(Platore/1.,</strong></span> <span class='ocrx_word' id='word_1_657' title='bbox 1306 4773 1359 4826; x_wconf 85' lang='lat' dir='ltr'><strong>in</strong></span> <span class='ocrx_word' id='word_1_658' title='bbox 1425 4771 1542 4827; x_wconf 84' lang='lat' dir='ltr'><strong>Vita</strong></span> <span class='ocrx_word' id='word_1_659' title='bbox 1602 4775 1764 4832; x_wconf 84' lang='lat' dir='ltr'><strong>Num.</strong></span> 
     </span>
    </p>
   </div>
   <div class='ocr_carea' id='block_1_81' title="bbox 167 4851 1769 4938">
    <p class='ocr_par' dir='ltr' id='par_1_81' title="bbox 167 4851 1769 4938">
     <span class='ocr_line' id='line_1_81' title="bbox 167 4851 1769 4938; baseline 0.011 -32"><span class='ocrx_word' id='word_1_660' title='bbox 167 4851 378 4924; x_wconf 83' lang='lat' dir='ltr'><strong>Pomp.,</strong></span> <span class='ocrx_word' id='word_1_661' title='bbox 415 4875 466 4920; x_wconf 88' lang='lat' dir='ltr'><strong>p.</strong></span> <span class='ocrx_word' id='word_1_662' title='bbox 500 4855 621 4928; x_wconf 74' lang='lat'><strong>59).</strong></span> <span class='ocrx_word' id='word_1_663' title='bbox 651 4857 758 4913; x_wconf 89' lang='lat' dir='ltr'><strong>Sed</strong></span> <span class='ocrx_word' id='word_1_664' title='bbox 790 4870 1077 4931; x_wconf 84' lang='lat' dir='ltr'><strong>utrumque</strong></span> <span class='ocrx_word' id='word_1_665' title='bbox 1107 4863 1194 4917; x_wconf 90' lang='lat' dir='ltr'><strong>hic</strong></span> <span class='ocrx_word' id='word_1_666' title='bbox 1225 4864 1385 4918; x_wconf 70' lang='lat' dir='ltr'><strong>Sexto</strong></span> <span class='ocrx_word' id='word_1_667' title='bbox 1425 4865 1589 4921; x_wconf 83' lang='lat' dir='ltr'><strong>fuerit</strong></span> <span class='ocrx_word' id='word_1_668' title='bbox 1625 4884 1769 4938; x_wconf 70' lang='lat' dir='ltr'><strong>prae—</strong></span> 
     </span>
    </p>
   </div>
   <div class='ocr_carea' id='block_1_82' title="bbox 166 4952 1766 5032">
    <p class='ocr_par' dir='ltr' id='par_1_82' title="bbox 166 4952 1766 5032">
     <span class='ocr_line' id='line_1_82' title="bbox 166 4952 1766 5032; baseline 0.012 -32"><span class='ocrx_word' id='word_1_669' title='bbox 166 4963 382 5012; x_wconf 88' lang='lat' dir='ltr'><strong>nomen,</strong></span> <span class='ocrx_word' id='word_1_670' title='bbox 418 4967 582 5007; x_wconf 88' lang='lat' dir='ltr'><strong>nemo</strong></span> <span class='ocrx_word' id='word_1_671' title='bbox 612 4952 877 5022; x_wconf 85' lang='lat' dir='ltr'><strong>probavit.</strong></span> <span class='ocrx_word' id='word_1_672' title='bbox 909 4956 1060 5010; x_wconf 87' lang='lat' dir='ltr'><strong>Alius</strong></span> <span class='ocrx_word' id='word_1_673' title='bbox 1087 4967 1302 5023; x_wconf 89' lang='lat' dir='ltr'><strong>autem,</strong></span> <span class='ocrx_word' id='word_1_674' title='bbox 1354 4961 1438 5014; x_wconf 89' lang='lat' dir='ltr'><strong>cui</strong></span> <span class='ocrx_word' id='word_1_675' title='bbox 1473 4972 1766 5032; x_wconf 89' lang='lat' dir='ltr'><strong>utrumque</strong></span> 
     </span>
    </p>
   </div>
   <div class='ocr_carea' id='block_1_83' title="bbox 167 5051 1762 5118">
    <p class='ocr_par' dir='ltr' id='par_1_83' title="bbox 167 5051 1762 5118">
     <span class='ocr_line' id='line_1_83' title="bbox 167 5051 1762 5118; baseline 0.013 -25"><span class='ocrx_word' id='word_1_676' title='bbox 167 5056 470 5108; x_wconf 70' lang='lat' dir='ltr'><strong>praenomen</strong></span> <span class='ocrx_word' id='word_1_677' title='bbox 495 5087 509 5112; x_wconf 93' lang='lat'><strong>,</strong></span> <span class='ocrx_word' id='word_1_678' title='bbox 566 5056 622 5101; x_wconf 91' lang='lat' dir='ltr'><strong>et</strong></span> <span class='ocrx_word' id='word_1_679' title='bbox 668 5063 866 5102; x_wconf 85' lang='lat' dir='ltr'><strong>nomen</strong></span> <span class='ocrx_word' id='word_1_680' title='bbox 896 5051 1188 5118; x_wconf 79' lang='lat' dir='ltr'><strong>convenit,</strong></span> <span class='ocrx_word' id='word_1_681' title='bbox 1223 5068 1251 5105; x_wconf 89' lang='lat' dir='ltr'><strong>a</strong></span> <span class='ocrx_word' id='word_1_682' title='bbox 1286 5053 1550 5112; x_wconf 89' lang='lat' dir='ltr'><strong>Suetonio</strong></span> <span class='ocrx_word' id='word_1_683' title='bbox 1599 5058 1762 5114; x_wconf 83' lang='lat' dir='ltr'><strong>claris</strong></span> 
     </span>
    </p>
   </div>
   <div class='ocr_carea' id='block_1_84' title="bbox 164 5133 1762 5218">
    <p class='ocr_par' dir='ltr' id='par_1_84' title="bbox 164 5133 1762 5218">
     <span class='ocr_line' id='line_1_84' title="bbox 164 5133 1762 5218; baseline 0.011 -30"><span class='ocrx_word' id='word_1_684' title='bbox 164 5133 470 5193; x_wconf 84' lang='lat' dir='ltr'><strong>rhetoribus</strong></span> <span class='ocrx_word' id='word_1_685' title='bbox 496 5139 808 5211; x_wconf 83' lang='lat' dir='ltr'><strong>adjungitur</strong></span> <span class='ocrx_word' id='word_1_686' title='bbox 836 5160 848 5194; x_wconf 88' lang='lat'><strong>:</strong></span> <span class='ocrx_word' id='word_1_687' title='bbox 889 5161 908 5195; x_wconf 77' lang='grc' dir='ltr'><strong>ι</strong></span> <span class='ocrx_word' id='word_1_688' title='bbox 943 5144 1141 5199; x_wconf 83' lang='lat' dir='ltr'><strong>Sextus</strong></span> <span class='ocrx_word' id='word_1_689' title='bbox 1163 5187 1177 5211; x_wconf 97' lang='lat'><strong>,</strong></span> <span class='ocrx_word' id='word_1_690' title='bbox 1211 5167 1229 5200; x_wconf 80' lang='grc' dir='ltr'><strong>ι</strong></span> <span class='ocrx_word' id='word_1_691' title='bbox 1263 5147 1467 5218; x_wconf 86' lang='lat' dir='ltr'><strong>inquit,</strong></span> <span class='ocrx_word' id='word_1_692' title='bbox 1498 5169 1518 5203; x_wconf 78' lang='grc' dir='ltr'><strong>ι</strong></span> <span class='ocrx_word' id='word_1_693' title='bbox 1543 5151 1762 5206; x_wconf 86' lang='lat' dir='ltr'><strong>Clodius</strong></span> 
     </span>
    </p>
   </div>
   <div class='ocr_carea' id='block_1_85' title="bbox 165 5227 1758 5314">
    <p class='ocr_par' dir='ltr' id='par_1_85' title="bbox 165 5227 1758 5314">
     <span class='ocr_line' id='line_1_85' title="bbox 165 5227 1758 5314; baseline 0.013 -34"><span class='ocrx_word' id='word_1_694' title='bbox 165 5242 192 5280; x_wconf 91' lang='lat' dir='ltr'><strong>e</strong></span> <span class='ocrx_word' id='word_1_695' title='bbox 221 5227 397 5284; x_wconf 84' lang='lat' dir='ltr'><strong>Sicilia</strong></span> <span class='ocrx_word' id='word_1_696' title='bbox 424 5273 440 5298; x_wconf 92' lang='lat'><strong>,</strong></span> <span class='ocrx_word' id='word_1_697' title='bbox 471 5231 654 5286; x_wconf 63' lang='lat' dir='ltr'><strong>latinae</strong></span> <span class='ocrx_word' id='word_1_698' title='bbox 681 5233 842 5289; x_wconf 92' lang='lat' dir='ltr'><strong>simul</strong></span> <span class='ocrx_word' id='word_1_699' title='bbox 875 5246 928 5290; x_wconf 78' lang='lat' dir='ltr'><strong>et</strong></span> <span class='ocrx_word' id='word_1_700' title='bbox 953 5252 1148 5309; x_wconf 66' lang='lat' dir='ltr'><strong>graeca:</strong></span> <span class='ocrx_word' id='word_1_701' title='bbox 1175 5240 1504 5312; x_wconf 67' lang='lat' dir='ltr'><strong>eloquentia:</strong></span> <span class='ocrx_word' id='word_1_702' title='bbox 1550 5245 1758 5314; x_wconf 49' lang='lat' dir='ltr'><strong>proles-</strong></span> 
     </span>
    </p>
   </div>
   <div class='ocr_carea' id='block_1_86' title="bbox 165 5323 1761 5406">
    <p class='ocr_par' dir='ltr' id='par_1_86' title="bbox 165 5323 1761 5406">
     <span class='ocr_line' id='line_1_86' title="bbox 165 5323 1761 5406; baseline 0.014 -34"><span class='ocrx_word' id='word_1_703' title='bbox 165 5333 251 5374; x_wconf 86' lang='lat' dir='ltr'><strong>sor</strong></span> <span class='ocrx_word' id='word_1_704' title='bbox 282 5323 423 5378; x_wconf 87' lang='lat' dir='ltr'><strong>male</strong></span> <span class='ocrx_word' id='word_1_705' title='bbox 451 5324 701 5379; x_wconf 82' lang='lat' dir='ltr'><strong>oeulatus</strong></span> <span class='ocrx_word' id='word_1_706' title='bbox 723 5368 738 5392; x_wconf 99' lang='lat'><strong>,</strong></span> <span class='ocrx_word' id='word_1_707' title='bbox 786 5337 938 5383; x_wconf 88' lang='lat' dir='ltr'><strong>et....</strong></span> <span class='ocrx_word' id='word_1_708' title='bbox 964 5330 1203 5386; x_wconf 88' lang='lat' dir='ltr'><strong>Antonio</strong></span> <span class='ocrx_word' id='word_1_709' title='bbox 1226 5343 1440 5403; x_wconf 86' lang='lat' dir='ltr'><strong>gratus,</strong></span> <span class='ocrx_word' id='word_1_710' title='bbox 1487 5353 1594 5406; x_wconf 89' lang='lat' dir='ltr'><strong>quo</strong></span> <span class='ocrx_word' id='word_1_711' title='bbox 1635 5354 1761 5394; x_wconf 82' lang='lat' dir='ltr'><strong>mox</strong></span> 
     </span>
    </p>
   </div>
   <div class='ocr_carea' id='block_1_87' title="bbox 164 5416 1760 5496">
    <p class='ocr_par' dir='ltr' id='par_1_87' title="bbox 164 5416 1760 5496">
     <span class='ocr_line' id='line_1_87' title="bbox 164 5416 1760 5496; baseline 0.012 -29"><span class='ocrx_word' id='word_1_712' title='bbox 164 5416 415 5477; x_wconf 88' lang='lat' dir='ltr'><strong>consule,</strong></span> <span class='ocrx_word' id='word_1_713' title='bbox 445 5417 636 5487; x_wconf 87' lang='lat' dir='ltr'><strong>ingens</strong></span> <span class='ocrx_word' id='word_1_714' title='bbox 661 5417 825 5472; x_wconf 89' lang='lat' dir='ltr'><strong>etiam</strong></span> <span class='ocrx_word' id='word_1_715' title='bbox 873 5423 1206 5493; x_wconf 78' lang='lat' dir='ltr'><strong>congiarium</strong></span> <span class='ocrx_word' id='word_1_716' title='bbox 1253 5428 1496 5496; x_wconf 81' lang='lat' dir='ltr'><strong>accepit,</strong></span> <span class='ocrx_word' id='word_1_717' title='bbox 1533 5432 1656 5485; x_wconf 91' lang='lat' dir='ltr'><strong>utei</strong></span> <span class='ocrx_word' id='word_1_718' title='bbox 1706 5431 1760 5486; x_wconf 91' lang='lat' dir='ltr'><strong>in</strong></span> 
     </span>
    </p>
   </div>
   <div class='ocr_carea' id='block_1_88' title="bbox 164 5507 1760 5591">
    <p class='ocr_par' dir='ltr' id='par_1_88' title="bbox 164 5507 1760 5591">
     <span class='ocr_line' id='line_1_88' title="bbox 164 5507 1760 5591; baseline 0.013 -30"><span class='ocrx_word' id='word_1_719' title='bbox 164 5507 471 5582; x_wconf 87' lang='lat' dir='ltr'><strong>Philippicis</strong></span> <span class='ocrx_word' id='word_1_720' title='bbox 521 5512 716 5568; x_wconf 86' lang='lat' dir='ltr'><strong>Cicero</strong></span> <span class='ocrx_word' id='word_1_721' title='bbox 765 5515 953 5585; x_wconf 89' lang='lat' dir='ltr'><strong>objicit</strong></span> <span class='ocrx_word' id='word_1_722' title='bbox 983 5535 995 5570; x_wconf 89' lang='lat'>:</span> <span class='ocrx_word' id='word_1_723' title='bbox 1029 5519 1268 5576; x_wconf 86' lang='lat' dir='ltr'><strong>Adhibes</strong></span> <span class='ocrx_word' id='word_1_724' title='bbox 1294 5522 1404 5591; x_wconf 86' lang='lat' dir='ltr'><strong>joci</strong></span> <span class='ocrx_word' id='word_1_725' title='bbox 1433 5539 1592 5580; x_wconf 85' lang='lat' dir='ltr'><strong>causa</strong></span> <span class='ocrx_word' id='word_1_726' title='bbox 1645 5542 1760 5581; x_wconf 88' lang='lat' dir='ltr'><strong>ma-</strong></span> 
     </span>
    </p>
   </div>
   <div class='ocr_carea' id='block_1_89' title="bbox 163 5605 1760 5682">
    <p class='ocr_par' dir='ltr' id='par_1_89' title="bbox 163 5605 1760 5682">
     <span class='ocr_line' id='line_1_89' title="bbox 163 5605 1760 5682; baseline 0.014 -28"><span class='ocrx_word' id='word_1_727' title='bbox 163 5605 382 5672; x_wconf 83' lang='lat' dir='ltr'><strong>gistrum</strong></span> <span class='ocrx_word' id='word_1_728' title='bbox 415 5605 675 5678; x_wconf 79' lang='lat' dir='ltr'><strong>suﬁ‘ragio</strong></span> <span class='ocrx_word' id='word_1_729' title='bbox 707 5617 799 5664; x_wconf 90' lang='lat' dir='ltr'><strong>tuo</strong></span> <span class='ocrx_word' id='word_1_730' title='bbox 821 5620 875 5664; x_wconf 93' lang='lat' dir='ltr'><strong>et</strong></span> <span class='ocrx_word' id='word_1_731' title='bbox 906 5622 1286 5682; x_wconf 86' lang='lat' dir='ltr'><strong>compotorum</strong></span> <span class='ocrx_word' id='word_1_732' title='bbox 1318 5627 1529 5673; x_wconf 85' lang='lat' dir='ltr'><strong>tuorum</strong></span> <span class='ocrx_word' id='word_1_733' title='bbox 1575 5621 1760 5676; x_wconf 89' lang='lat' dir='ltr'><strong>rheto-</strong></span> 
     </span>
    </p>
   </div>
   <div class='ocr_carea' id='block_1_90' title="bbox 164 5701 1763 5777">
    <p class='ocr_par' dir='ltr' id='par_1_90' title="bbox 164 5701 1763 5777">
     <span class='ocr_line' id='line_1_90' title="bbox 164 5701 1763 5777; baseline 0.012 -26"><span class='ocrx_word' id='word_1_734' title='bbox 164 5711 370 5754; x_wconf 89' lang='lat' dir='ltr'><strong>rem....</strong></span> <span class='ocrx_word' id='word_1_735' title='bbox 415 5701 524 5756; x_wconf 92' lang='lat' dir='ltr'><strong>duo</strong></span> <span class='ocrx_word' id='word_1_736' title='bbox 565 5701 738 5758; x_wconf 90' lang='lat' dir='ltr'><strong>millia</strong></span> <span class='ocrx_word' id='word_1_737' title='bbox 787 5704 1034 5776; x_wconf 87' lang='lat' dir='ltr'><strong>jugerum</strong></span> <span class='ocrx_word' id='word_1_738' title='bbox 1069 5709 1245 5777; x_wconf 81' lang='lat' dir='ltr'><strong>campi</strong></span> <span class='ocrx_word' id='word_1_739' title='bbox 1293 5709 1546 5766; x_wconf 90' lang='lat' dir='ltr'><strong>Leontini</strong></span> <span class='ocrx_word' id='word_1_740' title='bbox 1597 5713 1763 5770; x_wconf 84' lang='lat' dir='ltr'><strong>Sexto</strong></span> 
     </span>
    </p>
   </div>
   <div class='ocr_carea' id='block_1_91' title="bbox 164 5788 1759 5871">
    <p class='ocr_par' dir='ltr' id='par_1_91' title="bbox 164 5788 1759 5871">
     <span class='ocr_line' id='line_1_91' title="bbox 164 5788 1759 5871; baseline 0.011 -27"><span class='ocrx_word' id='word_1_741' title='bbox 164 5788 345 5847; x_wconf 90' lang='lat' dir='ltr'><strong>Clodio</strong></span> <span class='ocrx_word' id='word_1_742' title='bbox 392 5795 596 5851; x_wconf 88' lang='lat' dir='ltr'><strong>rhetori</strong></span> <span class='ocrx_word' id='word_1_743' title='bbox 642 5797 964 5868; x_wconf 89' lang='lat' dir='ltr'><strong>assignasti.</strong></span> <span class='ocrx_word' id='word_1_744' title='bbox 1018 5800 1314 5869; x_wconf 83' lang='lat' dir='ltr'><strong>etquidem</strong></span> <span class='ocrx_word' id='word_1_745' title='bbox 1369 5805 1660 5871; x_wconf 89' lang='lat' dir='ltr'><strong>immunia;</strong></span> <span class='ocrx_word' id='word_1_746' title='bbox 1702 5817 1759 5862; x_wconf 92' lang='lat' dir='ltr'><strong>ut</strong></span> 
     </span>
    </p>
   </div>
   <div class='ocr_carea' id='block_1_92' title="bbox 167 5890 1757 5972">
    <p class='ocr_par' dir='ltr' id='par_1_92' title="bbox 167 5890 1757 5972">
     <span class='ocr_line' id='line_1_92' title="bbox 167 5890 1757 5972; baseline 0.011 -33"><span class='ocrx_word' id='word_1_747' title='bbox 167 5894 302 5944; x_wconf 83' lang='lat' dir='ltr'><strong>tanta</strong></span> <span class='ocrx_word' id='word_1_748' title='bbox 327 5890 578 5950; x_wconf 84' lang='lat' dir='ltr'><strong>mercede</strong></span> <span class='ocrx_word' id='word_1_749' title='bbox 595 5890 734 5948; x_wconf 80' lang='lat' dir='ltr'><strong>nihil</strong></span> <span class='ocrx_word' id='word_1_750' title='bbox 755 5908 948 5972; x_wconf 85' lang='lat' dir='ltr'><strong>sapere</strong></span> <span class='ocrx_word' id='word_1_751' title='bbox 961 5893 1200 5958; x_wconf 87' lang='lat' dir='ltr'><strong>disceres</strong></span> <span class='ocrx_word' id='word_1_752' title='bbox 1224 5915 1244 5951; x_wconf 86' lang='grc' dir='ltr'><strong>ι</strong></span> <span class='ocrx_word' id='word_1_753' title='bbox 1272 5896 1474 5968; x_wconf 60' lang='lat' dir='ltr'><strong>(Suet,</strong></span> <span class='ocrx_word' id='word_1_754' title='bbox 1505 5899 1570 5955; x_wconf 79' lang='lat' dir='ltr'><strong>de</strong></span> <span class='ocrx_word' id='word_1_755' title='bbox 1610 5898 1757 5957; x_wconf 72' lang='grc' dir='ltr'><strong>ϐίαν.</strong></span> 
     </span>
    </p>
   </div>
   <div class='ocr_carea' id='block_1_93' title="bbox 1891 3357 3498 3445">
    <p class='ocr_par' dir='ltr' id='par_1_93' title="bbox 1891 3357 3498 3445">
     <span class='ocr_line' id='line_1_93' title="bbox 1891 3357 3498 3445; baseline 0.012 -35"><span class='ocrx_word' id='word_1_756' title='bbox 1891 3359 2056 3421; x_wconf 83' lang='lat' dir='ltr'><strong>cium,</strong></span> <span class='ocrx_word' id='word_1_757' title='bbox 2087 3357 2152 3413; x_wconf 91' lang='lat' dir='ltr'><strong>de</strong></span> <span class='ocrx_word' id='word_1_758' title='bbox 2184 3374 2291 3429; x_wconf 90' lang='lat' dir='ltr'><strong>quo</strong></span> <span class='ocrx_word' id='word_1_759' title='bbox 2317 3361 2593 3417; x_wconf 89' lang='lat' dir='ltr'><strong>Arnobius</strong></span> <span class='ocrx_word' id='word_1_760' title='bbox 2627 3365 2884 3434; x_wconf 89' lang='lat' dir='ltr'><strong>loquitur,</strong></span> <span class='ocrx_word' id='word_1_761' title='bbox 2939 3369 3118 3437; x_wconf 89' lang='lat' dir='ltr'><strong>ipsum</strong></span> <span class='ocrx_word' id='word_1_762' title='bbox 3148 3387 3294 3441; x_wconf 90' lang='lat' dir='ltr'><strong>esse,</strong></span> <span class='ocrx_word' id='word_1_763' title='bbox 3343 3375 3498 3445; x_wconf 81' lang='lat' dir='ltr'><strong>Cujus</strong></span> 
     </span>
    </p>
   </div>
   <div class='ocr_carea' id='block_1_94' title="bbox 1891 3450 3494 3526">
    <p class='ocr_par' dir='ltr' id='par_1_94' title="bbox 1891 3450 3494 3526">
     <span class='ocr_line' id='line_1_94' title="bbox 1891 3450 3494 3526; baseline 0.015 -23"><span class='ocrx_word' id='word_1_764' title='bbox 1891 3450 2060 3504; x_wconf 88' lang='lat' dir='ltr'><strong>libros</strong></span> <span class='ocrx_word' id='word_1_765' title='bbox 2089 3453 2406 3524; x_wconf 82' lang='lat' dir='ltr'><strong>Etymorum</strong></span> <span class='ocrx_word' id='word_1_766' title='bbox 2439 3458 2604 3526; x_wconf 88' lang='lat' dir='ltr'><strong>paulo</strong></span> <span class='ocrx_word' id='word_1_767' title='bbox 2633 3469 2788 3516; x_wconf 83' lang='lat' dir='ltr'><strong>antea</strong></span> <span class='ocrx_word' id='word_1_768' title='bbox 2835 3462 3262 3524; x_wconf 80' lang='lat' dir='ltr'><strong>observabanius</strong></span> <span class='ocrx_word' id='word_1_769' title='bbox 3298 3485 3327 3523; x_wconf 88' lang='lat' dir='ltr'><strong>a</strong></span> <span class='ocrx_word' id='word_1_770' title='bbox 3375 3478 3494 3526; x_wconf 86' lang='lat' dir='ltr'><strong>Ma-</strong></span> 
     </span>
    </p>
   </div>
   <div class='ocr_carea' id='block_1_95' title="bbox 1889 3545 2273 3601">
    <p class='ocr_par' dir='ltr' id='par_1_95' title="bbox 1889 3545 2273 3601">
     <span class='ocr_line' id='line_1_95' title="bbox 1889 3545 2273 3601; baseline 0.008 -3"><span class='ocrx_word' id='word_1_771' title='bbox 1889 3545 2076 3600; x_wconf 83' lang='lat' dir='ltr'><strong>crebio</strong></span> <span class='ocrx_word' id='word_1_772' title='bbox 2099 3547 2273 3601; x_wconf 88' lang='lat' dir='ltr'><strong>citari.</strong></span> 
     </span>
    </p>
   </div>
   <div class='ocr_carea' id='block_1_96' title="bbox 1959 3662 3496 3746">
    <p class='ocr_par' dir='ltr' id='par_1_96' title="bbox 1959 3662 3496 3746">
     <span class='ocr_line' id='line_1_96' title="bbox 1959 3662 3496 3746; baseline 0.016 -30"><span class='ocrx_word' id='word_1_773' title='bbox 1959 3662 2148 3717; x_wconf 90' lang='lat' dir='ltr'><strong>Crates</strong></span> <span class='ocrx_word' id='word_1_774' title='bbox 2170 3664 2344 3721; x_wconf 89' lang='lat' dir='ltr'><strong>adhuc</strong></span> <span class='ocrx_word' id='word_1_775' title='bbox 2363 3667 2432 3723; x_wconf 91' lang='lat' dir='ltr'><strong>ab</strong></span> <span class='ocrx_word' id='word_1_776' title='bbox 2453 3679 2673 3728; x_wconf 91' lang='lat' dir='ltr'><strong>auctore</strong></span> <span class='ocrx_word' id='word_1_777' title='bbox 2702 3683 2891 3730; x_wconf 84' lang='lat' dir='ltr'><strong>nostro</strong></span> <span class='ocrx_word' id='word_1_778' title='bbox 2923 3678 3192 3746; x_wconf 86' lang='lat' dir='ltr'><strong>laudatus,</strong></span> <span class='ocrx_word' id='word_1_779' title='bbox 3222 3681 3367 3739; x_wconf 89' lang='lat' dir='ltr'><strong>haud</strong></span> <span class='ocrx_word' id='word_1_780' title='bbox 3394 3686 3496 3741; x_wconf 89' lang='lat' dir='ltr'><strong>du-</strong></span> 
     </span>
    </p>
   </div>
   <div class='ocr_carea' id='block_1_97' title="bbox 1889 3755 3487 3840">
    <p class='ocr_par' dir='ltr' id='par_1_97' title="bbox 1889 3755 3487 3840">
     <span class='ocr_line' id='line_1_97' title="bbox 1889 3755 3487 3840; baseline 0.016 -31"><span class='ocrx_word' id='word_1_781' title='bbox 1889 3755 1974 3811; x_wconf 90' lang='lat' dir='ltr'><strong>die</strong></span> <span class='ocrx_word' id='word_1_782' title='bbox 2017 3761 2400 3828; x_wconf 86' lang='lat' dir='ltr'><strong>grammaticus</strong></span> <span class='ocrx_word' id='word_1_783' title='bbox 2430 3763 2523 3820; x_wconf 90' lang='lat' dir='ltr'><strong>ille</strong></span> <span class='ocrx_word' id='word_1_784' title='bbox 2551 3765 2647 3820; x_wconf 85' lang='lat' dir='ltr'><strong>fuit</strong></span> <span class='ocrx_word' id='word_1_785' title='bbox 2676 3810 2689 3831; x_wconf 93' lang='lat'><strong>,</strong></span> <span class='ocrx_word' id='word_1_786' title='bbox 2736 3769 2803 3824; x_wconf 86' lang='lat' dir='ltr'><strong>de</strong></span> <span class='ocrx_word' id='word_1_787' title='bbox 2829 3787 2936 3840; x_wconf 93' lang='lat' dir='ltr'><strong>quo</strong></span> <span class='ocrx_word' id='word_1_788' title='bbox 2967 3774 3094 3828; x_wconf 89' lang='lat' dir='ltr'><strong>alibi</strong></span> <span class='ocrx_word' id='word_1_789' title='bbox 3125 3774 3487 3835; x_wconf 85' lang='lat' dir='ltr'><strong>disseruimus</strong></span> 
     </span>
    </p>
   </div>
   <div class='ocr_carea' id='block_1_98' title="bbox 1889 3848 3491 3942">
    <p class='ocr_par' dir='ltr' id='par_1_98' title="bbox 1889 3848 3491 3942">
     <span class='ocr_line' id='line_1_98' title="bbox 1889 3848 3491 3942; baseline 0.016 -41"><span class='ocrx_word' id='word_1_790' title='bbox 1889 3848 2133 3921; x_wconf 76' lang='lat' dir='ltr'><strong>(Arnob.,</strong></span> <span class='ocrx_word' id='word_1_791' title='bbox 2166 3852 2254 3906; x_wconf 87' lang='lat' dir='ltr'><strong>lib.</strong></span> <span class='ocrx_word' id='word_1_792' title='bbox 2289 3869 2366 3920; x_wconf 89' lang='grc' dir='ltr'><strong>ιιι,</strong></span> <span class='ocrx_word' id='word_1_793' title='bbox 2407 3874 2526 3927; x_wconf 85' lang='lat' dir='ltr'><strong>pag.</strong></span> <span class='ocrx_word' id='word_1_794' title='bbox 2559 3859 2651 3915; x_wconf 73' lang='grc'><strong>121</strong></span> <span class='ocrx_word' id='word_1_795' title='bbox 2679 3877 2693 3928; x_wconf 87' lang='grc'><strong>;</strong></span> <span class='ocrx_word' id='word_1_796' title='bbox 2717 3871 2838 3916; x_wconf 83' lang='grc' dir='ltr'><strong>ιοιιι.</strong></span> <span class='ocrx_word' id='word_1_797' title='bbox 2876 3879 2892 3917; x_wconf 89' lang='grc' dir='ltr'><strong>ι</strong></span> <span class='ocrx_word' id='word_1_798' title='bbox 2924 3864 3209 3936; x_wconf 84' lang='lat' dir='ltr'><strong>Apparat.,</strong></span> <span class='ocrx_word' id='word_1_799' title='bbox 3233 3886 3353 3942; x_wconf 86' lang='lat' dir='ltr'><strong>pag.</strong></span> <span class='ocrx_word' id='word_1_800' title='bbox 3389 3872 3491 3927; x_wconf 71' lang='grc'><strong>147</strong></span> 
     </span>
    </p>
   </div>
   <div class='ocr_carea' id='block_1_99' title="bbox 1885 3944 2163 4014">
    <p class='ocr_par' dir='ltr' id='par_1_99' title="bbox 1885 3944 2163 4014">
     <span class='ocr_line' id='line_1_99' title="bbox 1885 3944 2163 4014; baseline 0.018 -20"><span class='ocrx_word' id='word_1_801' title='bbox 1885 3955 1931 3995; x_wconf 88' lang='lat' dir='ltr'><strong>el</strong></span> <span class='ocrx_word' id='word_1_802' title='bbox 1963 3944 2099 3998; x_wconf 64' lang='grc' dir='ltr'><strong>ηδε)</strong></span> <span class='ocrx_word' id='word_1_803' title='bbox 2125 3946 2163 4014; x_wconf 88' lang='grc'><strong>).</strong></span> 
     </span>
    </p>
   </div>
   <div class='ocr_carea' id='block_1_100' title="bbox 1957 4034 3513 4114">
    <p class='ocr_par' dir='ltr' id='par_1_100' title="bbox 1957 4034 3513 4114">
     <span class='ocr_line' id='line_1_100' title="bbox 1957 4034 3513 4114; baseline 0.016 -27"><span class='ocrx_word' id='word_1_804' title='bbox 1957 4034 2186 4091; x_wconf 91' lang='lat' dir='ltr'><strong>Cronius</strong></span> <span class='ocrx_word' id='word_1_805' title='bbox 2227 4039 2278 4093; x_wconf 92' lang='lat' dir='ltr'><strong>in</strong></span> <span class='ocrx_word' id='word_1_806' title='bbox 2320 4040 2505 4097; x_wconf 90' lang='lat' dir='ltr'><strong>ultima</strong></span> <span class='ocrx_word' id='word_1_807' title='bbox 2549 4044 2812 4101; x_wconf 89' lang='lat' dir='ltr'><strong>librorum</strong></span> <span class='ocrx_word' id='word_1_808' title='bbox 2854 4050 3082 4106; x_wconf 88' lang='lat' dir='ltr'><strong>Arnobii</strong></span> <span class='ocrx_word' id='word_1_809' title='bbox 3124 4054 3364 4113; x_wconf 89' lang='lat' dir='ltr'><strong>editione</strong></span> <span class='ocrx_word' id='word_1_810' title='bbox 3393 4074 3513 4114; x_wconf 88' lang='lat' dir='ltr'><strong>no—.</strong></span> 
     </span>
    </p>
   </div>
   <div class='ocr_carea' id='block_1_101' title="bbox 1885 4128 3490 4212">
    <p class='ocr_par' dir='ltr' id='par_1_101' title="bbox 1885 4128 3490 4212">
     <span class='ocr_line' id='line_1_101' title="bbox 1885 4128 3490 4212; baseline 0.018 -34"><span class='ocrx_word' id='word_1_811' title='bbox 1885 4128 2140 4193; x_wconf 83' lang='lat' dir='ltr'><strong>minatur,</strong></span> <span class='ocrx_word' id='word_1_812' title='bbox 2167 4131 2254 4184; x_wconf 89' lang='lat' dir='ltr'><strong>ubi</strong></span> <span class='ocrx_word' id='word_1_813' title='bbox 2287 4135 2403 4188; x_wconf 65' lang='lat' dir='ltr'><strong>haec</strong></span> <span class='ocrx_word' id='word_1_814' title='bbox 2425 4134 2516 4190; x_wconf 91' lang='lat' dir='ltr'><strong>ille</strong></span> <span class='ocrx_word' id='word_1_815' title='bbox 2546 4135 2682 4192; x_wconf 83' lang='lat' dir='ltr'><strong>dixit</strong></span> <span class='ocrx_word' id='word_1_816' title='bbox 2716 4156 2728 4192; x_wconf 89' lang='lat'><strong>:</strong></span> <span class='ocrx_word' id='word_1_817' title='bbox 2769 4159 2787 4191; x_wconf 78' lang='grc' dir='ltr'><strong>ι</strong></span> <span class='ocrx_word' id='word_1_818' title='bbox 2823 4140 2928 4197; x_wconf 85' lang='lat' dir='ltr'><strong>Vos</strong></span> <span class='ocrx_word' id='word_1_819' title='bbox 2958 4143 3194 4212; x_wconf 87' lang='lat' dir='ltr'><strong>Platoni,</strong></span> <span class='ocrx_word' id='word_1_820' title='bbox 3225 4164 3325 4206; x_wconf 88' lang='lat' dir='ltr'><strong>vos</strong></span> <span class='ocrx_word' id='word_1_821' title='bbox 3348 4150 3490 4207; x_wconf 92' lang='lat' dir='ltr'><strong>Cro-</strong></span> 
     </span>
    </p>
   </div>
   <div class='ocr_carea' id='block_1_102' title="bbox 1883 4219 3483 4317">
    <p class='ocr_par' dir='ltr' id='par_1_102' title="bbox 1883 4219 3483 4317">
     <span class='ocr_line' id='line_1_102' title="bbox 1883 4219 3483 4317; baseline 0.018 -45"><span class='ocrx_word' id='word_1_822' title='bbox 1883 4219 1992 4285; x_wconf 88' lang='lat' dir='ltr'><strong>nio,</strong></span> <span class='ocrx_word' id='word_1_823' title='bbox 2019 4236 2114 4274; x_wconf 90' lang='lat' dir='ltr'><strong>vos</strong></span> <span class='ocrx_word' id='word_1_824' title='bbox 2147 4221 2415 4280; x_wconf 87' lang='lat' dir='ltr'><strong>Numenio</strong></span> <span class='ocrx_word' id='word_1_825' title='bbox 2445 4229 2668 4283; x_wconf 86' lang='lat' dir='ltr'><strong>creditis</strong></span> <span class='ocrx_word' id='word_1_826' title='bbox 2698 4250 2716 4282; x_wconf 81' lang='grc' dir='ltr'><strong>ι</strong></span> <span class='ocrx_word' id='word_1_827' title='bbox 2744 4232 2986 4302; x_wconf 68' lang='grc' dir='ltr'><strong>(Ανηοὸη</strong></span> <span class='ocrx_word' id='word_1_828' title='bbox 3012 4237 3107 4292; x_wconf 92' lang='lat' dir='ltr'><strong>lib.</strong></span> <span class='ocrx_word' id='word_1_829' title='bbox 3138 4255 3196 4305; x_wconf 87' lang='grc' dir='ltr'><strong>ιι,</strong></span> <span class='ocrx_word' id='word_1_830' title='bbox 3225 4260 3345 4313; x_wconf 87' lang='lat' dir='ltr'><strong>pag.</strong></span> <span class='ocrx_word' id='word_1_831' title='bbox 3369 4243 3483 4317; x_wconf 72' lang='grc'>49).</span> 
     </span>
    </p>
   </div>
   <div class='ocr_carea' id='block_1_103' title="bbox 1881 4313 3492 4406">
    <p class='ocr_par' dir='ltr' id='par_1_103' title="bbox 1881 4313 3492 4406">
     <span class='ocr_line' id='line_1_103' title="bbox 1881 4313 3492 4406; baseline 0.016 -39"><span class='ocrx_word' id='word_1_832' title='bbox 1881 4313 1987 4367; x_wconf 88' lang='lat' dir='ltr'><strong>Sed</strong></span> <span class='ocrx_word' id='word_1_833' title='bbox 2029 4316 2079 4368; x_wconf 91' lang='lat' dir='ltr'><strong>in</strong></span> <span class='ocrx_word' id='word_1_834' title='bbox 2113 4319 2484 4388; x_wconf 86' lang='lat' dir='ltr'><strong>manuscripto</strong></span> <span class='ocrx_word' id='word_1_835' title='bbox 2524 4322 2672 4392; x_wconf 80' lang='lat' dir='ltr'><strong>regio</strong></span> <span class='ocrx_word' id='word_1_836' title='bbox 2699 4324 2888 4381; x_wconf 89' lang='lat' dir='ltr'><strong>codice</strong></span> <span class='ocrx_word' id='word_1_837' title='bbox 2932 4344 3030 4398; x_wconf 85' lang='lat' dir='ltr'><strong>pro</strong></span> <span class='ocrx_word' id='word_1_838' title='bbox 3061 4331 3251 4388; x_wconf 83' lang='lat' dir='ltr'><strong>Cronio</strong></span> <span class='ocrx_word' id='word_1_839' title='bbox 3293 4313 3492 4406; x_wconf 83' lang='lat' dir='ltr'><strong>legitur</strong></span> 
     </span>
    </p>
   </div>
   <div class='ocr_carea' id='block_1_104' title="bbox 1879 4408 3487 4497">
    <p class='ocr_par' dir='ltr' id='par_1_104' title="bbox 1879 4408 3487 4497">
     <span class='ocr_line' id='line_1_104' title="bbox 1879 4408 3487 4497; baseline 0.016 -35"><span class='ocrx_word' id='word_1_840' title='bbox 1879 4408 2146 4465; x_wconf 83' lang='lat' dir='ltr'><strong>Crotonio.</strong></span> <span class='ocrx_word' id='word_1_841' title='bbox 2180 4411 2230 4465; x_wconf 84' lang='lat' dir='ltr'><strong>Is</strong></span> <span class='ocrx_word' id='word_1_842' title='bbox 2261 4424 2439 4467; x_wconf 86' lang='lat' dir='ltr'><strong>autem</strong></span> <span class='ocrx_word' id='word_1_843' title='bbox 2470 4416 2589 4484; x_wconf 92' lang='lat' dir='ltr'><strong>quis</strong></span> <span class='ocrx_word' id='word_1_844' title='bbox 2618 4417 2812 4484; x_wconf 84' lang='lat' dir='ltr'><strong>fuerit,</strong></span> <span class='ocrx_word' id='word_1_845' title='bbox 2853 4435 2978 4476; x_wconf 91' lang='lat' dir='ltr'><strong>cum</strong></span> <span class='ocrx_word' id='word_1_846' title='bbox 3011 4424 3328 4497; x_wconf 86' lang='lat' dir='ltr'><strong>ignoretur,</strong></span> <span class='ocrx_word' id='word_1_847' title='bbox 3364 4446 3487 4486; x_wconf 88' lang='lat' dir='ltr'><strong>cor-</strong></span> 
     </span>
    </p>
   </div>
   <div class='ocr_carea' id='block_1_105' title="bbox 1882 4512 3484 4586">
    <p class='ocr_par' dir='ltr' id='par_1_105' title="bbox 1882 4512 3484 4586">
     <span class='ocr_line' id='line_1_105' title="bbox 1882 4512 3484 4586; baseline 0.016 -34"><span class='ocrx_word' id='word_1_848' title='bbox 1882 4512 2099 4570; x_wconf 88' lang='lat' dir='ltr'><strong>ruptum</strong></span> <span class='ocrx_word' id='word_1_849' title='bbox 2132 4520 2326 4559; x_wconf 88' lang='lat' dir='ltr'><strong>nomen</strong></span> <span class='ocrx_word' id='word_1_850' title='bbox 2366 4521 2485 4561; x_wconf 88' lang='lat' dir='ltr'><strong>esse</strong></span> <span class='ocrx_word' id='word_1_851' title='bbox 2516 4517 2857 4576; x_wconf 90' lang='lat' dir='ltr'><strong>putaverunt.</strong></span> <span class='ocrx_word' id='word_1_852' title='bbox 2892 4515 2961 4569; x_wconf 88' lang='lat' dir='ltr'><strong>At</strong></span> <span class='ocrx_word' id='word_1_853' title='bbox 2989 4519 3265 4586; x_wconf 89' lang='lat' dir='ltr'><strong>quomodo</strong></span> <span class='ocrx_word' id='word_1_854' title='bbox 3297 4537 3484 4577; x_wconf 89' lang='lat' dir='ltr'><strong>cmen-</strong></span> 
     </span>
    </p>
   </div>
   <div class='ocr_carea' id='block_1_106' title="bbox 1881 4593 3484 4686">
    <p class='ocr_par' dir='ltr' id='par_1_106' title="bbox 1881 4593 3484 4686">
     <span class='ocr_line' id='line_1_106' title="bbox 1881 4593 3484 4686; baseline 0.016 -39"><span class='ocrx_word' id='word_1_855' title='bbox 1881 4593 1997 4648; x_wconf 84' lang='lat' dir='ltr'><strong>dari</strong></span> <span class='ocrx_word' id='word_1_856' title='bbox 2025 4595 2260 4662; x_wconf 89' lang='lat' dir='ltr'><strong>debeat,</strong></span> <span class='ocrx_word' id='word_1_857' title='bbox 2306 4614 2404 4666; x_wconf 91' lang='lat' dir='ltr'><strong>pro</strong></span> <span class='ocrx_word' id='word_1_858' title='bbox 2434 4615 2532 4654; x_wconf 90' lang='lat' dir='ltr'><strong>suo</strong></span> <span class='ocrx_word' id='word_1_859' title='bbox 2566 4607 2941 4677; x_wconf 89' lang='lat' dir='ltr'><strong>unusquisque</strong></span> <span class='ocrx_word' id='word_1_860' title='bbox 2970 4609 3187 4681; x_wconf 89' lang='lat' dir='ltr'><strong>ingenio</strong></span> <span class='ocrx_word' id='word_1_861' title='bbox 3228 4615 3484 4686; x_wconf 87' lang='lat' dir='ltr'><strong>conjecit.</strong></span> 
     </span>
    </p>
   </div>
   <div class='ocr_carea' id='block_1_107' title="bbox 1883 4687 3483 4772">
    <p class='ocr_par' dir='ltr' id='par_1_107' title="bbox 1883 4687 3483 4772">
     <span class='ocr_line' id='line_1_107' title="bbox 1883 4687 3483 4772; baseline 0.016 -30"><span class='ocrx_word' id='word_1_862' title='bbox 1883 4687 2149 4744; x_wconf 87' lang='lat' dir='ltr'><strong>Cauterus</strong></span> <span class='ocrx_word' id='word_1_863' title='bbox 2196 4691 2395 4762; x_wconf 83' lang='lat' dir='ltr'><strong>quippe</strong></span> <span class='ocrx_word' id='word_1_864' title='bbox 2436 4695 2690 4765; x_wconf 87' lang='lat' dir='ltr'><strong>opinatur</strong></span> <span class='ocrx_word' id='word_1_865' title='bbox 2719 4698 3007 4770; x_wconf 87' lang='lat' dir='ltr'><strong>legendum</strong></span> <span class='ocrx_word' id='word_1_866' title='bbox 3059 4701 3305 4762; x_wconf 86' lang='lat' dir='ltr'><strong>Protom‘o</strong></span> <span class='ocrx_word' id='word_1_867' title='bbox 3335 4752 3348 4772; x_wconf 94' lang='lat'><strong>,</strong></span> <span class='ocrx_word' id='word_1_868' title='bbox 3383 4725 3483 4767; x_wconf 90' lang='lat' dir='ltr'><strong>seu</strong></span> 
     </span>
    </p>
   </div>
   <div class='ocr_carea' id='block_1_108' title="bbox 1877 4781 3485 4872">
    <p class='ocr_par' dir='ltr' id='par_1_108' title="bbox 1877 4781 3485 4872">
     <span class='ocr_line' id='line_1_108' title="bbox 1877 4781 3485 4872; baseline 0.018 -39"><span class='ocrx_word' id='word_1_869' title='bbox 1877 4781 2161 4837; x_wconf 71' lang='lat' dir='ltr'><strong>Prol/ramo</strong></span> <span class='ocrx_word' id='word_1_870' title='bbox 2187 4825 2198 4844; x_wconf 83' lang='lat'><strong>,</strong></span> <span class='ocrx_word' id='word_1_871' title='bbox 2241 4787 2320 4840; x_wconf 85' lang='lat' dir='ltr'><strong>vel</strong></span> <span class='ocrx_word' id='word_1_872' title='bbox 2352 4789 2532 4857; x_wconf 88' lang='lat' dir='ltr'><strong>potius</strong></span> <span class='ocrx_word' id='word_1_873' title='bbox 2561 4787 2865 4847; x_wconf 83' lang='lat' dir='ltr'><strong>Prothomio</strong></span> <span class='ocrx_word' id='word_1_874' title='bbox 2890 4837 2904 4856; x_wconf 92' lang='lat'><strong>,</strong></span> <span class='ocrx_word' id='word_1_875' title='bbox 2950 4796 3018 4851; x_wconf 87' lang='lat' dir='ltr'><strong>de</strong></span> <span class='ocrx_word' id='word_1_876' title='bbox 3043 4813 3149 4866; x_wconf 94' lang='lat' dir='ltr'><strong>quo</strong></span> <span class='ocrx_word' id='word_1_877' title='bbox 3177 4800 3439 4872; x_wconf 83' lang='lat' dir='ltr'><strong>Apuleius</strong></span> <span class='ocrx_word' id='word_1_878' title='bbox 3470 4824 3485 4862; x_wconf 90' lang='lat'><strong>:</strong></span> 
     </span>
    </p>
   </div>
   <div class='ocr_carea' id='block_1_109' title="bbox 1881 4877 3479 4967">
    <p class='ocr_par' dir='ltr' id='par_1_109' title="bbox 1881 4877 3479 4967">
     <span class='ocr_line' id='line_1_109' title="bbox 1881 4877 3479 4967; baseline 0.019 -42"><span class='ocrx_word' id='word_1_879' title='bbox 1881 4895 1899 4925; x_wconf 73' lang='grc' dir='ltr'><strong>ι</strong></span> <span class='ocrx_word' id='word_1_880' title='bbox 1929 4877 2025 4932; x_wconf 85' lang='lat' dir='ltr'><strong>Sat</strong></span> <span class='ocrx_word' id='word_1_881' title='bbox 2050 4896 2076 4932; x_wconf 82' lang='grc' dir='ltr'><em>ε</em></span> <span class='ocrx_word' id='word_1_882' title='bbox 2105 4879 2372 4945; x_wconf 83' lang='lat' dir='ltr'><strong>Protomo,</strong></span> <span class='ocrx_word' id='word_1_883' title='bbox 2404 4901 2423 4934; x_wconf 83' lang='grc' dir='ltr'><strong>ι</strong></span> <span class='ocrx_word' id='word_1_884' title='bbox 2460 4885 2661 4954; x_wconf 84' lang='lat' dir='ltr'><strong>inquit,</strong></span> <span class='ocrx_word' id='word_1_885' title='bbox 2699 4907 2719 4940; x_wconf 74' lang='grc' dir='ltr'><strong>ι</strong></span> <span class='ocrx_word' id='word_1_886' title='bbox 2747 4889 2914 4960; x_wconf 78' lang='lat' dir='ltr'><strong>gloria</strong></span> <span class='ocrx_word' id='word_1_887' title='bbox 2949 4900 3054 4957; x_wconf 90' lang='lat' dir='ltr'><strong>est,</strong></span> <span class='ocrx_word' id='word_1_888' title='bbox 3086 4897 3177 4966; x_wconf 93' lang='lat' dir='ltr'><strong>qui</strong></span> <span class='ocrx_word' id='word_1_889' title='bbox 3213 4897 3335 4951; x_wconf 91' lang='lat' dir='ltr'><strong>talis</strong></span> <span class='ocrx_word' id='word_1_890' title='bbox 3361 4899 3479 4967; x_wconf 87' lang='lat' dir='ltr'><strong>fuit,</strong></span> 
     </span>
    </p>
   </div>
   <div class='ocr_carea' id='block_1_110' title="bbox 1877 4973 3478 5058">
    <p class='ocr_par' dir='ltr' id='par_1_110' title="bbox 1877 4973 3478 5058">
     <span class='ocr_line' id='line_1_110' title="bbox 1877 4973 3478 5058; baseline 0.016 -34"><span class='ocrx_word' id='word_1_891' title='bbox 1877 4982 1934 5025; x_wconf 89' lang='lat' dir='ltr'><strong>ut</strong></span> <span class='ocrx_word' id='word_1_892' title='bbox 1963 4973 2078 5041; x_wconf 89' lang='lat' dir='ltr'><strong>ejus</strong></span> <span class='ocrx_word' id='word_1_893' title='bbox 2118 4986 2369 5044; x_wconf 88' lang='lat' dir='ltr'><strong>nepotem</strong></span> <span class='ocrx_word' id='word_1_894' title='bbox 2402 4994 2507 5032; x_wconf 87' lang='lat' dir='ltr'><strong>non</strong></span> <span class='ocrx_word' id='word_1_895' title='bbox 2533 4981 2778 5047; x_wconf 87' lang='lat' dir='ltr'><strong>puderet.</strong></span> <span class='ocrx_word' id='word_1_896' title='bbox 2813 5004 2831 5037; x_wconf 83' lang='grc' dir='ltr'><strong>ι</strong></span> <span class='ocrx_word' id='word_1_897' title='bbox 2869 4985 3076 5058; x_wconf 84' lang='lat' dir='ltr'><strong>(Apul.</strong></span> <span class='ocrx_word' id='word_1_898' title='bbox 3107 5032 3120 5053; x_wconf 92' lang='lat'><strong>,</strong></span> <span class='ocrx_word' id='word_1_899' title='bbox 3153 4990 3243 5045; x_wconf 85' lang='lat' dir='ltr'><strong>lib.</strong></span> <span class='ocrx_word' id='word_1_900' title='bbox 3271 4993 3335 5046; x_wconf 88' lang='lat' dir='ltr'><strong>de</strong></span> <span class='ocrx_word' id='word_1_901' title='bbox 3366 4993 3478 5050; x_wconf 81' lang='lat' dir='ltr'><strong>Deo</strong></span> 
     </span>
    </p>
   </div>
   <div class='ocr_carea' id='block_1_111' title="bbox 1876 5063 3482 5146">
    <p class='ocr_par' dir='ltr' id='par_1_111' title="bbox 1876 5063 3482 5146">
     <span class='ocr_line' id='line_1_111' title="bbox 1876 5063 3482 5146; baseline 0.015 -29"><span class='ocrx_word' id='word_1_902' title='bbox 1876 5063 2082 5119; x_wconf 86' lang='lat' dir='ltr'><strong>Socrat.</strong></span> <span class='ocrx_word' id='word_1_903' title='bbox 2114 5109 2128 5134; x_wconf 90' lang='lat'><strong>,</strong></span> <span class='ocrx_word' id='word_1_904' title='bbox 2162 5069 2276 5123; x_wconf 80' lang='lat' dir='ltr'><strong>sub.</strong></span> <span class='ocrx_word' id='word_1_905' title='bbox 2330 5069 2451 5143; x_wconf 85' lang='lat' dir='ltr'><strong>ﬁn.)</strong></span> <span class='ocrx_word' id='word_1_906' title='bbox 2483 5071 2685 5129; x_wconf 83' lang='lat' dir='ltr'><strong>Verum</strong></span> <span class='ocrx_word' id='word_1_907' title='bbox 2727 5078 2854 5146; x_wconf 90' lang='lat' dir='ltr'><strong>quid</strong></span> <span class='ocrx_word' id='word_1_908' title='bbox 2891 5080 2956 5133; x_wconf 90' lang='lat' dir='ltr'><strong>ad</strong></span> <span class='ocrx_word' id='word_1_909' title='bbox 2991 5082 3218 5137; x_wconf 87' lang='lat' dir='ltr'><strong>Arnobii</strong></span> <span class='ocrx_word' id='word_1_910' title='bbox 3264 5085 3482 5142; x_wconf 78' lang='lat' dir='ltr'><strong>institu-</strong></span> 
     </span>
    </p>
   </div>
   <div class='ocr_carea' id='block_1_112' title="bbox 1872 5158 3485 5238">
    <p class='ocr_par' dir='ltr' id='par_1_112' title="bbox 1872 5158 3485 5238">
     <span class='ocr_line' id='line_1_112' title="bbox 1872 5158 3485 5238; baseline 0.017 -27"><span class='ocrx_word' id='word_1_911' title='bbox 1872 5167 1983 5212; x_wconf 91' lang='lat' dir='ltr'><strong>tum</strong></span> <span class='ocrx_word' id='word_1_912' title='bbox 2015 5158 2131 5215; x_wconf 64' lang='lat' dir='ltr'><strong>hare</strong></span> <span class='ocrx_word' id='word_1_913' title='bbox 2160 5160 2374 5230; x_wconf 82' lang='lat' dir='ltr'><strong>Apuleii</strong></span> <span class='ocrx_word' id='word_1_914' title='bbox 2414 5165 2574 5220; x_wconf 88' lang='lat' dir='ltr'><strong>verba</strong></span> <span class='ocrx_word' id='word_1_915' title='bbox 2607 5167 2945 5237; x_wconf 85' lang='lat' dir='ltr'><strong>conducant,</strong></span> <span class='ocrx_word' id='word_1_916' title='bbox 2991 5174 3150 5230; x_wconf 91' lang='lat' dir='ltr'><strong>nobis</strong></span> <span class='ocrx_word' id='word_1_917' title='bbox 3187 5187 3336 5234; x_wconf 90' lang='lat' dir='ltr'><strong>certe</strong></span> <span class='ocrx_word' id='word_1_918' title='bbox 3373 5195 3485 5238; x_wconf 88' lang='lat' dir='ltr'><strong>non</strong></span> 
     </span>
    </p>
   </div>
   <div class='ocr_carea' id='block_1_113' title="bbox 1872 5249 3486 5340">
    <p class='ocr_par' dir='ltr' id='par_1_113' title="bbox 1872 5249 3486 5340">
     <span class='ocr_line' id='line_1_113' title="bbox 1872 5249 3486 5340; baseline 0.015 -37"><span class='ocrx_word' id='word_1_919' title='bbox 1872 5249 2061 5319; x_wconf 90' lang='lat' dir='ltr'><strong>liquet.</strong></span> <span class='ocrx_word' id='word_1_920' title='bbox 2113 5252 2478 5320; x_wconf 86' lang='lat' dir='ltr'><strong>Quamobrem</strong></span> <span class='ocrx_word' id='word_1_921' title='bbox 2540 5257 2724 5326; x_wconf 87' lang='lat' dir='ltr'><strong>plures</strong></span> <span class='ocrx_word' id='word_1_922' title='bbox 2763 5261 2853 5315; x_wconf 91' lang='lat' dir='ltr'><strong>alii</strong></span> <span class='ocrx_word' id='word_1_923' title='bbox 2903 5265 3250 5322; x_wconf 87' lang='lat' dir='ltr'><strong>scribendum</strong></span> <span class='ocrx_word' id='word_1_924' title='bbox 3295 5278 3486 5340; x_wconf 87' lang='lat' dir='ltr'><strong>putant</strong></span> 
     </span>
    </p>
   </div>
   <div class='ocr_carea' id='block_1_114' title="bbox 1875 5342 3482 5424">
    <p class='ocr_par' dir='ltr' id='par_1_114' title="bbox 1875 5342 3482 5424">
     <span class='ocr_line' id='line_1_114' title="bbox 1875 5342 3482 5424; baseline 0.017 -31"><span class='ocrx_word' id='word_1_925' title='bbox 1875 5342 2090 5396; x_wconf 83' lang='lat' dir='ltr'><strong>Plotina</strong></span> <span class='ocrx_word' id='word_1_926' title='bbox 2119 5384 2134 5407; x_wconf 94' lang='lat'><strong>,</strong></span> <span class='ocrx_word' id='word_1_927' title='bbox 2168 5354 2328 5416; x_wconf 84' lang='lat' dir='ltr'><strong>atque</strong></span> <span class='ocrx_word' id='word_1_928' title='bbox 2360 5347 2415 5400; x_wconf 92' lang='lat' dir='ltr'><strong>in</strong></span> <span class='ocrx_word' id='word_1_929' title='bbox 2445 5350 2769 5418; x_wconf 88' lang='lat' dir='ltr'><strong>suspicionis</strong></span> <span class='ocrx_word' id='word_1_930' title='bbox 2813 5354 2972 5424; x_wconf 85' lang='lat' dir='ltr'><strong>hujus</strong></span> <span class='ocrx_word' id='word_1_931' title='bbox 3011 5359 3482 5420; x_wconf 81' lang='lat' dir='ltr'><strong>confirmationem</strong></span> 
     </span>
    </p>
   </div>
   <div class='ocr_carea' id='block_1_115' title="bbox 1870 5435 3484 5514">
    <p class='ocr_par' dir='ltr' id='par_1_115' title="bbox 1870 5435 3484 5514">
     <span class='ocr_line' id='line_1_115' title="bbox 1870 5435 3484 5514; baseline 0.017 -27"><span class='ocrx_word' id='word_1_932' title='bbox 1870 5435 2100 5502; x_wconf 82' lang='lat' dir='ltr'><strong>proferri</strong></span> <span class='ocrx_word' id='word_1_933' title='bbox 2141 5449 2366 5506; x_wconf 87' lang='lat' dir='ltr'><strong>possunt</strong></span> <span class='ocrx_word' id='word_1_934' title='bbox 2404 5440 2518 5495; x_wconf 69' lang='lat' dir='ltr'><strong>haec</strong></span> <span class='ocrx_word' id='word_1_935' title='bbox 2549 5441 2875 5499; x_wconf 87' lang='lat' dir='ltr'><strong>Theodoreti</strong></span> <span class='ocrx_word' id='word_1_936' title='bbox 2915 5450 3082 5507; x_wconf 88' lang='lat' dir='ltr'><strong>verba</strong></span> <span class='ocrx_word' id='word_1_937' title='bbox 3115 5469 3129 5506; x_wconf 90' lang='lat'>:</span> <span class='ocrx_word' id='word_1_938' title='bbox 3161 5457 3350 5512; x_wconf 80' lang='grc' dir='ltr'><strong>Αὐτίκα</strong></span> <span class='ocrx_word' id='word_1_939' title='bbox 3373 5461 3484 5514; x_wconf 81' lang='grc' dir='ltr'><strong>τοὶ-</strong></span> 
     </span>
    </p>
   </div>
   <div class='ocr_carea' id='block_1_116' title="bbox 1864 5532 3479 5611">
    <p class='ocr_par' dir='ltr' id='par_1_116' title="bbox 1864 5532 3479 5611">
     <span class='ocr_line' id='line_1_116' title="bbox 1864 5532 3479 5611; baseline 0.017 -30"><span class='ocrx_word' id='word_1_940' title='bbox 1864 5551 1952 5582; x_wconf 81' lang='grc' dir='ltr'><strong>νυν</strong></span> <span class='ocrx_word' id='word_1_941' title='bbox 1981 5535 2070 5588; x_wconf 77' lang='grc' dir='ltr'><strong>τήν</strong></span> <span class='ocrx_word' id='word_1_942' title='bbox 2117 5532 2370 5594; x_wconf 79' lang='grc' dir='ltr'><strong>Πλάτωνος</strong></span> <span class='ocrx_word' id='word_1_943' title='bbox 2413 5533 2630 5591; x_wconf 82' lang='grc' dir='ltr'><strong>διάνοιαν</strong></span> <span class='ocrx_word' id='word_1_944' title='bbox 2667 5540 3087 5606; x_wconf 77' lang='grc' dir='ltr'><strong>ἀναπτύσσοντες</strong></span> <span class='ocrx_word' id='word_1_945' title='bbox 3112 5587 3126 5611; x_wconf 88' lang='grc'><strong>,</strong></span> <span class='ocrx_word' id='word_1_946' title='bbox 3174 5551 3307 5606; x_wconf 78' lang='grc' dir='ltr'><strong>καὶὸ</strong></span> <span class='ocrx_word' id='word_1_947' title='bbox 3339 5554 3479 5608; x_wconf 85' lang='grc' dir='ltr'><strong>Πλω-</strong></span> 
     </span>
    </p>
   </div>
   <div class='ocr_carea' id='block_1_117' title="bbox 1865 5624 3480 5712">
    <p class='ocr_par' dir='ltr' id='par_1_117' title="bbox 1865 5624 3480 5712">
     <span class='ocr_line' id='line_1_117' title="bbox 1865 5624 3480 5712; baseline 0.015 -37"><span class='ocrx_word' id='word_1_948' title='bbox 1865 5629 2020 5687; x_wconf 85' lang='grc' dir='ltr'><strong>τῐνος,</strong></span> <span class='ocrx_word' id='word_1_949' title='bbox 2048 5627 2128 5677; x_wconf 84' lang='grc' dir='ltr'><strong>καὶ</strong></span> <span class='ocrx_word' id='word_1_950' title='bbox 2158 5624 2183 5678; x_wconf 87' lang='grc' dir='ltr'>ὁ</span> <span class='ocrx_word' id='word_1_951' title='bbox 2212 5630 2493 5697; x_wconf 81' lang='grc' dir='ltr'><strong>Νουμήνιος</strong></span> <span class='ocrx_word' id='word_1_952' title='bbox 2534 5628 2552 5694; x_wconf 90' lang='grc'>(</span> <span class='ocrx_word' id='word_1_953' title='bbox 2581 5627 2862 5697; x_wconf 75' lang='grc' dir='ltr'><strong>ΤΙιεοάον.,</strong></span> <span class='ocrx_word' id='word_1_954' title='bbox 2896 5650 3048 5688; x_wconf 81' lang='lat' dir='ltr'><strong>serm.</strong></span> <span class='ocrx_word' id='word_1_955' title='bbox 3077 5637 3143 5703; x_wconf 73' lang='grc'><strong>2,</strong></span> <span class='ocrx_word' id='word_1_956' title='bbox 3175 5641 3237 5694; x_wconf 82' lang='lat' dir='ltr'><strong>de</strong></span> <span class='ocrx_word' id='word_1_957' title='bbox 3280 5645 3480 5712; x_wconf 83' lang='lat' dir='ltr'><strong>princi-</strong></span> 
     </span>
    </p>
   </div>
   <div class='ocr_carea' id='block_1_118' title="bbox 1869 5715 3481 5793">
    <p class='ocr_par' dir='ltr' id='par_1_118' title="bbox 1869 5715 3481 5793">
     <span class='ocr_line' id='line_1_118' title="bbox 1869 5715 3481 5793; baseline 0.017 -28"><span class='ocrx_word' id='word_1_958' title='bbox 1869 5715 1953 5783; x_wconf 91' lang='lat' dir='ltr'><strong>pio</strong></span> <span class='ocrx_word' id='word_1_959' title='bbox 1981 5755 1996 5779; x_wconf 92' lang='lat'><strong>,</strong></span> <span class='ocrx_word' id='word_1_960' title='bbox 2047 5727 2170 5768; x_wconf 80' lang='lat' dir='ltr'><strong>(om.</strong></span> <span class='ocrx_word' id='word_1_961' title='bbox 2202 5732 2286 5781; x_wconf 84' lang='lat' dir='ltr'><strong>tv,</strong></span> <span class='ocrx_word' id='word_1_962' title='bbox 2335 5734 2457 5787; x_wconf 87' lang='lat' dir='ltr'><strong>pag.</strong></span> <span class='ocrx_word' id='word_1_963' title='bbox 2492 5717 2666 5792; x_wconf 85' lang='lat'><strong>500</strong></span> <span class='ocrx_word' id='word_1_964' title='bbox 2713 5721 2901 5792; x_wconf 85' lang='lat' dir='ltr'><strong>Itaque</strong></span> <span class='ocrx_word' id='word_1_965' title='bbox 2942 5724 3188 5786; x_wconf 77' lang='lat' dir='ltr'><strong>Plotinus</strong></span> <span class='ocrx_word' id='word_1_966' title='bbox 3210 5745 3258 5788; x_wconf 87' lang='lat' dir='ltr'><strong>et</strong></span> <span class='ocrx_word' id='word_1_967' title='bbox 3283 5734 3481 5793; x_wconf 84' lang='lat' dir='ltr'><strong>Nume-</strong></span> 
     </span>
    </p>
   </div>
   <div class='ocr_carea' id='block_1_119' title="bbox 1866 5807 3476 5900">
    <p class='ocr_par' dir='ltr' id='par_1_119' title="bbox 1866 5807 3476 5900">
     <span class='ocr_line' id='line_1_119' title="bbox 1866 5807 3476 5900; baseline 0.012 -40"><span class='ocrx_word' id='word_1_968' title='bbox 1866 5809 1982 5861; x_wconf 77' lang='lat' dir='ltr'><strong>nius</strong></span> <span class='ocrx_word' id='word_1_969' title='bbox 2003 5848 2018 5871; x_wconf 85' lang='lat'><strong>,</strong></span> <span class='ocrx_word' id='word_1_970' title='bbox 2063 5807 2301 5866; x_wconf 75' lang='lat' dir='ltr'><strong>Platonis</strong></span> <span class='ocrx_word' id='word_1_971' title='bbox 2327 5821 2544 5866; x_wconf 79' lang='lat' dir='ltr'><strong>mentem</strong></span> <span class='ocrx_word' id='word_1_972' title='bbox 2571 5815 2909 5884; x_wconf 73' lang='lat' dir='ltr'><strong>explicantes.</strong></span> <span class='ocrx_word' id='word_1_973' title='bbox 2944 5820 3136 5882; x_wconf 88' lang='lat' dir='ltr'><strong>Nonne</strong></span> <span class='ocrx_word' id='word_1_974' title='bbox 3169 5831 3315 5885; x_wconf 91' lang='lat' dir='ltr'><strong>enim</strong></span> <span class='ocrx_word' id='word_1_975' title='bbox 3340 5875 3355 5900; x_wconf 85' lang='lat'><strong>,</strong></span> <span class='ocrx_word' id='word_1_976' title='bbox 3390 5835 3476 5891; x_wconf 84' lang='lat' dir='ltr'><strong>in.</strong></span> 
     </span>
    </p>
   </div>
   <div class='ocr_carea' id='block_1_120' title="bbox 1864 5903 3478 5996">
    <p class='ocr_par' dir='ltr' id='par_1_120' title="bbox 1864 5903 3478 5996">
     <span class='ocr_line' id='line_1_120' title="bbox 1864 5903 3478 5996; baseline 0.015 -39"><span class='ocrx_word' id='word_1_977' title='bbox 1864 5903 2087 5969; x_wconf 90' lang='lat' dir='ltr'><strong>quiunt,</strong></span> <span class='ocrx_word' id='word_1_978' title='bbox 2125 5910 2237 5958; x_wconf 88' lang='lat' dir='ltr'><strong>tres</strong></span> <span class='ocrx_word' id='word_1_979' title='bbox 2267 5905 2318 5957; x_wconf 90' lang='lat' dir='ltr'><strong>hi</strong></span> <span class='ocrx_word' id='word_1_980' title='bbox 2348 5913 2472 5959; x_wconf 88' lang='lat' dir='ltr'><strong>sunt</strong></span> <span class='ocrx_word' id='word_1_981' title='bbox 2498 5906 3203 5991; x_wconf 67' lang='lat' dir='ltr'><strong>recentiores-phiIOSOphi,</strong></span> <span class='ocrx_word' id='word_1_982' title='bbox 3245 5939 3478 5996; x_wconf 89' lang='lat' dir='ltr'><strong>quorum</strong></span> 
     </span>
    </p>
   </div>
  </div>
