3872 6342
391 304 496 363 670

1709 309 2162 376 DlSSERTATlO
2199 315 2480 377 PRIEVIA

3587 329 3692 388 680

394 420 721 477 mentionem
749 420 1022 479 Arnobius
1049 422 1217 480 fecit?
1237 421 1342 481 Sed
1367 423 1433 480 de
1453 425 1782 496 quibuslibet
1808 430 1983 499 pbilo-
2013 441 2067 502 Α
2163 434 2441 507 Epictetus
2466 436 2822 509 philosophus
2849 447 3154 512 praeceptor
3181 443 3282 500 fuit
3311 445 3565 513 Arriani,
3596 453 3692 520 qui

395 513 582 582 sophis
609 530 732 569 eum
762 528 925 585 agere
950 515 1126 587 quivis
1150 516 1292 572 hunc
1318 518 1492 572 locum
1529 531 1734 577 attente
1758 523 1983 594 legerit,

395 623 503 662 non
549 606 888 664 diflitehitur.
932 608 1119 664 Nonne
1165 610 1326 664 etiam
1376 612 1646 680 imperito,
1694 627 1752 670 ut
1791 619 1988 686 smpius

397 697 652 767 diximus,
697 700 919 756 librario
956 702 1160 756 facilius
1197 701 1295 757 fuit
1335 719 1431 774 pro
1471 703 1660 760 Cronio
1686 749 1701 773 ,
1751 711 1990 766 scribere

399 791 671 862 Crotonio,
713 811 871 864 quam
929 793 1187 849 Plotina?
1227 800 1295 852 At
1338 807 1486 854 certe
1524 800 1567 853 si
1608 802 1751 869 prior
1793 803 1987 871 lectio,

399 885 656 955 Cronius,
705 890 924 943 omnino
972 903 1078 944 non
1130 891 1451 961 displiceat,
1511 894 1707 963 poterit
1768 895 1986 952 Eusebii

395 982 712 1036 auctoritate
738 982 988 1037 stabiliri.
1040 984 1114 1037 De
1141 983 1375 1056 Origene
1401 987 1599 1040 etenim
1634 988 1710 1042 sic
1754 989 1944 1044 scribit
1975 1007 1986 1044 :

402 1092 420 1124 ε
458 1073 704 1128 Numenii
733 1089 968 1146 quoque,
994 1084 1048 1129 et
1070 1076 1277 1141 Cronii,
1309 1082 1614 1153 Νουμηνίου.
1640 1083 1719 1136 mi
1739 1084 1948 1157 Κρονίου
1972 1121 1988 1149 ,

392 1164 788 1235 Apoll0phanis
813 1209 828 1233 ,
854 1175 911 1224 et
948 1168 1210 1240 Longini,
1256 1170 1518 1226 Moderati
1554 1173 1716 1228 etiam
1749 1186 1801 1229 et
1835 1175 1991 1229 Nico-

396 1257 574 1313 machi
593 1299 608 1324 ,
637 1268 692 1315 et
721 1261 948 1315 aliorum
975 1303 991 1328 ,
1021 1262 1112 1332 qui
1134 1262 1275 1318 inter
1303 1263 1691 1335 Pythagoricos
1733 1266 1991 1336 praecipui

392 1352 701 1421 habentur,
750 1356 949 1426 scripta
1000 1356 1244 1427 quotidie
1285 1358 1338 1412 in
1383 1359 1634 1414 manibus
1681 1358 1915 1414 habebat
1965 1377 1983 1411 ›

394 1443 413 1514 (
442 1445 663 1512 Εηεεὺ.,
694 1447 782 1501 lib.
815 1464 866 1502 vr
897 1446 1100 1504 Eccles.
1129 1451 1336 1516 histor.,
1369 1468 1484 1521 cap.
1519 1452 1622 1518 19,
1656 1469 1774 1523 pag.
1811 1451 1919 1508 220
1943 1450 1986 1522 ).

390 1540 448 1596 Si
475 1556 605 1612 ergo
622 1541 855 1597 Cronius
878 1553 931 1598 et
947 1544 1243 1600 Numenius
1264 1547 1519 1616 prmcipui
1549 1548 1689 1602 inter
1721 1549 1993 1621 Pythago-

391 1635 533 1689 ricos
565 1651 749 1692 revera
785 1636 1025 1704 fuerint,
1070 1640 1196 1710 quid
1246 1641 1496 1711 prohibet
1522 1643 1811 1712 quominus
1843 1646 1876 1699 ii
1904 1646 1987 1699 di-

393 1737 585 1783 cantur
605 1770 619 1791 ,
655 1730 848 1800 quibus
868 1732 1069 1786 ethnici
1096 1772 1111 1793 ,
1157 1732 1231 1786 uti
1260 1734 1333 1787 ait
1362 1735 1633 1790 Arnobius
1653 1777 1670 1803 ,
1700 1737 1860 1793 ﬁdem
1894 1738 1992 1792 ha-

389 1820 939 1895 bebant?(Arnob.,l.
965 1825 1058 1895 ι’ρ.
1080 1825 1313 1892 5l;tom.
1343 1844 1359 1880 ι
1399 1827 1680 1898 Apparat.,
1710 1849 1762 1901 p.
1801 1831 1988 1904 1259.)
2023 1834 2072 1894 Β
2101 1849 2218 1902 sup.
2251 1875 2265 1898 ,
2295 1850 2411 1904 cap.
2445 1837 2479 1892 9
2502 1877 2518 1904 ,
2573 1849 2672 1891 art.
2702 1840 2728 1894 1
2759 1856 2772 1903 ;
2804 1848 2927 1895 tom.
2960 1859 2976 1896 l
3031 1840 3287 1914 Apparat.

464 1916 657 1972 Ctesia:
688 1918 894 1987 primus
928 1917 1279 1973 historiarum
1325 1920 1461 1975 liber
1489 1921 1557 1975 ab
1587 1922 1679 1976 illo
1719 1925 1882 1978 etiam
1913 1925 1991 1979 ci-

393 2017 558 2065 tatur.
595 2010 668 2065 De
700 2009 802 2065 hoc
846 2021 1026 2066 autem
1072 2013 1338 2080 scriptore
1379 2029 1406 2066 a
1443 2013 1596 2068 nobis
1643 2015 1768 2070 alibi
1809 2026 1989 2083 actum

392 2115 498 2159 est.
532 2103 693 2159 Varia
731 2115 911 2160 autem
958 2106 1217 2160 librorum
1261 2107 1376 2175 ejus
1407 2107 1706 2178 fragmenta
1737 2118 1860 2180 post
1884 2109 1990 2166 He-

390 2198 567 2252 rodoti
601 2198 768 2252 libros
794 2199 1017 2256 collecta
1049 2201 1317 2271 reperies.

463 2292 538 2346 De
571 2290 794 2361 Diagora
827 2309 1040 2364 quoque
1071 2274 1230 2347 hlelio
1251 2335 1265 2358 ,
1295 2294 1384 2363 qui
1413 2295 1548 2350 deos
1569 2338 1582 2360 ,
1617 2295 1756 2350 sicut
1780 2297 1857 2351 ait
1885 2298 1988 2352 Ar»

390 2385 585 2440 nobius
613 2427 626 2449 ,
660 2384 909 2441 homines
956 2387 1120 2442 fuisse
1151 2389 1498 2443 existimabat
1519 2430 1533 2455 ,
1582 2390 1707 2443 alibi
1739 2399 1902 2461 atque
1933 2393 1986 2447 in

391 2479 492 2535 hac
521 2480 680 2535 etiam
734 2480 1117 2536 dissertatione
1161 2481 1553 2552 disputavimus
1604 2483 1861 2555 (Arnob..
1893 2486 1986 2541 lib.

389 2587 441 2626 tv
467 2615 481 2636 ,
513 2590 632 2643 pag.
667 2572 767 2627 147
794 2588 807 2634 ;
840 2589 1009 2642 supr.,
1039 2589 1154 2643 cap.
1186 2575 1240 2639 9,
1283 2583 1383 2627 art.
1423 2576 1445 2628 1
1477 2592 1491 2640 ;
1522 2575 1742 2632 Dissert.
1773 2579 1827 2630 in
1873 2577 1979 2631 Mi-

389 2681 534 2730 nuc.,
564 2681 678 2734 cap.
719 2665 804 2732 10,
830 2676 928 2719 art.
953 2667 1077 2730 ult.;
1099 2676 1145 2719 et
1173 2665 1426 2737 Apparat.
1458 2678 1580 2722 tom.
1606 2685 1644 2732 ι,
1674 2687 1797 2740 pag.
1827 2668 1983 2742 N7).

463 2759 620 2812 Ennii
669 2759 906 2814 celebris
933 2771 1013 2814 est
1042 2760 1183 2832 apud
1217 2763 1620 2831 antiquissimos
1652 2766 1946 2833 scriptores
1970 2808 1985 2833 ,

391 2850 624 2907 Livium.
660 2855 723 2907 A.
756 2852 1017 2920 Gellium,
1048 2863 1102 2908 et
1133 2865 1320 2924 poetas
1349 2853 1621 2922 Ovidium,
1651 2856 1985 2925 Lucretium,

390 2955 551 3016 atque
598 2946 768 3010 alios,
819 2946 916 3002 sed
971 2948 1168 3017 saepius
1213 2948 1354 3019 apud
1392 2947 1705 3005 Ciceronem
1755 2954 1980 3008 mentio.

388 3039 584 3096 Narrat
608 3050 786 3096 autem
820 3041 1122 3108 Arnobius,
1156 3058 1218 3097 ac
1248 3052 1367 3111 post
1389 3058 1511 3098 eum
1544 3045 1850 3100 Lactantius
1873 3087 1887 3109 ,
1921 3048 1990 3102 ab

389 3134 482 3190 illo
535 3135 697 3189 latine
743 3135 986 3191 redditos
1040 3135 1331 3190 Euhemcri
1391 3138 1726 3207 Agrigentini
1782 3139 1986 3207 libros,

2093 527 2234 583 illius
2261 530 2670 588 dissertationes
2689 574 2704 600 ,
2740 543 2799 588 ut
2828 536 2985 603 paulo
3010 547 3136 594 ante
3163 554 3231 594 ex
3263 540 3328 594 A.
3361 541 3540 599 Gellio
3565 545 3690 599 ani-

2091 620 2479 676 madvertimus
2503 663 2517 687 ,
2563 624 2804 692 digessit.
2837 625 2995 683 Plura
3024 628 3220 685 Suidas
3261 643 3446 689 narrat
3475 635 3544 691 de
3572 636 3692 706 ejus

2092 715 2224 781 vita,
2254 725 2308 770 et
2339 717 2554 787 scriptis
2587 718 2605 789 (
2630 719 2782 776 Suid.
2805 763 2817 782 .
2847 724 2915 776 ad
2935 723 3071 780 verb.
3106 727 3377 789 ἐπίκτητος
3407 730 3452 798 ).
3486 730 3695 788 Gesne-

2098 820 2191 860 rus
2218 821 2348 862 vero
2368 850 2381 866 .
2414 825 2534 876 qua:
2563 825 2628 865 cx
2659 813 2743 866 bis
2767 825 2859 869 aut
2887 815 3060 881 edita,
3105 829 3196 874 aut
3223 835 3330 874 non
3362 821 3507 877 edita
3539 825 3652 880 sint
3676 868 3693 890 .

2093 898 2296 955 indicat
2324 902 2343 973 (
2377 901 2569 958 Gesner
2595 905 2649 958 in
2678 904 2926 963 Biblioth.
2960 909 3001 980 ).
3039 911 3278 983 Denique
3303 914 3555 973 Stobaaus
3591 937 3694 975 ναν

2093 992 2202 1047 rias
2248 994 2367 1063 ejus
2391 1039 2405 1060 ,
2449 1007 2612 1068 atque
2651 998 2960 1068 Epicharmi
2991 1007 3289 1062 sententias
3329 1015 3384 1063 et
3429 1011 3696 1079 prmclare

2091 1084 2233 1140 dicta
2264 1086 2576 1159 descripsit.

2166 1179 2454 1236 Euhemeri
2493 1183 2662 1239 libros
2699 1185 2768 1243 de
2793 1188 2896 1244 diis
2920 1231 2936 1254 ,
2984 1191 3142 1247 sicuti
3190 1194 3437 1266 proxime
3477 1201 3696 1254 monui-

2093 1287 2250 1340 mus,
2308 1274 2514 1333 Ennius
2545 1279 2766 1335 latinum
2817 1285 3089 1340 transtulit
3127 1287 3180 1343 in
3209 1303 3538 1346 sermonem.
3581 1294 3695 1350 Sed

2094 1365 2162 1421 de
2202 1365 2307 1422 hoc
2350 1369 2655 1426 Euhemero
2700 1374 2945 1444 quaedam
2987 1378 3234 1446 superius
3278 1384 3692 1455 annotavimns,

2093 1460 2546 1529 quemadmodum
2575 1463 2631 1519 in
2661 1470 2942 1536 superiore
2976 1469 3282 1541 Apparatus
3310 1477 3485 1531 nostri
3518 1487 3690 1536 tomo.

2092 1551 2402 1609 Lactantius
2452 1570 2584 1611 vero
2641 1557 2885 1614 declarat
2947 1561 3097 1616 illum
3163 1563 3408 1621 Messana
3470 1569 3695 1628 civitate

2095 1645 2380 1701 oriundum
2407 1690 2422 1712 ,
2459 1661 2609 1703 suam
2642 1649 2916 1706 historiam
2945 1668 3012 1709 ex
3047 1655 3215 1710 titulis
3243 1667 3300 1713 et
3325 1662 3503 1717 sacris
3529 1663 3694 1718 insti-

2095 1738 2390 1795 tutionibus
2436 1742 2744 1800 condidisse
2797 1744 3076 1815 (Arnob.,
3131 1749 3221 1805 lib.
3257 1767 3331 1818 iv,
3376 1771 3500 1825 pag.
3547 1757 3694 1823 N7;

3317 1888 3333 1912 .
3390 1867 3493 1921 ρας
3543 1851 3694 1918 785;

2092 1921 2355 1993 Lactant.,
2398 1927 2485 1984 lib.
2538 1945 2555 1982 ι
2593 1928 2829 1986 lnstilul.
2856 1974 2870 1998 ,
2906 1949 3022 2004 cap.
3051 1935 3140 2002 11,
3173 1953 3294 2009 pag.
3325 1936 3397 1993 62
3429 1952 3479 1995 et
3505 1943 3594 1997 lib.
3637 1944 3698 2001 de

2090 2011 2174 2070 ira.
2196 2018 2313 2085 Dei,
2347 2037 2462 2092 cap.
2497 2021 2583 2087 16,
2611 2041 2736 2096 pag.
2768 2025 2873 2081 794

2165 2111 2364 2170 Fabius
2409 2116 2478 2170 ab
2520 2119 2761 2174 Aruobio
2797 2136 2935 2176 unus
2965 2137 3032 2176 ex
3062 2122 3130 2179 iis
3171 2124 3554 2200 nuncupatur,
3604 2134 3696 2204 qui

2090 2206 2257 2259 multa
2288 2205 2356 2271 de
2382 2207 2500 2263 Toli
2532 2220 2702 2279 patre,
2737 2214 2929 2282 patria,
2961 2224 3017 2270 et
3045 2229 3221 2274 morte
3255 2223 3488 2290 posteris
3521 2227 3692 2281 tradi-

2090 2296 2286 2353 derunt
2325 2299 2345 2370 (
2375 2301 2569 2358 Arnob.
2599 2343 2614 2368 ,
2647 2305 2737 2360 lib.
2779 2323 2861 2372 vi,
2895 2325 3014 2380 pag.
3069 2311 3169 2367 194
3197 2311 3237 2384 ).
3281 2313 3387 2370 Sed
3417 2316 3600 2386 plures
3630 2335 3696 2376 eo

2091 2393 2309 2447 nomine
2334 2404 2460 2448 sunt
2490 2396 2662 2450 vocati
2686 2439 2702 2462 ,
2743 2413 2972 2469 quorum
3015 2401 3122 2455 duo
3151 2403 3237 2458 bis
3263 2404 3547 2465 Ciceronis
3575 2427 3694 2466 ver-

2090 2484 2175 2540 bis
2196 2486 2579 2544 celebrantur:
2615 2509 2634 2542 s
2663 2491 2780 2546 Ser.
2819 2493 3015 2550 Fabius
3039 2496 3243 2566 Pictor,
3277 2511 3333 2556 et
3353 2502 3494 2572 juris
3519 2515 3574 2560 et
3601 2506 3692 2561 lit.

2091 2586 2370 2645 terarum,
2421 2590 2475 2635 et
2516 2583 2853 2654 antiquitatis
2895 2585 3034 2643 bene
3076 2591 3301 2660 peritus.
3352 2594 3694 2668 Quintusque

2090 2669 2290 2733 Fabius
2349 2672 2530 2730 Labeo
2580 2674 2680 2729 fuit
2724 2688 2945 2733 ornatus
2988 2679 3180 2736 iisdem
3229 2684 3339 2739 fere
3387 2686 3638 2744 laudibus
3669 2709 3686 2742 ι

2094 2760 2312 2833 (Cicer.
2342 2807 2357 2831 ,
2407 2767 2461 2820 in
2505 2766 2654 2820 Brut.
2684 2808 2701 2834 ,
2750 2787 2867 2842 pag.
2902 2771 3008 2827 2H
3037 2774 3076 2843 ).
3109 2773 3264 2832 Alius
3302 2777 3483 2835 adhuc
3527 2779 3693 2838 fuisse

2093 2859 2407 2927 perhibetur
2442 2859 2640 2916 Fabius
2694 2862 2957 2919 Maximus
3009 2865 3343 2926 Servilianos
3393 2873 3687 2942 Pontifex,

2091 2951 2181 3019 qui
2229 2949 2501 3007 Macrobio
2539 2964 2829 3011 attestante
2852 2998 2866 3023 ,
2917 2958 2968 3012 in
2998 2958 3138 3015 libro
3162 2961 3490 3020 duodecimo
3530 2984 3694 3038 nega-

2091 3041 2320 3100 batatro
2351 3047 2437 3101 die
2464 3050 2858 3119 parentandum
2890 3051 3151 3122 (Macrob.
3185 3056 3274 3112 lib.
3325 3075 3342 3113 ι
3391 3061 3689 3131 Saturnal.,

2092 3154 2208 3208 cap.
2242 3141 2307 3195 16
2331 3184 2347 3208 ,
2381 3160 2498 3214 pag.
2528 3144 2635 3199 ΞΗ
2659 3145 2698 3215 ).
2730 3145 2882 3201 Hunc
2911 3159 3091 3203 autem
3121 3152 3342 3222 quidam
3369 3170 3494 3211 cum
3522 3155 3692 3214 Fabio

389 3233 588 3302 quibus
618 3232 752 3288 deos
785 3233 1030 3288 homines
1080 3231 1246 3287 fuisse
1291 3232 1696 3288 demonstrabat
1723 3233 1983 3301 (Lactant,
2015 3229 2060 3291 C
2093 3231 2305 3318 Fictore
2329 3235 2638 3293 confudisse
2668 3251 2982 3311 arguuntur.
3011 3244 3113 3298 Alii
3143 3261 3359 3318 quoque
3386 3250 3540 3307 Fabii
3570 3254 3690 3310 fue-

392 3324 483 3380 lib.
509 3342 547 3393 l,
579 3342 693 3396 cap.
729 3326 815 3384 11.
851 3343 971 3398 pag,
1003 3325 1094 3388 62,
1133 3335 1180 3378 et
1207 3325 1295 3379 lib.
1323 3326 1386 3379 de
1414 3324 1506 3378 Ira
1547 3323 1686 3391 Dei,
1719 3336 1839 3396 cap.
1875 3328 1937 3382 11
1971 3369 1985 3393 ,

391 3437 512 3490 pag.
548 3418 712 3491 794).
754 3418 860 3474 Sed
897 3419 944 3494 id
976 3417 1270 3473 delibutum
1314 3427 1398 3474 est
1440 3435 1507 3473 ex
1549 3417 1848 3485 Cicerone,
1897 3420 1988 3490 qui

388 3513 600 3568 dixerat
630 3532 642 3567 :
682 3531 701 3565 t
734 3513 864 3581 Qua:
892 3514 1028 3567 ratio
1061 3513 1293 3568 maxime
1323 3523 1545 3568 tractata
1572 3515 1640 3569 ab
1667 3512 1986 3570 Euhemero

389 3617 506 3666 est.
553 3622 711 3678 quem
755 3617 940 3662 noster
981 3617 1035 3660 et
1082 3607 1468 3675 interpretatus
1511 3617 1567 3662 et
1614 3618 1836 3664 secutus
1881 3619 1985 3674 est,

392 3712 588 3772 prteter
615 3700 1090 3766 caeteros,Ennius
1129 3720 1147 3753 ›
1176 3700 1362 3772 (Cicer.
1402 3703 1476 3756 l.t
1506 3702 1568 3756 de
1594 3700 1787 3757 Natur.
1817 3703 1984 3775 deum,

393 3794 878 3866 p.ata,nn.54y

461 3887 714 3958 Ephorus
745 3885 873 3954 quid
906 3884 974 3940 de
1008 3884 1278 3940 Musarum
1311 3901 1540 3941 numero
1571 3889 1865 3955 censuerit,
1902 3903 1990 3945 re-

389 3980 492 4036 fert
521 3978 813 4035 Arnobius.
862 3977 966 4033 Sed
998 3981 1065 4033 de
1096 3978 1197 4032 hoc
1235 3976 1512 4047 Scriptore
1543 3995 1646 4034 non
1680 3981 1848 4036 semel
1877 3981 1990 4036 dis-

388 4074 656 4129 seruimus
704 4071 922 4144 (Arnob.
952 4114 966 4135 ,
1011 4073 1100 4125 lib.
1143 4088 1199 4126 nt
1225 4114 1239 4139 ,
1281 4089 1404 4144 pag.
1446 4073 1698 4141 12ςιοηι.
1745 4092 1762 4128 ι
1809 4075 1988 4147 Appa-

389 4179 517 4229 rat..
543 4184 657 4238 pag.
696 4167 802 4225 545
831 4175 879 4219 et
912 4164 1053 4220 1992
1082 4164 1126 4236 ).

463 4260 756 4333 Epicadius
799 4271 1070 4330 tamquam
1110 4260 1502 4331 grammaticus
1544 4262 1770 4316 illustris
1801 4264 1869 4317 ab
1899 4280 1988 4319 eo-

389 4356 512 4412 dem
544 4355 782 4412 Arnobio
811 4366 995 4409 nostro
1021 4355 1264 4409 laudatur
1298 4355 1552 4427 (Arnob.,
1581 4357 1672 4410 lib.
1705 4373 1753 4421 I,
1788 4375 1838 4426 ρ.
1873 4359 1983 4430 57).

389 4450 576 4505 Nonne
603 4458 780 4504 autem
815 4448 859 4504 is
889 4447 1005 4517 ipse
1044 4457 1125 4502 cst
1149 4490 1163 4514 ,
1204 4465 1362 4518 quem
1403 4449 1454 4502 in
1504 4448 1985 4506 Grammaticorum

389 4544 683 4600 celebrium
740 4559 966 4598 numero
1017 4541 1305 4597 Suetonius
1347 4542 1435 4598 hic
1475 4544 1655 4598 verbis
1706 4531 1988 4606 reposuit?

397 4656 415 4689 ι
448 4634 728 4690 Cornelius
777 4632 1044 4703 Epiczidns
1068 4675 1081 4698 ,
1115 4632 1260 4688 Lucii
1286 4631 1519 4688 Cornelii
1569 4635 1730 4706 Sylla:
1760 4634 1985 4689 dictato-
2016 4620 2070 4682 D
2096 4651 2214 4704 pag.
2247 4636 2380 4702 142;
2412 4635 2574 4702 Gell.,
2601 4637 2720 4694 lib.t
2747 4639 2901 4694 Noct.
2936 4644 3117 4706 Attia,
3148 4662 3264 4716 cap.
3299 4647 3368 4702 12
3395 4691 3410 4715 ,
3441 4667 3556 4722 pag.
3593 4652 3665 4709 6t)

390 4732 466 4787 ris
499 4733 721 4786 libertus
747 4773 760 4796 ,
788 4731 1097 4793 calatorque
1142 4729 1446 4785 sacerdotio
1472 4731 1735 4806 augurali,
1779 4731 1991 4801 filioque

391 4827 506 4896 ejus
550 4826 745 4880 Fausto
773 4826 1107 4897 gratissimus
1156 4826 1291 4892 fuit;
1345 4841 1512 4896 quare
1547 4843 1835 4897 numquam
1884 4843 1988 4882 non

389 4923 668 4988 utriusuue
695 4935 753 4974 se
786 4919 1036 4973 libertum
1068 4917 1254 4972 edidit.
1307 4917 1523 4974 Librum
1563 4930 1738 4973 autem
1767 4962 1783 4985 ,
1827 4936 1988 4990 quem

392 5014 537 5086 Sylla
570 5010 921 5068 novissimum
965 5009 1033 5064 de
1081 5011 1240 5065 rebus
1277 5011 1387 5063 suis
1439 5009 1808 5081 imperfectum
1856 5012 1985 5066 reli-

389 5117 624 5181 querat,
683 5108 798 5178 ipse
859 5105 1126 5176 supplevit
1175 5124 1193 5158 ›
1256 5103 1556 5176 (Sucton.,
1620 5107 1681 5161 de
1733 5105 1982 5160 lllustris.

394 5205 649 5269 Graium,
683 5200 712 5272 ᾗ
746 5201 854 5272 12).

463 5294 769 5367 Epicharmi
807 5294 872 5349 de
909 5295 1077 5349 Marte
1119 5293 1442 5349 sententiam
1490 5305 1609 5362 post
1647 5293 1982 5349 Clementem

391 5389 815 5450 Alexandrinum
849 5389 1136 5453 Arnobius,
1169 5398 1226 5442 nt
1257 5403 1419 5459 supra
1452 5388 1685 5442 vidimus
1710 5431 1722 5450 ,
1757 5389 1986 5444 ethnicis

389 5487 592 5557 objicit.
646 5481 714 5537 At
735 5481 801 5535 de
834 5479 934 5535 hoc
958 5489 1110 5549 poeta
1139 5523 1153 5543 ,
1205 5491 1257 5535 ct
1285 5481 1354 5536 de
1383 5481 1543 5536 variis
1569 5481 1684 5551 ejus
1713 5483 1984 5552 opinioni-

386 5581 487 5638 bus
517 5591 568 5634 ct
597 5577 770 5641 factis,
801 5578 850 5630 in
878 5578 1048 5644 primo
1073 5581 1374 5646 Apparatus
1400 5578 1568 5631 nostri
1601 5588 1744 5632 tonio
1776 5593 1985 5634 sermo-

387 5693 508 5731 nem
563 5674 757 5742 satpius
817 5669 1039 5727 fecimus
1093 5669 1357 5741 (Arnob.,
1411 5672 1499 5724 lib.
1543 5687 1619 5733 iv,
1673 5689 1794 5742 pag.
1846 5673 1981 5735 MS;

389 5779 508 5822 tom.
553 5784 569 5822 ι
613 5768 864 5834 Apparat.
896 5806 912 5830 ,
969 5781 1088 5833 pag.
1140 5763 1265 5828 861,
1299 5765 1424 5829 866,
1473 5765 1596 5827 867,
1648 5765 1771 5829 869,
1818 5766 1981 5834 1051,

391 5861 544 5926 illi,
582 5859 744 5926 1205,
774 5867 819 5911 et
849 5857 1066 5923 Arnob.,
1103 5856 1191 5909 lib.
1225 5872 1280 5920 ll,
1311 5873 1429 5926 pag.
1460 5859 1528 5911 {l0

2095 3308 2218 3379 runt
2245 3367 2259 3391 ,
2292 3335 2348 3380 ut
2380 3327 2576 3384 Fabius
2615 3308 2934 3388 Caecilianus
2959 3375 2974 3400 ,
3002 3347 3054 3391 et
3083 3308 3284 3394 Fabius
3308 3341 3584 3400 Rusticus.
3624 3348 3693 3400 At

2096 3415 2320 3470 Fabium
2352 3418 2622 3476 Pictorem
2653 3423 2720 3478 ab
2750 3427 2988 3482 Arnobio
3015 3430 3236 3486 citatum
3269 3433 3437 3491 fuisse
3471 3439 3690 3506 probari

2090 3517 2269 3579 potest
2297 3509 2596 3580 Ciceronis,
2628 3514 2818 3583 Plinii,
2852 3528 2907 3573 et
2935 3523 2998 3574 A.
3029 3519 3166 3578 Gelii
3194 3529 3542 3597 auctoritate,
3597 3533 3688 3602 qui

2089 3605 2318 3671 scriptos
2348 3603 2416 3658 ab
2439 3620 2506 3660 eo
2537 3608 2776 3664 Annales
2819 3626 3140 3670 memorant.
3171 3616 3308 3683 Quid
3349 3636 3480 3678 vero
3501 3664 3516 3683 .
3547 3627 3692 3694 quod

2089 3695 2158 3750 ab
2197 3697 2450 3769 Dionysio
2499 3700 2909 3762 Halicarnasseo
2950 3719 3005 3763 et
3046 3710 3398 3770 Romanorum
3447 3718 3690 3790 Scripto-

2089 3805 2202 3842 rum
2230 3793 2614 3862 antiquissimus
2641 3837 2655 3860 ,
2695 3808 2749 3851 et
2779 3797 3034 3857 historias
3058 3808 3432 3875 composuisse
3466 3810 3687 3871 dicitur.

2090 3883 2333 3955 Denique
2357 3885 2562 3943 Gellius
2601 3889 2802 3960 legerat
2838 3892 2935 3948 hos
2964 3894 3116 3951 Fabii
3148 3898 3378 3957 Pictoris
3405 3904 3651 3961 Annales
3675 3949 3689 3971 ,

2090 3979 2246 4033 bOum
2283 3989 2444 4052 atque
2487 3983 2747 4057 sincertp,
2780 3997 2836 4040 ut
2865 3987 2953 4043 ille
2982 3989 3098 4058 ait,
3140 3998 3426 4052 vetustatis
3479 3998 3650 4055 libros
3674 4044 3689 4064 ,

2089 4088 2226 4144 quos
2251 4075 2495 4130 venditor
2527 4078 2645 4133 sine
2671 4079 2881 4135 mendis
2924 4097 3046 4145 esse
3072 4083 3376 4155 jactitabat.
3429 4090 3510 4146 Ex
3546 4095 3688 4150 libro

2090 4179 2269 4222 autem
2311 4169 2453 4223 illius
2497 4169 2672 4239 primo
2702 4177 2977 4244 excerpsit
3008 4177 3296 4251 Dionysius
3319 4183 3482 4238 verba
3506 4227 3521 4252 ,
3567 4202 3688 4256 qum

2090 4259 2402 4317 Pontiﬁcem
2433 4262 2721 4320 Maximum
2746 4266 2927 4324 dicere
2957 4273 3316 4342 opportebat,
3365 4291 3487 4331 cum
3523 4279 3689 4351 virgi-

2090 4369 2212 4408 nem
2257 4354 2421 4423 capit.
2474 4355 2614 4411 Alibi
2647 4374 2774 4413 vero
2812 4359 3028 4430 longum
3055 4363 3174 4433 ejus
3203 4369 3556 4439 fragmentum
3585 4389 3690 4428 ex-

2090 4445 2238 4502 hibet
2283 4447 2470 4518 (Cicer.
2499 4491 2515 4515 ,
2559 4451 2649 4506 lib.
2691 4468 2709 4506 ι
2756 4453 2819 4506 de
2862 4452 3065 4521 Divin.,
3114 4477 3237 4531 pag.
3294 4461 3443 4527 269;
3494 4463 3643 4520 Plin.
3672 4507 3688 4535 ,

2092 4539 2177 4595 lib.
2210 4557 2240 4595 x
2281 4541 2419 4596 Hist.
2469 4552 2639 4598 natur.
2665 4585 2679 4610 ,
2731 4561 2850 4616 cap.
2889 4547 2923 4601 4
2948 4588 2964 4613 ,
2999 4565 3119 4620 pag.
3158 4551 3300 4618 H6,
3351 4565 3398 4607 et
3429 4555 3521 4611 lib.
3553 4573 3684 4623 liv,

2091 4741 2137 4782 et
2166 4731 2254 4784 lib.
2291 4746 2346 4797 ν,
2376 4748 2490 4802 cap.
2517 4735 2570 4797 4,
2606 4752 2725 4807 pag.
2751 4737 2881 4804 522,
2906 4748 2952 4791 et
2971 4739 3058 4794 lib.
3092 4755 3142 4801 x.
3169 4758 3285 4814 cap.
3323 4745 3375 4813 5,
3405 4763 3525 4817 pag.
3553 4748 3686 4815 59.7;

2094 4819 2308 4893 Dionys.
2347 4821 2550 4892 Halic.,
2588 4826 2676 4880 lib.
2701 4843 2716 4882 ι
2746 4828 2996 4901 Antiquit.
3030 4848 3186 4900 rom.,
3213 4851 3266 4905 p.
3301 4835 3357 4903 5,
3389 4849 3437 4892 et
3467 4839 3550 4893 lib.
3588 4857 3683 4906 vn,

2094 4932 2212 4986 pag.
2243 4917 2348 4972 475

2167 5012 2388 5069 Flaccus
2413 5058 2428 5080 ,
2456 5031 2614 5086 quem
2643 5019 2712 5078 ob
2737 5022 3100 5090 grammatica:
3131 5023 3382 5094 peritiam
3417 5026 3688 5084 Arnobius

2093 5106 2324 5162 laudavit
2356 5108 2615 5181 (Arnob,
2639 5112 2724 5167 lib.
2751 5130 2788 5179 l,
2819 5132 2941 5187 pag.
2971 5117 3060 5181 '57,
3090 5128 3137 5171 et
3163 5119 3252 5173 lib.
3285 5137 3336 5187 v,
3364 5139 3480 5193 pag.
3515 5123 3619 5178 169
3643 5125 3681 5197 ),

2093 5199 2139 5253 is
2165 5198 2233 5254 Μ.
2268 5199 2487 5257 Verrius
2535 5203 2755 5260 Flaccus
2787 5219 2909 5276 est,
2959 5211 3047 5280 qni
3080 5211 3298 5281 quidem
3329 5219 3451 5285 quis
3485 5214 3682 5282 fuerit,

2093 5304 2186 5348 aut
2207 5311 2316 5366 quo
2349 5305 2599 5366 tempore
2637 5300 2860 5367 vixerit,
2891 5302 2974 5357 his
3005 5305 3295 5362 Suetonius
3327 5310 3502 5364 verbis
3527 5327 3688 5366 enar-

2091 5399 2172 5443 rat
2202 5407 2214 5441 :
2255 5408 2274 5441 ‹
2306 5388 2529 5446 Verrius
2573 5392 2796 5449 Flaccus
2830 5395 3112 5452 libertinus
3139 5440 3152 5460 ,
3211 5400 3439 5456 docendi
3486 5417 3686 5470 genere

2090 5483 2323 5537 maxime
2366 5484 2634 5538 inclaruit.
2680 5485 2921 5559 Namque
2968 5489 3030 5544 ad
3078 5494 3423 5549 exercitando
3471 5494 3686 5552 discen-

2088 5580 2220 5632 tium
2254 5580 2462 5648 ingenia
2491 5623 2506 5647 ,
2539 5584 2771 5650 {equales
2799 5585 2938 5640 inter
2979 5601 3037 5640 se
3064 5591 3404 5644 committere
3444 5591 3680 5656 solebat,

2090 5674 2364 5743 propOsita
2399 5690 2505 5728 non
2533 5675 2705 5729 solum
2736 5680 2982 5742 materia,
3011 5695 3172 5749 quam
3201 5683 3497 5737 scriberent
3519 5725 3532 5744 ,
3586 5687 3680 5740 sed

2093 5768 2318 5837 przcmio
2355 5768 2496 5839 quod
2543 5770 2712 5824 victor
2754 5771 3013 5828 auferret.
3062 5774 3114 5829 Id
3165 5788 3282 5832 erat
3315 5778 3446 5833 liber
3488 5778 3681 5850 aliquis

2095 5861 2370 5931 antiquus,
2405 5861 2653 5933 pulcher,
2681 5876 2773 5920 aut
2800 5868 2994 5922 rarior.
3025 5867 3205 5938 Quare
3235 5870 3305 5926 ab
3335 5872 3577 5942 Augusto
3617 5892 3680 5932 nc
