3872 6412
3263 35 3326 48 ..,,;,ι
3333 31 3622 46 ,ω
3629 31 3741 44 δ-ψ-ι

165 419 243 471 est
1383 413 1444 466 1N
1481 409 1770 468 AilNUBlU

1907 413 2032 468 .Al’.
2074 411 2256 466 λλιί.
3339 424 3444 474 682.

166 533 349 602 polibtts
385 530 501 596 ejus
531 536 833 598 praeceptor
861 528 1064 582 electus
1087 569 1101 594 ,
1136 529 1347 582 transiit
1389 530 1440 582 in
1476 530 1727 597 palatium
1760 531 1811 590 Α
1910 528 2139 584 Leandri
2180 543 2273 582 seu
2312 525 2560 581 Leandrii
2612 527 2974 582 testimonium
3049 544 3116 582 ex
3159 528 3441 585 Clemente

165 642 267 682 cum
299 633 406 677 tota
440 622 656 685 schola;
695 637 876 675 verum
902 630 955 675 ut
991 637 1058 675 ne
1100 636 1260 691 quem
1308 624 1536 692 amplius
1587 634 1736 693 post-
1844 623 2213 678 Alexandrino
2259 622 2569 688 Arnobius,
2614 622 2687 674 ιιιί
2731 621 2998 686 diximus,
3048 623 3290 691 protulit.
3332 623 3442 678 Sed

169 720 254 775 bac
283 718 610 788 discipulum
659 718 925 786 reciperet
959 734 970 768 :
1000 715 1289 784 docuitque
1329 717 1379 770 in
1420 718 1557 772 atrio
1588 718 1733 772 Cati-
1829 717 1952 784 ~jam
1989 717 2133 770 illius
2163 717 2213 769 in
2245 715 2416 785 primo
2445 714 2749 784 Apparatus
2783 715 2950 768 nostri
2997 726 3140 769 ιοιιιι)
3178 717 3384 771 mentio
3410 733 3440 772 a

166 811 271 866 lina:
303 809 519 873 domus,
553 825 672 880 qua:
702 825 824 879 pars
851 808 1032 878 palatii
1063 819 1187 863 tunc
1216 819 1366 875 erat,
1405 819 1458 864 et
1490 811 1738 864 sestertia
1845 811 2000 865 nobis
2055 811 2191 863 facta
2246 819 2329 864 est
2392 807 2652 879 (Arnob,
2707 808 2791 861 lib.
2840 825 2914 870 vt,
2970 825 3019 878 ρ.
3067 810 3205 872 195;
3252 827 3395 878 supr.
3425 852 3441 873 ,

166 913 379 959 centena
425 903 476 957 in
523 919 720 956 annum
770 902 996 972 accepit.
1035 901 1281 957 Decessit
1324 903 1498 957 :ntatis
1539 911 1742 958 exacta:
1845 919 1961 971 cap.
1997 917 2125 968 χιχ,
2157 909 2256 954 art.
2292 900 2316 952 1
2347 918 2361 965 ;
2398 910 2522 955 tom.
2549 918 2560 954 t
2588 885 2866 970 Apparat,
2901 916 2956 970 p.
2986 901 3114 968 870,
3144 912 3191 954 et
3227 901 3365 956 12I8
3393 911 3439 954 et

163 997 249 1050 sub
291 995 530 1050 Tiberio.
583 995 824 1051 Statuam
858 995 1016 1050 habet
1041 995 1351 1060 Prteneste,
1404 997 1456 1050 in
1501 995 1742 1052 inferiori
1846 1011 1984 1066 seqq.
2012 995 2052 1066 ).

167 1090 253 1145 lori
285 1101 438 1158 parte
468 1101 653 1143 contra
682 1088 1012 1160 Hemicylunt
1037 1131 1052 1156 ,
1104 1090 1155 1143 in
1184 1106 1289 1160 quo
1317 1090 1482 1145 fastos
1511 1107 1540 1144 a
1569 1106 1630 1146 se
1658 1107 1746 1145 or-
1920 1089 2030 1145 Leo
2051 1089 2298 1154 Pellaeus,
2330 1089 2501 1160 inquit
2533 1099 2721 1145 auctor
2747 1100 2952 1152 uoster,
2979 1091 3031 1144 itt
3059 1106 3245 1145 eorum
3285 1105 3449 1161 grege

169 1181 371 1234 dinatos
413 1191 467 1234 et
513 1195 819 1234 marmoreo
847 1180 939 1234 arri
973 1179 1175 1234 incisas
1205 1181 1520 1250 publicarat.
1562 1201 1580 1232 ι
1617 1180 1636 1252 (
1669 1180 1748 1234 De
1850 1196 1878 1233 a
1910 1181 2200 1251 gentilibus
2230 1183 2691 1236 annumerabatur
2715 1225 2730 1249 ,
2765 1183 2853 1251 qui
2883 1184 3098 1236 illorum
3130 1184 3261 1238 deos
3289 1199 3452 1254 nega-

163 1273 338 1326 illustr.
398 1270 622 1325 Gramm.
656 1313 671 1336 ,
724 1270 750 1342 §
785 1273 868 1325 17.
900 1272 918 1341 )
967 1271 1326 1340 Quamobrem
1379 1273 1641 1328 Eusebius
1694 1276 1744 1328 in
1849 1272 2002 1326 bant.
2039 1271 2238 1326 Verum
2273 1273 2339 1327 de
2369 1272 2485 1337 illo,
2521 1287 2574 1328 et
2605 1274 2656 1327 in
2691 1276 2791 1328 hac
2819 1274 3220 1338 dissertatione,
3255 1275 3453 1329 etalibi

163 1365 423 1422 Chronico
453 1365 517 1418 ad
549 1381 747 1418 annum
775 1362 974 1419 Christi
1009 1380 1212 1420 nonum
1243 1408 1256 1430 ,
1308 1381 1432 1420 cum
1477 1369 1749 1436 Augustus
1852 1365 2057 1434 egimus
2104 1365 2344 1436 (Arnob.
2377 1408 2390 1429 ,
2435 1368 2525 1419 lib.
2571 1383 2621 1420 tv
2645 1411 2659 1433 ,
2715 1385 2768 1437 p.
2821 1367 2962 1432 147;
2997 1384 3142 1436 supr.
3170 1408 3184 1433 ,
3230 1385 3343 1437 cap.
3377 1368 3409 1422 9
3437 1410 3451 1435 ,

163 1460 327 1516 adlmc
375 1459 633 1514 Romanis
677 1458 967 1528 imperaret
1000 1475 1017 1512 :
1053 1479 1070 1510 (
1109 1458 1488 1515 Athenodorus
1517 1458 1750 1514 Tarsen-
1853 1468 1953 1511 art.
1990 1457 2055 1522 1;
2086 1467 2206 1511 tom.
2237 1475 2250 1512 ι
2283 1458 2556 1530 Apparat.,
2588 1477 2642 1527 ρ.
2674 1459 2778 1514 735
2801 1460 2845 1530 ).

165 1556 230 1611 sis
260 1598 271 1619 ,
319 1575 338 1606 ›
371 1555 586 1625 inquit,
625 1573 642 1606 ι
677 1553 892 1609 Stoicus
919 1552 1271 1624 philosophus
1294 1598 1307 1619 ,
1344 1565 1397 1608 et
1425 1553 1492 1607 ill.
1529 1552 1753 1608 Verrius
1924 1552 2264 1607 Lucilianum
2318 1553 2606 1610 Fornicem
2662 1555 2793 1610 citat
2843 1556 3119 1611 Arnobius
3170 1574 3197 1610 a
3246 1557 3455 1613 Lucilio

165 1648 383 1703 Flaccus
411 1647 793 1717 grammaticus
820 1646 1060 1716 insignes
1087 1645 1374 1700 habentur.
1408 1645 1626 1699 iAb‘A.
1659 1661 1754 1699 au—
1856 1645 2078 1700 satirico
2156 1657 2310 1715 poeta
2369 1647 2511 1701 haud
2590 1648 2751 1704 dubie
2806 1653 3164 1720 compositam
3217 1651 3455 1721 (Arnob.,

164 1749 262 1795 tem
289 1739 466 1796 Gellio
501 1739 704 1809 primus
732 1739 874 1793 illius
904 1756 1074 1792 rerum
1109 1740 1353 1792 memoria
1381 1738 1656 1809 dignarum
1689 1737 1757 1791 li-
1857 1737 1946 1791 lib.
1991 1755 2047 1802 ιι,
2080 1758 2132 1809 p.
2166 1739 2237 1793 .15
2265 1738 2306 1810 ).
2341 1739 2516 1794 Patria
2545 1741 2593 1796 is
2635 1744 2956 1798 Aruncanus
2979 1755 3131 1811 erat,
3165 1746 3243 1798 uti
3273 1761 3337 1800 ex
3375 1747 3458 1801 liis

163 1836 252 1890 ber
277 1881 289 1902 ,
341 1845 391 1891 et
435 1843 657 1901 quartus
686 1833 752 1889 de
779 1833 1068 1888 verborum
1109 1831 1501 1903 significatione
1527 1874 1541 1898 ,
1583 1847 1645 1886 ac
1693 1831 1757 1884 de
1857 1829 2130 1901 colligitur
2160 1831 2446 1888 Juvenalis
2470 1833 2717 1889 versibus
2751 1853 2764 1890 :

166 1930 403 2038 o‘bswn"
424 1929 632 2038 (λαξφῃξ
662 1926 931 2038 secﬂndiis
952 1927 1298 2038 Efﬂuit?
1314 1923 1754 2038 elusi?
1786 1928 1833 1986 B
1953 1967 2049 2038 gur
2072 1976 2236 2018 tamen
2261 1971 2353 2019 ltoc
2377 1971 2530 2022 libeat
2552 1975 2714 2034 potius
2735 1974 3004 2024 decurrere
3027 1988 3200 2038 eampo
3226 1977 3300 2038 (1)

165 2022 441 2091 desumpta
470 2022 720 2076 citantur.
755 2021 914 2089 Saepe
941 2020 1100 2074 etiam
1131 2035 1158 2073 a
1191 2018 1363 2073 Plinio
1402 2017 1670 2084 laudatur,
1700 2025 1757 2072 et

167 2114 406 2184 qutedam
440 2114 557 2183 ejus
583 2114 743 2168 verba
779 2112 1079 2168 Macrobius
1106 2112 1286 2166 retulit
1323 2112 1341 2182 (
1376 2110 1534 2177 Gell.,
1564 2111 1651 2165 lib.
1706 2126 1753 2163 ιν

169 2208 319 2263 Noct.
368 2209 476 2262 Alt.
507 2251 520 2273 ,
549 2225 645 2275 cap
674 2208 728 2270 5,
775 2227 826 2277 p.
857 2207 964 2261 “283
989 2248 1002 2268 ,
1040 2207 1129 2260 lib.
1163 2222 1216 2271 ν,
1249 2222 1366 2274 cap.
1400 2206 1498 2271 17,
1529 2223 1580 2275 p.
1616 2203 1755 2268 549;

167 2319 279 2370 cap.
312 2301 399 2366 18,
432 2318 487 2371 p.
525 2300 622 2355 551
651 2318 665 2365 ;
698 2299 784 2352 lib.
811 2315 925 2364 xvr,
952 2314 1072 2368 cap.
1104 2299 1170 2352 14
1196 2316 1210 2360 ;
1239 2298 1326 2351 lib.
1363 2313 1490 2362 xvii,
1515 2312 1632 2364 cap.
1670 2294 1757 2361 18;

168 2397 252 2449 lib.
288 2411 418 2448 xvm
443 2437 457 2459 ,
493 2410 610 2460 cap.
645 2393 745 2454 17;
774 2392 861 2444 lib.
896 2408 962 2444 xx
986 2433 1000 2458 ,
1027 2408 1143 2460 cap.
1176 2391 1242 2455 7;
1280 2388 1512 2443 Macrob.
1543 2429 1558 2455 ,
1615 2388 1704 2441 lib.
1744 2406 1759 2443 ι

172 2486 413 2549 Satnrn.,
443 2502 556 2554 cap.
593 2483 645 2546 6,
680 2502 730 2552 p.
767 2484 869 2538 198

235 2580 471 2636 Granius
493 2580 578 2634 bis
611 2589 797 2648 terque
817 2578 883 2633 ab
907 2577 1145 2632 Arnobio
1172 2577 1323 2631 testis
1350 2576 1681 2646 appellatus,
1716 2577 1760 2631 is

175 2673 289 2744 ipse
318 2672 532 2727 videtur
555 2670 784 2726 Granius
807 2669 1048 2736 Flaccus,
1075 2670 1163 2739 qui
1189 2679 1440 2723 narrante
1468 2668 1762 2732 Macrobio,

168 2765 468 2835 scripserat
503 2779 615 2817 rem
651 2762 883 2817 divinam
918 2762 1149 2832 Apollini
1184 2772 1237 2815 et
1266 2761 1461 2816 Libero
1493 2761 1544 2815 in
1576 2761 1767 2816 eodem

171 2867 356 2912 monte
384 2854 650 2912 celebrari
693 2854 924 2923 (Arnob.
951 2895 966 2920 ,
1002 2854 1092 2908 lib.
1125 2870 1180 2907 ιιι
1209 2897 1222 2919 ,
1257 2871 1309 2924 p.
1346 2854 1448 2908 118
1477 2862 1523 2907 et
1554 2853 1692 2920 19.9.,
1725 2863 1771 2907 et

169 2951 257 3006 lib.
293 2968 344 3004 vr
374 2994 388 3016 ,
423 2969 478 3021 p.
516 2950 658 3006 19-1:
695 2948 927 3002 Macrob.
957 2990 970 3012 ,
996 2948 1085 3001 lib.
1131 2945 1450 3002 t'Saturnat.
1475 2988 1488 3012 ,
1525 2963 1640 3017 cap.
1679 2945 1768 3012 18,

1956 2032 2056 2082 Per
2079 2046 2228 2095 quem
2252 2046 2458 2095 magnus
2483 2032 2638 2098 equos
2662 2038 2870 2086 Aruneze
2893 2039 3037 2088 ﬂexit
3063 2032 3304 2088 alumnus.

2337 2117 2608 2179 (Juvenal.,
2635 2119 2775 2170 satir.
2801 2122 2845 2183 1,
2872 2133 2996 2172 vers.
3031 2121 3087 2171 19
3105 2128 3150 2172 ct
3172 2121 3275 2184 20.)

1864 2221 1930 2275 Ει
1959 2232 2144 2292 postea
2175 2226 2290 2278 lnrc
2321 2223 2388 2279 de
2417 2225 2561 2279 illius
2593 2226 2792 2296 satyris
2823 2228 3020 2281 cecinit
3050 2244 3065 2280 :

1957 2338 2088 2387 Ense
2112 2340 2246 2388 velut
2271 2342 2440 2389 stricto
2463 2344 2661 2402 quoties
2686 2341 2903 2392 Lucilius
2925 2346 3107 2395 ardens

1960 2402 2236 2468 iuremuit,
2257 2403 2405 2452 rubet
2429 2404 2637 2464 auditor,
2667 2409 2745 2454 cui
2776 2408 2950 2467 trigida
2977 2424 3117 2458 tuens
3141 2418 3215 2459 est

1965 2465 2278 2526 Criminibus,
2302 2468 2444 2514 tacita
2462 2469 2638 2516 sudant
2661 2465 2925 2529 praecordia
2943 2471 3100 2533 culpa.

2553 2549 2787 2614 (Ibidem,
2812 2555 2918 2604 sub.
2947 2554 3034 2618 ﬁn.
3055 2556 3218 2619 satir.)

1869 2655 2092 2712 Persius
2119 2674 2338 2729 quoque
2371 2678 2383 2713 :

2397 2780 2568 2846 Secuit
2593 2781 2809 2835 Lucilius
2839 2787 3031 2846 urbem,

1965 2839 2037 2888 Te
2062 2838 2218 2902 Lupe,
2242 2848 2291 2889 te
2316 2841 2458 2903 Moti,
2481 2851 2531 2892 et
2555 2849 2822 2906 genuinum
2846 2848 2995 2912 fregit
3019 2838 3064 2899 in
3090 2852 3203 2903 illis.

2497 2926 2684 2991 (Pars,
2709 2929 2796 2980 sub
2816 2929 2886 2994 ﬁn
2926 2933 3063 2984 satir.
3093 2936 3151 2998 1.)

168 3062 223 3114 ρ.
255 3044 366 3100 263
398 3045 440 3112 ).
492 3042 652 3097 Prius
692 3058 818 3096 vero
849 3041 990 3096 idem
1025 3041 1331 3094 Macmbius
1362 3039 1600 3105 dixerat,
1633 3039 1773 3104 apud
1874 3027 2110 3083 Primam
2152 3029 2244 3085 ille
2293 3029 2569 3097 Lucilius,
2621 3043 2758 3089 teste
2809 3036 2982 3090 Plinio
3029 3038 3049 3105 (
3081 3037 3224 3094 Plin.
3251 3085 3265 3108 ,
3313 3045 3397 3098 lib.

170 3137 429 3194 Granium
468 3136 790 3190 Licinianum
831 3135 958 3189 libro
991 3134 1246 3199 secundo,
1285 3149 1500 3186 causam
1539 3131 1774 3202 proferri

170 3249 269 3288 cur
301 3230 562 3287 nundinis
605 3229 754 3284 feria:
801 3228 908 3281 sint
954 3225 1171 3298 (lbid.,
1215 3243 1332 3297 cap.
1369 3227 1434 3280 16
1460 3267 1472 3288 ,
1509 3243 1560 3295 ρ.
1599 3225 1706 3279 248
1731 3222 1773 3295 ).

169 3324 280 3381 Sed
314 3325 385 3380 ibi
421 3337 519 3393 pro
560 3319 841 3386 Granium,
887 3320 937 3373 in
962 3319 1204 3388 margine
1235 3317 1448 3385 Caium,
1477 3317 1774 3387 repositum
1804 3314 1849 3376 C

168 3420 426 3489 legimus.
479 3417 523 3469 A
556 3414 728 3469 Plinio
774 3413 934 3468 etiam
972 3410 1207 3466 Granius
1236 3409 1451 3478 quidam
1483 3410 1732 3463 laudatur
1759 3450 1773 3474 ,

152 3501 266 3569 sed
302 3512 378 3566 ibi
408 3525 529 3566 cum
577 3508 645 3563 de
673 3504 1084 3563 medicamentis
1115 3503 1427 3558 instituatur
1458 3501 1776 3573 disputatio,

168 3605 332 3661 illum
369 3604 636 3659 medicum
667 3601 832 3656 fuisse
869 3607 1153 3654 autumant
1207 3597 1226 3670 (
1256 3595 1400 3652 Plin.
1423 3639 1438 3663 ,
1475 3595 1564 3650 lib.
1617 3611 1784 3650 xxvm

170 3698 330 3754 Hist.
386 3707 560 3751 natur.
586 3737 600 3759 ,
633 3714 688 3764 p.
723 3693 829 3749 572
858 3691 900 3764 ).
939 3691 1076 3746 Vero
1104 3691 1283 3760 itaque
1313 3689 1540 3744 similius
1570 3697 1652 3743 est
1679 3689 1782 3742 Ar-

167 3795 408 3850 nobinm
437 3792 503 3847 de
530 3791 712 3861 priore
737 3803 857 3844 esse
881 3785 1325 3856 intelligendum;
1355 3793 1410 3838 ut
1438 3791 1564 3853 pate
1591 3783 1683 3853 qui
1710 3782 1780 3837 de

171 3887 285 3942 diis
318 3900 463 3954 Opus
500 3881 719 3953 aliquod
761 3881 1064 3952 publicasse
1112 3879 1380 3934 videatur.
1423 3876 1557 3932 Nam
1603 3876 1782 3931 Arno-

171 3977 304 4033 bius
361 3976 502 4030 illius
545 3973 857 4045 opinionem
912 3973 979 4026 de
1007 3971 1170 4026 illusis
1205 3981 1257 4026 et
1296 3969 1434 4025 Tolo
1468 3968 1786 4039 perstringit

173 4071 452 4143 (Arnob.,
478 4067 568 4122 lib.
590 4083 642 4132 v,
678 4085 731 4130 ῃ.
765 4065 929 4135 177).

247 4157 577 4214 lleraclitos
605 4156 844 4224 quinque
872 4152 1118 4208 Laertius
1145 4158 1417 4215 recenset,
1457 4150 1650 4220 quibus
1678 4159 1790 4204 tres

172 4255 322 4309 alios
358 4251 565 4307 addidit
583 4246 1094 4320 Meuagius(Laert.
1118 4289 1132 4313 ,
1167 4247 1252 4301 lib.
1311 4263 1360 4302 ιιι
1391 4248 1444 4299 in
1480 4244 1580 4298 Vit.
1620 4244 1788 4298 Hera-

171 4349 322 4411 clit.,
357 4345 385 4417 ς
415 4346 515 4411 17;
547 4342 712 4407 Mem,
746 4342 801 4395 in
831 4341 966 4394 hunc
995 4338 1169 4393 Laert.
1203 4337 1418 4410 locum).
1447 4336 1580 4405 Quae
1609 4346 1790 4392 autem

172 4459 247 4499 ex
298 4440 578 4497 Heraclito
605 4445 794 4493 auctor
827 4443 1010 4491 noster
1037 4433 1223 4489 retulit
1260 4433 1327 4488 de
1363 4431 1544 4486 Liberi
1578 4440 1629 4485 et
1658 4431 1792 4485 Pro—

174 4536 376 4610 symni
426 4533 605 4589 fabula
629 4574 644 4598 ,
699 4531 868 4599 magis
909 4527 1200 4584 convenire
1231 4526 1478 4580 videntur
1508 4535 1599 4580 aut
1625 4523 1795 4578 Hera—

176 4633 327 4688 clito
363 4628 755 4699 Allegoriarum
785 4623 1182 4679 homericarum
1212 4617 1454 4685 auctori,
1502 4626 1594 4672 aut
1623 4617 1794 4672 Hera.

173 4727 320 4783 clito
393 4732 566 4794 poeta:
620 4720 822 4792 lyrico,
876 4717 967 4788 qni
1012 4714 1295 4771 duodecim
1343 4713 1567 4768 deorum
1615 4708 2117 4793 laudesDahunde
2156 4742 2283 4795 salis

185 4821 594 4877 decantaverat
623 4814 642 4887 (
674 4813 869 4868 Arnob.
899 4811 990 4866 lib.
1012 4827 1092 4874 tu,
1127 4828 1179 4880 p.
1210 4809 1276 4864 51
1305 4807 1343 4879 ).

258 4935 603 5005 Hermippns
641 4930 730 5000 qui
761 4943 974 4999 magum
1010 4927 1353 4982 Zoroastrem
1374 4967 1389 4992 ,
1418 4933 1479 4980 ut
1509 4932 1660 4980 notat
1701 4927 1801 4980 Ar-

177 5028 428 5089 nobius,
463 5024 804 5079 Bactrianum
834 5020 1005 5075 fuisse
1040 5018 1306 5085 asseruit,
1350 5033 1532 5072 nonne
1559 5017 1651 5073 ille
1682 5027 1800 5084 est,

177 5122 253 5177 de
299 5133 423 5189 quo
466 5115 714 5170 Plinius:
752 5131 771 5165 ι
811 5112 1154 5182 Hermippus,
1201 5111 1289 5182 qui
1324 5110 1391 5166 de
1423 5119 1564 5178 tota,
1595 5111 1800 5181 inquit,

179 5223 317 5270 arte
358 5210 563 5280 magica
591 5206 1002 5278 diligentissime
1027 5205 1243 5274 scripsit
1267 5246 1282 5272 ,
1315 5215 1370 5260 et
1391 5203 1557 5268 vicies
1586 5213 1802 5259 centum

177 5308 374 5365 millia
405 5318 678 5369 versuum,
707 5318 734 5355 a
763 5301 1053 5356 Zoroastre
1083 5299 1320 5365 condita,
1357 5298 1625 5353 indicibus
1655 5315 1793 5370 quo-

182 5420 304 5476 que
357 5399 698 5453 voluminum
743 5398 859 5464 ejus
905 5395 1090 5464 positis
1117 5436 1130 5459 ,
1164 5393 1500 5463 explanavit.
1536 5413 1554 5446 ι
1593 5393 1668 5448 De
1717 5393 1808 5449 illo

181 5501 365 5570 plura
401 5493 644 5557 Vossius,
671 5506 830 5563 quem
864 5490 1086 5545 consule
1114 5488 1134 5562 (
1170 5488 1310 5543 Plin.
1335 5531 1350 5555 ,
1384 5488 1474 5542 lib.
1528 5503 1632 5542 xxx
1666 5486 1805 5543 Hist.

183 5601 389 5644 natur.
418 5630 433 5655 ,
482 5603 602 5657 cap.
639 5585 689 5647 1,
733 5602 853 5656 pag.
888 5584 1036 5645 725;
1076 5581 1222 5638 Voss.
1253 5626 1267 5650 ,
1320 5581 1410 5637 lib.
1446 5598 1502 5637 ιιι
1570 5583 1632 5636 de
1665 5580 1803 5637 Hist.

181 5700 400 5760 grata,
430 5696 546 5750 cap.
577 5678 664 5741 16,
698 5697 749 5749 p.
785 5678 887 5733 102
914 5685 970 5733 et
995 5677 1098 5733 105
1122 5677 1164 5748 ).

267 5776 467 5845 Hippo
494 5772 683 5828 Melius
714 5771 857 5827 inter
887 5771 1077 5826 atlteos
1103 5771 1425 5826 censebatur
1447 5813 1462 5839 ,
1487 5769 1554 5826 de
1583 5786 1691 5843 quo
1718 5785 1819 5827 nos

188 5872 365 5932 haud
419 5869 590 5925 semel
626 5867 1021 5939 disputavimus
1053 5866 1280 5931 (Arnob.
1305 5909 1320 5935 ,
1345 5866 1432 5921 lib.
1467 5883 1517 5920 iv
1540 5909 1554 5934 ,
1588 5886 1641 5938 p.
1692 5868 1817 5932 147;

195 5969 391 6039 δορυ
423 5979 541 6032 cap.
574 5961 629 6029 9,
661 5968 761 6014 art.
797 5961 851 6023 1,
887 5968 933 6013 et
969 5969 1094 6014 tom.
1123 5975 1137 6012 ι
1184 5957 1460 6031 Apparat.,
1493 5977 1545 6029 p.
1576 5958 1681 6016 785
1711 5958 1754 6026 ).

672 6053 946 6114 ΡΑτιιοι..
995 6052 1072 6110 ν.

1877 3118 2052 3173 Natur
2111 3121 2230 3177 hist.
2257 3164 2272 3190 ,
2308 3140 2360 3192 p;
2395 3124 2505 3192 4),
2547 3125 2768 3179 satiram
2820 3129 3080 3184 condidit.
3118 3131 3270 3191 Unde
3304 3137 3475 3195 Hora-

1878 3224 1984 3267 ιιυε
2017 3232 2030 3268 ζ

2624 3310 2686 3361 Et
2711 3312 2927 3368 Lucilius
2958 3335 3106 3373 ausus

1974 3370 2587 3454 gritnttlsin‘lt‘unc‘gperis
2605 3388 2902 3454 componere
2928 3370 3140 3454 carmina
3166 3403 3384 3454 morem;

1976 3431 2327 3514 Eetrabere‘e‘t
2344 3431 2546 3514 pellem,
2575 3431 2755 3508 nitidus
2778 3456 2872 3504 qua
2896 3431 3110 3511 quisque
3117 3431 3323 3514 “pa-"6.75

1976 3493 2209 3556 Cederet,
2243 3493 2483 3548 introrsus
2506 3502 2675 3560 turpis.

2320 3582 2537 3647 (Horat.,
2558 3584 2640 3637 lib.
2669 3605 2720 3652 ιι,
2744 3592 2883 3642 satir.
2910 3596 2953 3655 1,
2980 3609 3100 3648 vers.
3129 3598 3233 3662 93.)

1885 3701 2246 3770 Quintilianus
2293 3718 2472 3766 autem
2518 3712 2694 3769 Plinio
2741 3727 2796 3772 et
2850 3718 3075 3778 lloratio
3125 3726 3481 3801 suffragatur,

1887 3796 2096 3866 hocque
2133 3799 2201 3855 de
2241 3802 2450 3857 Lucilio
2481 3804 2734 3876 illiusque
2761 3813 3031 3868 scribendi
3065 3832 3267 3884 genere
3296 3796 3487 3879 reddit

1889 3890 2300 3947 testimonium:
2339 3913 2356 3946 ‹
2383 3895 2558 3978 Satira
2601 3901 2817 3968 quidem
2867 3914 2974 3960 tota
3027 3920 3210 3964 nostra
3261 3927 3383 3982 est,
3432 3920 3484 3974 in

1887 3998 1992 4080 qua
2024 3987 2229 4055 primus
2276 3989 2538 4060 insignem
2583 3993 2795 4050 laudem
2835 3998 3068 4070 adeptus
3107 4016 3194 4060 est
3220 4006 3486 4080 Lucilius,

1890 4078 1980 4147 qui
2009 4081 2270 4148 quosdam
2302 4082 2373 4136 ita
2406 4084 2620 4140 deditos
2647 4088 2748 4143 sibi
2777 4090 2958 4148 adhuc
2987 4095 3148 4154 liabet
3177 4078 3489 4174 amatores;

1893 4179 1953 4225 ut
1971 4187 2091 4225 eum
2133 4189 2240 4228 non
2282 4175 2528 4245 ejusdem
2579 4181 2742 4236 modo
2783 4187 2964 4254 Operis
3001 4196 3351 4265 auctoribus,
3396 4203 3490 4258 sed

1893 4266 2143 4363 omnibus
2172 4270 2343 4337 poetis
2376 4273 2628 4340 praeferre
2657 4293 2762 4331 nou
2795 4279 3060 4339 dubitent.
3091 4287 3206 4360 Ego
3234 4308 3491 4363 quantum

1895 4370 1965 4415 ab
1994 4361 2096 4415 illis
2131 4372 2334 4418 tantum
2381 4367 2450 4422 ab
2479 4367 2701 4425 Horatio
2727 4372 2746 4445 (
2772 4371 2877 4428 Cib.
2915 4395 2964 4446 ι,
3008 4383 3154 4438 satir.
3186 4361 3262 4450 4,
3295 4406 3421 4446 vers.
3460 4395 3495 4450 6

1897 4465 1943 4508 et
1970 4472 2101 4526 seqq.
2135 4457 2152 4527 )
2185 4458 2443 4516 dissentio
2465 4504 2478 4526 ,
2515 4466 2600 4533 qui
2634 4465 2900 4525 Lucilium
2934 4473 3106 4532 fluere
3137 4480 3490 4556 lutulentum,

1899 4558 1954 4603 ct
1979 4565 2100 4605 esse
2125 4552 2327 4621 aliquid
2352 4555 2493 4624 quod
2527 4558 2717 4614 tollere
2742 4564 2914 4631 possis
2937 4607 2950 4630 ,
2988 4579 3153 4636 putat.
3205 4574 3337 4630 Nam
3366 4552 3495 4635 eru;

1902 4643 2034 4698 ditio
2063 4645 2115 4699 in
2145 4649 2370 4717 comira,
2398 4661 2451 4704 et
2481 4651 2736 4720 libertas,
2768 4669 2929 4728 atque
2959 4661 3082 4718 inde
3109 4670 3378 4730 acerbitas
3400 4718 3414 4742 ,
3446 4688 3504 4733 et

2340 4763 2377 4840 D-
2413 4744 2678 4840 (Quintil.
2708 4791 2722 4813 ,
2767 4751 2852 4804 lib.
2897 4770 2928 4808 ι
2967 4755 3240 4828 lnstitut.,
3287 4783 3401 4838 cap.
3445 4773 3500 4840 1,

1903 4849 1954 4899 ρ.
1993 4831 2164 4934 1571ει
2192 4834 2406 4934 seqq).
2437 4836 2820 4934 \(erumtamen
2863 4847 3003 4903 idem
3059 4852 3175 4924 ipse
3222 4831 3496 4934 Horatius,

1905 4925 2151 4994 quamvis
2193 4926 2392 4983 dixerit
2439 4928 2634 4987 durum
2677 4946 2730 4988 et
2769 4937 3094 4998 lutulentum
3144 4964 3266 5006 esse
3311 4925 3503 5015 Lucili}

1903 5034 2245 5084 sermonem.
2293 5040 2417 5079 eum
2456 5035 2630 5082 tamen
2673 5029 2898 5088 facetum
2942 5047 2997 5091 et
3037 5055 3305 5100 emuncta:
3357 5055 3506 5109 naris

1909 5116 2073 5173 fuisse
2105 5120 2405 5189 profitetur.
2438 5121 2804 5190 Quamobrem
2834 5131 2961 5186 alibi
2992 5136 3139 5191 canit
3168 5161 3180 5194 :

2125 5329 2169 5332 μ
2235 5319 2246 5332 ,
2285 5319 2340 5332 Ν
2410 5322 2437 5332 ,η
2538 5323 2549 5332 _
2657 5259 2864 5332 Alidem
2890 5270 3019 5329 quod
3040 5271 3145 5321 sale
3170 5277 3321 5327 multo

2012 5314 2195 5368 Urbem
2217 5319 2474 5383 defricuit;
2509 5323 2674 5373 charta
2694 5314 2921 5377 laudaturi
2943 5314 3133 5384 eadem:

2211 5400 2426 5463 (Horat.,
2449 5401 2531 5454 lib.
2551 5421 2585 5467 ι,
2605 5407 2744 5458 satir.
2775 5412 2848 5472 10,
2874 5425 2998 5464 vers.
3022 5419 3083 5467 50
3101 5426 3145 5469 ει
3161 5427 3320 5487 seqq.)

1913 5546 2102 5602 Lucilii
2130 5564 2343 5621 quoque
2383 5553 2523 5608 sales
2568 5559 2786 5625 agnovit
2825 5558 3018 5617 Cicero
3050 5567 3068 5638 (
3102 5565 3266 5625 Cicer.
3296 5613 3311 5638 ,
3368 5573 3451 5628 lib.
3495 5596 3507 5632 ι

1916 5644 1979 5697 de
2008 5640 2206 5710 Finib.,
2231 5662 2284 5713 p.
2315 5644 2405 5712 40,
2446 5657 2490 5699 et
2522 5647 2609 5701 lib.
2632 5665 2668 5703 ιι
2695 5651 2757 5704 de
2800 5651 2972 5721 0rat.,
3002 5675 3054 5728 p.
3084 5659 3199 5730 12),
3232 5666 3319 5733 qui
3353 5683 3511 5735 quos.

1920 5738 2042 5793 dam
2070 5740 2212 5793 illius
2238 5755 2427 5795 versus
2459 5741 2768 5813 descripsit,
2793 5759 2846 5802 et
2877 5749 3038 5823 longe
3066 5755 3250 5824 plures
3291 5759 3351 5811 Α.
3387 5760 3514 5816 Gel-

1926 5832 2028 5887 lius
2059 5833 2109 5887 in
2138 5834 2249 5888 suis
2292 5833 2543 5890 Noctium
2590 5838 2888 5898 Atticarum
2920 5845 3096 5906 libris.
3137 5851 3377 5921 Peuique
3411 5854 3513 5908 Eu-

1987 5967 2060 6030 (1)
2086 5967 2137 6019 Id
2159 5976 2231 6018 est
2257 5965 2483 6021 Satirit'o.

3005 6071 3084 6133 22
