3872 6346
418 349 521 403 685
1667 332 2001 393 DISSERTA

2115 344 2119 373 ι
2158 332 2317 391 ΡΒΑΞ
2328 334 2438 391 VIA

3598 337 3701 396 681

414 459 637 517 sebiano
668 458 720 513 in
748 454 1015 513 Chronico
1042 452 1235 509 Lucilii
1263 459 1413 505 ortus
1443 456 1497 507 et
1522 448 1702 504 obitus
1732 448 1811 505 sic
1839 456 1994 502 nota-
2026 449 2079 509 Α
2102 446 2362 503 tissimus.
2410 447 2568 503 Extat
2605 455 2783 505 autem
2823 449 3106 507 Ciceronis
3148 451 3514 523 fragmentum
3544 491 3560 516 ,
3612 450 3700 505 ubi

417 563 517 607 tur.
574 570 593 603 ‹
641 549 882 606 Lucilius
940 558 1097 620 poeta
1157 546 1409 600 nascitur.
1460 562 1477 594 ι
1547 540 1684 595 Tum
1753 540 1993 596 deinde:

424 666 437 697 ι
469 647 629 702 Caius
658 645 916 709 Lucilius,
950 644 1232 697 satirarum
1278 638 1532 705 scriptor,
1566 634 1789 705 Neapoli
1833 632 1997 689 mori-

412 751 528 804 tur,
581 753 643 793 ac
687 737 905 807 publico
951 734 1140 789 funere
1181 729 1402 787 effertur
1445 744 1589 784 anno
1633 728 1808 783 artatis
1849 728 1915 783 46
1971 746 1990 779 ι

418 832 648 903 (Euseb.
683 828 830 897 Cltr.,
862 828 929 883 ad
959 843 1081 880 ann.
1114 824 1253 881 1869
1282 832 1328 878 et
1357 821 1491 877 1914
1523 820 1562 890 ).

483 946 681 1000 Manilii
712 945 780 999 de
805 941 1179 997 Novensilibus
1204 938 1311 993 diis
1340 938 1650 1007 opinionem
1676 936 1795 990 aliis
1818 933 1997 990 ethni-

410 1040 487 1094 cis
515 1037 784 1093 Arnobius
816 1043 1000 1089 noster
1030 1033 1302 1103 opposuit.
1338 1030 1524 1084 Nonne
1551 1029 1729 1099 itaque
1751 1027 1844 1082 ille
1874 1035 1959 1082 est
1978 1067 1995 1093 ,

407 1129 560 1198 cujus
608 1126 904 1200 sententias
948 1126 1015 1180 de
1072 1125 1307 1193 Europa,
1362 1120 1641 1187 Titanide,
1684 1119 1887 1184 Casco,
1942 1128 2000 1174 et

405 1220 572 1277 Casca
617 1236 646 1276 a
675 1221 917 1276 Varrone
972 1220 1243 1289 expositas
1296 1214 1561 1287 legimus?
1605 1212 1796 1268 Nonne
1832 1212 1997 1265 etiam

408 1319 521 1387 ipse
551 1324 667 1379 est,
698 1314 790 1386 qui
816 1329 846 1367 a
876 1314 1048 1368 Plinio
1084 1311 1393 1381 appellatur
1424 1306 1875 1378 diligentissimus
1910 1312 1997 1357 to-

404 1421 686 1480 gatorum,
739 1422 801 1462 ac
844 1415 1099 1469 senator;
1149 1415 1204 1458 et
1250 1403 1469 1455 doctore
1512 1400 1696 1463 nullo,
1748 1396 1997 1450 maximis

406 1502 604 1557 nobilis
631 1500 921 1557 doctrinis.
963 1499 1046 1553 Ab
1073 1498 1139 1553 A.
1172 1505 1352 1550 autem
1388 1491 1562 1548 Gellio
1591 1489 1717 1544 viris
1752 1490 1997 1558 apprime

405 1594 610 1658 doctis;
644 1608 672 1646 a
696 1591 957 1647 Cicerone
976 1634 991 1657 ,
1028 1588 1285 1643 litteratis
1306 1627 1320 1648 ,
1349 1594 1405 1639 et
1432 1584 1499 1638 ad
1531 1581 1815 1637 dicendum
1835 1623 1850 1647 ,
1882 1595 1998 1635 res-

402 1687 771 1758 pondendum,
805 1695 964 1755 atque
990 1682 1257 1753 agendum
1290 1680 1478 1751 peritis
1506 1676 1835 1731 adscribitur
1869 1672 1995 1746 (Ar-

403 1782 545 1843 nob.,
581 1780 665 1832 lib.
699 1795 777 1844 tu,
812 1796 863 1847 p.
900 1779 1002 1832 129
1029 1787 1075 1830 et
1107 1792 1238 1844 seqq.
1267 1791 1281 1839 ;
1323 1772 1496 1837 Varr.,
1554 1770 1643 1837 lib.
1672 1786 1722 1824 tv
1750 1769 1813 1823 de
1840 1768 1989 1840 Ling.

402 1837 601 1941 lat.,'p.
635 1870 722 1935 10,
752 1837 904 1924 etlib.
934 1885 1004 1931 νι,
1036 1885 1089 1936 p.
1117 1837 1183 1921 7b
1205 1837 1375 1931 etl'76;
1398 1864 1570 1929 Plin.,
1622 1862 1712 1917 lib.
1746 1879 1781 1916 x
1807 1837 1995 1915 Natu‘r.
2033 1837 2079 1896 Β

399 1964 520 2017 hist.
549 2005 564 2029 ,
600 1979 713 2034 cap.
746 1961 781 2016 2
806 2004 819 2027 ,
858 1980 908 2032 p.
958 1958 1096 2023 589;
1147 1957 1278 2012 Gell.
1303 1998 1318 2023 ,
1382 1956 1467 2011 lib.
1515 1956 1579 2010 l7
1614 1953 1769 2008 Noct.
1818 1951 1999 2019 Attia,

399 2073 513 2126 cap.
548 2056 600 2123 7,
634 2072 684 2125 p.
717 2054 856 2117 957;
886 2050 1073 2117 Cicer.,
1103 2052 1156 2105 in
1185 2050 1370 2116 Bruto,
1406 2067 1457 2116 p.
1508 2048 1643 2113 H8,
1691 2058 1736 2101 et
1765 2047 1852 2101 lib.
1896 2048 2003 2109 ide

408 2147 584 2213 Orat,
616 2163 667 2215 ρ.
705 2144 808 2200 199

479 2261 757 2325 Mnaseas,
793 2260 861 2313 ab
900 2260 1047 2325 aliis,
1092 2268 1152 2312 ut
1178 2256 1253 2311 ait
1279 2256 1587 2321 Arnobius,
1632 2254 1699 2310 de
1732 2255 2001 2309 Musarum

404 2356 717 2425 parentibus
755 2361 810 2408 et
858 2367 1086 2407 numero
1136 2352 1427 2420 plurimum
1475 2349 1829 2404 dissentiebat
1862 2347 1998 2403 :sed

400 2449 522 2519 quis
547 2448 738 2514 fuerit,
773 2447 825 2501 itt
849 2446 1067 2501 dubium
1093 2446 1271 2500 vocari
1308 2444 1525 2515 potest(
1554 2444 1770 2511 Arnob.,
1804 2444 1893 2499 lib.
1918 2460 1997 2507 tu,

404 2563 460 2613 p.
517 2544 621 2598 122
656 2543 696 2612 ).
748 2541 934 2596 Plures
987 2540 1269 2594 enimvero
1313 2539 1417 2593 ltoc
1473 2540 1692 2594 nomine
1745 2538 2000 2608 appellati

406 2648 550 2692 sunt.
585 2635 731 2691 Unus
764 2644 940 2689 autem
971 2650 1035 2687 ex
1068 2634 1130 2687 iis
1151 2675 1166 2696 ,
1200 2633 1241 2685 si
1269 2631 1459 2686 credas
1484 2631 1661 2686 Suida:
1685 2672 1698 2695 ,
1746 2630 1999 2702 Berytius

412 2730 480 2784 de
506 2731 639 2783 Arte
670 2726 935 2781 rhetorica
956 2766 971 2789 ,
1009 2735 1065 2779 et
1093 2724 1396 2778 nominibus
1427 2722 1605 2777 atticis
1636 2724 1871 2792 scripsit.
1904 2723 1999 2775 Al-

408 2833 579 2875 terum
625 2819 806 2872 laudat.
835 2818 1127 2871 Athenaeus
1148 2856 1163 2883 ,
1207 2818 1393 2894 Λοκρὸν
1419 2819 1503 2871 καὶ
1535 2815 1831 2887 Κολοφώνιον
1854 2855 1869 2878 ,
1900 2812 2003 2867 L0-

417 2932 559 2968 crunt
588 2931 675 2968 seu
708 2913 1115 2982 Colophonium,
1165 2912 1255 2981 qui
1286 2912 1573 2980 inscriptos
1604 2910 1755 2965 lusus
1784 2924 2005 2979 compo-

406 3009 532 3073 suit,
580 3008 649 3060 ob
675 3007 991 3060 varietatem
1040 3003 1274 3074 Salpent,
1328 3005 1631 3058 nominatos
1675 3001 1865 3075 (Suid.
1892 3045 1905 3067 ,
1934 3003 2003 3056 ad

405 3101 538 3156 verb.
580 3102 849 3161 Mvaaz'ag;
890 3098 1074 3152 Athen.
1102 3140 1116 3163 ,
1159 3098 1244 3151 lib.
1294 3114 1363 3151 vn
1413 3096 1659 3166 Deipnos.
1686 3136 1701 3161 ,
1743 3113 1799 3166 p.
1833 3096 1933 3151 5'21

407 3194 622 3249 Tertius
650 3192 733 3246 his
767 3191 933 3245 multo
960 3190 1254 3256 celebrior,
1277 3201 1330 3244 et
1355 3190 1598 3244 crebrius
1621 3206 1649 3244 a
1679 3191 1842 3244 variis
1864 3189 2002 3245 scri-

411 3285 653 3355 ptoribus
680 3283 899 3347 citatus,
931 3281 1177 3336 Mnaseas
1204 3292 1287 3335 est
1320 3282 1628 3335 Patarensis
1654 3295 1749 3336 seu
1779 3282 2002 3338 Patren-

410 3380 509 3441 sis,
540 3376 693 3447 cujus
718 3375 1110 3444 Europicorum
1143 3374 1266 3428 libri
1295 3376 1363 3429 ab
1384 3373 1579 3428 eodem
1606 3374 1870 3429 Athean
1895 3391 2001 3431 non

410 3474 578 3530 senth
609 3474 843 3526 citantur
869 3469 1063 3541 (Idem,
1092 3468 1241 3536 ibid.,
1274 3468 1360 3521 lib.
1394 3485 1466 3536 tv,
1494 3486 1547 3539 p.
1577 3469 1697 3534 158,
1729 3480 1773 3523 et
1793 3469 1879 3523 lib.
1907 3486 2002 3539 vn,

411 3588 466 3639 p.
496 3568 622 3633 ‘296,
652 3576 695 3620 et
721 3564 806 3619 lib.
841 3566 933 3630 xii,
966 3580 1017 3631 ρ.
1054 3563 1158 3618 550
1178 3563 1218 3633 ).
1252 3562 1327 3616 De
1354 3561 1458 3616 diis
1483 3572 1663 3617 autem
1692 3577 2002 3617 sermonem

415 3668 466 3719 in
496 3664 600 3719 illis
631 3662 772 3716 haud
800 3661 962 3715 dubie
994 3660 1321 3713 instituerat.
1358 3655 1490 3709 Nam
1524 3656 1649 3710 inde
1676 3655 1868 3711 Suidas
1889 3657 2005 3712 col-

416 3758 544 3824 legit
589 3752 905 3808 Praxidicen
949 3751 1105 3804 deam
1155 3749 1324 3802 fuisse
1369 3748 1524 3818 cujus
1565 3764 1721 3802 soror
1767 3749 2005 3803 Ctesiatn

415 3848 599 3920 genuit
628 3846 646 3917 (
672 3845 825 3900 Suid.
854 3885 868 3909 ,
901 3842 969 3896 ad
998 3842 1129 3896 verb.
1166 3840 1439 3917 πραξιδίκη
1461 3840 1500 3911 ).
1529 3842 1806 3910 Epaphum
1840 3860 1969 3897 vero
1991 3886 2003 3907 ,

418 3946 493 3996 uti
522 3948 575 3995 et
606 3937 894 3994 Plutarcho
922 3936 1178 3989 discimus
1200 3976 1213 4000 ,
1245 3934 1494 4002 apposuit
1521 3933 1771 3988 Liberum
1798 3978 1811 4001 ,
1839 3934 2009 3990 Osiri-

419 4035 541 4089 detn
568 4042 623 4087 et
650 4031 914 4099 Serapim.
951 4027 1091 4094 Quid
1118 4040 1248 4095 ergo
1273 4034 1417 4080 vetat
1443 4065 1457 4090 ,
1500 4027 1786 4094 quominus
1815 4028 2008 4083 creda-

420 4141 537 4181 mus
562 4126 703 4179 hunc
730 4138 851 4178 esse
891 4136 1050 4192 quem
1092 4119 1363 4173 Arnobius
1387 4102 1453 4172 de
1498 4118 1662 4172 Musis
1705 4122 2011 4189 disputasse

425 4217 760 4275 testificatur.
791 4214 951 4268 Plura
978 4212 1045 4267 de
1070 4211 1285 4266 Mnasea
1315 4210 1454 4281 apud
1492 4210 1759 4276 Vossium,
1796 4222 1849 4266 ct
1878 4214 2013 4268 alios

428 4310 673 4366 invenies
700 4307 719 4380 (
752 4306 1016 4369 Plutarch.
1047 4348 1061 4371 ,
1093 4303 1182 4358 lib.
1213 4304 1275 4356 de
1300 4302 1429 4355 Isid.
1464 4314 1509 4357 et
1542 4300 1759 4370 Osiritl.,
1792 4314 1912 4358 tont.
1957 4320 2010 4368 ιι,

423 4424 478 4478 p.
532 4402 678 4469 565;
745 4399 933 4465 Voss.,
978 4398 1113 4453 lib.t
1174 4398 1235 4450 de
1265 4395 1463 4451 Hister.
1516 4412 1706 4467 gnem,
1757 4413 1872 4467 cap.
1920 4396 2012 4466 Ἡ,

423 4517 477 4568 p.
512 4495 614 4551 154

2102 539 2261 611 hujus
2288 542 2349 597 P.
2380 541 2575 612 Nigidii
2606 543 2874 612 doctrina,
2905 544 3062 600 sicuti
3090 560 3121 600 a
3148 544 3449 612 Macrobio,
3478 548 3548 600 A.
3574 543 3702 601 Gel-

2100 635 2194 702 lio,
2227 645 2278 693 et
2306 637 2517 703 Servio,
2549 639 2961 695 commendatur
3006 638 3134 712 (Cic.
3170 642 3358 711 fmgm.
3380 682 3396 706 ,
3446 656 3569 711 pag.
3596 637 3699 705 25;

2101 730 2332 785 Macrob.
2352 773 2367 798 ,
2413 730 2501 785 lib.
2554 747 2610 786 vr
2655 732 2950 802 Saturnal.,
2980 750 3098 807 cap.
3126 733 3182 801 8,
3214 751 3335 805 pag.
3362 733 3512 799 495;
3543 734 3699 801 ϐαι,

2102 820 2189 876 lib.
2221 822 2286 877 19
2319 821 2475 877 Noct.
2502 822 2633 891 Att.,
2655 840 2772 895 cap.
2811 827 2912 892 ﬂ;
2954 824 3125 893 Sera,
3155 824 3208 880 in
3237 826 3324 880 lib.
3378 841 3415 879 χ
3459 822 3698 894 ﬁndit,

2102 929 2219 985 pag.
2261 914 2408 984 58.3).
2443 915 2526 970 Ad
2568 932 2692 971 eum
2731 925 2909 972 autem
2938 918 3113 989 ipsum
3144 928 3326 974 orator
3363 919 3560 973 latinus
3589 918 3704 975 huic

2100 1007 2154 1062 in
2187 1006 2350 1061 verba
2390 1008 2605 1078 scripsit
2651 1026 2666 1064 :
2716 1027 2735 1061 r
2766 1008 2919 1066 Nunc
2944 1011 3007 1066 P.
3037 1010 3248 1083 Nigidio
3272 1053 3287 1077 ,
3335 1012 3425 1067 uni
3465 1014 3704 1069 omnium

2098 1096 2411 1155 docti~simo
2440 1110 2491 1155 et
2515 1100 2875 1168 sanctissimo,
2900 1112 2956 1158 et
2980 1105 3209 1159 maxima
3227 1105 3496 1177 quondam
3514 1104 3701 1176 gratia,

2098 1198 2152 1244 et
2181 1189 2308 1243 mihi
2336 1199 2482 1246 certe
2510 1193 2873 1261 amicissimo,
2915 1211 2985 1251 ne
3020 1197 3249 1267 benigne
3293 1197 3511 1269 quidem
3553 1197 3704 1268 polli-

2097 1281 2205 1335 ceri
2234 1297 2449 1351 possum
2480 1284 2689 1358 (Cicer.,
2718 1287 2809 1340 lib.
2850 1302 2929 1351 tv,
2959 1287 3129 1357 Epist.
3162 1287 3275 1360 15).
3304 1308 3324 1341 ι
3375 1288 3459 1344 Ab
3486 1289 3551 1344 A.
3580 1288 3704 1345 Gel-

2098 1372 2172 1427 lio
2202 1383 2257 1429 et
2278 1376 2398 1431 aliis
2425 1377 2644 1447 Figulus
2673 1380 3085 1450 cognominatur
3110 1378 3295 1454 (Gcll.,
3316 1381 3405 1436 lib.
3437 1396 3495 1435 Vl
3548 1380 3701 1436 Noct.

2101 1463 2204 1519 Au.
2231 1515 2244 1533 ,
2278 1484 2397 1535 cap.
2430 1468 2527 1539 6),
2577 1485 2684 1540 quo
2729 1472 2949 1529 nomine
2996 1487 3025 1527 a
3067 1472 3291 1529 Lucano
3344 1473 3433 1531 bis
3459 1474 3704 1531 versibus

2100 1572 2427 1629 magnopere
2456 1561 2735 1619 extollitur
2762 1583 2776 1619 :

2194 1724 2253 1795 At
2274 1724 2498 1795 Figulus,
2524 1728 2606 1778 cui
2631 1742 2751 1779 cura
2772 1730 2903 1795 deos
2928 1737 3230 1795 secretaque
3249 1731 3365 1783 ereti

2194 1788 2350 1859 N'psse
2374 1790 2495 1859 luit,_
2508 1805 2655 1853 quem
2676 1806 2771 1842 non
2791 1794 3047 1859 rstellarum
3069 1788 3295 1859 Egyptia
3319 1794 3586 1859 Memphis,

2198 1848 2433 1914 Equaret
2452 1848 2578 1916 visit,
2606 1858 2925 1919 numerisque
2950 1848 3264 1908 movenii'b'us
3287 1866 3438 1909 astra.

2602 1962 2829 2026 (Lucam,
2849 1960 2934 2016 lib.
2965 1979 2999 2026 ι,
3024 1976 3151 2016 vers.
3175 1965 3270 2016 659
3292 1971 3339 2017 et
3366 1962 3529 2031 seqq.)

2103 2128 2212 2185 Cur
2239 2139 2416 2186 autent
2445 2131 2547 2187 hoc
2571 2147 2873 2202 cognomen
2922 2133 3000 2188 illi
3032 2134 3217 2189 datum
3247 2135 3349 2202 sit,
3393 2136 3477 2191 his
3506 2137 3707 2208 Augus-

2105 2223 2247 2277 tinus
2273 2224 2454 2279 verbis
2482 2226 2716 2296 explicat
2769 2244 2782 2279 :
2838 2246 2857 2280 ‹
2887 2226 3109 2282 Frustra
3148 2230 3412 2284 asseritur
3439 2220 3621 2285 nobile
3649 2230 3707 2285 il-

2104 2315 2194 2368 lud
2221 2328 2586 2372 commentum
2615 2361 2629 2384 ,
2671 2318 2740 2375 de
2788 2318 2933 2390 figuli
2974 2330 3127 2385 rota,
3173 2321 3319 2391 quod
3366 2323 3707 2394 respondisse

2104 2405 2281 2462 ferunt
2323 2407 2613 2476 Nigidium,
2651 2410 2751 2467 hac
2781 2412 3081 2483 quznstione
3117 2414 3391 2469 turbatum
3421 2457 3436 2483 ,
3488 2417 3631 2473 unde
3658 2424 3707 2472 et

2102 2497 2322 2569 Figulus
2354 2502 2664 2571 appellatus
2708 2512 2794 2558 est
2844 2504 3084 2578 (August.
3115 2548 3131 2574 ,
3180 2504 3269 2561 lib.
3317 2524 3354 2561 ν
3413 2507 3478 2562 de
3527 2506 3705 2574 Civit.,

2101 2608 2217 2662 cap.
2249 2594 2282 2647 5
2307 2633 2322 2659 ,
2365 2610 2483 2663 pag.
2520 2594 2667 2666 116).
2712 2598 2882 2652 Porro
2908 2608 3086 2653 autem
3114 2599 3334 2669 quando
3362 2611 3419 2655 et
3442 2601 3706 2672 quomodo

2104 2696 2331 2742 mortem
2365 2688 2561 2743 obierit
2581 2731 2596 2755 ,
2631 2690 2674 2743 si
2705 2706 2917 2760 quairas
2937 2734 2952 2757 ,
2995 2692 3117 2748 audi
3148 2692 3442 2749 Eusebiani
3471 2693 3706 2750 chronici

2103 2793 2416 2838 auctorem;
2446 2800 2465 2832 ι
2487 2781 2724 2852 Nigidius
2754 2782 2994 2855 Figulus,
3026 2786 3403 2858 Pythagoricis
3427 2798 3481 2843 et
3506 2805 3704 2860 magus,

2104 2872 2154 2926 itt
2180 2874 2340 2928 exilio
2368 2874 2598 2929 moritur
2618 2873 2859 2947 (Euseb.,
2891 2878 2945 2931 in
2972 2876 3189 2947 Cirrata,
3215 2881 3284 2934 ad
3313 2898 3439 2936 ann.
3469 2882 3649 2955 1975).
3683 2900 3701 2934 ι

2112 2971 2356 3042 Denique
2372 2973 2503 3026 varii
2526 2971 2672 3027 illius
2698 2973 2842 3040 libri,
2865 2985 3027 3045 atque
3050 2976 3309 3047 inprimis
3335 2977 3708 3034 etimmentarii

2106 3066 2442 3133 grammatici
2474 3065 2541 3120 ab
2570 3066 2636 3120 Α.
2668 3065 2823 3122 Gelio
2850 3081 2996 3138 saepe
3027 3070 3225 3138 sapius
3249 3070 3501 3127 citantur.

2180 3175 2343 3231 Nisus
2394 3179 2448 3232 in
2494 3180 2965 3248 grammaticorum
2998 3196 3225 3238 numero
3252 3182 3321 3238 ab
3350 3185 3589 3242 Arnobio
3619 3202 3706 3244 re-

2067 3261 2076 3281 '
2109 3270 2346 3339 ponitur.
2380 3264 2564 3327 Venus
2594 3283 2776 3328 autem
2817 3274 3037 3346 Longus
3068 3277 3401 3336 mentionem
3436 3279 3576 3336 illius
3605 3281 3709 3338 l’re-

2105 3374 2337 3433 quenter
2369 3363 2565 3422 fecisse
2613 3367 2809 3439 legitur
2832 3410 2848 3437 ,
2879 3380 2931 3426 et
2974 3372 3206 3441 scriptos
3246 3373 3313 3429 ab
3337 3388 3405 3429 eo
3432 3374 3707 3433 Fasmrutn

2108 3458 2277 3514 libros
2322 3459 2594 3516 Gesnerus
2646 3475 2909 3519 mentorat
2964 3463 3205 3537 (Δγ-ποὺ..
3252 3466 3345 3522 lib.
3372 3485 3414 3534 ι,
3459 3488 3576 3542 pag.
3605 3472 3706 3542 57;

2117 3551 2229 3609 γει.
2263 3552 2456 3627 Long.,
2489 3558 2551 3610 de
2584 3556 2938 3629 Ortltograplt.
2965 3574 2986 3623 ,'
3014 3558 3253 3629 Gesner.,
3282 3563 3339 3616 in
3363 3562 3651 3635 Biblioth.).
3708 3622 3709 3625 η

2182 3667 2502 3725 Numenium
2548 3670 2758 3725 Platoni
2797 3681 2853 3727 et
2878 3672 3079 3728 Cronio
3107 3674 3392 3745 conjunxit
3420 3678 3707 3737 Arnobius.

2113 3764 2497 3836 Pythagoricus
2520 3767 2609 3823 ille
2631 3767 2760 3834 fuit,
2790 3778 2844 3824 et
2873 3772 3001 3846 ἀνὴρ
3031 3773 3305 3846 ἐπιφανής,
3341 3775 3419 3829 uti
3450 3775 3709 3833 Eusebius

2117 3868 2361 3915 testatur.
2398 3860 2767 3919 Theodoretus
2812 3881 2939 3919 vero
2982 3867 3072 3935 qui
3116 3868 3267 3921 illum
3298 3868 3708 3942 Pythagoricum

2112 3969 2255 4023 sepe
2285 3955 2555 4023 appellat,
2604 3956 2719 4011 haec
2759 3957 2828 4013 de
2882 3958 3000 4027 ipso
3050 3968 3105 4013 et
3134 3960 3428 4017 Plutarcho
3457 3965 3707 4035 scripsit:

2113 4049 2249 4101 Μετά
2292 4050 2394 4123 ’γὰρ
2432 4047 2493 4107 δὴ
2531 4054 2620 4109 τήν
2668 4057 2758 4105 τοῦ
2805 4060 3033 4127 Σωτῆρος
3071 4055 3213 4123 ἡμῶν
3243 4056 3533 4129 imperitum
3570 4061 3710 4114 αὐτοὶ

2112 4138 2388 4210 γενόμενοι,
2413 4148 2504 4200 τῆς
2526 4152 2882 4215 χριστιανικῆς
2911 4145 3161 4219 θεολογίας
3191 4149 3352 4205 πολλὰ
3378 4160 3485 4213 τοῖς
3523 4154 3711 4214 οἰκείοις

2114 4230 2345 4299 iiut—{ptimo
2368 4230 2555 4304 λόγυις.
2598 4231 2669 4286 Hi
2698 4247 2918 4304 namque
2938 4253 3053 4290 cum
3083 4251 3195 4309 post
3224 4242 3501 4297 aduentum
3526 4246 3707 4299 Salva-

2117 4322 2251 4385 toris
2270 4324 2430 4375 nostri
2457 4324 2730 4381 existerent
2758 4369 2774 4392 ,
2808 4328 2973 4384 multa
3001 4331 3295 4387 christiana
3322 4336 3591 4408 theologica
3606 4341 3709 4393 suis

2117 4413 2258 4467 libris
2278 4415 2620 4472 inseruerunt.
2647 4420 2717 4473 At
2740 4419 2808 4473 de
2835 4420 2928 4475 illo
2944 4421 3057 4491 jam
3079 4439 3263 4493 supra,
3288 4438 3345 4482 et
3369 4437 3514 4483 tomo
3542 4432 3709 4499 primo

2118 4511 2418 4576 Apparatus
2461 4513 2631 4567 nostri
2672 4513 2907 4573 diximus
2948 4515 3197 4589 (Arnob.,
3240 4521 3410 4588 lib.t,
3442 4542 3559 4595 pag.
3603 4524 3706 4590 49;

494 4589 709 4663 Myrtilli
745 4603 841 4644 seu
883 4584 1153 4687 Myrsilli1
1194 4583 1364 4687 inquit
1390 4583 1663 4638 Arnobius
1686 4626 1698 4649 ,
1726 4583 2014 4687 peculiaris
2040 4607 2093 4669 Β
2120 4598 2305 4654 Εωεθ,
2333 4642 2349 4668 ,
2378 4602 2467 4656 ιω,
2514 4620 2552 4659 η
2614 4604 2848 4675 ρηερω..
2883 4583 3158 4680 Ev'ang'el.’
3185 4583 3313 4683 ἐφ’
3343 4583 3407 4680 9"
3428 4583 3545 4687 ῥαᾶ.
3571 4583 3703 4681 525';

425 4692 542 4742 erat
568 4683 635 4738 de
662 4681 823 4736 Musis
868 4679 1072 4748 Opinio.
1123 4676 1227 4731 Sed
1266 4674 1333 4731 de
1388 4678 1489 4731 hoc
1536 4685 1790 4743 auctore,
1842 4678 2009 4732 illius-

426 4793 531 4849 que
557 4773 821 4830 sententia
875 4773 926 4825 in
962 4770 1145 4840 priore
1186 4770 1488 4837 Apparatus
1522 4770 1693 4823 nostri
1727 4778 1874 4824 tomo
1903 4770 2015 4839 egi-

429 4885 547 4925 mus
575 4866 787 4939 (Arnob.
822 4907 836 4930 ,
892 4864 979 4917 lib.
1024 4877 1123 4929 ιιι,
1180 4877 1302 4931 pag.
1354 4860 1475 4927 lii;
1521 4872 1643 4915 tom.
1687 4864 2011 4934 tApparat.,

428 4983 481 5035 p.
511 4960 661 5030 785).

497 5079 812 5148 Nicagoram
836 5072 1089 5145 Cyprium
1117 5070 1344 5141 gentiles
1366 5110 1380 5136 ,
1410 5069 1561 5124 sicuti
1596 5069 1864 5124 Arnobius
1891 5086 2018 5125 nar-

426 5186 524 5241 rat,
555 5171 801 5226 atheisnii
833 5165 1192 5238 postulabant.
1244 5161 1353 5219 Nos
1394 5177 1522 5216 vero
1550 5160 1616 5216 de
1656 5162 1747 5216 illo
1776 5163 1934 5216 etiam
1962 5172 2016 5216 et

429 5268 481 5323 in
530 5269 627 5320 hac
656 5261 1037 5318 diSsCl‘luiiOIIO
1060 5298 1076 5323 ,
1123 5265 1178 5311 et
1212 5255 1339 5309 alibi
1372 5254 1727 5309 disseruimus
1770 5253 2009 5325 (Arnob.,

430 5360 519 5413 lib.
546 5374 619 5422 tv,
656 5372 775 5428 pag.
814 5353 942 5416 H7;
993 5368 1136 5421 supr.
1166 5392 1181 5417 ,
1234 5366 1349 5419 cap.
1392 5348 1461 5414 9,
1514 5358 1611 5400 art.
1644 5363 1693 5412 t;
1748 5360 1793 5401 et
1845 5358 2015 5402 tom.t

429 5452 703 5523 Apparat.,
738 5463 854 5516 pag.
892 5444 995 5498 769
1022 5452 1067 5497 et
1097 5439 1244 5513 785).

495 5533 735 5634 Nigidius
766 5568 845 5613 ter
873 5558 939 5611 ab
969 5563 1189 5609 auctore
1218 5562 1401 5609 nostro
1427 5552 1672 5608 laudatus
1696 5594 1709 5615 ,
1740 5553 2013 5610 Ciceronis

425 5670 632 5714 aetatem
658 5652 883 5709 ﬂorebat.
911 5647 1148 5721 (Arnob.,
1167 5646 1252 5701 lib.
1276 5662 1353 5713 ιιι,
1376 5664 1496 5719 pug.
1520 5646 1642 5711 119,
1670 5647 1771 5701 125
1794 5658 1839 5701 et
1866 5647 2011 5720 124).

424 5750 664 5809 Celebris
692 5748 921 5817 scriptor
952 5743 1068 5807 fuit,
1095 5743 1177 5796 vir
1198 5742 1479 5811 praetorius
1498 5782 1514 5809 ,
1547 5742 1901 5796 humanorum
1924 5758 2012 5798 ar-

434 5846 563 5910 ium,
599 5839 948 5915 philosophia:
970 5880 984 5905 ,
1020 5834 1346 5906 astrologire,
1376 5845 1429 5891 et
1462 5834 1759 5892 medecina:
1786 5837 2005 5892 consul-

2122 4690 2402 4762 Tlteodor.,
2434 4712 2586 4749 scrin.
2609 4697 2662 4764 2,
2687 4700 2750 4753 de
2768 4697 2921 4766 Fide,
2951 4710 3071 4757 tom.
3100 4718 3173 4769 tv,
3208 4723 3329 4777 pag.
3352 4708 3495 4778 500;
3537 4727 3705 4780 supra,

2121 4787 2189 4839 ad
2216 4788 2344 4845 verb.
2363 4787 2617 4857 CRONIUS;
2662 4802 2785 4849 tom.
2815 4809 2834 4849 t
2866 4793 3137 4867 Apparah,
3163 4816 3284 4872 pag.
3312 4803 3450 4860 1115
3478 4814 3527 4861 et
3551 4804 3700 4875 1128,

2122 4894 2182 4931 ac
2196 4895 2331 4949 seqq.
2344 4886 2382 4951 ).

2194 4991 2415 5061 Orphei,
2444 5009 2541 5050 seu
2566 5037 2581 5061 ,
2623 5007 2678 5051 ut
2717 4997 2954 5068 loquitur
2978 5000 3273 5072 Arnobius,
3315 5005 3546 5065 Threicii
3574 5010 3703 5065 vatis

2119 5084 2236 5139 libri
2278 5085 2345 5139 ab
2382 5086 2610 5143 ethnicis
2649 5088 2961 5148 ferebantur
3002 5096 3322 5167 antiquitatis
3351 5117 3458 5157 esse
3486 5104 3700 5167 dicina;

2121 5184 2259 5237 haud
2315 5185 2475 5241 dubie
2541 5186 2662 5257 quia
2728 5189 2975 5247 Gnaeum
3026 5194 3175 5249 illunt
3239 5209 3453 5267 poetam
3490 5242 3507 5268 ,
3576 5210 3701 5254 teste

2117 5277 2423 5345 Lactantio,
2475 5280 2719 5351 (aqualem
2767 5284 2993 5354 ipsorum
3032 5288 3265 5357 deorum,
3326 5304 3381 5348 et
3425 5310 3543 5351 cum
3573 5294 3699 5349 Her-

2117 5373 2237 5427 cule
2281 5374 2415 5428 inter
2447 5376 2782 5443 Argonautas
2824 5378 3101 5451 navigasse
3129 5382 3425 5441 credebant
3471 5385 3695 5461 (Amob.,

2115 5464 2203 5518 lib.
2234 5480 2296 5527 v,
2344 5482 2462 5537 pag.
2497 5466 2634 5534 173;
2685 5468 2944 5539 Lactant.,
3002 5474 3091 5530 lib.
3142 5491 3158 5530 ι
3206 5476 3466 5546 Inuitum,
3508 5498 3612 5551 cap.
3637 5480 3693 5549 5,

2119 5575 2237 5629 pug.
2262 5558 2377 5630 20).

2188 5654 2458 5711 Paniassis
2506 5656 2867 5715 testimonium
2912 5677 2980 5717 ex
3018 5661 3301 5723 Clemente
3343 5667 3694 5725 Alexandrino

2114 5746 2382 5803 Arnobius
2426 5748 2581 5805 nobis
2615 5752 2835 5809 exhibet
2882 5755 3134 5827 (Arnob.,
3180 5759 3271 5816 lib.
3291 5777 3370 5830 tv,
3412 5780 3524 5837 pag.
3551 5760 3689 5833 tu).

2115 5838 2265 5907 Quod
2292 5841 2508 5912 quidem
2537 5860 2567 5899 a
2598 5845 2755 5902 nobis
2776 5861 2937 5919 supra
2965 5849 3309 5912 observatum
3338 5865 3455 5927 est,
3495 5872 3552 5913 ac
3576 5854 3692 5927 quis
