3872 6380
140 435 234 492 683

1292 434 1356 489 IN
1387 428 1766 496 ARNOBIUM,
1795 428 1949 487 CAP.
1995 431 2180 486 XXVI.

3313 434 3419 489 686

141 557 221 622 ille
245 554 431 620 fuerit,
459 553 588 610 alibi
611 554 1038 609 demonstratum
1067 550 1410 622 (Snpr.,cap.
1434 547 1524 614 12,
1550 555 1646 600 art.
1679 547 1730 610 1;
1759 551 1813 608 Α
1837 561 2156 616 cmnamque
2193 561 2352 616 quam
2375 547 2622 617 principii
2654 548 2750 613 illi,
2789 566 2807 598 ι
2859 547 2988 602 Caio
3034 548 3261 604 Czesaris
3292 550 3422 605 Cer-

143 658 252 701 tum.
280 662 293 700 ι
324 646 602 716 Apparat.,
653 663 770 717 pag.
820 643 969 714 810).

1829 640 2020 694 manici
2064 639 2176 694 lilio
2223 659 2240 692 ι
2274 640 2440 695 dedit.
2467 661 2485 692 ι
2532 641 2700 710 Hujus
2729 642 2972 696 meminit
3002 643 3204 698 Plinius
3230 660 3424 698 secun-

206 738 441 794 Patrocle
471 740 538 794 de
563 737 768 793 Titurio
809 749 864 792 et
913 736 1332 804 Philostephano
1380 733 1520 788 idem
1565 731 1728 804 plane
1828 732 1970 799 dus;
2010 733 2394 801 Quintillianus
2420 744 2598 789 autem
2631 737 2746 790 haec
2775 735 2841 790 de
2885 737 2977 790 illo
3019 737 3212 792 litteris
3245 740 3426 792 consi-

142 831 436 886 dicendum.
470 831 545 886 De
583 831 690 886 illis
730 829 996 898 siquidem
1028 828 1281 884 Clemens
1305 825 1723 888 Alexandrinus,

141 937 190 980 et
233 942 326 981 nos
375 935 501 998 post
554 928 727 996 ipsum
773 925 1164 997 disputavimus
1221 923 1469 996 (Arnob.,
1514 922 1602 976 lib.
1647 936 1726 987 tv,

145 1035 252 1090 pag.
279 1019 403 1084 1M,
441 1029 562 1073 tom.
589 1019 906 1090 lApparal.,
940 1035 1057 1089 pag.
1084 1018 1187 1074 817
1210 1027 1256 1070 et
1286 1015 1467 1085 1208).

204 1112 522 1182 Piso,cujus
547 1111 815 1167 Arnobius
849 1111 1128 1174 meminit,
1163 1109 1476 1164 vocabatur.
1512 1108 1573 1162 L.
1609 1105 1731 1162 Cal-

143 1203 394 1272 pburnius
435 1204 554 1257 Piso
580 1203 741 1274 Frugi
782 1202 1024 1274 (Arnob.,
1059 1202 1146 1256 lib.
1174 1217 1250 1268 ιιι,
1277 1217 1396 1272 pag.
1423 1197 1571 1270 122).
1615 1199 1734 1266 Quo

142 1298 201 1351 de
239 1299 383 1360 viro,
429 1298 653 1368 ejusque
692 1297 1012 1367 cognomine
1059 1293 1249 1350 Cicero
1301 1294 1414 1348 Irazc
1454 1292 1736 1346 memoria:

143 1390 403 1445 mandavit
436 1407 446 1440 :
489 1407 507 1440 ‹
539 1389 708 1444 Tanta
736 1390 955 1452 virtute,
987 1397 1146 1458 atque
1175 1387 1480 1457 integritate
1510 1386 1606 1438 luit
1633 1425 1647 1450 ,
1681 1394 1738 1438 ut

141 1482 288 1537 etiam
319 1481 432 1537 illis
457 1484 675 1554 optimis
714 1481 1052 1554 temporibus
1093 1491 1214 1535 eum
1265 1479 1541 1535 hominem
1589 1479 1737 1533 inve—

143 1580 246 1633 nire
284 1593 518 1648 nequam
567 1581 838 1633 neminem
879 1590 1106 1648 posses,
1155 1576 1302 1631 solus
1353 1584 1531 1629 tamen
1578 1573 1739 1644 Frugi

142 1675 500 1727 nominaretur
532 1672 685 1744 (Cic.,
713 1682 842 1726 orat.
867 1671 956 1736 11,
985 1687 1078 1741 pro
1104 1668 1182 1722 3!.
1211 1670 1446 1736 Fonteio,
1474 1667 1738 1739 pag.225,

141 1765 224 1817 lin.
257 1763 367 1832 45).
410 1785 431 1816 ι
480 1765 556 1819 De
580 1765 724 1819 illius
754 1779 884 1819 vero
912 1763 1126 1832 scriptis
1153 1761 1293 1816 idem
1325 1762 1523 1815 latinus
1560 1770 1742 1814 orator

143 1857 190 1911 id
224 1858 347 1913 alibi
389 1859 652 1928 scriptum
684 1857 900 1926 reliquit
932 1875 945 1911 :
996 1875 1014 1908 ι
1053 1855 1115 1909 L.
1151 1853 1277 1909 Piso
1299 1853 1547 1909 tribunus
1576 1851 1746 1920 plebis

1827 825 2044 895 gnavit:
2083 844 2102 876 r
2132 824 2355 894 Eorum,
2379 841 2514 897 quos
2539 825 2784 890 viderim,
2812 829 2969 898 longe
2998 830 3245 898 princeps
3277 831 3431 884 Pom-

1833 917 2024 986 ponius
2054 919 2322 974 secundus
2343 961 2358 987 ,
2393 935 2554 990 quem
2582 936 2742 976 senes
2775 938 2960 990 parmn
2998 925 3255 992 tragicum
3287 936 3432 995 puta-

1832 1012 1996 1076 bant,
2048 1011 2351 1067 eruditione
2403 1028 2465 1068 ac
2507 1014 2682 1068 nitore
2731 1025 2989 1083 pr:cstare
3038 1016 3434 1072 eoulitcbantur

1835 1102 1999 1174 (Plin.
2030 1104 2285 1170 Secund.,
2306 1106 2396 1159 lib.
2424 1121 2504 1171 ιιι,
2539 1107 2687 1175 epist.
2719 1106 2783 1170 5;
2811 1106 3056 1174 Quintil.,
3083 1109 3173 1160 lib.
3199 1126 3231 1162 χ
3279 1109 3439 1163 Insti-

1836 1205 1956 1260 tut.,
1990 1214 2110 1267 pag.
2137 1196 2290 1268 748).
2325 1215 2343 1246 ι
2395 1197 2632 1253 Velleius
2671 1208 2851 1254 autem
2903 1199 3219 1254 Paterculus
3251 1203 3443 1257 scribit

1837 1303 1960 1341 eum
2013 1307 2030 1338 ‹
2064 1288 2230 1342 fuisse
2281 1290 2527 1344 sensibus
2559 1290 2826 1346 celebrem
2859 1333 2873 1355 ,
2915 1293 3096 1347 verbis
3123 1293 3308 1348 rudem
3338 1337 3350 1355 .
3384 1306 3441 1351 et

1839 1383 2073 1436 novitate
2089 1383 2288 1438 inventi
2301 1399 2333 1437 a
2349 1400 2407 1438 se
2425 1386 2602 1454 operis
2620 1387 3106 1443 commendabilem
3125 1389 3436 1462 (l’atcrcul.)

1840 1477 1927 1531 lib.
1962 1493 2000 1532 ιι
2035 1476 2196 1547 Hist.,
2229 1478 2378 1550 longe
2403 1489 2517 1548 post
2544 1481 2703 1548 init.).
2745 1499 2763 1532 ι
2809 1480 2962 1548 Quod
3010 1497 3137 1538 vero
3188 1484 3317 1538 illud
3349 1499 3444 1538 uo-

1841 1585 1966 1624 vum
1997 1585 2131 1641 opus
2160 1573 2250 1636 sit,
2277 1571 2722 1628 docetEnsebius
2751 1572 3089 1630 inChrouieo
3115 1593 3129 1632 :
3159 1594 3176 1627 ι
3199 1575 3258 1630 L.
3283 1576 3446 1632 Pom-

1843 1665 2058 1734 ponius,
2085 1685 2103 1716 ι
2133 1665 2326 1735 inquit,
2355 1685 2374 1718 ι
2398 1665 2773 1732 Bononiensis,
2797 1668 3164 1724 Atellanarum
3193 1671 3444 1741 scriptor,

1845 1756 2024 1810 clarus
2056 1756 2286 1811 habetur
2310 1757 2524 1829 (Euseb.
2556 1761 2607 1811 in
2628 1759 2843 1824 Cliron.,
2866 1761 2934 1814 ad
2952 1778 3077 1815 ann.
3110 1761 3292 1834 1826).
3322 1784 3338 1815 ›
3371 1765 3452 1819 Ex

1848 1847 1947 1903 hac
1997 1865 2160 1919 porro
2202 1849 2347 1904 illius
2396 1850 2675 1906 Atellanus
2705 1853 2973 1909 scribendi
3001 1865 3116 1910 arte
3148 1897 3162 1919 ,
3221 1872 3374 1926 quam
3420 1873 3453 1910 ει

144 1929 307 2020 lcgem
346 1951 555 2020 primus
584 1949 652 2004 de
686 1948 927 2019 pecuniis
973 1947 1286 2017 repetundis
1306 1987 1322 2012 ,
1368 1944 1666 2000 Censorino
1695 1951 1748 1998 et
1778 1953 1825 2012 Β
1852 1939 2104 1995 Μιιιιιιιιίο
2134 1953 2251 2010 post
2281 1940 2510 1998 Nonium
2535 1953 2588 1999 et
2612 1945 2964 2014 Pomponium
2993 1949 3303 2004 suscitatam
3333 1965 3455 2005 esse

145 2041 346 2095 Manilio
389 2042 544 2096 Coss.
589 2041 727 2095 tulit.
780 2040 901 2110 Ipse
931 2041 1094 2096 etiam
1127 2039 1250 2094 Piso
1282 2048 1336 2094 et
1374 2052 1566 2093 causas
1589 2037 1698 2106 egit
1723 2076 1738 2100 ,

143 2146 190 2191 et
232 2135 520 2191 multarum
577 2136 753 2206 legum
789 2145 882 2189 aut
912 2145 1122 2198 auctor,
1167 2141 1260 2188 aut
1307 2133 1585 2187 dissuasor
1610 2130 1735 2195 fuit;

144 2231 284 2299 isque
311 2240 367 2285 et
397 2229 675 2284 orationes
703 2228 950 2298 reliquit,
992 2243 1112 2297 quae
1135 2229 1249 2296 jam
1274 2234 1648 2289 evanuerunt,
1691 2235 1745 2278 et

142 2323 350 2377 annales
377 2337 509 2377 sane
541 2321 754 2377 exiliter
795 2321 1027 2388 scriptos
1051 2319 1254 2392 (Idem,
1297 2319 1360 2372 de
1389 2316 1574 2372 Claris.
1611 2314 1745 2370 Ora-

145 2425 267 2480 tor.,
311 2413 620 2477 seu.Brut.,
674 2429 796 2484 pag.
823 2411 966 2476 218,
1010 2412 1102 2465 lin.
1145 2411 1224 2478 2).
1262 2429 1280 2462 )
1328 2409 1536 2466 Gellius
1569 2417 1746 2461 tamen

145 2506 324 2560 asserit
351 2521 476 2561 eum
503 2505 555 2558 in
583 2503 774 2559 iisdem
809 2502 1108 2557 Annalibus
1140 2499 1322 2572 (Gell.,
1358 2501 1446 2555 lib.
1479 2515 1532 2554 vt
1583 2497 1746 2552 Nocl.

147 2598 265 2664 .'ltt.,
307 2615 426 2670 cap.
461 2599 494 2654 9
517 2642 531 2665 ,
567 2615 687 2668 pag.
721 2597 827 2653 579
851 2608 896 2650 et
927 2595 1017 2650 lib.
1049 2612 1126 2661 ιι,
1155 2612 1273 2666 cap.
1307 2595 1402 2659 14,
1432 2611 1550 2665 pag.
1578 2591 1708 2662 698)
1734 2634 1750 2660 ,

145 2707 268 2761 quos
296 2691 440 2746 idem
469 2691 646 2745 adhuc
675 2688 892 2754 Cicero,
918 2686 1112 2755 Varro,
1144 2689 1372 2756 Plinius,
1408 2687 1753 2742 Lactantius.

145 2798 238 2852 que
253 2784 576 2850 citaverunt,
611 2783 1014 2853 simplicissima
1035 2782 1302 2846 suavitate
1322 2781 1400 2836 rei
1418 2793 1472 2836 et
1487 2779 1756 2853 orationis

1843 2033 2142 2089 Macrobius
2201 2048 2522 2104 asseverat,
2586 2039 2670 2093 Ιιω
2727 2041 3083 2109 proculdubio
3141 2044 3455 2112 prodierunt

1852 2126 2046 2182 labulre
2076 2126 2259 2182 Macvia
2282 2169 2296 2193 ,
2327 2128 2609 2196 1Editumi,
2638 2131 2810 2200 Galli,
2855 2134 3214 2206 Transalpini,
3244 2147 3299 2194 et
3325 2138 3457 2193 Porv

1846 2228 1982 2284 ceta,
2013 2237 2132 2291 qua:
2162 2222 2230 2277 ab
2258 2223 2320 2275 Α.
2353 2223 2526 2279 Gellio
2555 2226 2788 2280 citantur
2814 2227 3096 2296 (Macrob.,
3145 2233 3233 2285 lib.
3281 2250 3296 2287 ι
3354 2234 3459 2289 Sa-

1849 2315 2068 2379 turnal.,
2121 2332 2238 2385 cap.
2291 2315 2396 2380 10;
2455 2316 2624 2384 Gell.,
2672 2320 2761 2374 lib.
2794 2336 2825 2374 ι
2857 2320 3016 2377 Noct.
3049 2325 3175 2388 Atl.,
3209 2342 3326 2396 cap.
3361 2329 3449 2394 Η,

1851 2408 1938 2461 lib.
1961 2423 2052 2473 xu,
2074 2425 2190 2477 cap.
2225 2410 2312 2472 10,
2341 2418 2388 2462 et
2416 2410 2505 2464 lib.
2537 2427 2652 2476 xvr,
2685 2427 2801 2480 cap.
2832 2411 2909 2486 6).
2939 2415 3069 2483 Quis
3101 2416 3279 2486 itaque
3305 2418 3462 2474 facile

1853 2516 1961 2555 non
1993 2501 2256 2556 concedat
2286 2501 2431 2556 illam
2463 2518 2531 2558 ex
2563 2502 2645 2558 bis
2676 2520 2834 2560 unam
2866 2505 3052 2575 fuisse,
3081 2525 3241 2579 quam
3273 2522 3463 2568 auctor

1856 2602 2043 2648 noster
2069 2593 2335 2665 Marsyam
2367 2596 2696 2665 appellavit?

1931 2686 2254 2756 l’osidippus
2307 2688 2474 2742 semel
2524 2695 2686 2759 atque
2735 2691 2934 2748 iterum
2981 2694 3049 2748 ab
3083 2697 3366 2766 Arnobio,
3412 2699 3466 2754 in

1857 2779 2152 2835 Clementis
2174 2780 2523 2834 Alexandrini
2556 2783 2793 2852 vestigiis
2820 2786 2993 2840 adhuc
3027 2789 3307 2846 insistente
3348 2793 3467 2847 latt-

146 2892 254 2931 csse
278 2892 454 2944 usum,
481 2893 543 2932 ac
564 2893 654 2933 res
681 2878 753 2931 ibi
783 2878 850 2932 ab
877 2878 967 2932 illo
991 2892 1252 2948 perquam
1285 2892 1420 2948 pure
1449 2886 1506 2931 et
1526 2885 1759 2931 venuste
1861 2871 2037 2926 datur.
2095 2872 2287 2926 Narrat
2331 2883 2511 2927 autem
2558 2874 2751 2932 Snidas
2785 2878 3131 2950 Posidippum
3161 2886 3425 2940 comicum
3450 2930 3466 2948 .

146 2980 377 3026 narratas
409 2967 626 3042 (Cicer.,
663 2970 753 3026 lib.
789 2987 870 3037 rx,
899 2971 1048 3042 epist.
1077 2970 1166 3036 22,
1214 2979 1260 3025 et
1289 2971 1376 3024 lib.
1431 2987 1465 3025 ιι
1491 2971 1554 3024 de
1583 2969 1758 3036 0rat.,

149 3079 256 3133 pag.
282 3063 408 3127 114;
449 3061 629 3130 Varr.,
683 3063 770 3116 lib.
797 3079 852 3118 tv
885 3063 948 3117 de
975 3063 1130 3134 Ling.
1157 3063 1274 3127 lat.,
1302 3080 1422 3134 pag.
1455 3063 1559 3128 56;
1587 3061 1759 3135 Plin.,

147 3152 226 3206 lib.
269 3169 303 3207 ιι
353 3151 497 3208 Hist.
532 3163 668 3219 nat.,
693 3169 808 3223 cap.
842 3153 930 3218 55,
959 3171 1080 3225 pag.
1103 3152 1248 3219 207;
1289 3151 1549 3219 Lactant.,
1584 3154 1674 3206 lib.
1706 3169 1760 3217 ι,

149 3260 254 3313 cap.
285 3246 337 3310 6,
388 3262 510 3316 pag.
558 3245 673 3315 55).
717 3245 877 3300 Plura
902 3244 970 3300 de
997 3245 1087 3300 illo
1115 3247 1159 3300 si
1191 3245 1326 3301 velis
1351 3289 1364 3313 ,
1393 3246 1618 3301 consule
1649 3247 1764 3301 Ma-

1861 2961 2281 3020 Cassadrensem
2309 3007 2322 3028 ,
2352 2965 2568 3036 Cynisci
2597 2967 2767 3022 tilium
2795 3013 2808 3036 ,
2853 2971 3011 3026 tertio
3043 2985 3162 3042 post
3193 2975 3474 3033 Menandri

1863 3067 2094 3112 mortem
2124 3074 2268 3111 anno
2299 3057 2580 3123 docuisse,
2633 3077 2696 3115 ac
2729 3063 2938 3132 triginta
2971 3066 3209 3124 edidisse
3237 3069 3468 3127 fabulas.

1868 3149 1974 3205 Sed
2016 3148 2240 3203 Vossius
2297 3159 2446 3218 putat
2490 3152 2655 3206 alium
2701 3155 2769 3210 ab
2815 3155 3056 3214 Arnobio
3099 3169 3152 3216 et
3191 3161 3474 3220 Clemente

1866 3241 2233 3296 Alexandrino
2271 3241 2447 3307 citari,
2479 3259 2638 3312 quem
2670 3247 2724 3301 in
2755 3248 3064 3304 Crzecorum
3089 3253 3472 3313 historicorum

149 3339 406 3404 crobium,
434 3339 530 3393 lib.
560 3355 577 3393 ι
622 3339 919 3406 Saturnal.,
964 3354 1083 3410 cap.
1118 3341 1206 3406 12,
1244 3355 1366 3411 pag.
1395 3339 1526 3407 229,
1551 3355 1763 3396 rursus-
1791 3343 1837 3408 ι]
1869 3335 2051 3390 album
2079 3333 2286 3388 retulit.
2318 3334 2575 3402 Quaedam
2609 3350 2786 3394 autem
2818 3341 3093 3420 Posidippi
3121 3345 3188 3401 de
3217 3346 3473 3421 draconi-

152 3447 243 3501 que
272 3434 610 3499 Ciceronem,
659 3433 752 3488 lib.
782 3449 842 3488 ιιι
873 3433 1190 3501 Tusculam,
1223 3450 1344 3506 pag.
1375 3435 1500 3499 156,
1535 3435 1752 3490 Tertul-

153 3524 364 3594 lianum,
403 3525 498 3581 lib.
526 3526 594 3580 de
621 3525 952 3596 Spectacul.,
981 3541 1102 3598 cap.
1139 3527 1194 3594 5,
1219 3537 1275 3582 et
1302 3527 1616 3600 Dionysium
1643 3527 1752 3582 Ha-

155 3616 530 3674 licarnasseum
553 3659 568 3686 ,
600 3616 695 3672 lib.
753 3633 790 3673 ιι
830 3619 1081 3687 Antiquit.
1131 3635 1334 3676 roman.
1361 3662 1376 3687 ,
1421 3635 1539 3692 pag.
1571 3619 1674 3676 105
1702 3629 1756 3676 et

156 3711 291 3765 alibi.

219 3711 291 3768 bi.

223 3805 544 3861 Plutarchus
571 3803 905 3860 Cheronzeus
935 3803 1003 3860 de
1035 3803 1279 3861 Herculis
1306 3814 1479 3860 morte
1509 3807 1664 3860 testis
1685 3806 1753 3860 ab

159 3908 368 3955 auctore
413 3907 602 3954 nostro
635 3899 688 3954 in
721 3897 985 3953 librorum
1034 3897 1176 3954 illius
1229 3895 1558 3953 editionibus
1601 3896 1759 3952 datus

1856 3428 1962 3483 bus
1987 3427 2227 3482 carmina
2271 3442 2300 3479 a
2338 3425 2536 3484 Tzetze
2585 3433 2930 3490 exhibentur.
2986 3437 3090 3494 Sed
3122 3450 3299 3495 utrum
3331 3442 3475 3498 idem

1857 3523 1942 3587 sit,
1980 3521 2068 3592 qui
2121 3520 2190 3577 ab
2213 3527 2457 3583 Arnobio
2509 3526 2847 3597 appellatur,
2877 3530 3023 3585 dietu
3065 3547 3197 3588 sane
3226 3533 3472 3592 difficile.

1858 3616 2132 3675 Gesnerus
2181 3632 2359 3678 tamen
2417 3638 2524 3677 non
2582 3623 2794 3679 videtur
2849 3625 2991 3680 hunc
3041 3626 3391 3700 Posidippum
3440 3647 3473 3686 a

1859 3722 2017 3782 poeta
2043 3714 2378 3787 distinguere
2408 3716 2622 3789 (Arnob.
2655 3760 2669 3783 ,
2718 3717 2804 3771 lib.
2841 3733 2925 3785 vi,
2962 3736 3082 3791 pag.
3129 3721 3230 3777 198
3259 3733 3305 3777 et
3333 3724 3472 3791 206;

1860 3806 2090 3865 Clemens
2121 3811 2400 3879 Memmi,
2441 3812 2702 3867 Admonit.
2726 3813 2792 3865 ad
2821 3811 3010 3880 erc.,
3045 3832 3165 3884 pag.
3197 3817 3262 3872 55
3295 3828 3340 3872 et
3366 3818 3471 3884 58;

1863 3899 1998 3954 Suid
2021 3903 2090 3956 ad
2114 3905 2248 3958 verb.
2277 3905 2595 3968 ποσιδιππος
2615 3923 2630 3970 ;
2654 3905 2847 3971 Tzetz.,
2878 3908 2994 3962 hist.
3031 3907 3257 3967 Chiliad.
3277 3913 3330 3979 7,
3351 3912 3472 3966 hist.

161 3992 341 4063 legitur
367 3993 612 4067 (Arnob,
641 3992 730 4047 lib.
749 4009 822 4056 tv,
852 4009 973 4064 pag.
1002 3993 1152 4060 14-1).
1181 3991 1286 4047 Sed
1316 3992 1368 4046 in
1396 3999 1763 4060 manuscnpto
1864 3993 1988 4054 1M.
2021 4012 2076 4064 p.
2104 3996 2206 4052 184
2233 4013 2250 4062 ;
2284 3997 2492 4065 Gesner,
2523 4000 2576 4052 in
2601 3998 2898 4072 Bibliot/i.).

162 4086 338 4142 codice
385 4089 533 4157 regio
561 4128 576 4153 ,
628 4085 705 4139 uti
755 4100 917 4153 supra
979 4084 1288 4138 monuimus
1324 4083 1508 4156 (Sup.,
1551 4100 1665 4153 cap.
1704 4083 1759 4150 4,
1935 4087 2260 4144 Ptolomaeus
2311 4091 2604 4161 Agesarclii
2645 4093 2786 4148 ﬁlius
2817 4105 2955 4160 erat,
2991 4097 3143 4167 cujus
3192 4098 3260 4154 de
3291 4100 3474 4158 Philo-

165 4194 256 4236 art.
289 4182 368 4250 4),
401 4180 663 4249 scriptum
696 4189 778 4234 est
814 4177 1158 4250 Hieronymus
1187 4175 1520 4232 Plutarchus.
1564 4176 1764 4232 Verum
1867 4189 2053 4249 patore
2085 4193 2207 4252 post
2231 4182 2566 4240 Clementem
2595 4187 3040 4257 Alexandrinum,
3069 4191 3145 4247 uti
3171 4191 3297 4247 alibi
3327 4207 3474 4264 pate-

167 4280 339 4327 tamen
377 4287 498 4327 cum
544 4271 616 4325 ibi
662 4271 937 4324 Arnobius
965 4264 1297 4326 Clementem
1340 4268 1764 4325 Alexandrinum
1867 4270 2116 4341 fecimus,
2165 4276 2374 4348 primus
2422 4277 2559 4333 liber
2613 4278 2680 4333 ab
2711 4279 2954 4335 Arnobio
2995 4292 3185 4337 nostra
3230 4286 3473 4356 (Arnob.,

167 4366 333 4420 adhuc
369 4366 523 4437 sequi
568 4364 814 4419 videatur
863 4361 1123 4434 (Clemens
1153 4363 1462 4430 Almanam,
1502 4361 1762 4416 Admonit.
1868 4365 1956 4420 lib.
1988 4384 2060 4435 v1,
2115 4386 2236 4440 pag.
2266 4370 2404 4436 193;
2455 4370 2684 4427 Clemens
2727 4372 3006 4429 Alexandr.
3042 4418 3056 4441 ,
3090 4377 3346 4434 Admonit.
3385 4383 3474 4438 ad.

169 4460 230 4512 ad
257 4459 446 4524 Greca,
480 4477 602 4532 pag.
627 4457 742 4532 19),
793 4458 919 4514 hinc
968 4474 1072 4514 non
1118 4459 1250 4512 levis
1281 4457 1504 4513 omnino
1549 4456 1768 4522 conjec-
1873 4457 2062 4526 Grazc.,
2093 4479 2210 4534 pag.
2243 4463 2352 4527 29;
2382 4464 2538 4534 Snp.,
2571 4483 2687 4534 cap.
2709 4467 2761 4532 9,
2793 4479 2891 4521 art.
2925 4466 3000 4540 1),
3028 4471 3295 4527 secundus
3321 4489 3474 4544 vero,

175 4565 281 4612 lora
308 4557 428 4612 duci
461 4565 640 4626 potest
681 4556 968 4626 legendum
994 4570 1117 4610 esse
1179 4554 1530 4628 Hieronymus
1580 4562 1625 4609 et
1670 4552 1769 4607 υἱ·
1871 4568 1925 4615 et
1956 4559 2144 4613 tertius
2171 4558 2238 4612 ab
2265 4558 2525 4614 Athenaeo
2556 4560 2636 4612 Itis
2667 4561 2860 4614 cilatur
2889 4562 3069 4618 verbis
3117 4583 3129 4617 :
3173 4569 3474 4641 Πτολεμαῖος

175 4651 441 4704 ειεατοήιω.
491 4650 575 4704 ΑΙ)
607 4649 702 4704 illo
726 4648 873 4704 enim
916 4659 1144 4716 uterque
1172 4649 1388 4702 citatur.
1421 4647 1564 4702 Nihil
1589 4655 1743 4703 tamet

1874 4651 2018 4708 ὁτοῦ
2044 4649 2392 4728 Ἀγησάρχου,
2425 4654 2827 4743 Μεγαλοπολίτης
2852 4657 3021 4728 γένος,
3079 4659 3128 4711 ἐν
3167 4669 3228 4732 τῇ
3260 4658 3477 4738 δευτέρᾳ

179 4742 224 4795 in
251 4742 469 4797 Arnobii
500 4751 653 4796 textu
685 4752 890 4797 temere
915 4740 1229 4794 mutandum
1256 4741 1600 4795 arbitramur.

245 4837 547 4892 Polemonis
574 4836 644 4890 de
674 4835 908 4889 Minerva
936 4877 951 4900 ,
997 4835 1066 4889 ab
1093 4833 1299 4905 Ornyto
1323 4849 1484 4901 caesa,
1519 4833 1767 4889 testimo-

1797 4743 1851 4805 D
1875 4753 1972 4800 τῶν
2015 4747 2134 4819 περὶ
2171 4747 2257 4799 τὸν
2307 4744 2626 4821 Φιλοπάτορα
2665 4747 2900 4819 ἱστοριῶν
2952 4748 3160 4821 (Al/ten.
3191 4792 3205 4817 ,
3260 4753 3348 4806 lib.
3380 4770 3432 4807 γι
3458 4797 3474 4822 ,

1871 4835 2261 4905 Deipnosoph.,
2297 4853 2416 4907 pag.
2455 4836 2604 4909 216).
2645 4837 2938 4895 Ptolomeus
2981 4844 3256 4911 Agesarc/ti
3300 4847 3474 4913 ﬁlius,

183 4929 321 4982 nium
355 4930 422 4985 ab
450 4937 672 4985 auctore
719 4938 904 4982 nostro
950 4926 1172 4982 citatum
1215 4927 1426 4999 (lbid.),
1472 4943 1539 4982 ex
1577 4927 1767 4981 eodem
1872 4930 1994 4984 civis
2026 4929 2529 5002 Megalopolitanus,
2573 4933 2702 4986 libro
2730 4934 2951 4987 secundo
2983 4937 3308 4992 historiarum
3340 4940 3473 4995 Pni-

183 5018 444 5078 Clemente
465 5020 831 5077 Alexandrino
872 5021 1188 5090 decerptum
1213 5021 1380 5076 fuisse
1411 5021 1586 5074 nullus
1609 5019 1742 5093 (1b.)

1872 5024 2145 5092 lopatoris.
2171 5024 2234 5081 Ει
2253 5041 2439 5080 rursus
2456 5025 2580 5080 alibi
2618 5044 2630 5078 :
2662 5027 3002 5099 Πτολεμαῖοςὸ
3024 5037 3112 5086 τοῦ
3140 5030 3472 5109 Ἀγησάρχου

187 5117 268 5185 qui
299 5117 568 5189 utriusque
599 5117 885 5185 scriptoris
918 5117 1079 5171 verba
1107 5117 1247 5170 inter
1267 5132 1327 5170 se
1356 5124 1645 5183 componet
1673 5157 1685 5181 ,
1715 5114 1743 5168 ιι

1875 5119 1925 5172 ἓν
2036 5121 2182 5194 τρίτῃ
2220 5127 2318 5175 τῶν
2362 5124 2482 5196 περὶ
2519 5122 2838 5197 Φιλοπάτορα
2874 5123 3107 5200 ἱστοριῶν
3159 5125 3248 5200 (Et
3275 5129 3364 5184 lib.
3398 5147 3430 5184 Χ
3455 5173 3472 5198 ,

192 5209 398 5266 dubiutn
445 5226 642 5267 vocare
699 5212 914 5280 poterit.
952 5211 1103 5277 Vide,
1146 5210 1191 5265 si
1241 5209 1417 5275 lubet,
1490 5225 1554 5265 ea
1597 5225 1714 5279 quae
1743 5224 1773 5263 a
1880 5227 1997 5280 pag.
2028 5210 2178 5280 425),
2237 5211 2550 5268 Ptolomwus
2577 5214 2853 5284 Agesarclu'
2880 5217 3017 5285 ﬁlius
3048 5218 3174 5272 libro
3201 5221 3345 5274 tertio
3368 5223 3474 5276 liis-

195 5303 340 5358 nobis
384 5305 432 5358 in
481 5303 761 5372 superiore
805 5303 1110 5374 Apparatus
1147 5303 1318 5358 nostri
1350 5312 1495 5358 tomo
1522 5311 1777 5358 annotata
1879 5304 2024 5358 toria:
2051 5303 2422 5376 PliilOpatoris.
2467 5309 2686 5379 Legesis
2725 5307 2999 5380 Nossium,
3033 5312 3127 5369 lib.
3159 5316 3208 5382 1,
3236 5315 3302 5371 de
3331 5317 3470 5374 Hist.

195 5406 312 5450 sunt
359 5397 498 5466 (tam.
522 5413 536 5451 ι
564 5395 844 5468 Apparat.,
879 5413 997 5468 pag.
1034 5394 1182 5468 762).
1881 5399 2080 5466 Gr:rc.,
2108 5415 2226 5470 cap.
2262 5401 2349 5466 18,
2378 5419 2496 5474 pag.
2531 5404 2653 5458 117.

268 5509 286 5542 ι
318 5489 585 5561 Pomponii
606 5489 894 5562 Marsyam,
919 5509 938 5542 ι
974 5490 1047 5544 ait
1069 5491 1355 5557 Arnobius,
1395 5509 1412 5542 ι
1439 5491 1779 5562 obsignatum
1957 5494 2280 5550 Sammonici
2299 5492 2548 5566 frequens
2566 5497 2706 5568 apud
2721 5498 2898 5554 varios
2916 5498 3472 5577 Scriptores(Arnob.,

202 5585 440 5640 memoria
470 5586 664 5641 tenetis
697 5603 716 5637 ι
775 5583 988 5652 (Arnob.
1013 5625 1027 5649 ,
1071 5582 1159 5636 lib.
1192 5600 1250 5649 ιι,
1275 5601 1395 5653 pag.
1429 5582 1536 5654 15).
1570 5581 1784 5639 Consu-
1886 5589 1974 5644 lib.
2010 5604 2084 5650 vt.
2133 5605 2251 5660 pag.
2286 5589 2410 5660 194)
2463 5593 2680 5646 mentio.
2729 5593 2860 5660 Quis
2900 5604 3075 5650 autem
3121 5597 3240 5664 ille,
3288 5609 3340 5654 et
3367 5616 3475 5671 quo

207 5677 328 5732 laris
350 5680 434 5735 ille
454 5680 553 5748 vir,
582 5689 719 5736 teste
744 5677 919 5734 Plinio
943 5675 1138 5747 (Plin.,
1187 5676 1277 5730 lib.
1308 5692 1380 5731 vn
1420 5687 1591 5731 natur.
1619 5675 1786 5746 Hist.,
1888 5689 2131 5751 tempore
2163 5680 2374 5749 vixerit,
2405 5683 2697 5740 Macrobius
2727 5686 2873 5742 hunc
2903 5687 3088 5743 scribit
3118 5691 3169 5745 in
3204 5696 3418 5748 modum
3455 5713 3470 5750 :

209 5785 315 5840 cap.
345 5772 426 5839 19,
458 5789 575 5844 pag.
611 5772 712 5836 38,
761 5781 810 5825 et
847 5771 936 5824 lib.
983 5786 1099 5837 xw,
1133 5786 1252 5840 cap.
1282 5769 1344 5833 4,
1386 5787 1503 5842 pag.
1533 5769 1656 5844 129)
1684 5815 1699 5841 ,
1732 5779 1789 5827 et
1895 5791 1913 5824 ι
1943 5773 2299 5844 Temporibus
2333 5773 2515 5831 Severi
2559 5775 2852 5847 principis,
2891 5781 2977 5851 qui
3005 5784 3304 5840 ostentabat
3329 5787 3475 5843 duri-

215 5873 356 5922 vates
383 5866 494 5935 fuit,
523 5868 676 5939 cujus
703 5868 866 5924 vitam
899 5881 960 5922 se
980 5864 1263 5936 scripsisse
1291 5864 1374 5922 his
1402 5865 1640 5922 declarat
1668 5882 1788 5922 ver—
1891 5867 2017 5922 tiem
2046 5883 2257 5923 morum
2285 5911 2300 5937 ,
2346 5868 2717 5926 Sammonicus
2745 5871 2979 5929 Serenus
2999 5915 3013 5940 ,
3044 5875 3126 5930 vir
3155 5879 3352 5934 saeculo
3380 5897 3478 5938 suo

216 5956 290 6012 bis
340 5976 354 6012 :
409 5980 426 6014 ι
453 5961 768 6022 Referentes
816 5961 980 6017 vitam
1027 5958 1307 6032 Pomponii
1351 5959 1573 6017 secundi
1613 5961 1787 6031 vatis,
1892 5959 2117 6029 doctus,
2163 5977 2284 6019 cum
2319 5961 2386 6018 ad
2411 5961 2704 6033 principem
2730 5980 2885 6023 suum
2916 5967 3206 6039 scriberet,
3248 5971 3478 6032 faceret-
