3872 6340
178 381 281 439 689

1364 379 1429 434 ΙΝ
1470 376 1848 444 ARNOBIUM,
1878 375 2034 433 CAP.
2077 376 2266 432 XXVI.

3367 376 3472 433 690

176 493 497 565 sequacibus
522 495 696 550 lauris
727 497 983 551 memoria
1004 495 1223 565 dignum
1258 495 1397 549 inter
1419 494 1589 563 prima
1614 491 1770 550 Vale-
1797 503 1849 560 Α
1873 490 1939 546 Ει
1966 491 2017 546 id
2048 492 2265 563 quidem
2293 507 2322 546 a
2355 492 2509 548 nobis
2535 507 2658 548 cum
2690 493 2743 547 in
2774 493 2873 548 hac
2902 493 3282 549 dissertatione
3303 536 3318 560 ,
3351 502 3466 547 tum

176 589 358 643 rianus
387 603 608 660 quoque
628 586 908 643 Cornelius
929 589 1257 644 existimavit
1289 608 1307 641 ι
1342 587 1480 659 (Lib.
1501 604 1610 654 xw,
1635 606 1681 646 c.
1716 590 1766 655 1,

177 695 229 750 p.
261 679 410 748 111).
455 700 474 733 ι
514 679 706 737 Utrum
734 697 864 737 vero
891 682 1031 736 idem
1073 683 1144 736 sit
1181 691 1341 753 alque
1372 682 1438 747 is,
1469 697 1629 753 quem
1671 684 1772 738 Ar-

176 775 366 829 nobius
401 791 692 839 memorat,
727 777 954 830 aliorum
985 786 1103 832 esto
1127 776 1407 846 judicium.

242 866 494 922 Valerius
547 867 792 923 Pontifex
837 869 904 924 de
951 869 1032 934 Ja,
1066 869 1220 924 Mida:
1273 869 1377 922 ﬁlia
1468 879 1523 924 et
1573 868 1772 926 Attidis

173 975 405 1032 Sponsa,
443 959 639 1015 litteris
669 961 794 1031 quid
828 961 1197 1026 mandaverit,
1228 970 1408 1015 narrat
1451 972 1638 1016 aucwr
1677 977 1774 1016 no-

173 1067 282 1112 ster
305 1058 555 1130 (Arnob..
581 1061 618 1112 l.
651 1073 708 1120 v,
742 1075 796 1127 p.
831 1057 978 1130 160).
1011 1058 1116 1112 Sed
1145 1057 1264 1126 quia
1297 1056 1510 1128 plurimi
1539 1073 1602 1111 ex
1626 1057 1774 1113 cele-

173 1152 404 1208 berrinta
448 1152 656 1208 Valeria
680 1163 840 1223 gente
870 1153 972 1206 orti
997 1160 1142 1217 sunt,
1169 1152 1286 1220 quis
1317 1152 1407 1206 ille
1434 1149 1678 1205 Pontifex
1707 1149 1775 1204 ab

175 1259 237 1300 eo
268 1255 520 1312 vocetur,
549 1245 766 1300 dubium
797 1259 929 1300 sane
968 1246 1344 1315 incertumque
1375 1244 1543 1298 videri
1579 1252 1772 1312 potest.

173 1343 427 1396 Animum
463 1352 640 1395 tamen
671 1341 893 1397 adverte
942 1351 1119 1395 utrum
1166 1340 1257 1394 ille
1301 1340 1402 1394 dici
1455 1355 1560 1393 non
1605 1338 1778 1409 possit

170 1436 240 1491 11.
271 1435 523 1492 Valerius
553 1435 800 1499 Messala,
826 1436 894 1491 de
924 1451 1030 1506 quo
1063 1435 1402 1490 Macrobius:
1435 1453 1453 1486 ι
1487 1434 1716 1498 Marcus,
1751 1451 1772 1485 ι

171 1530 362 1599 inquit,
405 1548 425 1581 ‹
465 1528 691 1584 MesSala
719 1526 819 1582 Cn.
855 1528 1068 1582 Domitii
1117 1527 1170 1581 in
1215 1526 1494 1581 consulatu
1536 1526 1774 1595 collega,

170 1624 422 1693 idemque
468 1641 564 1693 per
599 1639 772 1678 annos
809 1623 1192 1694 quinquaginta
1221 1634 1270 1677 et
1304 1624 1540 1692 quinque
1567 1621 1774 1692 Augur,

168 1716 234 1770 de
262 1715 402 1772 Jano
440 1717 511 1771 ita
543 1716 662 1770 inﬁt
689 1732 704 1770 τ
736 1715 836 1783 Qui
867 1728 1060 1771 cuncta
1103 1715 1256 1784 lingit
1294 1701 1591 1784 eadcmqtie
1641 1713 1780 1782 regit

170 1810 456 1881 (Μαι-τοὺ..
481 1811 519 1864 ι.
550 1827 567 1865 ι
595 1810 866 1866 Saturnal.
894 1826 940 1862 ο.
974 1808 1053 1878 9).
1094 1828 1112 1859 ι
1142 1807 1223 1862 Ex
1254 1805 1413 1876 hujus
1449 1807 1610 1860 etiam
1636 1805 1776 1860 Mes-

168 1906 291 1959 sala:
323 1904 556 1976 Auguris
584 1905 755 1974 primo
775 1903 844 1957 de
863 1901 1127 1972 Auspiciis
1154 1900 1293 1954 libro
1322 1898 1525 1956 Gellius
1554 1899 1773 1968 longum
1805 1893 1852 1952 Β

167 1998 532 2065 fragmentum
563 1997 903 2066 transcripsit
955 1995 1152 2069 (Gell.,
1200 1996 1239 2049 ι.
1290 2010 1387 2048 xnt
1433 1992 1590 2048 Noct.
1642 1994 1776 2059 Att.,

169 2108 212 2146 c.
247 2091 364 2159 15).
392 2090 625 2145 Constat
647 2091 827 2158 itaque
855 2088 1003 2142 illum
1033 2088 1102 2142 de
1121 2087 1223 2142 diis
1245 2087 1530 2156 scripsisse
1557 2085 1776 2156 :quidni

167 2197 295 2253 ergo
326 2182 421 2237 ille
451 2182 520 2237 de
541 2182 620 2236 .lte
650 2181 899 2246 historia,
925 2195 1017 2235 seu
1046 2181 1226 2251 pctius
1257 2179 1430 2234 fabula
1464 2177 1686 2249 aliquid,
1710 2179 1778 2233 ab

173 2275 420 2333 Aruohio
455 2277 699 2340 citatum,
733 2275 1012 2332 memoria;
1039 2273 1342 2344 prodidisse
1372 2271 1477 2327 dici
1507 2271 1778 2342 potuerit?

170 2370 382 2441 Saepius
417 2385 548 2425 vero
585 2371 654 2424 ab
681 2369 989 2424 auctoribus
1021 2367 1200 2422 latinis
1229 2366 1370 2421 haud
1403 2381 1591 2436 parum
1621 2379 1775 2419 com-

166 2464 479 2525 mendatur.
512 2465 838 2534 magnisque
879 2462 1158 2518 extollitur
1205 2460 1474 2515 laudibus.
1509 2459 1678 2526 Quam
1722 2457 1774 2511 in

166 2572 276 2612 rem
307 2556 597 2623 Vossium,
628 2557 673 2611 si
701 2566 888 2622 vacat,
923 2556 1071 2611 adire
1104 2565 1409 2626 promptum
1434 2562 1518 2609 est
1545 2555 1564 2626 (
1603 2552 1772 2621 Vasa,

169 2655 206 2707 ι.
240 2667 254 2705 ι
283 2651 347 2705 de
381 2648 522 2704 Hist.
557 2649 656 2703 lat.
681 2666 728 2705 c.
764 2649 853 2710 18.
885 2666 938 2720 p.
968 2649 1085 2718 8|).
1123 2649 1178 2704 Si
1223 2649 1387 2702 alium
1423 2648 1776 2704 nihilominus

176 2745 447 2802 Valerium
499 2745 813 2802 Pontiﬁcem
869 2748 936 2800 ab
991 2743 1233 2800 Arnobio
1281 2741 1607 2813 appellatum
1647 2756 1778 2797 con-

172 2842 384 2905 tendas,
421 2847 562 2898 hunc
595 2842 749 2895 nobis
779 2840 1024 2905 ostende,
1056 2849 1110 2894 et
1141 2839 1402 2893 cedimus.

237 2938 416 2991 Varro
444 2936 785 3006 Menippeus,
821 2934 906 2988 vel
936 2933 1076 2988 sicut
1105 2932 1157 2986 in
1191 2931 1558 2999 manuscripto
1587 2928 1775 2984 codice

170 3031 335 3100 regio,
369 3038 428 3083 et
455 3028 690 3098 antiquis
717 3027 1046 3082 etlitiouibus
1078 3026 1291 3094 legitur,
1340 3023 1664 3091 Setrnipeus,
1690 3020 1775 3075 vel

171 3132 226 3175 ut
254 3123 378 3177 aliis
413 3122 623 3190 placet,
651 3122 703 3174 in
735 3119 1016 3189 Mcnipeis,
1047 3133 1183 3171 unus
1213 3127 1294 3171 est
1323 3132 1389 3172 ex
1420 3113 1774 3186 scriptoribus

167 3213 232 3268 ab
261 3223 486 3268 auctore
516 3223 702 3267 nostro
730 3213 932 3266 citatis.
958 3211 1152 3265 Prima:
1175 3218 1354 3264 autem
1384 3208 1603 3262 lectioni
1632 3206 1774 3262 favet

1872 583 2021 649 alibi,
2053 584 2143 640 tibi
2166 585 2234 641 de
2276 585 2467 641 eodem
2515 585 2731 641 Zenone
2777 585 2995 658 Myndio
3046 587 3288 657 egimus,
3337 587 3470 641 satis

1873 678 2154 748 probatum
2174 689 2419 748 putamus
2438 679 2687 752 (Supr.c.
2707 679 2877 745 9,art.
2902 681 2929 735 1
2966 690 3123 746 ;tom.
3151 696 3165 734 t
3193 680 3447 751 Apparat.

1872 786 1927 838 p.
1963 770 2065 823 7‘27
2094 780 2140 824 et
2167 787 2298 841 seq.,
2328 787 2387 825 ac
2419 789 2470 841 p.
2516 772 2667 844 8l7).

1946 863 2021 918 De
2073 864 2194 917 aliis
2244 864 2477 934 denique
2528 865 2843 935 quibusdam
2893 863 3287 933 scriptoribus,
3342 875 3471 935 puta

1874 957 2201 1018 Aristotele.
2235 957 2531 1024 Cicerone,
2568 959 2856 1029 Euripide,
2891 957 3124 1012 Hesiodo
3149 999 3163 1022 ,
3215 957 3434 1027 Orpheo
3455 1001 3471 1023 ,

1875 1050 2138 1117 Pindaro,
2173 1051 2395 1107 Platone
2427 1062 2480 1107 et
2533 1051 2751 1118 Plauto,
2801 1052 2961 1107 verba
3010 1051 3136 1107 fecit
3182 1053 3472 1107 Arnobius.

1875 1147 1980 1204 Sed
2010 1163 2130 1202 cum
2162 1148 2405 1202 celebres
2432 1147 2506 1201 illi
2540 1147 2831 1217 scriptores
2861 1149 3085 1212 nemini,
3132 1147 3476 1218 quantumvis

1877 1242 2225 1298 mediocriter
2253 1243 2468 1298 erudito
2491 1284 2506 1310 ,
2531 1243 2786 1314 incogniti
2819 1259 2942 1300 esse
2974 1246 3215 1313 possint,
3247 1254 3301 1300 et
3330 1245 3478 1297 varia

1877 1350 2064 1392 eorum
2096 1351 2280 1406 opera,
2313 1337 2427 1391 sive
2471 1352 2668 1406 grazca,
2700 1338 2816 1392 sive
2865 1339 3061 1398 latina.
3094 1338 3231 1409 typis
3281 1338 3479 1408 Sil-pius

1875 1428 2042 1491 edita,
2075 1431 2316 1483 omnium
2348 1438 2590 1484 tet-antur
2620 1431 2888 1498 manibus,
2917 1430 3051 1484 nihil
3090 1431 3158 1485 de
3204 1432 3308 1485 illis
3349 1445 3478 1501 spe-

1878 1521 2057 1576 ciatim
2089 1522 2377 1577 dicendum
2402 1523 2826 1578 esseduxitnus.
2861 1524 2974 1578 Huc
3002 1525 3213 1579 accedit
3242 1525 3382 1595 quod
3411 1525 3480 1579 de

1878 1617 2071 1686 grtncis
2114 1616 2501 1685 scriptoribus,
2541 1617 2610 1670 ab
2659 1629 2877 1671 auctore
2927 1629 3112 1672 nostro
3161 1617 3371 1682 citatis,
3418 1619 3474 1671 in

1879 1708 2053 1780 primo
2081 1714 2384 1779 Apparatus
2432 1709 2601 1764 nostri
2637 1720 2780 1764 tomo
2816 1712 2966 1774 satis,
3000 1711 3098 1764 nisi
3143 1708 3394 1774 fallimur,
3430 1711 3473 1762 ἰι

1881 1802 2057 1868 nobis,
2083 1813 2139 1856 ut
2165 1803 2416 1858 omnibus
2443 1802 2551 1857 noti
2578 1801 2726 1868 fiant,
2758 1801 3085 1873 disputatum
3119 1811 3220 1857 est.

2471 1954 2766 1994 ARTICULUS
2798 1957 2872 1994 IV.

1879 2072 1954 2124 De
1995 2075 2159 2124 verbis
2193 2074 2448 2132 barbaris,
2494 2075 2758 2134 obsoletis,
2798 2078 3072 2136 inusitatis,
3112 2083 3195 2126 aut
3234 2076 3475 2137 obscuris,

2311 2140 2492 2200 quibus
2514 2137 2763 2188 Arnobius
2796 2153 2913 2190 usus
2944 2147 3037 2190 est.

1950 2282 1994 2336 A
2019 2281 2174 2337 nobis
2190 2280 2298 2350 jam
2322 2283 2663 2338 observatum
2689 2293 2774 2339 est
2798 2286 3051 2340 incultum
3074 2284 3464 2355 confusumque

1878 2389 1999 2430 esse
2040 2377 2262 2431 Arnobii
2313 2379 2508 2446 stylum
2550 2391 2614 2430 ac
2655 2391 3253 2447 sermouent,eumque
3284 2377 3336 2431 in
3364 2377 3482 2431 suis

1879 2469 2031 2525 libris
2059 2474 2276 2524 nomina
2309 2471 2622 2526 adhibuisse
2649 2470 2889 2527 obsoleta
2911 2517 2924 2539 ,
2971 2472 3218 2528 inusitata
3261 2481 3315 2526 et
3356 2472 3481 2526 bar—

1879 2561 2007 2616 bara
2028 2601 2042 2622 .
2073 2577 2192 2631 quae
2235 2563 2489 2618 lectorem
2523 2579 2590 2618 ne
2623 2577 2921 2633 morentur,
2954 2579 2984 2618 a
3017 2564 3187 2631 nobis,
3216 2571 3274 2617 ut
3298 2562 3480 2620 ofﬁcio

1880 2663 2068 2708 nostro
2097 2653 2505 2716 Satisfeciamus.
2537 2655 2738 2710 debent
2778 2671 2874 2725 pro
2922 2657 3060 2710 virili
3108 2665 3256 2725 parte
3300 2656 3479 2726 expll-

1877 2749 1988 2801 cati
2017 2748 2204 2818 (S'upr.
2255 2766 2369 2818 cap.
2399 2749 2456 2817 2,
2489 2760 2592 2804 art.
2623 2750 2702 2821 2).
2739 2752 2968 2805 Plurima
3013 2762 3192 2804 autem
3240 2766 3306 2805 ex
3345 2751 3472 2816 illis,

1878 2840 2000 2895 data
2049 2842 2298 2910 superius
2344 2853 2645 2912 opportuna
2691 2844 3008 2905 OCCJSillne,
3041 2843 3470 2912 ettplanavimus.

1878 2935 1983 2990 Sed
2012 2937 2177 2990 multa
2207 2952 2313 2990 non
2343 2939 2521 2991 minus
2549 2938 2774 2992 obscura
2816 2948 2870 2992 ct
2913 2938 3150 2992 diflicilia
3184 2938 3358 2993 adhuc
3385 2954 3477 2992 oc-

1878 3041 2100 3082 currunt
2127 3046 2353 3099 quorum
2385 3031 2908 3102 interpretattdorum
2941 3033 3121 3085 nullus
3156 3046 3278 3086 sese
3321 3033 3477 3087 nobis

1878 3123 2032 3177 locus
2077 3126 2210 3178 satis
2260 3125 2577 3178 commodus
2624 3125 2837 3179 obtulit.
2869 3130 3210 3194 Quapropter
3262 3125 3475 3179 illorum

1878 3215 2378 3284 interpretationem
2423 3228 2582 3285 atque
2625 3217 3035 3286 explicationem
3068 3219 3377 3272 censuimus
3408 3217 3475 3271 ad

167 3305 484 3372 Athenzcus,
513 3307 601 3374 qui
632 3306 775 3360 illius
799 3303 1118 3358 auctoritate
1148 3303 1439 3373 prmmissis
1474 3302 1621 3358 hisce
1643 3318 1765 3356 ver-
1796 3296 1841 3360 C
1873 3306 2094 3378 hujusce
2116 3309 2505 3364 dissertationis
2530 3311 2730 3365 calcem
2758 3325 2878 3364 eSse
2904 3309 3270 3380 rcjiciendam.
3299 3309 3354 3364 In
3377 3310 3477 3364 hac

165 3401 246 3455 bis
274 3401 446 3455 utitur
471 3399 706 3475 ὥαρρον
737 3400 763 3454 ὁ
791 3401 1051 3458 Matinae;
1081 3398 1476 3468 ἐπικαλούμενος
1514 3395 1532 3466 (
1557 3395 1770 3460 Ait/tem,

167 3497 201 3546 ι.
233 3509 283 3547 tv
316 3492 593 3562 Deipnos.,
624 3510 677 3562 p.
713 3493 863 3558 160),
927 3489 1090 3544 Varro
1115 3489 1412 3558 cognomine
1444 3487 1769 3559 Menippeas.

167 3583 424 3641 Ultimum
459 3600 587 3640 vero
618 3585 903 3640 lectionem
935 3584 1222 3639 coulirmat
1256 3583 1322 3636 A.
1351 3579 1556 3636 Gellius
1597 3597 1627 3635 a
1664 3595 1771 3651 quo

167 3680 242 3734 sic
275 3678 527 3733 laudatur
559 3695 573 3730 :
611 3697 629 3729 ‹
667 3677 843 3732 Varro
872 3677 924 3729 in
958 3675 1120 3729 satira
1164 3673 1440 3742 Menippea
1465 3714 1479 3738 ,
1511 3686 1670 3743 quam
1703 3672 1770 3727 de

166 3769 352 3826 Ofﬁcio
372 3770 548 3825 mariti
579 3771 794 3840 scripsit
816 3767 998 3836 (Gell..
1018 3767 1105 3820 lib.
1141 3782 1158 3820 ι
1190 3765 1347 3819 Noct.
1367 3764 1491 3829 Att.,
1522 3781 1638 3834 cap.
1676 3765 1767 3831 17,

167 3886 282 3938 pag.
323 3866 442 3936 80).
481 3886 499 3916 ι
537 3864 733 3919 Vertttn
762 3863 856 3918 ille
885 3863 997 3932 ipse
1026 3870 1210 3931 postea
1243 3860 1325 3915 his
1353 3875 1458 3913 non
1490 3860 1767 3913 minimam

166 3961 342 4013 attulit
386 3957 768 4012 obscuritatem
792 3998 805 4019 ,
851 3955 937 4008 ubi
981 3954 1047 4008 de
1077 3953 1246 4007 servis
1274 3953 1552 4022 disputat:
1591 3969 1611 4002 t
1662 3951 1766 4006 Alii

166 4070 406 4125 quoque,
445 4073 464 4105 ›
498 4053 690 4121 inquit,
728 4069 746 4101 ι
782 4066 888 4104 non
924 4048 1076 4119 pauci
1099 4049 1241 4103 servi
1272 4047 1505 4111 fuerunt,
1527 4047 1617 4117 qui
1648 4057 1768 4110 post

167 4146 470 4217 philosophi
502 4147 630 4201 clari
659 4145 1016 4206 exstiterunt,
1045 4158 1111 4197 ex
1140 4142 1334 4212 quibus
1365 4140 1454 4195 ille
1485 4139 1765 4210 Menippus

164 4242 280 4308 iuit,
311 4242 467 4310 cujus
500 4240 664 4293 libros
695 4238 764 4293 Μ.
801 4236 970 4291 Varro
1011 4237 1062 4289 in
1104 4236 1286 4289 satiris
1322 4234 1605 4288 aemulatus
1647 4243 1760 4297 est,

164 4349 294 4403 quas
319 4333 675 4404 aliiCynicas,
693 4333 808 4402 ipse
834 4329 1068 4401 appellat
1083 4327 1420 4397 Menippeas(
1444 4325 1614 4391 Idem,
1632 4326 1669 4383 ι.
1701 4342 1758 4391 ιι,

165 4445 208 4481 ε.
242 4430 330 4494 18,
366 4446 419 4498 p.
457 4427 606 4499 151).
639 4445 658 4478 ι
710 4425 863 4492 Quod
893 4423 1108 4494 quidem
1155 4437 1184 4475 a
1227 4420 1494 4476 Macrobio
1539 4418 1760 4473 totidem

166 4521 341 4574 verbis
386 4519 644 4586 scriptum
695 4518 918 4585 legimus
992 4513 1275 4588 (.llacrob.,
1317 4514 1356 4567 ι.
1401 4529 1417 4566 ι
1465 4511 1756 4576 Saturnal.,

164 4631 209 4666 ι’.
241 4615 330 4675 ll,
361 4632 412 4683 p.
440 4612 595 4681 224).
632 4611 687 4665 In
726 4610 945 4664 dubium
975 4609 1156 4679 itaque
1188 4606 1327 4660 haud
1360 4603 1628 4659 itnmcrito
1660 4618 1755 4655 vo-

1877 3416 2039 3471 porro
2070 3402 2444 3472 disquisitiOne
2485 3403 2731 3458 eumdem
2764 3413 2923 3472 atque
2952 3402 3004 3457 itt
3032 3403 3300 3472 superiori
3343 3402 3474 3456 arti-

1875 3493 1995 3549 culo
2023 3494 2418 3564 alpltabetiCum
2439 3537 2451 3556 ,
2486 3503 2538 3548 ut
2580 3495 2720 3565 loqui
2751 3505 2967 3560 amant,
2998 3493 3243 3547 ordinem
3274 3508 3471 3563 seque-

1874 3604 2011 3643 mur.
2051 3589 2283 3642 Primum
2314 3591 2492 3659 itaque
2519 3588 2654 3642 dixit
2681 3588 2951 3642 Arnobius
2979 3603 2994 3640 :

1951 3703 1968 3734 (
2009 3683 2362 3738 Ancillatrum
2412 3683 2614 3738 servuli
2658 3682 2980 3753 pavibundis
3021 3680 3470 3750 trepidationibus

1871 3776 2132 3839 imitatus,
2162 3796 2179 3829 >
2203 3775 2293 3845 qui
2319 3776 2522 3831 scilicet
2544 3777 2871 3844 p0tentiorcs
2901 3775 3146 3829 homines
3169 3774 3469 3829 humillime

1872 3871 2068 3925 salutat
2100 3871 2342 3942 (Arnob.,
2371 3869 2408 3924 Ι.
2444 3885 2535 3934 vn,
2563 3886 2612 3937 ρ.
2647 3869 2797 3941 221).
2828 3869 2902 3923 lta
2929 3884 3058 3923 sane
3088 3869 3138 3921 itt
3172 3867 3470 3922 manuscri-

1872 3971 1963 4033 pto
1990 3963 2176 4018 codice
2207 3964 2354 4032 regio
2384 3963 2627 4032 legimus.
2659 3962 2766 4016 Sed
2810 3962 2958 4016 illum
2997 3961 3210 4030 quidam
3258 3962 3326 4017 ibi
3369 3961 3466 4016 de-

1869 4067 2146 4127 pravatum
2179 4067 2455 4127 putantes,
2488 4057 2645 4111 scribi
2675 4056 2960 4111 voluerunt
3005 4055 3219 4109 Ancilla:
3244 4069 3330 4108 aut
3358 4072 3466 4109 ser-

1867 4150 1992 4203 vuli.
2032 4152 2103 4204 At
2151 4152 2262 4203 haec
2303 4149 2571 4204 eorrectio
2613 4149 2965 4219 sequentibus
3011 4147 3234 4203 Arnobii
3282 4148 3462 4202 verbis

1867 4258 1972 4296 non
1996 4242 2252 4296 cohaeret.
2269 4241 2628 4307 Quamobrem
2652 4241 2739 4295 alii
2767 4240 3156 4297 restituendum
3182 4241 3464 4310 suSpican-

1867 4342 1952 4387 tur
1981 4353 1993 4387 :
2027 4334 2343 4387 Ant-illarum
2365 4333 2548 4386 servuli
2579 4333 2791 4403 pavidas
2817 4335 3178 4403 trepidatione:
3206 4333 3458 4387 imitatus.

1864 4425 1970 4481 Sed
2020 4427 2221 4480 nullam
2269 4426 2489 4496 hujusce
2537 4427 2783 4482 lectionis
2815 4429 3181 4497 probationem
3211 4427 3295 4481 vel
3325 4441 3460 4481 con-

1857 4520 2122 4590 jecturam
2174 4521 2472 4592 proferunt.
2523 4521 2661 4589 Quid
2707 4538 2866 4589 vero,
2909 4522 2954 4576 si
2998 4521 3269 4576 Arnobius
3317 4533 3457 4574 novo

1861 4617 2024 4671 verbo
2043 4616 2347 4679 servitium,
2368 4633 2463 4671 seu
2480 4617 2795 4687 obsequium
2822 4617 3020 4672 servuli
3043 4618 3284 4687 sigttilica
3295 4615 3455 4681 verit,

164 4708 268 4760 cari
300 4716 476 4776 potest
496 4746 511 4768 ,
542 4714 718 4759 utrum
750 4704 918 4758 Varro
946 4701 1259 4770 Mettippeus
1285 4741 1298 4764 ,
1327 4708 1418 4752 aut
1462 4697 1753 4754 celeberri-
1783 4696 1837 4756 D
1863 4708 2006 4778 quod
2034 4709 2146 4779 ips»
2174 4708 2524 4774 ancillatrum,
2545 4725 2638 4765 seu
2663 4710 2838 4781 potius
2862 4709 3168 4764 aucillatum
3187 4707 3460 4780 appellat?

166 4818 280 4855 mus
307 4801 376 4857 Μ.
401 4800 687 4856 Terentius
715 4799 886 4853 Varro
911 4797 1188 4852 Romanus
1213 4796 1281 4850 ab
1304 4793 1544 4850 Arnobio
1569 4790 1756 4861 appel-

166 4896 318 4950 letur.
351 4895 405 4951 Si
435 4905 616 4950 autem
667 4893 810 4948 hunc
853 4894 1061 4964 potius,
1095 4905 1253 4963 quam
1301 4890 1464 4943 alium
1517 4888 1584 4943 ab
1635 4888 1755 4959 ipso

164 4988 427 5043 laudatum
459 5002 718 5049 censeas,
743 4987 865 5057 quia
899 4987 1131 5051 latinus,
1172 4994 1226 5039 et
1266 4983 1371 5038 alio
1419 4982 1578 5053 longe
1624 4982 1750 5036 illu-

164 5080 339 5146 strior,
388 5080 536 5150 plura
565 5079 632 5134 de
659 5078 762 5132 diis
781 5119 797 5142 ,
823 5077 889 5133 de
926 5078 1119 5149 quibus
1148 5085 1332 5131 auctor
1359 5084 1540 5128 noster
1581 5073 1753 5140 loqui-

165 5182 268 5238 tur,
315 5174 506 5230 litteris
552 5173 926 5243 consignavit,
965 5187 1031 5227 eo
1077 5170 1252 5225 minus
1301 5168 1748 5240 repnguabimus,

166 5282 269 5336 quo
296 5269 460 5339 magis
488 5268 718 5338 genuina
744 5267 987 5338 ejusdem
1029 5265 1250 5321 Arnobii
1294 5264 1452 5319 lectio
1481 5263 1549 5317 ab
1580 5264 1748 5334 impc-

166 5359 268 5413 rito
297 5361 531 5422 librario.
562 5362 637 5416 uti
667 5361 917 5423 vidimus,
955 5359 1096 5416 finde
1121 5357 1419 5413 deformata
1449 5367 1552 5412 est.

236 5451 452 5509 Verrius
473 5455 541 5511 ab
566 5453 806 5509 Arnobio
835 5453 1100 5508 dictorum
1134 5467 1352 5509 suorum
1381 5465 1473 5506 vas
1501 5462 1556 5506 et
1587 5466 1753 5522 spon-

170 5559 259 5600 sor
281 5545 471 5614 fartus,
495 5547 608 5614 ipse
629 5558 710 5602 est
736 5547 954 5600 Verrius
977 5547 1219 5611 Flaccus,
1245 5545 1312 5600 de
1336 5561 1441 5615 quo
1465 5561 1563 5600 nos
1586 5561 1748 5616 supra

169 5637 230 5690 atl
263 5640 472 5695 terbutn
508 5638 722 5694 Flaccus
753 5639 993 5710 (Arnob.,
1028 5640 1064 5693 Ι.
1094 5657 1130 5704 t,
1163 5656 1214 5708 p.
1250 5640 1364 5709 57).

237 5731 525 5788 Zenonerx
551 5733 787 5807 Myndio,
818 5750 937 5803 qure
967 5734 1017 5789 iu
1049 5733 1288 5789 medium
1317 5733 1591 5789 Arnobius
1624 5748 1751 5804 pro-

173 5823 287 5879 tulit
316 5826 544 5896 (Arnob.,
576 5829 614 5882 ι.
646 5845 718 5896 Vl,
753 5847 806 5899 p.
858 5827 1007 5900 195),
1051 5827 1168 5883 bule
1210 5829 1299 5884 ille
1345 5844 1448 5884 non
1498 5827 1747 5892 aliunde.

177 5931 321 5984 quam
349 5937 409 5974 ex
455 5919 748 5975 Clementis
798 5920 1148 5975 Alexandrini
1193 5920 1427 5977 fontibus
1481 5920 1751 5976 hauserat.

1866 4802 2049 4857 Utrum
2082 4811 2260 4857 autem
2291 4803 2520 4874 genuina
2557 4804 2627 4859 sit
2666 4807 2779 4859 haec
2808 4805 3042 4858 auctoris
3068 4805 3236 4857 nostri
3269 4801 3451 4868 lectio,

1858 4896 2163 4965 cxpcntlaut
2185 4897 2296 4959 alii,
2321 4904 2376 4951 et
2399 4897 2763 4963 pronuntient.
2793 4895 2958 4952 Nobis
2982 4907 3130 4952 Certe
3160 4895 3304 4950 illius
3326 4909 3453 4950 sen—

1855 5002 1974 5042 sum
2001 4987 2315 5057 patefecisse
2341 4989 2555 5045 sufficit.

1929 5081 2180 5136 Anserum
2227 5085 2481 5155 grinnilus
2523 5084 2792 5141 Arnobius
2832 5084 3095 5155 appellat;
3141 5084 3262 5154 quia
3296 5082 3452 5138 Crin-

1856 5175 2000 5242 nire,
2046 5177 2218 5249 inquit
2269 5177 2494 5246 Festus,
2536 5194 2786 5235 anserum
2841 5182 2988 5235 vocis
3045 5181 3317 5250 proprium
3368 5187 3454 5234 est

1859 5267 2046 5340 (lbid..
2073 5269 2110 5325 ι.
2147 5287 2216 5332 vt,
2248 5289 2301 5340 p.
2325 5271 2452 5328 205.
2487 5271 2626 5326 Fest.
2654 5273 2722 5326 ad
2750 5274 2882 5327 verb.
2915 5279 3226 5344 GRUNNIRE).

1927 5364 2090 5418 Arbor
2126 5376 2342 5436 pausam
2371 5368 2440 5422 ah
2464 5366 2705 5422 Arnobio
2747 5368 2904 5438 pinus
2934 5376 3174 5430 vocatur,
3207 5365 3309 5420 sub
3343 5379 3449 5433 qua

1855 5459 1996 5513 Attis
2025 5475 2084 5513 se
2113 5459 2211 5514 viri
2243 5460 2459 5514 nomine
2492 5461 2743 5529 privavit,
2774 5469 2829 5515 et
2867 5461 3019 5531 Cujus
3047 5460 3251 5514 circum
3282 5458 3446 5513 robur

1852 5562 2025 5607 mater
2051 5551 2208 5608 deum
2240 5553 2453 5607 sticiatis
2480 5568 2598 5607 cum
2637 5552 2850 5607 Acdesti
2898 5552 3216 5624 planctibus,
3260 5559 3448 5621 pectus

1855 5644 2029 5698 tundit
2070 5656 2126 5700 et.
2171 5645 2376 5700 sauciat
2418 5644 2655 5716 (Arnob.,
2687 5647 2726 5699 ι.
2757 5662 2808 5712 ν,
2843 5664 2893 5716 p.
2929 5645 3068 5717 160).
3115 5643 3223 5699 Cur
3266 5655 3444 5698 autem

1854 5735 2017 5793 arbor
2049 5747 2264 5807 pattsata
2297 5737 2520 5801 dicatur,
2553 5753 2741 5792 omnes
2781 5739 2970 5793 horuut
3018 5736 3238 5792 At'uohii
3274 5737 3444 5789 lihr0¢

1858 5845 1976 5884 rum
2008 5836 2458 5884 commentatores
2485 5827 2584 5883 sibi
2619 5829 2852 5884 fatentur
2881 5845 3001 5886 esse
3031 5830 3444 5898 ilICOmpt‘l‘lttm.

1861 5921 2060 5976 Vocem
2118 5923 2296 5990 itaque
2351 5931 2578 5993 pausam:
2627 5931 2940 5996 corruptam
2995 5921 3161 5977 fuisse
3210 5920 3455 5978 nonnulli
