3872 6350
449 358 545 412 69!
1690 350 2030 410 DISSERTA'

2172 349 2332 409 PIUE
2343 351 2448 408 νιΑ
3620 363 3705 418 593

442 476 788 538 arbitrantur,
817 488 882 528 ac
907 487 1004 542 pro
1025 486 1086 528 ea
1119 474 1325 536 lanatae,
1358 473 1440 526 vel
1469 472 1682 525 lausata:
1702 512 1715 536 ,
1745 471 1826 526 vel
1856 471 2031 540 posita:
2055 471 2109 530 Α
2134 469 2248 525 sive
2297 469 2550 526 ceteriam
2598 481 2949 528 mercaturam
3004 474 3245 545 (Donat.,
3287 477 3342 529 in
3377 475 3578 531 Terent.
3607 477 3702 531 Eu-

444 565 754 634 legendum.
794 565 901 620 Sed
949 564 1064 620 hazc
1090 564 1180 619 alii
1213 574 1270 618 ut
1311 577 1490 619 meras
1534 578 1704 634 nugas
1746 563 2041 633 explodunt
2141 564 2319 629 nuch.,
2350 577 2448 618 act.
2481 581 2536 630 ιι,
2569 583 2706 621 scen.
2741 567 2795 632 2,
2828 584 2958 624 vers.
3005 567 3121 639 26).
3153 569 3234 625 Ab
3261 569 3380 624 aliis
3407 582 3605 636 autem,
3632 576 3704 641 qui

443 669 607 729 atque
647 658 958 713 exsibilant.
1002 657 1139 725 Quid
1175 658 1314 711 enim
1358 665 1502 710 vetat
1547 657 1833 726 quominus
1863 656 2038 712 Arno-
2139 655 2400 710 lsidorum
2438 656 2604 710 citant
2627 699 2640 722 ,
2669 659 2896 714 sumitur
2925 674 3022 729 pro
3049 660 3144 722 iis,
3176 663 3266 731 qui
3296 661 3506 716 diversa
3536 679 3702 733 genera

443 753 565 808 bius
593 766 718 805 usus
761 752 830 805 sit
864 751 1030 806 verbo
1076 758 1322 820 pausotw,
1372 749 1606 802 imitatus
1652 749 1919 810 Plautum,
1950 751 2038 819 qui
2138 747 2361 816 piscium
2399 748 2651 802 emebant
2698 757 2752 802 et
2798 751 3101 805 vendebant
3143 751 3390 820 (Isidor.,
3435 753 3488 806 in
3532 753 3703 822 61033.,

444 845 586 898 dixit
641 843 836 908 Pausa,
866 843 914 896 id
947 851 1046 905 est,
1081 843 1317 910 quiesce.
1358 839 1488 894 Nam
1539 841 1608 894 ibi
1642 851 1829 895 auctor
1861 853 2041 896 noSter
2138 859 2192 910 ῃ.
2250 839 2397 909 020).
2455 839 2666 895 Vidcsis
2718 841 3026 898 Turnebum
3086 843 3176 897 lib.
3244 861 3338 899 χιιι
3414 846 3704 914 Adversar.,

443 939 632 991 scribit
663 947 886 989 matrem
918 933 1074 987 deum
1107 933 1158 985 in
1191 940 1404 985 antrum
1433 947 1583 985 suum
1606 932 1862 986 detulisse
1893 932 2035 985 illam
2139 947 2258 1001 cap.
2292 933 2379 984 Μ.

443 1031 720 1093 arborem,
775 1039 830 1082 et
873 1026 1071 1080 circum
1122 1025 1284 1079 robur
1331 1025 1470 1080 illius
1517 1024 1583 1078 ibi
1631 1035 1882 1094 pausatw,
1926 1025 2039 1081 sive
2208 1023 2446 1091 Botulus,
2484 1035 2618 1082 teste
2665 1026 2844 1095 Festo,
2877 1045 3045 1100 genus
3092 1030 3392 1086 farciminis
3432 1043 3535 1100 est,
3561 1035 3703 1104 quod,

442 1123 766 1195 quiescentis
793 1129 845 1175 ct
875 1120 1060 1189 positae
1097 1119 1300 1171 sociatis
1331 1135 1445 1170 cum
1476 1117 1691 1172 Acdesu
1735 1119 2038 1188 planctibus
2139 1129 2356 1188 propter
2384 1121 2796 1184 connexionem,
2827 1138 2856 1175 a
2886 1124 3022 1177 bolis
3049 1124 3128 1178 sic
3167 1125 3469 1193 appellatur
3493 1128 3703 1193 (Arnob.,

441 1232 598 1272 suum
631 1214 893 1267 tutudiSSe
921 1226 984 1265 ac
1011 1211 1336 1264 sauciavisse
1363 1219 1571 1280 pectus.
2143 1215 2181 1266 ι.
2216 1229 2271 1276 ιι,
2305 1231 2354 1282 p.
2387 1215 2482 1280 75;
2530 1214 2735 1280 Festus,
2767 1217 2836 1269 ad
2863 1235 2992 1272 vers.
3024 1218 3315 1288 Borows).
3352 1219 3599 1276 Martialis
3625 1240 3700 1276 au-

511 1308 740 1377 Arquata
771 1306 975 1368 cellula,
1014 1305 1113 1358 hoc
1155 1313 1258 1368 est,
1292 1302 1683 1369 semirotundo,
1711 1312 1764 1358 et
1799 1304 1850 1357 in
1881 1318 2037 1358 arcus
2141 1316 2243 1360 tem
2271 1306 2467 1361 alicubi
2495 1308 2690 1362 cecinit
2722 1327 2735 1362 :

438 1401 843 1456 similitudinem
873 1398 1095 1452 formata
1126 1397 1363 1468 (Arnob.,
1391 1398 1426 1450 l.
1453 1413 1490 1461 ι,
1524 1415 1575 1466 p.
1602 1395 1717 1466 59).
1737 1397 1854 1464 Quo
1875 1411 2035 1450 sensu
2232 1420 2321 1478 Qui
2335 1421 2479 1489 yenii
2500 1422 2692 1472 baiulus
2715 1424 2877 1473 medio
2899 1426 2986 1476 tibi
3008 1433 3234 1489 tempore
3257 1427 3466 1488 brumae,

439 1495 507 1550 ab
533 1493 721 1549 Ovidio
752 1493 962 1547 canitur
992 1509 1004 1544 :

537 1608 628 1657 Iris
653 1615 705 1656 et
731 1613 935 1669 arquato
957 1605 1432 1669 cmlumcurvamine
1456 1604 1672 1666 signans.

909 1668 1094 1732 (Ouid.,
1117 1665 1196 1716 lib.
1217 1681 1250 1716 ιι
1276 1663 1549 1725 Μϐιαιηοιί,
1575 1680 1684 1728 pag.
1713 1663 1848 1727 418.)

515 1774 683 1842 Attagi
711 1771 931 1842 phrygia
980 1771 1154 1840 lingua
1188 1779 1476 1836 vocantur,
1522 1785 1656 1839 quos
1701 1770 1878 1825 hirctis
1903 1767 2035 1824 dici-

2323 1482 2519 1532 Saturni
2543 1493 2736 1547 septeni
2761 1497 2968 1537 venerat
2991 1482 3262 1538 ante'dies.

2704 1569 2966 1630 (Martial.,
2996 1570 3078 1620 lib.
3106 1586 3206 1632 xiv,
3229 1573 3386 1640 epigr.
3414 1573 3515 1637 72.)

2139 1689 2496 1757 Quamobrem
2551 1690 2913 1749 Tertullianus
2969 1696 3212 1752 ethnicos
3262 1697 3405 1754 hunc
3468 1701 3705 1769 redarguit

2139 1781 2189 1835 in
2212 1781 2428 1836 modum
2461 1801 2472 1838 :
2504 1803 2521 1833 ι
2558 1783 2699 1840 lnter
2727 1796 3050 1841 tentamenta
3079 1789 3494 1846 cliristianorum
3522 1794 3704 1849 botulos

440 1879 558 1918 mus
589 1862 827 1935 (Arnob.,
863 1863 898 1914 Ι.
930 1879 982 1927 v,
1013 1881 1065 1931 p.
1110 1859 1256 1929 159).
1292 1861 1444 1930 Apud
1486 1848 1827 1915 Eustachiuni
1881 1877 2029 1928 vero,

2142 1880 2295 1934 ctiam
2325 1895 2520 1935 cruore
2545 1881 2807 1938 distentos
2835 1884 3151 1947 admovetis,
3179 1887 3464 1942 certissimi
3489 1889 3701 1943 illicitum

437 1955 611 2024 inquit
660 1953 974 2019 Bocbartus,
1028 1952 1254 2025 ἄττηγοι,
1305 1953 1554 2006 dicuntur
1608 1950 1745 2026 αἶγες
1794 1951 2028 2028 ἆρρηνες,

437 2048 587 2116 capri
639 2046 861 2100 masculi
910 2061 1005 2099 seu
1059 2045 1190 2099 lnrci
1240 2045 1530 2111 (Bochart.,
1570 2045 1606 2098 l.
1658 2061 1689 2098 ιι
1757 2046 1818 2098 de
1859 2047 2028 2098 Anim.

437 2156 575 2192 sacr.
623 2141 802 2207 scrip.,
833 2154 878 2190 c.
924 2139 1012 2202 55,
1043 2155 1096 2205 p.
1127 2135 1274 2208 647).
1311 2138 1393 2192 Ab
1439 2137 1541 2190 hoc
1587 2148 1764 2190 autem
1808 2135 2030 2207 phrygio

440 2232 660 2286 nomine
691 2231 956 2284 Arnobius
983 2239 1129 2298 putat
1153 2230 1351 2283 factum
1374 2244 1493 2283 esse
1524 2244 1716 2283 nomen
1742 2230 1898 2282 Attis.
1924 2229 2028 2283 Sed

439 2325 735 2382 Bochartus
763 2341 829 2379 ex
869 2325 1095 2379 Hebraeo
1127 2324 1298 2376 Atliud
1345 2324 1519 2393 potius
1548 2323 1847 2378 derivatum
1888 2322 2030 2377 arbi-

443 2431 632 2483 tratur,
663 2435 844 2488 quem,
876 2422 920 2471 si
953 2419 1105 2480 velis,
1137 2419 1376 2472 consule.

511 2509 830 2577 Aurtificari,
885 2509 1020 2562 dixit
1062 2518 1247 2562 auctor
1295 2517 1499 2574 noster,
1548 2509 1750 2562 Ennius
1794 2523 1940 2574 vero,
1972 2519 2030 2562 ut

437 2613 582 2657 notat
630 2601 831 2655 Nonius
876 2599 1175 2663 Marcellus,
1225 2601 1503 2670 augiﬁcare
1534 2621 1551 2654 ;
1579 2601 1674 2656 sed
1728 2601 2026 2656 obsoletum

437 2694 656 2747 verbum
713 2701 814 2759 est,
861 2693 1001 2762 quod
1058 2691 1198 2746 idem
1247 2703 1408 2762 atque
1453 2709 1649 2763 augere
1695 2694 2028 2764 signiﬁcabat

437 2788 673 2857 (Arnob,
726 2792 764 2840 l.
819 2801 908 2850 vlt,
959 2805 1012 2855 p.
1063 2785 1199 2848 2%;
1250 2783 1416 2851 Nom,
1445 2789 1506 2840 de
1552 2786 1809 2857 Propriet.
1851 2805 2024 2848 scrm.,

436 2901 480 2934 ι’.
515 2883 592 2951 2).
633 2881 780 2950 Apud
810 2881 1114 2934 Lucretium
1145 2889 1322 2934 autem
1352 2880 1578 2950 legimus
1608 2899 1618 2933 :

1469 2992 1783 3054 Auctilicique

532 3060 686 3106 Motus
711 3066 949 3120 perpetuo
977 3063 1168 3118 possunt
1198 3068 1396 3103 servare
1431 3065 1617 3103 creata.

1085 3140 1316 3198 (Lucret,
1343 3135 1424 3186 lib.
1455 3153 1501 3197 ιι,
1525 3149 1648 3186 t't’rs.
1671 3137 1809 3198 571.)

515 3271 793 3340 Augustine
839 3267 996 3320 simili
1041 3265 1199 3320 modo
1231 3265 1362 3318 dixit
1408 3265 1698 3326 Arnobius,
1732 3279 1826 3322 pro
1855 3281 2022 3334 augn-
2057 3257 2099 3316 (ἶ

435 3374 575 3415 stum
605 3361 826 3414 reddere
869 3360 1101 3429 (Arnob,
1137 3359 1172 3410 l.
1203 3373 1293 3422 vn,
1326 3374 1376 3423 p.
1407 3359 1554 3425 :ltll).

513 3456 739 3520 Batiam,
769 3456 818 3507 in
848 3453 1207 3520 tnanuscripto
1238 3462 1414 3504 autem
1447 3452 1589 3516 regio
1617 3453 1803 3506 codice
1835 3455 2026 3521 pastio-

436 3569 520 3603 (της
566 3550 970 3618 corruptiSsizne
1015 3546 1200 3616 (ΗΜΛ,
1247 3549 1283 3598 ι.
1331 3563 1367 3609 ι,
1421 3563 1471 3613 p.
1511 3547 1622 3615 ali).
1658 3545 1787 3599 Nam
1831 3549 2027 3599 bntiaca

436 3662 608 3712 μιιιεειξ
660 3645 898 3715 βατιάκη,
951 3642 1087 3693 sicut
1123 3655 1188 3691 cx
1235 3641 1492 3691 Atlicna‘o
1543 3640 1819 3698 discimus,
1854 3642 2024 3708 poculi

439 3748 552 3790 erat
612 3751 776 3804 genus
821 3733 1051 3804 (lt/tein,
1093 3732 1176 3783 lib.
1223 3747 1256 3782 tt
1289 3729 1558 3797 I)cip:tos.,
1591 3749 1640 3799 p.
1691 3732 1838 3800 43(5).
1876 3732 2027 3786 Unde

440 3831 664 3884 Plautus
689 3828 882 3879 alicubi
915 3826 1048 3877 dixit
1082 3842 1093 3876 :

629 3937 818 3994 Quibus
839 3937 1021 3985 divitiae
1046 3936 1174 3982 domi
1201 3942 1329 3993 sunt,
1357 3935 1569 3994 scapliio,
1589 3935 1849 3996 cantharis,

538 4002 738 4049 nations
758 4000 946 4048 lnbunt.
1032 4056 1236 4123 (Plaur,
1265 4056 1454 4122 δίεμαι,
1472 4063 1564 4108 act.
1587 4073 1776 4117 ι’,διῖεηο
1803 4061 1873 4119 ⁴-)

442 4180 510 4231 At
540 4176 609 4230 ibi
637 4191 667 4226 ιν
714 4171 951 4227 .busdam
973 4170 1023 4224 in
1049 4169 1374 4224 editionibus
1402 4169 1614 4239 legitur,
1644 4168 1883 4224 Batiocis.

516 4294 710 4364 Iligarii
759 4307 858 4344 vox
903 4300 1004 4355 est,
1037 4305 1153 4357 qua:
1196 4288 1247 4342 in
1292 4287 1530 4340 Romana
1578 4289 1765 4341 borum
1812 4287 2028 4342 Arnobii

447 4390 703 4441 librorum
732 4383 967 4437 editione
995 4391 1047 4436 et
1076 4382 1190 4434 aliis
1221 4380 1604 4450 posterioribus
1633 4379 1947 4433 exhibetur:
1977 4382 2028 4434 in

449 4477 816 4548 inauuscripto
859 4485 1034 4529 autem
1076 4476 1220 4543 regio
1251 4473 1370 4528 cod.
1404 4471 1626 4541 Pigarii,
1674 4472 1726 4526 in
1765 4482 2029 4542 postrema

446 4574 703 4634 editione,
754 4571 964 4640 rybiarii
1013 4567 1259 4638 (llrttob.,
1310 4570 1345 4620 l.
1391 4584 1424 4620 ιι
1471 4586 1522 4637 p.
1569 4568 1680 4635 70).
1740 4568 1842 4622 Sed
1890 4569 2030 4622 nulla

2133 1987 2251 2027 esse
2275 1973 2414 2042 apud
2442 1974 2581 2039 illos,
2613 1991 2706 2042 per
2732 1975 2873 2044 quod
2902 1976 3211 2032 exorbitare
3240 1979 3357 2033 illos
3391 1981 3544 2034 vultis
3571 1979 3702 2048 (Ter-

2140 2073 2264 2134 tul.,
2308 2068 2553 2139 Apolog.,
2607 2085 2651 2121 c.
2685 2069 2738 2132 9,
2773 2089 2825 2140 p.
2865 2071 2973 2139 Η).
3014 2090 3032 2122 ι
3082 2071 3220 2126 Alibi
3272 2089 3403 2128 vero
3451 2084 3700 2142 postquam

2131 2162 2198 2215 ab
2221 2161 2661 2226 ortliodoxorum,
2705 2177 2837 2232 quos
2861 2163 3154 2234 Psycliicos
3177 2174 3354 2231 vocat,
3381 2166 3606 2234 partibus
3626 2168 3702 2222 dc-

2134 2252 2368 2318 fecisset,
2409 2256 2486 2308 sic
2533 2269 2626 2308 eos
2665 2255 2924 2324 corripit:
2964 2274 2980 2305 ι
3018 2255 3302 2321 Quomodo
3341 2268 3605 2328 protegam
3629 2275 3699 2313 ca-

2129 2347 2362 2401 stitatem
2386 2357 2438 2402 et
2459 2347 2800 2402 sobrietatem
2825 2349 2939 2402 sine
2962 2349 3228 2402 taxatione
3251 2349 3693 2406 adversariorum?

2129 2439 2355 2504 Quinam
2389 2439 2472 2492 isti
2504 2449 2630 2494 sunt
2672 2439 2838 2494 semel
2873 2440 3185 2504 nominabo,
3219 2442 3514 2496 exteriores
3542 2452 3590 2497 et
3626 2444 3697 2496 in-

2129 2530 2355 2585 teriores
2378 2530 2539 2584 botuli
2564 2529 2945 2602 Psycliicorum
2974 2529 3166 2603 (Idem,
3193 2533 3230 2586 l.
3257 2533 3320 2586 de
3339 2533 3631 2604 Jejuniis,c.
3653 2535 3695 2598 l,

2131 2639 2184 2691 ρ.
2213 2623 2364 2692 701).
2405 2645 2421 2674 ι

2205 2714 2354 2768 Buri:
2395 2715 2588 2770 dicitur
2630 2732 2660 2770 a
2705 2715 3024 2786 quibusdam
3075 2731 3200 2786 pars
3227 2718 3395 2771 aratri
3437 2717 3693 2787 posterior,

2129 2807 2196 2860 ab
2240 2807 2360 2861 aliis
2393 2811 2622 2863 temonis
2661 2811 2928 2877 superior,
2959 2823 3015 2863 et
3042 2820 3266 2878 utraque
3299 2811 3562 2864 incurvata
3588 2810 3694 2879 (Ar-

2131 2899 2268 2963 nob.,
2301 2900 2336 2952 l.
2370 2916 2426 2965 ιι,
2459 2918 2510 2968 p.
2542 2901 2656 2968 59).
2691 2900 2769 2954 Eo
2809 2912 2985 2956 autem
3029 2901 3245 2957 nomine
3287 2918 3415 2958 usus
3443 2912 3521 2956 est
3543 2901 3694 2968 Virgi-

2131 2993 2252 3056 lius,
2287 2993 2373 3046 ubi
2405 2994 2549 3047 canit
2583 3013 2593 3046 :

2222 3124 2458 3188 Continuo
2475 3128 2521 3173 in
2541 3125 2686 3188 sylvis
2700 3140 2872 3188 magna
2899 3128 2944 3174 vi
2973 3129 3102 3176 tlexa
3127 3127 3366 3186 domatur,

2227 3187 2277 3234 ltt
2303 3188 2473 3250 burttn,
2503 3187 2710 3238 cticut'vt
2741 3187 2937 3237 fortnam
2955 3191 3129 3251 accipit
3149 3190 3308 3237 ulmus
3329 3190 3496 3238 aratri.

2449 3269 2676 3335 (Virgil,
2700 3269 2779 3320 lib.
2808 3287 2819 3320 I
2843 3273 3041 3334 θελοι-9.,
3059 3284 3182 3320 vers.
3211 3272 3296 3321 169
3320 3278 3362 3321 et
3379 3271 3529 3334 seqq.)

2134 3398 2278 3464 Quos
2311 3398 2359 3450 in
2393 3412 2579 3451 versus
2606 3399 2719 3453 Ιιιιξο
2749 3396 2966 3453 Servius
2989 3399 3238 3454 observat
3269 3419 3282 3453 :
3313 3419 3332 3450 ι
3365 3400 3419 3454 in
3449 3401 3628 3465 burim,
3650 3399 3691 3451 in

2135 3489 2184 3542 in
2215 3501 2584 3544 curvaturam.
2624 3491 2756 3544 Nam
2798 3493 2948 3544 buris
2990 3502 3072 3545 cst
3116 3505 3516 3547 curvamentum
3556 3496 3692 3546 aratri

2133 3586 2329 3637 dictum
2377 3587 2525 3654 quasi
2566 3587 2684 3657 βοὸς
2730 3589 2878 3660 οὐρά,
2922 3586 3062 3654 quod
3114 3598 3182 3638 sit
3227 3587 3277 3639 in
3319 3585 3692 3640 similitudinem

2133 3679 2313 3731 cand:c
2362 3679 2528 3734 bovis.
2564 3680 2667 3734 Alii
2717 3681 2888 3734 burim
2935 3689 3272 3734 curvaturam
3326 3684 3562 3745 temonis,
3594 3696 3693 3747 qua:

2132 3786 2289 3839 Supra
2311 3783 2416 3836 cst,
2442 3784 2493 3824 ct
2513 3774 2651 3840 quod
2678 3771 2810 3824 infra
2836 3784 2918 3825 cst
2942 3788 3129 3826 urvum
3153 3773 3358 3825 dicunt.
3383 3772 3530 3825 Buris
3547 3771 3690 3834 enim,

2135 3875 2190 3916 ut
2217 3877 2488 3927 curvetur,
2517 3877 2641 3916 ante
2679 3863 2787 3931 igni
2830 3865 3098 3928 domatur,
3132 3864 3469 3918 amburitur:
3501 3865 3626 3917 unde
3650 3874 3694 3915 et

2131 3974 2248 4028 qua:
2306 3958 2620 4011 naturaliter
2678 3958 3019 4010 inveniuntur
3082 3973 3260 4012 curva).
3316 3959 3388 4012 ita
3451 3958 3688 4012 dicuntur.

2136 4049 2301 4104 Varro
2331 4050 2402 4102 ait
2435 4063 2599 4103 totmn
2642 4050 2810 4102 burim
2844 4049 3001 4103 indici
3032 4052 3098 4103 ab
3135 4052 3292 4104 urbe.
3329 4071 3348 4103 ι
3384 4052 3549 4106 Priori
3580 4066 3688 4104 sen-

2133 4147 2312 4202 tentia:
2365 4146 2600 4202 Isidorus
2645 4145 2961 4214 subscripsit
3010 4143 3228 4215 (Isidor.
3263 4187 3277 4210 ,
3334 4148 3372 4201 l.
3419 4163 3482 4200 xx
3546 4145 3691 4212 θήρη

2131 4257 2176 4293 c.
2213 4241 2308 4305 15;
2358 4242 2572 4306 Arnob.,
2621 4242 2657 4293 ι.
2706 4258 2742 4306 ι,
2776 4257 2830 4309 ρ.
2862 4239 2954 4305 24,
3005 4251 3050 4292 et
3083 4241 3118 4293 ι.
3156 4255 3247 4304 vtt,
3296 4259 3351 4312 p.
3385 4239 3518 4304 222;
3556 4239 3689 4300 ibat,

2133 4335 2168 4388 l.
2205 4349 2278 4399 vi,
2309 4351 2359 4400 ρ.
2390 4333 2539 4404 200).

2203 4427 2478 4493 Busticeta,
2510 4436 2566 4480 ut
2601 4425 3043 4480 animadvertitur
3088 4426 3141 4480 in
3189 4425 3384 4496 glossis
3420 4426 3582 4480 eidem
3615 4421 3693 4475 lsi-

2133 4524 2264 4577 doro
2286 4521 2574 4587 attributis,
2611 4530 2765 4575 erant
2792 4521 3036 4590 sepulcra
3069 4520 3120 4572 in
3148 4535 3298 4589 agro.

2198 4614 2503 4678 Cttcabulus,
2521 4613 2894 4667 diminutivum
2913 4615 3048 4666 haud
3063 4614 3223 4668 dubie
3243 4619 3470 4672 nominis
3483 4622 3691 4683 meabat,

2138 4709 2226 4778 qui
2259 4722 2352 4760 vas
2382 4708 2663 4778 sngniliCat,
2698 4709 2750 4761 in
2799 4725 2908 4777 quo
2950 4708 3366 4778 pulmentarium
3397 4715 3690 4782 coquebant.

2140 4803 2347 4858 \r'idesis
2379 4802 2610 4858 chicon
2641 4803 2893 4868 Martinii,
2923 4813 2973 4857 et
3007 4801 3181 4858 Vossii
3209 4808 3609 4878 etymologicon.

2209 4897 2526 4951 Calamistris
2545 4897 2741 4948 vibrare
2763 4897 3042 4961 ca’sariem,
3062 4897 3232 4964 inquit
3247 4898 3510 4955 Arnobius
3530 4900 3688 4973 (Ibid.,

2139 4992 2174 5043 ι.
2209 5008 2264 5054 ιι,
2296 5009 2346 5059 p.
2380 4989 2490 5060 72).
2525 4987 2901 5043 Calamistrum
2932 4990 3072 5044 enim
3105 5001 3219 5044 erat
3251 5006 3376 5047 acus
3409 4995 3585 5062 major,
3611 5007 3687 5045 seu

2139 5085 2356 5148 ferrum,
2389 5099 2492 5149 quo
2517 5083 2771 5137 calefacto
2801 5083 3024 5154 capillus
3070 5083 3408 5154 intorquetur
3433 5097 3485 5143 et
3510 5086 3689 5155 Crispo-

2139 5189 2242 5233 tur.
2275 5176 2412 5231 Audi
2442 5174 2715 5245 Virgilium
2749 5193 2760 5228 :

450 4666 670 4732 hujusce
717 4661 1102 4716 innnntationis
1131 4661 1262 4712 ratio
1301 4658 1558 4711 redditur.
1587 4656 1694 4712 Cur
1725 4676 1828 4712 non
1860 4659 2033 4728 potius
2063 4647 2112 4706 D

447 4758 655 4820 Cibarii,
687 4757 775 4824 qui
822 4755 1025 4808 scilicet
1054 4753 1201 4806 cibus
1231 4751 1521 4806 coniiciunt
1550 4761 1642 4804 aut
1688 4752 2036 4805 ministrant?

448 4852 620 4903 Varro
653 4850 791 4902 enim
833 4846 970 4916 apud
1014 4847 1239 4901 Nouium
1289 4845 1591 4899 Marcellum
1625 4865 1636 4899 :
1674 4866 1690 4895 ι
1728 4845 1876 4899 Tuus
1921 4847 2034 4915 ipse

447 4942 612 4996 frater
637 4941 867 4995 cibarius
900 4941 992 4992 luit
1036 4938 1367 4992 Aristoxenis
1399 4937 1564 5009 (Non.
1608 4938 1867 5006 Marcell.,
1904 4941 1939 4992 l.
1971 4939 2034 4994 de

448 5034 703 5103 Propriet.
737 5050 912 5099 serm.,
943 5049 986 5084 ε.
1017 5033 1070 5094 ‘2,
1106 5050 1157 5099 p.
1188 5033 1338 5098 550).
1378 5049 1394 5079 ι
1429 5030 1534 5084 Cur
1579 5046 1683 5084 non
1728 5033 1910 5097 etiam,
1949 5031 2030 5084 in-

444 5131 591 5198 quiet
637 5126 847 5196 aliquis,
897 5126 1102 5194 legatur
1146 5123 1361 5194 Bigarii,
1411 5139 1475 5177 ex
1523 5139 1629 5192 quo
1672 5123 1738 5176 ab
1785 5125 2030 5194 imperito

446 5224 662 5275 librario
705 5222 895 5272 factum
932 5217 1171 5288 l’igarii?
1201 5217 1472 5286 Superiori
1511 5218 1703 5287 quippe
1734 5217 1869 5272 linea
1899 5219 2032 5273 dixit

447 5315 713 5370 Arnobius
758 5312 1130 5382 quadrigarios.
1180 5311 1374 5366 Verum
1428 5325 1586 5364 neuio
1640 5310 1866 5365 fortasse
1914 5310 2030 5364 sine

446 5407 667 5463 alterius
692 5407 1035 5475 manuscripti
1063 5406 1261 5460 codicis
1291 5403 1489 5460 auxilio
1515 5403 1871 5460 adulteratam
1896 5405 2026 5459 illud

447 5518 639 5555 nomen
672 5497 960 5554 emendare
989 5501 1199 5566 poterit.

514 5596 754 5661 Bolones,
797 5596 847 5648 in
889 5607 991 5647 ms.
1040 5592 1222 5647 codice
1271 5602 1455 5647 nostro
1497 5593 1742 5662 legimus,
1781 5607 1876 5663 pro
1920 5607 2026 5664 quo

445 5687 684 5744 nonnulli
727 5701 1006 5756 perperam
1030 5685 1360 5752 scripserunt
1391 5683 1606 5739 Volones
1629 5683 1867 5756 (Arnob.,
1898 5686 1935 5739 l.
1965 5702 2022 5752 ιι,

441 5799 494 5848 p.
522 5781 635 5847 70).
667 5777 796 5832 Nam
828 5787 888 5832 ut
911 5777 983 5830 ait
1027 5778 1262 5830 Donatus
1293 5793 1305 5829 :
1349 5774 1574 5842 Cetarii,
1605 5796 1624 5830 (
1667 5777 1756 5849 qui
1785 5789 1900 5834 cete
1921 5818 1937 5844 ,
1971 5777 2025 5833 id

440 5883 540 5927 est.
573 5886 792 5940 magnos
823 5872 993 5940 pisces
1036 5868 1312 5924 venditant
1341 5878 1397 5924 et
1423 5870 1645 5927 bolones
1686 5881 1958 5936 exercent,
2004 5889 2022 5918 ι

2661 5290 2868 5339 Foedare
2894 5291 2942 5338 in
2969 5289 3170 5351 pulvere
3189 5292 3354 5342 crines

2231 5355 2428 5404 Vibrato
2455 5351 2607 5402 calido
2631 5353 2783 5412 ferro,
2815 5353 3108 5416 myrrhaquc
3133 5355 3409 5406 madentes.

2613 5457 2737 5523 (Lib.
2761 5474 2825 5509 xu
2852 5458 3067 5518 Eneid.,
3089 5473 3214 5511 vers.
3235 5461 3298 5512 90
3315 5469 3362 5513 et
3375 5462 3530 5528 seqq.)

2129 5591 2274 5661 Quos
2305 5593 2357 5648 in
2404 5607 2590 5647 versus
2639 5592 2900 5647 Servius:
2941 5611 2958 5642 ι
3018 5590 3397 5648 Calainistrum
3442 5601 3520 5647 est
3560 5604 3686 5653 acus,

2131 5688 2318 5757 inquit.
2366 5687 2558 5758 major,
2605 5701 2725 5756 qua:
2765 5684 3042 5748 calefacta,
3074 5696 3129 5738 et
3171 5685 3407 5740 adhibita
3452 5687 3688 5754 intorquet

2131 5781 2372 5850 capillos.
2423 5800 2441 5833 ι
2491 5778 2700 5833 Videsis
2741 5776 2941 5832 Julium
2988 5777 3296 5843 Pollucem,
3356 5787 3410 5832 et
3459 5777 3684 5833 lsidorum

2130 5871 2320 5938 (PolL,
2345 5873 2380 5926 ι.
2413 5887 2468 5939 v,
2498 5887 2543 5924 ι’.
2576 5871 2672 5937 16;
2709 5867 2921 5934 ltitiam
2954 5870 3092 5923 (.1:
3125 5868 3298 5931 Oriq..
3355 5886 3400 5925 c.
3428 5869 3534 5924 i3)-
