3872 6352
181 384 281 447 693

1377 377 1442 435 lN
1480 370 1857 441 amomum,
1897 369 2050 429 CAP.
2095 371 2284 444 χχιι.

3362 375 3469 435 θοι

246 499 504 555 Calicndri
553 500 771 556 nomine
819 499 1041 571 putabat
1083 495 1371 554 Turnebus
1414 493 1484 548 ab
1527 490 1764 547 Arnobio
1791 494 1844 555 Α
1868 487 2015 544 Festi
2040 489 2220 545 verbis
2240 498 2296 546 et
2321 490 2641 548 auctoritate
2667 491 2809 559 fulti,
2834 499 3026 564 putant
3040 491 3220 550 Castus
3243 493 3466 550 nomine

181 596 400 655 indicari
425 579 672 667 pallium,
701 595 838 667 quod
883 603 1008 650 ante
1048 593 1352 648 riciniatum
1382 581 1767 660 appellaverat.

1875 579 1972 634 bas
1998 595 2188 636 omnes
2217 583 2542 639 cerimonias
2569 583 2877 655 signiﬁcari.
2902 584 3266 643 Tertullianus
3284 597 3465 643 autem

180 690 280 748 Sed
331 705 391 746 re
441 690 709 746 maturius
766 703 1041 760 expensa,
1101 685 1431 742 existimavit
1487 678 1773 752 signiﬁcari
1873 672 1964 726 ubi
1993 673 2252 729 adversus
2281 675 2578 731 catholicos
2625 692 2722 747 pro
2765 691 2984 743 suorum
3021 677 3465 734 Montanistarum

179 783 359 854 capitis
387 784 810 855 operimentum.
859 781 980 849 Quo
1021 796 1186 835 sensu
1230 779 1298 834 ab
1345 776 1565 832 Horatio
1612 788 1770 829 usur-

248 886 329 932 llll’
354 895 370 934 ἴ

248 889 296 931 ιιι
354 895 370 934 :

179 889 239 946 pa
304 893 329 932 Γ
548 969 716 1019 Altum
735 968 943 1030 Sagana:
959 965 1279 1017 caliendrum.

698 1051 913 1116 (Horat.,
935 1046 1018 1100 lib.
1038 1065 1072 1112 ι,
1101 1046 1238 1098 satir.
1261 1046 1309 1107 8,
1329 1058 1456 1096 vers.
1477 1041 1584 1104 48.)

176 1159 321 1228 Quod
338 1159 392 1215 in
418 1174 639 1215 carmen
660 1158 861 1224 Acron,
884 1157 999 1212 sive
1020 1157 1205 1227 quivis
1224 1154 1342 1224 ejus
1367 1150 1585 1208 nomine
1605 1149 1765 1212 alius,

175 1253 443 1309 annotavit
484 1253 802 1308 caliendrum
830 1251 953 1312 dici,
986 1250 1100 1305 sive
1147 1257 1526 1302 ornamentum
1571 1243 1767 1314 capitis

174 1348 475 1413 mulierum,
499 1363 608 1419 quo
629 1347 694 1401 ad
725 1344 1067 1401 exornandos
1096 1343 1274 1399 crines
1303 1341 1626 1403 utebantur;
1654 1337 1767 1392 sive

172 1441 543 1511 supposititios
584 1444 795 1506 crines,
843 1454 980 1509 quos
1023 1453 1120 1508 pro
1151 1434 1484 1490 naturalibus
1529 1431 1764 1501 accipie-

170 1533 311 1589 bant.
341 1533 710 1588 Tertullianns
734 1546 948 1602 quoque
978 1530 1081 1585 hoc
1110 1543 1309 1584 nomen
1337 1525 1639 1596 usurpavit,
1670 1522 1762 1579 ubi

168 1626 221 1679 in
248 1626 498 1680 mulieres
527 1625 798 1679 invehitur
827 1641 842 1676 :
874 1641 893 1675 α
923 1626 993 1677 At
1014 1637 1156 1676 nunc
1181 1621 1235 1675 in
1261 1619 1582 1688 semetipsas
1608 1617 1758 1670 leno-

167 1718 414 1785 cinando,
455 1733 568 1787 quo
591 1717 801 1789 planius
830 1716 1112 1780 adeantur,
1145 1724 1202 1769 et
1242 1712 1459 1773 stolam,
1488 1722 1543 1766 et
1573 1710 1760 1780 luppa-

166 1827 296 1878 rum,
328 1823 382 1866 et
405 1811 760 1882 crepidulam,
784 1819 838 1866 et
857 1809 1210 1875 caliendrum,
1233 1808 1378 1877 ipsas
1405 1818 1624 1876 quoque
1640 1809 1758 1874 jam

1867 764 2086 835 jejuniis
2130 766 2364 837 disputat
2407 787 2420 823 :
2453 782 2488 833 ;‹
2517 769 2622 824 Sed
2672 769 2827 834 bene,
2859 787 2879 821 ι
2914 770 3117 840 inquit,
3173 788 3195 822 ς
3225 770 3366 840 quod
3412 771 3466 825 in

1871 865 2075 915 nostris
2108 861 2465 933 XerOphagiis
2493 863 2860 933 blasphemias
2881 864 3154 934 ingerens,
3183 862 3348 920 Casto
3375 864 3472 920 Isi-

1872 954 1957 1009 dis
1987 963 2040 1008 et
2080 951 2307 1027 Cybeles
2353 955 2606 1026 adaequat;
2642 974 2663 1007 ›
2713 955 2976 1028 (Tertull.,
3022 957 3112 1011 lib.
3154 957 3218 1011 de
3260 955 3468 1030 Jejun.,

1873 1063 1989 1116 cap.
2021 1048 2133 1118 16).
2159 1048 2213 1104 Si
2238 1049 2356 1118 quis
2378 1064 2506 1104 vero
2526 1049 2686 1102 alium
2714 1064 2812 1119 pro
2842 1048 3122 1104 catholicis
3146 1057 3329 1105 contra
3360 1049 3471 1105 hae-

1871 1139 2074 1194 reticos
2116 1151 2367 1209 agentem
2398 1140 2589 1194 audire
2637 1141 2808 1207 malit,
2842 1156 2908 1195 en
2939 1151 3142 1211 praesto
3168 1151 3252 1218 est
3283 1142 3475 1198 Hiero-

1871 1246 2100 1303 nymus,
2141 1233 2230 1302 qui
2274 1231 2534 1287 adversus
2577 1231 2848 1287 Joviniaul
2894 1247 3108 1287 errores
3146 1233 3471 1305 pugnando,

1870 1326 1990 1382 haec
2033 1326 2303 1381 scribebat
2331 1345 2343 1380 :
2379 1344 2398 1376 ι
2440 1325 2515 1379 De
2543 1325 2785 1380 ciborum
2813 1324 2917 1379 sibi
2947 1324 3163 1395 placent
3190 1326 3469 1382 abstinen-

1869 1420 1965 1486 tia,
1995 1419 2146 1490 quasi
2174 1434 2276 1472 non
2308 1429 2362 1473 et
2389 1418 2700 1488 superstitio
2727 1418 3011 1488 gentilium
3038 1427 3245 1473 castum
3276 1420 3466 1474 matris

1869 1511 2028 1566 deum
2070 1509 2340 1576 observet,
2363 1520 2416 1565 et
2435 1509 2664 1564 Osiridis
2691 1527 2708 1561 ι
2735 1507 3092 1581 (Ηὶενοηῃηιη
3118 1511 3234 1564 adu.
3261 1509 3465 1576 Jovin.,

1868 1604 1960 1659 lib.
1989 1619 2048 1668 ιι,
2077 1619 2196 1674 pag.
2225 1603 2343 1673 91).
2375 1602 2572 1657 Postea
2620 1616 2747 1656 vero
2784 1601 2994 1671 planius
3032 1617 3095 1657 ac
3125 1603 3360 1672 propius
3400 1604 3469 1659 ad

1867 1696 2095 1750 Arnobii
2142 1696 2311 1750 nostri
2355 1703 2590 1750 mentem
2618 1711 2630 1746 :
2667 1712 2684 1746 t
2717 1692 3036 1761 Quomodo,
3070 1693 3276 1764 inquit,
3305 1695 3470 1765 virgi-

1869 1787 2022 1842 nitati
2052 1802 2193 1841 verae
2221 1801 2327 1841 non
2355 1785 2672 1856 praejudicat
2702 1786 2930 1839 imitatio
2951 1784 3218 1855 virginum
3243 1785 3468 1849 diaboli,

165 1876 396 1972 lecticas,
423 1913 479 1959 et
505 1876 670 1958 sellas
696 1876 848 1972 queis
872 1902 926 1957 in
951 1900 1166 1971 publico
1192 1876 1408 1969 quoque
1437 1895 1755 1958 dome9tice,
1791 1899 1840 1959 B
1867 1882 1939 1936 ila
1969 1895 2068 1935 nec
2112 1880 2255 1935 νετῖδ
2296 1881 2517 1972 ieiuniis
2564 1886 2770 1934 0³³⁸⁸³1³]
2820 1877 3071 1972 Ῑδίξίίδῄεί
3113 1876 3380 1972 (ῙΥδθῙθετ
3413 1887 3468 1933 ει

164 2011 225 2051 ac
275 2005 487 2050 secrete
537 1995 897 2060 habebantur,
931 1993 1210 2064 ejeravere
1247 2010 1265 2043 ι
1303 1989 1576 2063 (Τενιιιιιη
1606 1988 1646 2042 ι.
1703 1987 1766 2041 de

166 2087 361 2156 Pallio,
394 2107 442 2144 c.
474 2090 529 2157 4,
563 2107 614 2158 p.
649 2087 803 2156 156).

233 2202 253 2235 ‹
276 2181 584 2238 Cauacbeni
612 2180 861 2236 obserata
878 2177 1176 2251 pandentes
1198 2174 1536 2231 remedorum
1561 2172 1760 2228 obscu-

161 2276 312 2333 ritate
358 2297 378 2329 ι
429 2275 676 2347 (Arnob.,
709 2275 748 2328 ι.
779 2290 854 2337 v1,
887 2290 939 2341 p.
972 2271 1120 2341 108).
1153 2270 1330 2326 Verba
1360 2277 1487 2324 sunt
1525 2265 1764 2322 auctoris

159 2368 346 2433 nostri,
372 2381 498 2437 quae
525 2365 770 2436 pluribus
795 2365 959 2436 plane
981 2371 1234 2432 corrupta
1263 2375 1384 2416 esse
1413 2358 1552 2414 haud
1575 2359 1760 2413 imme-

159 2462 258 2516 rito
283 2459 558 2515 videntur.
592 2459 821 2526 Quidam
852 2459 1033 2528 itaque
1059 2467 1156 2526 pro
1180 2454 1518 2518 remedorum,
1550 2450 1761 2514 restitui

161 2553 341 2609 volunt
386 2553 732 2619 tenebrarum,
764 2553 859 2608 sed
891 2568 994 2623 qua
1038 2547 1393 2606 auctoritate?
1427 2548 1504 2603 De
1543 2545 1760 2602 nomine

160 2655 328 2702 autem
361 2643 659 2700 Canacheni
705 2645 1055 2716 quaerendum
1103 2642 1332 2713 amplius
1361 2649 1608 2697 censent.
1651 2638 1757 2695 Sed

159 2738 244 2792 ubi
273 2737 323 2792 id
353 2738 732 2808 quaerendum,
776 2737 879 2790 nisi
924 2736 1062 2789 alius
1093 2732 1335 2789 melioris
1363 2743 1504 2789 noun
1530 2740 1586 2786 et
1616 2731 1754 2784 inte-

158 2830 297 2900 grior
333 2829 738 2898 manuscriptus
773 2827 944 2882 codex
992 2825 1292 2880 habeatur?
1339 2826 1406 2878 At
1446 2832 1594 2877 certe
1625 2821 1758 2876 nulli

159 2923 440 2977 obscurum
481 2937 602 2977 esse
643 2929 823 2992 potest
853 2917 1153 2974 Arnobium
1197 2917 1344 2988 loqui
1378 2916 1447 2972 de
1479 2916 1758 2971 nocturnis

157 3015 531 3087 pradonibus,
581 3017 670 3084 qui
719 3013 938 3068 deorum
991 3012 1278 3066 simulacra
1334 3019 1424 3065 aut
1478 3011 1747 3079 spoliave-

157 3121 291 3177 raut,
321 3120 416 3165 aut
445 3124 514 3164 ex
543 3108 756 3179 templis
799 3105 1157 3162 abstulerant.
1193 3106 1276 3161 An
1318 3113 1497 3159 autem
1528 3117 1621 3158 eos
1651 3102 1752 3159 de-

156 3204 350 3275 signet,
386 3203 484 3274 qui
515 3203 720 3273 magica
755 3209 873 3255 arte
898 3199 951 3255 id
981 3197 1253 3265 lacerent,
1283 3198 1511 3254 aliorum
1548 3196 1751 3267 judicio

157 3295 534 3365 permittimus.

222 3386 605 3441 Chantharulns
633 3385 702 3441 ab
735 3373 975 3440 Arnobio
1013 3383 1208 3438 dicitur
1238 3381 1425 3455 (Ibid.,
1467 3399 1588 3453 pag.
1615 3377 1752 3452 209)

109 3546 116 3556 '
157 3495 371 3550 parvum
401 3494 500 3533 vas
528 3480 795 3550 potorium
821 3520 837 3544 ,
867 3492 987 3531 cum
1027 3491 1135 3546 quo
1164 3472 1408 3528 Bacchus
1437 3472 1584 3543 pingi
1612 3473 1753 3527 sole-

157 3574 261 3630 bat.
292 3575 504 3630 Paucas
533 3576 675 3629 enim
703 3582 828 3627 ante
856 3572 1027 3626 lineas
1049 3570 1339 3636 scripserat
1368 3584 1379 3620 :
1412 3585 1430 3617 ‹
1462 3566 1519 3620 1η
1547 3564 1750 3632 Liberi,

157 3685 245 3727 seu
271 3670 492 3736 Bacchi,
516 3670 738 3724 dextera
766 3666 1010 3738 pendens
1036 3665 1238 3735 poteris
1268 3661 1618 3716 cantharus»
1650 3659 1755 3713 Ra—

157 3763 349 3818 tionem
382 3764 427 3818 si
463 3777 706 3832 quaeras,
745 3759 884 3814 hanc
931 3757 1026 3812 tibi
1060 3756 1306 3810 Valerius
1335 3754 1596 3809 Maximus
1624 3769 1752 3824 sug-

157 3867 318 3928 geret.
352 3876 370 3909 t
402 3856 568 3912 Liber
598 3862 748 3925 pater
782 3868 846 3908 ex
881 3852 1006 3906 Asia
1038 3845 1244 3905 ducens
1275 3847 1626 3918 triumphum,
1652 3849 1754 3904 hoc

158 3965 280 4006 usus
318 3950 500 4021 poculi
543 3961 744 4019 genere
782 3946 1055 4001 ferebatur
1087 3963 1105 3994 ›
1161 3941 1312 4014 (Val.
1358 3940 1530 4006 Max.,
1562 3941 1651 3997 lib.
1685 3957 1750 4008 ιι,

159 4058 266 4111 cap.
298 4044 353 4108 6,
379 4043 408 4115 ᾗ
439 4042 520 4113 7).
551 4039 718 4109 Cujus
743 4037 1013 4103 exemplo,
1043 4035 1119 4089 uti
1152 4035 1243 4090 ille
1272 4043 1324 4090 et
1353 4034 1559 4089 Plinius
1585 4049 1755 4089 anuo-

160 4142 328 4188 tarunt
351 4134 551 4205 (Plin.,
577 4133 666 4186 lib.
690 4145 858 4185 xxxnt
885 4128 1021 4182 Hist.
1065 4137 1195 4186 nat..
1223 4144 1340 4195 cap.
1367 4128 1456 4191 11,
1489 4143 1608 4198 pag.
1634 4125 1750 4199 75),

159 4227 217 4281 C.
244 4228 438 4282 Marius
463 4237 583 4296 post
611 4225 895 4280 victoriam
931 4221 1271 4294 Cymbricam
1300 4219 1572 4276 cantharis
1605 4236 1750 4277 sem-

159 4333 248 4387 per
279 4319 510 4389 potavit.

224 4412 403 4480 Capite
447 4412 586 4466 censi
632 4410 880 4482 appellati
930 4419 1089 4474 sunt,
1134 4408 1338 4479 inquit,
1386 4417 1508 4478 post
1555 4407 1752 4463 Iulium

158 4494 410 4570 Paulum,
448 4507 512 4559 Α.
544 4503 783 4569 Gellius,
814 4503 906 4573 qui
939 4503 1084 4555 nullo
1107 4545 1121 4565 ,
1164 4510 1257 4555 aut
1299 4517 1556 4572 perquam
1591 4518 1754 4571 parvo

159 4612 258 4652 tere
305 4600 704 4662 censebantur,
754 4611 816 4651 ac
865 4611 1085 4664 parvum
1131 4604 1225 4650 aut
1272 4595 1481 4650 nullum
1525 4597 1753 4667 vectigal

1867 1972 2221 2043 quorumdam
2241 1971 2486 2026 ciborum
2511 1972 2562 2025 in
2584 1979 2845 2026 aeternum
2864 1969 3214 2037 abstinentia,
3235 1969 3469 2026 maxime

1869 2079 1992 2120 cum
2021 2064 2160 2134 apud
2192 2064 2313 2120 illos
2338 2063 2602 2134 jejunium
2635 2064 2810 2133 panis,
2841 2063 3027 2133 sagina
3052 2064 3296 2118 carnium
3322 2078 3470 2118 com-

1865 2167 2181 2229 posceretur
2212 2176 2230 2209 ι
2268 2155 2453 2226 (Ibid.,
2483 2173 2604 2227 pag.
2635 2155 2784 2228 104).
2817 2155 3008 2211 Nonne
3033 2157 3179 2211 enim
3213 2156 3345 2211 illud
3382 2158 3465 2229 je-

1859 2253 2066 2324 junium
2095 2254 2266 2322 panis,
2291 2251 2431 2307 idem
2455 2259 2540 2306 est
2564 2260 2727 2321 atque
2758 2260 3088 2320 temperatus,
3114 2260 3172 2305 ut
3193 2251 3470 2307 Arnobius

1868 2347 2022 2413 dixit,
2055 2347 2118 2400 ab
2152 2346 2398 2400 alimonio
2421 2345 2570 2415 panis
2588 2345 2614 2398 1’

1935 2439 2151 2494 Cimices
2178 2440 2456 2494 vermiculi
2485 2447 2612 2494 sunt
2641 2435 2814 2495 fmtidi
2846 2453 2910 2494 ex
2941 2438 3119 2510 ligno,
3154 2437 3375 2508 chartis,
3413 2449 3467 2497 et

1866 2532 2038 2604 paleis
2069 2542 2374 2589 nascentes.
2408 2534 2641 2588 Isidorus
2673 2548 2803 2588 vero
2832 2551 2846 2588 :
2883 2552 2900 2585 t
2939 2533 3161 2601 Cimex,
3201 2553 3222 2586 ι
3258 2535 3465 2606 inquit,

1871 2645 1891 2676 ι
1929 2625 1997 2681 de
2027 2625 2379 2681 similitudine
2405 2625 2683 2697 cujusdam
2714 2625 2897 2680 herbae
2925 2638 3170 2693 vocatur,
3197 2628 3353 2697 cujus
3375 2626 3467 2684 loe-

1865 2729 2037 2774 torem
2063 2718 2224 2773 habet
2256 2737 2274 2770 ›
2301 2717 2545 2791 (Arnob.,
2571 2717 2658 2772 lib.
2681 2734 2740 2786 ιι,
2765 2735 2883 2790 pag.
2907 2718 3239 2787 75;'!sidor.,
3275 2722 3365 2775 lib.
3386 2737 3460 2777 ιιι

1867 2812 2040 2886 0rig.,
2072 2829 2188 2883 cap.
2221 2810 2299 2884 5).
3273 2813 3284 2817 ”

1939 2926 1958 2958 ‹
1990 2905 2229 2974 Cinnam,
2263 2925 2281 2958 ι
2317 2907 2392 2961 ait
2431 2915 2619 2961 auctor
2662 2917 2876 2972 noster,
2927 2925 2946 2959 t
2981 2923 3273 2980 cyceonem
3304 2924 3465 2980 quem

1862 3011 2137 3069 nuncupat
2160 3001 2392 3066 tinacia,
2413 3002 2621 3072 oggerit
2655 3022 2672 3053 ι
2703 3001 2940 3071 (Arnob.,
2966 3003 3055 3058 lib.
3081 3019 3136 3070 v,
3165 3022 3287 3076 pag.
3314 3005 3464 3075 174).

1861 3091 1989 3145 Haec
2029 3102 2208 3146 autem
2240 3093 2332 3147 ille
2370 3102 2425 3147 et
2453 3093 2601 3163 plura
2640 3094 2743 3148 alia
2765 3134 2779 3158 ,
2819 3109 2940 3163 qua:
2971 3095 3042 3150 ibi
3071 3095 3140 3151 de
3170 3095 3464 3153 Eleusiuiis

1861 3186 2140 3255 mysteriis
2168 3195 2369 3250 narrat,
2399 3202 2464 3241 ex
2495 3188 2774 3242 Clemente
2801 3188 3187 3255 Alexandrino,
3216 3201 3272 3243 ut
3301 3204 3464 3261 supra

1785 3291 1830 3356 ς
1863 3277 2201 3345 notavimus,
2249 3288 2524 3332 mutuatus
2563 3288 2665 3334 est.
2707 3280 2897 3335 Graece
2942 3281 3084 3335 enim
3148 3281 3340 3337 doctus
3385 3283 3467 3338 vir

1846 3372 2152 3441 scripserat
2179 3389 2190 3425 :
2224 3370 2366 3428 ἔπιον
2392 3373 2476 3428 τὸν
2502 3381 2743 3441 κυκεῶνα,
2774 3372 2888 3428 Bibi
2933 3390 3222 3446 cyceonem.
3256 3376 3464 3430 Cinnns

1857 3473 2059 3530 autem,
2093 3473 2228 3518 teste
2258 3464 2429 3520 Nonio
2460 3465 2731 3530 Marcello,
2766 3467 3002 3536 potionis
3027 3482 3198 3536 genus
3227 3477 3362 3534 erat;
3391 3481 3461 3523 ex

1856 3557 2040 3612 multis
2062 3557 2362 3628 liquoribus
2383 3561 2691 3615 confectum
2721 3561 2976 3631 (Clemens
3002 3561 3284 3616 Alexandr.
3307 3603 3320 3626 ,
3352 3561 3461 3616 Ad-

1857 3651 2035 3704 monit.
2063 3651 2131 3702 ad
2160 3661 2322 3721 gent.,
2363 3669 2482 3723 pag.
2512 3652 2602 3718 i5;
2637 3650 2781 3705 Non.
2812 3651 3078 3719 Marcell.,
3107 3653 3168 3706 de
3195 3653 3456 3726 PrOpriet.

1856 3745 2017 3810 verb.,
2044 3761 2162 3815 cap.
2187 3747 2213 3800 1
2243 3757 2289 3800 et
2309 3745 2384 3817 6).
2413 3746 2643 3802 Monitos
2666 3761 2828 3817 porro
2849 3761 2950 3801 nos
2978 3747 3068 3801 ille
3094 3745 3219 3801 facit
3244 3763 3306 3802 ea
3328 3764 3462 3804 voce

1856 3853 2016 3893 usum
2065 3853 2187 3894 esse
2231 3836 2586 3894 Ciceronem.‘
2625 3839 2838 3894 Videsis
2875 3838 3223 3907 Turnebum,
3258 3840 3331 3895 lib
3385 3856 3462 3894 xu

1857 3932 2148 3987 Adversar.
2169 3972 2184 3998 ,
2212 3947 2333 4002 cap.
2363 3933 2418 3988 8.

1929 4025 2144 4080 Classici
2182 4025 2591 4094 appellabantur
2629 4027 2777 4082 cives
2812 4027 3038 4084 Romani
3097 4033 3187 4100 qui
3236 4030 3455 4102 quidem

1858 4120 2034 4174 varias
2079 4119 2133 4173 in
2162 4118 2366 4173 classes
2395 4118 2666 4189 quomodo
2695 4120 2967 4176 distributi
2998 4122 3227 4190 iuerint,
3273 4125 3457 4181 Livius

1857 4223 1912 4269 et
1961 4211 2247 4284 Dionysius
2303 4212 2744 4269 Halicarnasseus
2796 4215 3137 4286 descripsere
3185 4219 3461 4290 (Arnob.,

1857 4308 1947 4363 lib.
1972 4324 2030 4375 ιι,
2061 4323 2182 4378 pag.
2216 4305 2308 4373 65;
2339 4305 2475 4374 Liu.,
2514 4306 2602 4363 lib.
2635 4323 2692 4374 ιι,
2725 4324 2840 4381 cap.
2865 4310 2954 4374 45,
2986 4309 3204 4382 Dionys.
3262 4312 3488 4379 Helia,

1858 4401 1947 4456 lib.
1972 4416 2046 4463 IV,
2070 4417 2190 4470 pag.
2223 4399 2323 4454 221
2350 4409 2398 4456 et
2422 4398 2609 4472 seqq.).
2637 4400 2907 4473 Singulari
2931 4411 3110 4459 tamen
3130 4405 3456 4476 signiﬁcatu,

1858 4501 1918 4547 ut
1947 4491 2134 4547 refert.
2158 4494 2224 4546 A.
2257 4491 2485 4558 Gellius,
2519 4493 2732 4549 classici
2770 4497 3099 4551 vocabantur
3125 4499 3310 4569 prima:
3340 4513 3458 4557 tan-

1861 4595 1970 4642 tum
2003 4587 2192 4643 classis
2220 4587 2503 4658 homines,
2537 4591 2871 4659 qui'centum
2902 4602 2956 4648 et
2996 4594 3180 4665 viginti
3225 4595 3458 4667 quinque

159 4690 460 4760 pendebant
507 4691 722 4763 (Arnob.
745 4731 759 4754 ,
794 4689 883 4743 lib.
941 4703 997 4756 ιι,
1037 4705 1159 4759 pag.
1191 4688 1294 4753 (i3;
1332 4686 1488 4753 Gell.,
1525 4688 1614 4742 lib.
1644 4704 1750 4755 xvr,
1782 4681 1835 4750 D
1861 4683 2026 4738 millia
2043 4684 2167 4737 teris
2189 4683 2488 4754 ampliusve
2508 4685 2656 4740 censi
2677 4694 2832 4741 erant
2854 4685 3038 4756 (Gell.,
3063 4689 3152 4745 lib.
3176 4707 3245 4745 vn
3298 4690 3454 4745 Noct.

161 4781 313 4839 Nocl.
343 4785 528 4850 Attia,
557 4800 677 4854 cup.
708 4781 817 4852 10).

225 4875 407 4930 Castus
430 4875 692 4946 peculiari
712 4889 875 4929 sensu
894 4873 961 4926 ab
978 4871 1218 4928 Arnobio
1235 4872 1493 4941 accipitur
1513 4871 1723 4943 (Arnob.
1737 4916 1750 4938 ,

164 4968 243 5021 lib.
273 4985 327 5034 v,
360 4986 486 5040 pag.
519 4966 671 5034 167),
697 4967 781 5020 ubi
809 4967 996 5020 matris
1021 4967 1180 5021 deum
1211 4980 1304 5020 seu
1331 4960 1583 5038 Cybeles,
1611 4981 1754 5038 mys—

164 5062 289 5114 teria
331 5061 481 5115 hunc
525 5059 762 5128 exagitat
806 5059 858 5112 in
904 5057 1118 5113 modum
1156 5077 1170 5111 :
1207 5077 1226 5108 ι
1261 5058 1396 5123 Quid
1431 5068 1755 5127 temperatus

166 5151 228 5205 ab
259 5153 516 5205 alimonio
547 5151 698 5220 panis
721 5193 734 5213 ,
769 5151 852 5204 cui
884 5153 957 5204 rei
988 5149 1218 5205 dedistis
1251 5166 1443 5204 nomen
1490 5161 1689 5205 castus.
1733 5171 1751 5202 ι

166 5245 309 5312 Quod
333 5246 554 5316 quidem
581 5254 636 5299 ut
659 5245 1008 5314 intelligatur,
1033 5261 1097 5299 ex
1123 5244 1373 5314 Apuleio,
1394 5245 1754 5311 Tcrtulliano,

166 5338 490 5412 Hieronymo
518 5347 574 5393 ct
601 5337 741 5405 aliis,
783 5337 1321 5393 animadvertendum
1353 5347 1455 5402 est,
1487 5340 1538 5393 in
1566 5339 1755 5394 horum

169 5431 543 5501 mysteriorum
572 5431 935 5485 celebratione
964 5431 1304 5486 observatam
1336 5432 1531 5499 fuisse,
1563 5441 1760 5503 praeter

169 5526 293 5581 alios
343 5526 530 5595 plures
575 5525 980 5595 superstitiosos
1034 5525 1212 5590 ritus,
1265 5525 1511 5580 ciborum
1567 5525 1756 5580 saltem

170 5621 527 5675 communium
577 5619 956 5674 abstinentiam
1005 5620 1236 5689 (Apul.,
1287 5618 1376 5673 lib.
1421 5635 1476 5673 xl
1521 5618 1756 5682 Metam,

173 5731 284 5784 pag.
312 5714 421 5770 206
450 5724 497 5768 et
526 5713 656 5779 209;
686 5713 927 5780 Tertull.,
958 5715 1046 5768 lib.
1077 5715 1140 5767 de
1167 5715 1372 5783 Jejun.,
1400 5730 1516 5783 cap.
1546 5714 1599 5783 2;
1636 5712 1759 5768 Hie-

171 5826 386 5880 ronym,
412 5811 558 5877 epist.
585 5810 616 5863 7
639 5809 709 5862 ad
735 5807 948 5875 Laetam,
974 5826 1095 5881 pag.
1125 5808 1216 5875 59,
1249 5819 1296 5862 et
1332 5808 1420 5863 lib.
1451 5824 1490 5863 ιι
1543 5808 1754 5863 Advers.

177 5897 305 5972 tiam,
336 5920 463 5976 pag.
503 5899 618 5970 98).
653 5904 722 5958 At
751 5901 986 5972 quidam.
1021 5902 1093 5958 uti
1126 5901 1406 5958 Martinius
1430 5912 1484 5957 et
1507 5898 1753 5970 Vossius,

1861 4785 2040 4850 Attia,
2071 4799 2188 4853 cap.
2209 4780 2325 4854 15).
2350 4782 2419 4836 At
2445 4798 2512 4838 eo
2538 4783 2843 4853 signiﬁcatu
2867 4785 2971 4840 hoc
2993 4801 3186 4842 nomen
3217 4789 3457 4844 classicus

1859 4876 1929 4929 ab
1958 4875 2196 4928 Arnobio
2223 4875 2477 4941 sumitur,
2511 4876 2555 4930 si
2589 4877 2796 4946 integer
2826 4887 2880 4932 et
2911 4877 3252 4947 incorruptus
3282 4882 3352 4934 sit
3381 4882 3456 4936 ibi

1861 4969 2003 5023 illius
2031 4977 2207 5023 textus
2229 5011 2242 5028 .
2285 4968 2373 5024 ubi
2412 4969 2564 5038 plura
2606 4971 2834 5039 turpiter
2878 4970 3074 5026 foedata
3108 4973 3270 5027 fuisse
3298 4989 3458 5029 nemo

1865 5062 2086 5122 dilliteri
2112 5072 2306 5132 potest.
2338 5062 2412 5119 De
2440 5063 2629 5118 iisdem
2654 5075 2831 5118 autem
2862 5065 3228 5120 Romanorum
3262 5068 3458 5124 civium

1866 5157 2128 5210 classibus
2157 5155 2429 5211 Arnobius
2458 5155 2573 5229 (lib.
2602 5173 2660 5219 ιι,
2692 5174 2810 5227 pag.
2841 5156 2966 5228 91),
2993 5160 3066 5212 uti
3096 5162 3344 5228 superius
3378 5164 3459 5217 vi-

1867 5248 2065 5315 dimus,
2097 5248 2313 5304 locutus
2337 5257 2491 5303 antea
2526 5251 2718 5304 fuerat.
2744 5252 2811 5304 At
2842 5251 2910 5306 de
2940 5252 3022 5305 his
3046 5259 3303 5320 pra'terea
3329 5270 3459 5310 con-

1865 5342 2043 5397 sulere
2089 5343 2329 5411 poteris,
2377 5345 2444 5396 A.
2493 5342 2764 5409 Gellium,
2813 5343 2909 5398 lib.
2955 5360 2986 5399 ιι
3054 5344 3210 5401 Noct.
3251 5349 3454 5417 Attic.,

1865 5451 1988 5506 cap.
2014 5433 2106 5502 28,
2135 5443 2189 5489 et
2214 5434 2474 5506 Lipsium,
2502 5435 2595 5490 lib.
2633 5452 2646 5490 ι
2674 5435 2741 5491 de
2766 5435 2918 5492 Miltt.
2946 5436 3128 5504 Rom.,
3164 5439 3368 5512 Dialog.
3397 5442 3454 5507 2,

1864 5539 1996 5584 tom.
2022 5545 2099 5595 ιιι,
2130 5543 2250 5600 pag.
2283 5529 2366 5585 l5.

1937 5620 2194 5688 Cratere,
2243 5623 2286 5676 si
2319 5619 2491 5676 Nonio
2520 5620 2774 5677 Marcello
2798 5621 3126 5690 credideris,
3167 5637 3292 5678 vasa
3335 5633 3458 5679 sunt

1864 5714 2005 5782 vini;
2038 5725 2279 5771 crateres
2307 5729 2438 5770 vero
2470 5730 2597 5770 vasa
2628 5715 2864 5783 olearia;
2913 5731 2976 5771 ac
3024 5722 3310 5786 utrumque
3341 5716 3457 5770 Vir-

1865 5808 1976 5881 gilii
2007 5796 2333 5866 auctoritate
2357 5811 2590 5882 probare
2615 5811 2804 5868 nititur
2827 5809 3014 5882 (lbid.,
3039 5826 3155 5880 pag.
3196 5809 3285 5876 56;
3313 5807 3456 5862 Mar-

1864 5903 2002 5970 cell.,
2036 5917 2149 5971 capt
2182 5899 2294 5967 i9)t
2337 5935 2344 5940 -
