3872 6338
345 355 448 413 095

1612 360 2052 420 DISSERTATIO
2076 362 2350 421 PRJEVIA

3527 367 3632 423 (-96

370 473 555 543 gCupa
593 472 830 537 est‘vas',
877 473 1062 546 in’quo
1092 475 1319 541 hibitur;
1350 475 1430 530 vel
1455 518 1468 537 .
1514 487 1572 531 ut
1608 477 1922 549 quibusdam
1945 473 2003 542 Α
2027 481 2138 535 sius
2167 480 2453 546 Hieroclis,
2503 491 2557 538 et
2602 482 3033 540 Elmenhorsttus
3074 482 3322 540 Hieronis
3356 483 3627 540 Alexand.

341 566 533 634 placet,
574 581 667 620 vas
693 567 952 622 vinarium
981 568 1151 638 majus
1180 568 1417 640 (Aruob.,
1440 568 1554 632 lib.,
1581 583 1639 636 ιι,
1664 586 1782 641 pag.
1804 569 1918 639 59).

409 658 672 724 Curculio,
705 675 799 717 seu
828 663 1100 733 curgulio,
1129 671 1220 716 aut
1257 662 1504 732 gurgulio
1525 705 1539 724 ,
1591 679 1812 732 parvum
1843 675 1924 720 est

340 752 536 808 animal
567 752 890 810 frumentum
920 754 1211 808 corrodens
1238 752 1428 822 (lbid.,
1457 771 1579 824 pag.
1611 755 1727 824 75),
1754 764 1811 811 ut
1833 771 1926 826 pa-

343 854 419 902 tet
450 847 551 901 hoc
577 847 781 919 Virgilii
807 848 1042 904 carmine
1075 865 1090 902 :

435 1023 471 1073 Β
598 1023 626 1072 Γ
685 960 985 1024 P0pulatque
1007 963 1264 1022 ingentem
1290 960 1427 1011 farris
1445 973 1676 1012 acervum

475 1036 590 1072 urcu
616 1036 678 1073 ιο.

475 1036 678 1073 111⁸011110.

834 1082 1061 1152 (γίνῃὶιέ,
1089 1082 1172 1136 lib.
1196 1101 1212 1134 ι
1241 1087 1435 1151 Georg.,
1459 1099 1580 1138 vers.
1613 1086 1738 1147 185.)

339 1214 500 1283 Lege,
549 1216 594 1268 si
639 1218 790 1279 vetis,
823 1215 889 1269 de
927 1215 1007 1270 Re
1035 1217 1235 1272 rustica
1267 1218 1579 1284 scriptores,
1608 1218 1927 1283 Varronem,

338 1322 454 1374 cap.
484 1307 572 1372 65;
601 1307 882 1374 Catonem,
907 1324 1027 1379 cap.
1053 1309 1108 1372 ες
1136 1309 1511 1369 Columellam.
1537 1311 1629 1365 lib.
1659 1327 1696 1376 ι,
1731 1325 1848 1378 cap.
1872 1307 1926 1376 6;

338 1397 632 1453 Palladium
665 1415 893 1470 quoque,
931 1401 1023 1455 lib.
1059 1417 1098 1467 1,
1134 1400 1213 1454 tit.
1247 1402 1330 1456 19.

409 1489 666 1562 Defanata
711 1493 932 1558 spatiata
974 1494 1101 1548 dicit
1142 1494 1409 1548 Arnobius
1451 1494 1688 1566 (Arnob.,
1719 1493 1808 1548 lib.
1850 1509 1932 1560 tv,

340 1605 393 1654 ῃ.
425 1584 574 1656 155),
621 1586 670 1639 id
704 1595 786 1638 est
817 1587 1090 1654 profanata
1135 1587 1381 1654 spatiola.
1416 1586 1545 1641 Nam
1581 1586 1651 1641 ibi
1689 1587 1931 1643 alludere

340 1678 552 1730 videtur
583 1677 645 1731 ad
678 1693 739 1732 ea
771 1694 889 1748 quae
920 1680 987 1734 de
1015 1678 1229 1734 Tiberio
1258 1677 1501 1734 Graccho
1522 1721 1535 1743 ,
1568 1679 1760 1734 Cicero
1780 1721 1796 1746 ,
1830 1679 1932 1733 Va-

341 1769 502 1823 lerius
530 1769 810 1836 Maximus,
842 1783 895 1825 et
915 1772 1005 1826 alii
1031 1781 1329 1826 memorant
1351 1771 1502 1844 (Cia,
1530 1773 1616 1827 lib.
1646 1789 1681 1826 ιι
1730 1773 1794 1828 de
1819 1772 1932 1826 Na-

2026 573 2346 629 conﬁrmant
2368 576 2701 632 testimonio.

2097 668 2432 724 Enterocelici
2458 681 2714 725 vocantur
2761 671 2851 742 qui
2882 670 3121 725 intestini
3150 686 3179 726 a
3202 674 3422 742 proprio
3452 681 3509 726 et
3529 685 3630 725 na-

2031 763 2187 817 turali
2220 763 2340 818 loco
2363 762 2653 828 descensu,
2682 779 2777 819 seu
2799 763 2987 820 bernia
3009 763 3274 818 laborant.
3301 763 3383 818 Eo
3411 777 3632 834 quoque

2027 871 2204 927 graeco
2229 857 2449 911 nomine
2477 855 2682 911 Plinius
2707 873 2834 910 usus
2877 867 2979 920 est,
3009 866 3062 912 et
3092 857 3320 911 latinum
3350 855 3482 911 fecit
3508 855 3633 927 (Ar-

2029 950 2170 1016 uob.,
2195 948 2282 1003 lib.
2312 964 2473 1020 v1t,p.
2502 949 2609 1006 240
2634 967 2648 1017 ;
2687 947 2854 1018 Plin.,
2885 950 2975 1005 lib.
3009 967 3074 1005 xx
3119 949 3313 1006 Natur.
3334 951 3483 1018 hist.,
3508 966 3628 1021 cap.

2028 1041 2082 1103 4,
2103 1058 2156 1111 p.
2191 1039 2304 1113 15).

2103 1132 2454 1189 Exauctorare
2475 1134 2608 1192 deos
2635 1136 2781 1206 ipsos
2808 1135 2945 1192 dixit
2966 1137 3238 1193 Arnobius
3270 1137 3495 1211 (Eodem
3511 1136 3632 1203 ιιι,

2031 1243 2084 1294 p.
2108 1224 2261 1297 256).
2285 1242 2384 1298 pro
2409 1229 2782 1284 auctoritatem
2805 1230 2885 1283 eis
2912 1229 3152 1286 adimere
3176 1241 3232 1285 et
3251 1246 3487 1303 eripere.

2103 1316 2346 1373 Fasciola
2375 1360 2390 1384 ,
2424 1317 2602 1374 fascia:
2626 1319 3002 1375 diminutivum
3026 1364 3041 1387 ,
3074 1321 3323 1394 idemque
3350 1335 3510 1377 sonat
3549 1332 3636 1376 at-

2032 1424 2136 1480 que
2162 1409 2442 1465 linteolum
2475 1409 2718 1483 (Aruob.,
2749 1412 2837 1468 lib.
2868 1428 2927 1479 tt,
2947 1430 2998 1482 p.
3024 1411 3158 1485 59),
3183 1413 3324 1484 quod
3357 1414 3424 1468 ad
3457 1414 3638 1485 ligan-

2031 1501 2157 1556 dum
2186 1501 2382 1571 aliquid
2412 1514 2594 1571 aptum
2617 1512 2720 1567 est,
2757 1505 2844 1560 vel
2873 1521 2980 1573 quo
3007 1506 3286 1575 speciatim
3307 1505 3532 1560 vulnera
3555 1505 3638 1560 al-

2035 1595 2286 1666 ligantur,
2338 1596 2494 1650 sicuti
2542 1596 2779 1652 lsidorus
2827 1599 3206 1655 animadvertit
3256 1599 3511 1668 (Isidor.,
3544 1602 3638 1655 lib.

2036 1706 2124 1744 xtx
2173 1689 2344 1762 θήρη
2367 1707 2484 1761 cap.
2506 1693 2620 1760 35).
2645 1693 2710 1747 Et
2737 1693 2928 1748 Cicero
2949 1695 3162 1763 quidem
3183 1695 3233 1749 in
3253 1694 3486 1764 quadam
3508 1710 3639 1750 ora-

2035 1786 2180 1840 tione
2225 1787 2400 1856 primo
2455 1801 2619 1842 sensu
2665 1787 2802 1842 dixit
2835 1805 2848 1841 :
2884 1806 2902 1839 ι
2926 1787 2986 1843 Ρ.
3021 1787 3242 1843 Clodius
3269 1806 3298 1841 a
3329 1799 3579 1854 crocota,
3619 1811 3637 1842 ι

339 1875 439 1917 tur.
467 1865 632 1928 deor.,
658 1882 710 1932 p.
737 1867 863 1929 215,
892 1866 981 1919 lib".
1007 1883 1021 1919 ι
1069 1866 1131 1919 de
1155 1865 1350 1931 Divin.,
1377 1884 1428 1934 p.
1455 1866 1582 1929 26k
1619 1865 1734 1920 Val.
1759 1866 1930 1932 Μαι,

2070 1878 2204 1948 iquit
2224 1921 2240 1944 ,
2280 1897 2299 1930 ι
2325 1895 2352 1932 a
2385 1880 2566 1945 mitra,
2591 1895 2622 1934 a
2648 1881 2997 1936 muliebribus
3027 1882 3210 1948 soleis,
3242 1885 3646 1954 purpureisque

341 1956 428 2011 lib.
459 1973 494 2020 ι,
525 1973 639 2025 cap.
675 1958 727 2020 1,
757 1956 784 2029 ς
816 1956 890 2028 '5).
918 1956 1053 2013 Cum
1085 1959 1194 2022 ille,
1228 1959 1494 2028 inquiunt,
1527 1959 1932 2015 tabernaculum

341 2051 470 2105 vitio
508 2053 743 2118 cepisset
786 2051 1131 2123 imprudens,
1161 2062 1216 2107 et
1257 2053 1557 2122 pomarium
1602 2053 1933 2124 inauspicato

341 2151 708 2213 transgressus
732 2153 896 2209 esset,
928 2144 1047 2198 ideo
1077 2145 1204 2199 vitio
1225 2157 1435 2200 creatos
1465 2146 1713 2200 consules
1739 2147 1807 2200 ab
1838 2160 1934 2200 au-

341 2236 560 2304 guribus
585 2237 1004 2304 pronuntiatum.
1029 2237 1180 2305 Quod
1205 2238 1419 2306 quidem
1450 2237 1495 2292 si
1521 2239 1590 2292 ita
1617 2238 1708 2302 sit,
1745 2247 1935 2292 auctor

345 2339 530 2384 noster
560 2330 964 2385 tabernaculum
991 2331 1119 2384 illud
1149 2339 1201 2384 et
1224 2332 1520 2398 pcinarium
1543 2331 1783 2400 defanata
1809 2347 1934 2399 spa-

343 2422 466 2475 tiola
509 2422 778 2491 appellare
827 2423 1056 2478 videtur.
1102 2423 1158 2476 Si
1187 2435 1365 2477 tamen
1396 2422 1462 2478 ad
1507 2423 1664 2478 aliam
1703 2423 1932 2478 similem

343 2515 618 2571 historiam
665 2533 786 2570 eum
823 2518 1127 2588 respexisse
1159 2519 1466 2587 probaveris
1487 2559 1500 2580 ,
1532 2518 1622 2573 tibi
1653 2528 1801 2573 certe
1828 2532 1933 2571 non

342 2610 756 2678 repugnabimos
786 2627 798 2662 :
830 2609 924 2665 sed
954 2610 1142 2665 eadem
1172 2626 1386 2681 semper
1420 2611 1524 2667 erit
1551 2613 1838 2666 verborum
1867 2611 1935 2665 il-

344 2700 445 2755 lius
467 2702 805 2769 signiﬁcatio.

421 2813 440 2844 ι
476 2793 805 2859 Desoltores,
844 2815 861 2846 ι
899 2795 1071 2864 inquit
1095 2794 1367 2859 Isidorus,
1406 2815 1424 2847 ι
1458 2797 1758 2861 nominati,
1791 2797 1936 2868 quod

345 2885 471 2939 olim
493 2926 507 2950 ,
542 2896 696 2956 prout
737 2887 962 2956 quisque
992 2887 1056 2940 ad
1091 2887 1250 2942 ﬁnem
1289 2903 1478 2942 cursus
1504 2899 1762 2954 venerat,
1793 2890 1938 2945 desi—

347 2979 516 3048 liebat,
555 2995 616 3034 ac
663 2982 910 3036 currebat
954 3000 967 3034 :
1024 2982 1136 3036 sive
1180 2983 1322 3050 quod
1373 2983 1440 3038 de
1467 2999 1604 3052 equo
1657 2985 1706 3038 in
1739 3000 1937 3054 equum

349 3073 680 3128 transiliebat
708 3093 727 3124 ι
757 3074 994 3144 (Arnob.,
1021 3075 1110 3127 lib.
1135 3090 1194 3136 tt,
1227 3093 1279 3144 p.
1307 3077 1404 3140 70;
1431 3075 1644 3141 Isidor.,
1672 3077 1759 3132 lib.
1809 3093 1938 3131 xvm

353 3165 577 3237 0rigin.,
601 3184 717 3236 cap.
748 3167 857 3235 39).
889 3168 1068 3236 Atque
1097 3168 1201 3222 hoc
1229 3184 1391 3223 sensu
1421 3187 1451 3222 a
1480 3170 1629 3224 Livio
1658 3171 1938 3238 accipitur,

2035 1972 2268 2028 fasciolis
2297 1991 2315 2023 ι
2344 1972 2526 2045 (Cicer.
2552 1973 2698 2028 Orat.
2722 1975 2792 2028 30
2821 1975 2884 2028 de
2937 1973 3166 2044 Harusp.
3193 1993 3355 2047 resp.,
3405 1997 3462 2049 p.
3483 1978 3644 2050 456).

2035 2062 2287 2118 Horatius
2317 2074 2496 2119 autem
2525 2064 2762 2121 secundo
2788 2080 2950 2123 sensu
2980 2067 3201 2138 scripsit
3232 2086 3246 2121 :

2776 2183 2936 2234 Ponas
2961 2187 3170 2249 insignia
3205 2187 3386 2248 morbi,

2131 2244 2389 2295 Fasciolas.

2290 2311 2510 2370 (Horat.,
2533 2307 2614 2360 lib.
2642 2325 2694 2369 ιι,
2717 2308 2854 2360 salir.
2879 2311 2928 2369 3,
2962 2323 3088 2362 vers.
3113 2309 3204 2361 254
3227 2320 3273 2362 et
3293 2313 3454 2378 seqq.)

2111 2415 2415 2471 Fellitanles
2446 2433 2696 2471 mammas
2720 2429 3044 2487 exsugerent,
3078 2418 3310 2473 honesto
3344 2417 3652 2488 signiﬁcatu

2038 2509 2107 2565 ab
2147 2509 2385 2564 Arnobio
2419 2509 2615 2563 dicitur
2665 2508 2905 2580 (Arnob.,
2939 2509 3028 2563 lib.
3071 2525 3126 2576 ιι,
3159 2527 3212 2578 p.
3255 2509 3368 2581 70).
3398 2509 3539 2564 Nam
3584 2511 3654 2568 de

2040 2602 2336 2656 infantibus
2363 2600 2626 2671 loquitur,
2658 2602 2745 2670 qui
2777 2611 3006 2655 matrum
3043 2611 3134 2656 aut
3162 2603 3432 2655 nutricum
3477 2617 3653 2656 mam-

2039 2710 2155 2749 mas
2184 2695 2465 2766 sugebant.
2494 2693 2712 2749 Solinus
2740 2709 2868 2748 vero
2889 2694 3022 2748 dixit
3051 2712 3064 2747 :
3102 2713 3120 2744 ι
3153 2694 3505 2765 Nequaquam
3531 2711 3654 2748 ma-

2042 2803 2122 2847 ter
2151 2792 2296 2861 pullo
2336 2791 2498 2846 ubera
2525 2791 2728 2861 prmbet
2758 2790 3052 2846 fellitanda.
3087 2812 3105 2843 ι
3139 2791 3360 2858 (Solin.,
3395 2809 3518 2864 cap.
3550 2794 3649 2847 Ilii.

2039 2903 2093 2955 p.
2129 2885 2245 2952 71.)
2276 2884 2420 2955 Lege
2441 2885 2771 2947 Turnebum,
2817 2884 2914 2940 lib.
2947 2901 3085 2939 xxuv
3120 2885 3377 2954 Advers.,
3401 2901 3522 2954 cap.
3563 2888 3654 2952 15,

2042 2987 2096 3032 ει
2125 2978 2217 3031 lib.
2252 2993 2400 3041 xxix,
2431 2993 2550 3046 cap.
2583 2978 2667 3034 10.

2116 3071 2467 3125 Feruncnlum
2505 3071 2557 3125 in
2599 3071 2859 3126 libi-orum
2902 3073 3124 3127 Arnobii
3165 3074 3538 3144 manuscripto
3557 3088 3657 3128 co-

2044 3165 2162 3219 dice
2214 3166 2364 3234 regio
2401 3165 2630 3234 legimus
2659 3164 2900 3234 (Arnob,
2924 3165 3012 3220 lib.
3043 3183 3100 3232 ιι,
3130 3184 3182 3235 p.
3208 3165 3319 3238 l7).
3353 3167 3457 3222 Sed
3512 3166 3660 3222 hanc

350 3260 440 3313 ubi
463 3261 529 3312 de
552 3258 897 3313 Numidarum
921 3261 1162 3330 agilitate
1186 3262 1256 3313 ita
1285 3262 1525 3316 disserit.
1561 3281 1579 3312 ι
1614 3262 1722 3318 Νεε
1751 3279 1940 3318 omnes
1968 3259 2014 3321 C
2049 3275 2237 3314 vocem
2291 3259 2507 3329 quidam
2561 3275 2868 3328 corruptam
2917 3262 3118 3329 opinati
3151 3302 3166 3327 ,
3214 3261 3548 3331 furunculum
3600 3263 3660 3318 in

351 3352 594 3406 Numida!
623 3354 672 3406 in
700 3351 891 3407 dextro
934 3353 1092 3407 locati
1124 3368 1329 3415 cornu,
1363 3353 1457 3408 sed
1488 3356 1683 3424 quibus
1709 3355 1948 3410 desulto-

352 3463 468 3500 rum
499 3448 548 3500 in
583 3447 819 3510 modum,
852 3447 1006 3502 binos
1037 3447 1374 3503 trahentibus
1402 3463 1594 3516 equos,
1627 3450 1766 3504 inter
1793 3465 1950 3505 acer-

338 3530 542 3594 'rimam
571 3555 714 3612 smpe
743 3557 1002 3611 pugnam,
1059 3543 1109 3594 in
1143 3555 1414 3596 recentem
1456 3558 1650 3612 equum
1693 3558 1759 3597 ex
1806 3541 1951 3598 fesso

353 3638 572 3688 armatis
603 3635 920 3690 transultare
964 3651 1079 3690 mos
1122 3647 1237 3690 erat
1273 3654 1285 3689 :
1317 3646 1462 3691 tanta
1491 3637 1749 3692 velocitas
1779 3637 1908 3706 ipsis
1934 3680 1947 3701 ,

356 3738 569 3796 tamque
611 3727 786 3781 docile
813 3741 1073 3795 equorum
1111 3743 1279 3796 genus
1331 3739 1412 3781 est
1450 3748 1466 3779 ι
1506 3727 1664 3798 (Liv.,
1697 3729 1785 3782 lib.
1821 3745 1952 3784 xxnt

357 3835 474 3886 mp.
504 3817 618 3889 9.9).
670 3818 882 3872 Videsis
909 3816 1178 3887 Lipsiutn,
1211 3819 1302 3874 lib.
1356 3835 1411 3874 ιιι
1457 3822 1523 3875 (Ιε
1568 3821 1722 3875 ιιιίΙὶι.
1767 3821 1949 3886 Rom.,

360 3911 567 3980 Dialog.
599 3912 652 3975 8,
699 3926 818 3980 pag.
865 3910 955 3972 95,
997 3922 1128 3966 tom.
1179 3925 1257 3975 tu;
1304 3925 1358 3968 et
1397 3914 1525 3969 le.
1568 3915 1948 3986 Rhodiginum,

359 4005 452 4060 lib.
488 4020 640 4070 χχιιι,
672 4004 794 4058 lect.
827 4005 1032 4074 Antiq.,
1061 4020 1179 4074 cap.
1211 4006 1302 4062 30.

435 4095 594 4150 Dibus
635 4098 684 4150 in
719 4097 867 4167 regio
904 4096 1216 4152 Arnobiauo
1249 4098 1435 4153 codice
1472 4101 1664 4170 legitur
1699 4101 1911 4170 (Arnob.
1934 4145 1951 4170 ,

360 4189 449 4244 lib.
474 4205 531 4255 ιι,
556 4205 673 4260 pag.
705 4187 820 4259 60).
849 4188 956 4243 Sed
997 4189 1123 4260 quid
1152 4205 1216 4245 ea
1254 4205 1356 4245 vox
1398 4191 1691 4263 signiﬁcet,
1721 4195 1840 4265 quia
1869 4194 1953 4249 in-

361 4298 694 4354 compertum
725 4295 861 4352 erat,
894 4302 993 4357 pro
1019 4302 1082 4341 ea
1123 4287 1174 4340 in
1207 4287 1528 4356 quibusdam
1559 4288 1719 4344 editis
1758 4305 1952 4346 nomen

364 4380 518 4434 cubus
545 4379 774 4448 positum
803 4389 906 4433 εει.
937 4379 1232 4433 Salmasius
1252 4395 1382 4434 vero
1405 4381 1561 4445 hanc,
1592 4397 1748 4453 quam
1771 4385 1957 4453 genui-

367 4490 490 4529 nam
523 4484 669 4543 putat
688 4473 975 4528 lectionem
1001 4485 1307 4543 corruptam
1337 4477 1501 4532 fuisse
1525 4478 1775 4548 opinatur
1798 4481 1958 4549 impe-

366 4567 488 4621 ritia
517 4567 880 4631 librariorum,
911 4566 1002 4637 qui
1034 4568 1319 4623 secundam
1351 4569 1510 4639 hujus
1542 4571 1775 4626 nominis
1809 4573 1956 4629 litte-

2052 3361 2198 3408 textu
2242 3353 2384 3407 haud
2427 3363 2606 3408 tamen
2656 3355 2846 3408 merito
2878 3355 3000 3424 jure
3046 3365 3363 3426 posuerunt.
3411 3355 3544 3410 Nam
3598 3368 3661 3412 ut

2052 3447 2308 3516 scriptum
2358 3445 2594 3501 Isidorus
2633 3447 2850 3518 reliquit
2883 3468 2896 3500 :
2934 3468 2953 3498 ‹
2991 3447 3331 3504 Furunculus
3357 3459 3440 3505 est
3471 3460 3660 3506 tumor

2053 3540 2104 3592 in
2133 3549 2344 3594 acutum
2375 3541 2834 3609 surgens,dictus,
2867 3540 3010 3610 quod
3045 3541 3273 3606 ferveat,
3293 3542 3445 3612 quasi
3471 3542 3662 3596 lerun-

2053 3632 2224 3695 culus,
2254 3631 2393 3686 unde
2431 3647 2605 3702 grzcce
2636 3631 2818 3712 ἄνθραξ
2850 3633 3064 3699 dicitur,
3092 3634 3234 3705 quod
3267 3635 3337 3688 sit
3365 3635 3589 3704 ignitus.
3637 3657 3654 3687 ι

2055 3723 2294 3795 (Ιιὶάοικ,
2328 3724 2415 3777 lib.
2449 3741 2499 3778 tv
2529 3723 2758 3793 0rigiu.,
2786 3742 2902 3795 cap.
2929 3727 3011 3795 8.)
3033 3725 3137 3781 Sed
3157 3743 3371 3796 quoquo
3397 3726 3558 3781 modo
3575 3728 3662 3783 lc-

2053 3827 2228 3886 gatur,
2288 3817 2414 3871 illud
2456 3818 2655 3887 optime
2705 3821 2941 3872 auctoris
2993 3821 3160 3873 nostri
3200 3819 3477 3889 proposito
3521 3834 3666 3874 con-

2055 3913 2214 3985 gruit.
2249 3911 2382 3966 Dicit
2404 3913 2545 3966 enitn
2579 3913 2780 3982 nullum
2805 3913 2888 3966 vel
2922 3913 3260 3978 levissimum
3295 3913 3657 3982 furunculum,

2055 4009 2168 4062 sive
2187 4007 2513 4078 ferunculum
2539 4006 2607 4060 ab
2631 4006 2776 4060 nullo
2793 4022 3044 4074 umquam
3066 4006 3388 4075 pliilOSOpho
3413 4021 3516 4059 una
3541 4007 3664 4062 sola

2055 4117 2188 4157 voce
2233 4110 2498 4156 sanatum.
2535 4098 2609 4156 De
2671 4101 2956 4156 furunculo
2998 4109 3178 4157 autem
3217 4100 3415 4170 smpius
3456 4099 3664 4155 Plinius

2057 4197 2152 4253 lib.
2183 4214 2272 4262 xx,
2305 4209 2359 4253 et
2388 4199 2500 4253 alii.

2130 4315 2343 4372 Flatare
2367 4317 2574 4371 calamo
2595 4359 2608 4381 ,
2632 4329 2680 4372 et
2702 4317 2814 4370 cali
2834 4317 3050 4386 flatura:
3070 4315 3204 4370 dixit
3229 4323 3419 4370 auctor
3445 4325 3661 4379 noster,

2060 4425 2158 4482 pro
2181 4412 2310 4466 flare
2330 4411 2538 4466 calamo
2561 4425 2656 4464 seu
2683 4410 2830 4475 tibia,
2856 4418 2911 4464 et
2929 4409 3052 4464 coeli
3075 4408 3201 4464 llatu
3228 4407 3470 4481 (Arnob.,
3502 4410 3594 4463 lib.
3624 4427 3661 4478 t,

2061 4521 2115 4573 ρ.
2139 4505 2195 4570 7,
2223 4513 2269 4558 et
2297 4503 2413 4558 libr.
2440 4519 2495 4568 ιι,
2528 4521 2579 4573 τι.
2597 4503 2710 4574 69).

461 4618 488 4621 “
745 4618 754 4619 “
867 4618 880 4631 ’
917 4618 1001 4637 ’¹”
1351 4618 1508 4676 “,“⁴“
1811 4618 1926 4678 ’ζ”ν
2135 4620 2345 4676 Fluoris
2361 4635 2572 4692 quoque
2618 4621 2786 4676 verbo
2815 4618 2956 4674 haud
2987 4619 3153 4674 semel
3175 4619 3268 4674 ille
3296 4619 3467 4673 utitur
3490 4658 3509 4684 ,
3553 4634 3669 4688 quo

368 4678 483 4716 ram
531 4679 563 4714 ιι
604 4664 926 4728 (ιινιεειιιιιῑ,
979 4677 1042 4716 ac
1073 4677 1307 4734 priorem
1350 4679 1467 4734 ejus
1511 4675 1718 4734 partem
1767 4651 2034 4735 primaaD
2070 4715 2221 4735 ,κω
2263 4716 2476 4735 um,”
2537 4729 2683 4735 ΜΨ
2749 4727 2861 4735 μη
2909 4711 3122 4735 θυμω
3167 4710 3312 4735 ,0“,
3407 4712 3472 4735 ,Δ
3520 4713 3640 4735 μμ,-

372 4756 564 4812 litterae
592 4773 618 4810 c
648 4756 1037 4827 coniungentes
1077 4756 1320 4813 fecerunt
1369 4759 1548 4815 Dibus.
1579 4759 1702 4815 Alio
1744 4771 1956 4829 autem,

372 4849 465 4904 sed
497 4865 600 4904 non
631 4849 847 4918 majoris
872 4852 1129 4906 momenti
1174 4852 1420 4922 exemplo
1445 4853 1494 4908 id
1519 4853 1748 4923 probare
1775 4855 1962 4910 conni-

373 4943 520 4998 titur.
551 4944 618 4997 At
644 4943 903 4999 Meursius
927 4937 1152 5014 primam
1182 4945 1462 5001 lectionem
1491 4945 1671 5011 Dibur,
1701 4963 1803 5018 qua
1831 4963 1960 5004 usus

375 5048 458 5093 est
483 5038 757 5110 Agathias,
791 5048 844 5095 et
869 5055 987 5108 qua:
1011 5040 1282 5096 binionem
1310 5040 1594 5110 signiﬁcat,
1624 5042 1961 5097 retinendam

374 5148 494 5188 esse
533 5133 742 5188 censuit
770 5132 1009 5204 (Meum,
1049 5135 1137 5188 lib.
1176 5150 1213 5188 ιι
1253 5131 1409 5196 Crit.,
1459 5150 1574 5202 cap.
1608 5132 1672 5198 6;
1708 5134 1960 5198 Salmas.,

376 5226 656 5282 Exercitui.
684 5228 736 5280 iu
760 5225 957 5291 Solin.,
983 5244 1101 5299 pag.
1125 5227 1232 5283 M7
1255 5240 1298 5282 et
1319 5225 1468 5297 699).
1493 5227 1595 5281 Alii
1626 5237 1802 5283 tamen
1833 5227 1964 5283 illud

378 5320 446 5373 ab
472 5335 537 5373 eo
570 5319 864 5374 voluissent
889 5319 1008 5374 aliis
1043 5319 1305 5389 exemplis
1333 5318 1657 5374 conﬁrmari.
1687 5321 1757 5374 At
1786 5335 1964 5376 nonne

379 5412 445 5466 ad
478 5411 530 5466 id
563 5411 892 5480 probandum
922 5413 1052 5467 satis
1075 5421 1178 5477 est,
1208 5411 1348 5482 quod
1380 5411 1448 5465 ibi
1478 5410 1741 5467 Arnobius
1769 5412 1836 5467 de
1868 5428 1967 5467 nu-

382 5504 548 5558 meris
572 5503 826 5574 diSputet,
849 5519 912 5558 ac
934 5505 1077 5559 varia
1103 5519 1450 5561 numerorum
1473 5503 1687 5558 nomina
1709 5506 1965 5562 continuo

382 5596 748 5667 subjuuxerit?

461 5691 705 5762 Dynamis
731 5701 908 5747 autem
935 5691 1002 5747 ab
1033 5691 1125 5746 illo
1155 5691 1350 5748 ibidem
1391 5700 1628 5756 natatur,
1657 5702 1710 5747 et
1746 5693 1800 5748 in
1845 5693 1967 5764 qni-

389 5785 608 5838 husdam
632 5784 956 5840 editionibus
983 5784 1220 5855 dymanis
1240 5827 1254 5851 ,
1282 5785 1378 5841 sed
1403 5786 1680 5841 mendose.
1710 5786 1969 5858 Dynamis

391 5889 565 5933 autem
585 5881 992 5948 quaternionem
1008 5879 1290 5948 signiﬁcat,
1313 5878 1764 5950 quemadmodum
1788 5879 1965 5936 Meur-

2064 4715 2224 4771 eliam
2263 4716 2480 4768 nomine
2537 4729 2688 4768 usum
2743 4727 2864 4768 esse
2909 4711 3125 4767 Festum
3165 4710 3366 4783 (Fest.,
3401 4712 3472 4764 ad
3519 4713 3664 4768 verb.

2065 4805 2377 4878 FLUVIONA),
2437 4807 2741 4877 Apuleium,
2771 4806 3014 4861 Soliuum
3041 4847 3054 4870 ,
3084 4820 3146 4860 ac
3179 4804 3452 4876 pracipue
3483 4805 3665 4860 medi-

2062 4915 2155 4958 cos
2178 4902 2426 4972 legimus,
2459 4910 2514 4955 ut
2540 4900 2744 4955 ﬂuxum
2771 4899 3093 4970 signiﬁcent.

2141 4995 2450 5050 Farmatura
2472 4996 2614 5049 varia
2663 5011 2744 5049 res
2782 5003 3038 5063 spectans,
3074 4995 3239 5049 verba
3275 5000 3399 5047 sunt
3432 4991 3668 5048 Arnobii

2067 5091 2178 5160 (lib.
2209 5107 2264 5156 ιι,
2296 5109 2348 5160 p.
2378 5090 2446 5145 59
2473 5089 2521 5163 ),
2562 5091 2653 5162 qui
2684 5104 2834 5146 more
2872 5104 2990 5158 suo,
3022 5098 3079 5144 ut
3098 5087 3228 5144 alibi
3257 5087 3519 5156 vidimus,
3558 5088 3670 5144 Lu-

2064 5183 2291 5240 cretium
2314 5183 2557 5254 sequitur
2589 5201 2604 5237 :

2160 5275 2542 5339 Formaturaque
2568 5274 2813 5325 labrorum
2841 5288 2930 5340 pro
2951 5283 3090 5339 parte
3114 5274 3291 5339 ﬁgurat

2163 5379 2175 5390 ,
2245 5377 2256 5388 .
2326 5377 2338 5388 θ
2410 5380 2420 5388 ο
2491 5375 2502 5388 ο
2573 5375 2584 5386 ι
2655 5375 2666 5385 ι
2738 5377 2750 5388 ο
2821 5376 2832 5386 ο
2904 5376 2915 5387 ι
2989 5377 3000 5388 ι
3069 5377 3080 5388 σ
3156 5376 3166 5385 ο

2158 5403 2336 5453 Servat
2355 5403 2486 5452 enim
2511 5400 2842 5458 formaturam,
2867 5407 3132 5465 servatque
3155 5399 3390 5463 ﬁguram.

2525 5484 2760 5547 (βείω-ει..
2787 5481 2870 5534 lib.
2897 5497 2962 5544 tv,
2987 5495 3112 5535 vers.
3137 5483 3232 5534 554
3249 5488 3296 5533 cl
3311 5480 3448 5561 sse.)

2143 5591 2391 5646 Frustilla
2416 5591 2565 5662 ignea
2581 5591 2748 5646 stellae
2779 5591 2848 5646 ab
2873 5589 3111 5646 Arnobio
3132 5585 3400 5645 vocantur
3450 5587 3566 5660 (lib.
3592 5604 3669 5656 ιι,

2069 5704 2123 5754 p.
2155 5681 2270 5757 84),
2301 5684 2352 5740 id
2394 5696 2497 5748 est,
2517 5683 2685 5740 frusta
2717 5683 2935 5754 parvula
2963 5684 3134 5752 ignea.
3162 5685 3202 5737 A
3232 5683 3507 5741 dititintto
3521 5683 3674 5736 enim

2069 5781 2286 5836 nomine
2332 5780 2560 5836 frustum
2603 5779 2798 5834 factum
2826 5789 2911 5834 est
2939 5776 3251 5834 l‘rustillum.
3283 5776 3512 5839 Plantas
3539 5791 3674 5832 vero

2066 5876 2261 5932 alicubi
2291 5874 2478 5933 eodem
2513 5873 2672 5930 modo
2695 5871 2829 5929 dixit
2851 5893 2865 5908 ο
