3872 6342
190 371 296 428 697

1402 368 1468 424 IN
1505 367 1880 444 annonmu,
1917 375 2072 432 CAP.
2119 375 2307 433 χχιι.

3381 384 3486 441 698

283 490 392 541 Jam
415 502 514 553 ego
535 493 589 541 te
614 491 786 541 faciam
805 496 860 572 ut
885 487 962 539 hic
980 488 1192 572 formicae
1215 486 1522 572 frustillatim
1540 486 1786 572 diaerant.
1817 498 1870 556 Α
1969 491 2264 564 [nequitare
2307 494 2451 550 haud
2496 494 2672 552 semel
2693 496 2910 568 scripsit
2935 498 3206 555 Arnobius
3230 539 3247 568 ,
3281 514 3380 572 pro
3403 500 3488 557 in-

610 573 818 639 (Plaut.,
837 571 886 627 in
913 569 1130 632 Curcul.,
1155 575 1248 622 act.
1267 572 1316 634 4,
1343 582 1471 621 scen.
1497 569 1570 634 4.)

190 683 306 739 Hoc
329 692 414 739 est
437 725 452 749 ,
485 693 542 739 ut
582 682 818 738 l‘ormicze
869 692 920 738 te
959 682 1014 736 in
1064 679 1280 750 parvula
1311 677 1480 762 frusta
1507 680 1784 736 concisum

187 777 464 834 diversum
493 779 669 835 ferant
699 821 713 841 ,
744 786 902 848 atque
927 774 1246 831 distrahant.

257 871 592 944 Fulguritum
621 915 635 937 ,
690 871 831 928 idem
882 881 998 936 est,
1027 881 1246 927 auctore
1274 871 1462 938 FeSto,
1495 881 1656 943 atque
1687 871 1790 927 ful-

187 968 336 1022 mine
380 969 546 1022 ictum
606 966 844 1038 (Arnob.,
870 964 959 1020 lib.
993 982 1044 1033 v,
1077 983 1128 1036 p.
1166 965 1305 1032 155;
1336 964 1510 1031 Fest.,
1557 966 1782 1021 adverb.

186 1059 590 1132 Famem-run).
621 1060 798 1115 Locus
826 1071 1004 1115 autem
1027 1059 1248 1115 fulmine
1271 1074 1578 1130 percussus,
1603 1061 1784 1115 statim

184 1153 476 1222 religiosus
503 1196 517 1220 ,
573 1162 628 1208 et
667 1169 698 1208 a
750 1152 852 1209 deo
894 1152 994 1208 sibi
1049 1152 1327 1208 dedicatus
1366 1152 1596 1208 ethnicis
1639 1154 1788 1209 vide-

188 1243 371 1302 batur.

259 1336 504 1408 Fuligine
553 1339 728 1394 oculos
780 1340 1080 1394 obumbrare
1104 1380 1117 1406 ,
1175 1350 1258 1396 est
1290 1355 1385 1396 eos
1423 1341 1575 1411 nigro
1604 1341 1788 1396 colore

185 1431 413 1501 pingere
441 1431 679 1499 (Arnob.,
709 1431 798 1485 lib.
822 1448 879 1496 ιι,
907 1449 961 1502 p.
987 1431 1098 1504 72).
1132 1431 1285 1502 Quod
1310 1433 1527 1504 quidem
1553 1433 1636 1490 bis
1664 1448 1786 1506 pro-

187 1523 348 1578 batur
373 1523 655 1580 Juvenalis
676 1526 1008 1582 carminibus
1034 1543 1048 1581 :

279 1638 717 1703 Illesupercilium
743 1639 933 1690 madida
954 1639 1160 1703 fuligine
1186 1642 1388 1690 tinctum

280 1700 494 1766 Obliqua
521 1703 742 1764 producit
762 1714 870 1763 acu,
898 1700 1173 1766 pingitque,
1201 1709 1476 1754 trementes

279 1764 530 1814 Atmllens
547 1766 732 1815 oculos.

622 1850 883 1914 (Iuventa,
909 1847 1047 1902 satir.
1073 1852 1120 1910 2,
1145 1864 1271 1903 vers.
1297 1852 1362 1901 95
1382 1857 1428 1902 et
1444 1853 1595 1917 seqq.)

257 1955 333 2011 De
354 1956 452 2010 illo
469 1965 648 2012 autem
674 1973 835 2028 pravo
865 1973 1015 2012 more
1030 1958 1384 2012 disseruimus
1403 1966 1531 2015 tom.
1561 1973 1577 2012 ι
1605 1957 1786 2028 Appa-
1825 1948 1846 1952 ⁷⁷

182 2058 312 2110 rat.,
339 2048 433 2103 lib.
458 2064 537 2114 ιιι,
568 2050 787 2105 dissert.
819 2067 834 2103 t
862 2091 877 2114 ,
905 2065 1025 2121 cap.
1051 2049 1138 2115 12,
1161 2059 1265 2104 art.
1299 2065 1338 2116 t,
1374 2065 1425 2120 p.
1457 2049 1582 2105 788.

256 2142 545 2198 Fuscinum
569 2145 699 2200 satis
725 2145 963 2200 auctoris
991 2145 1158 2199 nostri
1187 2154 1242 2199 et
1283 2144 1563 2214 Augustini
1607 2141 1788 2196 verbis

180 2237 490 2305 explicatur
520 2237 760 2308 (Arnob.,
786 2238 946 2303 lib.v,
977 2255 1030 2306 p.
1062 2238 1164 2294 176
1185 2248 1231 2292 et
1261 2238 1385 2304 18b,
1409 2248 1456 2294 et
1494 2237 1584 2294 lib.
1611 2252 1709 2301 vn,
1731 2253 1783 2306 p.

177 2329 312 2392 239;
341 2330 589 2401 August.,
614 2332 704 2386 lib.
722 2348 794 2387 vtt
828 2333 892 2386 de
919 2332 1090 2395 Civit.,
1123 2350 1237 2406 cap.
1269 2333 1322 2395 9,
1345 2350 1398 2403 p.
1432 2331 1582 2403 157).

255 2421 535 2478 Gnariom
586 2425 639 2478 in
679 2425 998 2496 quibusdam
1054 2426 1246 2481 horum
1277 2426 1500 2482 Arnobii
1529 2427 1789 2481 librorum

180 2516 514 2573 editionibns
536 2518 782 2590 legimus.
815 2519 872 2573 In
905 2521 1027 2574 aliis
1053 2535 1120 2575 ex
1146 2520 1430 2592 Scaligeri,
1463 2529 1522 2574 ut
1551 2519 1788 2587 videtur,

178 2610 565 2667 emendatione
619 2629 887 2683 gnarures.
924 2617 992 2668 At
1051 2614 1102 2667 in
1140 2614 1510 2682 manuscripto
1565 2613 1792 2668 habetur

179 2702 469 2773 ignarores,
531 2706 673 2762 male
716 2706 974 2776 proiecto,
1025 2708 1099 2761 uti
1155 2706 1326 2762 vides.
1359 2708 1566 2762 Sensus
1610 2718 1791 2764 autem

179 2796 410 2850 Arnohii
462 2799 735 2864 postulare
804 2800 1018 2854 videtur
1077 2816 1324 2872 gnarores
1394 2811 1485 2855 aut
1509 2801 1795 2872 ignariores

179 2888 428 2958 (Arnob.,
457 2890 546 2945 lib.
585 2908 662 2959 ιιι,
697 2910 749 2963 p.
785 2894 935 2965 115).
969 2895 1241 2950 Continuo
1268 2895 1534 2964 siquidem
1570 2896 1790 2966 adjecit,

176 2991 224 3034 et
251 2982 445 3038 habere
471 2985 710 3039 scientias
740 2987 792 3039 in
819 2987 999 3057 quibus
1028 2988 1219 3059 singuli
1251 2990 1530 3043 emineant.

254 3073 526 3130 Grallator
579 3093 608 3131 a
665 3079 833 3149 gradu
866 3095 1061 3150 magno
1113 3081 1310 3142 dictus,
1334 3080 1793 3150 quemadmodum

179 3169 362 3225 Varro
389 3172 710 3226 testiﬁcatur
738 3171 926 3242 (lbid.,
961 3173 1050 3227 lib.
1083 3190 1140 3240 ιι,
1168 3192 1222 3244 p.
1270 3175 1370 3237 70;
1414 3173 1590 3241 Varr.,
1621 3175 1709 3230 lib.
1739 3193 1791 3231 vt

1887 589 2082 641 sectari
2112 599 2166 641 et
2193 587 2462 659 persequi.

1963 678 2248 750 lnﬂexibus
2287 681 2556 751 ﬂexuosis,
2581 681 2751 753 inquit
2767 683 3038 740 Arnobius
3057 683 3190 757 (Lib.
3209 701 3268 753 ιι,
3283 704 3336 756 p.
3366 685 3483 760 57),

1888 771 1942 826 id
1982 784 2088 838 est,
2121 772 2452 829 anfrac:ibns
2476 773 2578 830 vite
2597 816 2612 840 ,
2661 785 2753 830 aut
2778 775 3013 832 sinuosis
3042 785 3096 834 et
3119 777 3298 834 curvis
3320 777 3485 836 reﬂe-

1890 865 2065 920 xibus.

1980 958 2160 1032 Infula
2225 961 2485 1015 elicienda:
2536 963 2876 1017 miserationis
2940 962 3236 1030 offerentem
3289 963 3482 1021 Jovem

1891 1053 2076 1126 (lbid.,
2098 1055 2186 1108 lib.
2204 1070 2256 1119 v,
2281 1074 2334 1124 p.
2357 1055 2479 1120 172;
2511 1053 2686 1121 Vurr.,
2703 1056 2789 1111 lib.
2813 1072 2867 1111 vt
2907 1056 3135 1129 deLing.
3154 1059 3270 1124 lat.,
3289 1076 3342 1127 p.
3365 1059 3484 1128 76),

1890 1149 1945 1204 id
1995 1159 2101 1216 est,
2132 1151 2435 1205 velamenta
2489 1152 2672 1216 lanea,
2705 1160 2762 1206 ut
2792 1150 2964 1206 Varro
3012 1150 3210 1223 aliique
3240 1152 3436 1207 docent
3465 1193 3481 1218 ,

1889 1243 2084 1314 quibus
2124 1251 2214 1296 aut
2273 1243 2417 1297 illius
2459 1254 2632 1310 mater
2658 1254 2962 1309 ornaretur,
2985 1253 3076 1300 aut
3105 1245 3282 1315 potius
3307 1244 3484 1301 scelus

1891 1337 2008 1406 ejus
2033 1344 2323 1406 tegeretur.
2354 1335 2612 1390 Examina
2645 1336 2844 1403 locum,
2869 1345 2920 1392 et
2950 1351 3102 1391 tuum
3130 1351 3194 1392 ea
3225 1336 3295 1394 de
3319 1352 3378 1393 re
3391 1336 3481 1408 ju-

1892 1427 2090 1482 dicium
2118 1427 2280 1484 feres.

1968 1524 2180 1577 lnstitor
2206 1534 2324 1578 erat
2353 1532 2684 1580 mercatum
2704 1533 2757 1580 et
2789 1523 3137 1596 negotiationi
3164 1524 3484 1595 praepositus

1895 1618 2137 1690 (Arnob,
2162 1619 2251 1674 lib.
2275 1635 2333 1684 ιι,
2363 1637 2417 1690 p.
2449 1618 2517 1674 66
2545 1629 2596 1692 et
2630 1619 2983 1690 70).0vidins
3009 1620 3154 1675 enim
3185 1619 3382 1675 cecinit
3410 1638 3422 1675 :

1991 1734 2188 1784 Institor
2212 1734 2270 1783 ad
2294 1734 2535 1784 dominam
2558 1737 2728 1784 veniet
2745 1735 3014 1785 discinctus
3038 1746 3261 1785 emacem
3285 1749 3298 1783 :

2082 1796 2330 1860 Expediet
2347 1811 2542 1846 merces
2559 1805 2709 1860 teque
2729 1798 2938 1847 sedente
2955 1811 3087 1846 suas.

2229 1879 2418 1945 (0vid.,
2442 1879 2562 1932 lib.t
2585 1881 2647 1932 de
2670 1882 2779 1931 Art.
2799 1881 3020 1942 ammdv
3048 1891 3172 1931 vers.
3199 1879 3336 1943 425.)

1890 1989 2173 2044 Institores
2194 2003 2405 2059 quoquc
2433 1997 2701 2053 tonsores,
2735 2003 3025 2057 caupones,
3057 1996 3112 2042 et
3140 1987 3299 2059 coqui
3328 1999 3481 2042 voca-

1893 2084 2088 2136 bantur
2113 2090 2172 2136 ιιι
2197 2081 2412 2153 quidam
2456 2079 2522 2135 ad
2558 2079 2660 2135 hoc
2693 2078 2950 2136 Martialis
2986 2062 3202 2136 carmen
3234 2079 3492 2142 observa-

1893 2184 2016 2228 runt
2050 2192 2062 2227 ἶ

1987 2285 2274 2337 Abstulerat
2299 2292 2446 2337 totam
2471 2290 2766 2338 temerarius
2784 2289 2974 2338 institor
2992 2287 3187 2347 urbem,

2083 2349 2239 2413 Inque
2263 2363 2353 2401 suo
2370 2347 2556 2400 nullum
2577 2350 2748 2402 limine
2765 2351 2915 2401 limen
2934 2357 3060 2400 erat.

2506 2436 2770 2503 (Μαι-εἱσι,
2796 2437 2879 2489 lib.
2904 2454 2988 2499 vn,
3013 2434 3172 2504 epigr.
3197 2436 3261 2488 60
3284 2437 3307 2501 )

1892 2521 2168 2578 Iuvenalis
2196 2538 2358 2578 vero:

1990 2617 2190 2668 Institor
2213 2619 2436 2668 hibernae
2455 2620 2642 2680 tegetis
2660 2620 2893 2683 niveique
2913 2619 3129 2670 cadurci.

2554 2702 2822 2770 (Juvenal.,
2847 2700 2986 2755 satir.
3013 2704 3060 2763 7,
3085 2700 3172 2753 sub
3194 2701 3306 2767 fin.)

1967 2811 2136 2881 Quem
2167 2814 2219 2867 in
2249 2827 2463 2867 versum
2495 2811 2694 2867 videsis
2724 2811 3008 2865 Variorum
3036 2809 3468 2867 observationes.

1934 2925 1941 2932 ο
1971 2906 2252 2961 Interibilis
2293 2922 2392 2976 pro
2432 2907 2671 2962 interitui
2703 2906 2968 2961 obnoxius
2998 2915 3052 2960 et
3084 2906 3328 2963 mortalis
3366 2908 3496 2981 (Ar-

1897 3001 2016 3054 nob.
2051 3001 2136 3054 lib.
2175 3018 2249 3064 ιι,
2285 3018 2406 3072 pag.
2439 2999 2568 3073 65).

1970 3090 2152 3158 lsicia,
2183 3094 2303 3147 sive
2332 3095 2519 3148 insicia
2546 3134 2558 3156 ,
2598 3095 2662 3148 ab
2687 3110 2776 3161 eo,
2809 3094 2984 3166 inquit
3007 3095 3210 3162 Varro,
3248 3095 3386 3166 quod
3412 3097 3497 3150 in-

1897 3196 2034 3239 secta
2062 3203 2182 3239 caro
2201 3228 2218 3251 ,
2259 3195 2314 3240 ut
2353 3189 2406 3240 in
2437 3187 2662 3242 carmine
2690 3187 2955 3242 Saliorum
2984 3197 3091 3242 est:
3120 3189 3260 3259 quod
3281 3190 3335 3243 in
3365 3190 3496 3243 extis

177 3265 242 3317 de
277 3263 432 3336 Ling.
463 3266 578 3332 lat.,
625 3284 680 3336 p.
705 3266 816 3335 85).
845 3266 1034 3322 Festus
1080 3283 1207 3322 vero
1236 3285 1250 3321 :
1288 3287 1308 3319 ‹
1334 3267 1668 3323 Grallatores
1697 3285 1789 3339 ap-

1909 3299 2034 3335 aunc
2065 3282 2256 3336 dicitur
2283 3293 2570 3353 prosectum
2601 3281 2791 3355 (Ibid.,
2819 3301 2938 3356 pag.
2965 3284 3072 3349 75;
3109 3282 3285 3350 Varr.,
3316 3283 3405 3338 lib.
3438 3299 3492 3338 tv

179 3358 528 3426 pellabantur
559 3359 898 3429 pantomimi.
919 3360 1008 3430 qui
1038 3369 1096 3414 ut
1127 3360 1494 3416 in-saltatione
1519 3362 1790 3418 imitarem

180 3459 274 3503 tur
329 3448 646 3519 IEgipanas,
673 3449 898 3520 adjectis
928 3453 1144 3520 perticis
1172 3451 1410 3506 furculas
1442 3452 1784 3522 habentibus,

178 3552 351 3612 atque
379 3543 430 3595 in
458 3541 543 3597 his
581 3554 952 3613 superstantes
980 3585 995 3609 ,
1025 3545 1092 3598 ad
1134 3545 1540 3600 similitudinem
1572 3561 1790 3602 crurum

178 3636 309 3706 ejus
337 3637 548 3705 generis
587 3635 970 3706 gradiebantur
989 3677 1005 3702 ,
1037 3637 1224 3706 utique
1252 3647 1474 3708 propter
1502 3638 1792 3694 difﬁculta-

181 3740 301 3784 tem
323 3727 674 3784 consistendi.
701 3727 920 3783 Plautus
949 3739 962 3784 :
993 3728 1291 3784 Vinceretis
1311 3745 1472 3784 cursu
1496 3746 1707 3800 cervas,
1738 3742 1792 3787 et

177 3823 532 3894 grallatorem
567 3824 758 3895 gradu.
787 3842 805 3875 ι
845 3823 1038 3897 (Fest.,
1083 3824 1152 3877 ad
1176 3826 1311 3880 verb.
1344 3825 1789 3898 Gnanurouns.)

181 3916 308 3971 Huc
348 3928 530 3973 autem
587 3917 759 3971 Plauti
792 3932 1011 3972 carmen
1045 3933 1111 3972 ex
1161 3919 1278 3988 ejus
1306 3917 1545 3983 Pwnulo,
1578 3919 1701 3975 Act.
1733 3923 1785 3987 5,

179 4027 339 4067 scen.
373 4027 412 4077 t,
435 4012 776 4081 desumptum
810 4022 910 4066 est.
939 4011 1151 4066 Videsis
1187 4011 1364 4066 adhuc
1392 4013 1619 4067 Nobiutn
1655 4013 1792 4067 Mar-

178 4105 384 4162 cellum
413 4146 427 4169 ,
474 4105 541 4161 de
594 4104 806 4160 verbor.
840 4105 1108 4176 Propriet.
1163 4120 1283 4176 cap.
1328 4105 1384 4172 2,
1440 4105 1508 4160 ad
1567 4106 1789 4161 verbum

181 4199 525 4254 Grallatores.

261 4292 639 4363 Hieroplianta,
663 4307 837 4362 graece
861 4294 1174 4369 ἱεροφάντης.
1208 4292 1254 4346 is
1300 4301 1403 4358 est,
1433 4293 1525 4361 qui
1555 4306 1709 4346 sacra
1738 4303 1792 4346 et

178 4387 510 4444 cerimonias
549 4389 818 4454 docebat,
864 4399 917 4444 et
957 4402 1234 4443 Sacrorum
1265 4389 1491 4443 antistes
1521 4388 1738 4459 (Arnob.
1770 4430 1787 4456 ,

181 4483 277 4536 lib.
311 4498 364 4545 ν,
396 4499 452 4552 ρ.
488 4480 642 4552 m).

264 4573 633 4628 Honorationis
663 4573 920 4637 ofﬁcium.
950 4574 1056 4630 hoc
1104 4584 1228 4639 est,
1279 4574 1499 4631 honoris
1539 4586 1594 4631 et
1637 4591 1789 4632 reve-

185 4669 374 4724 rentia:
397 4666 589 4740 (lbid.,
616 4668 705 4722 lib.
737 4683 832 4729 vn,
869 4685 920 4737 p.
953 4667 1106 4735 221).

259 4761 592 4817 Jecusculum
647 4772 731 4816 est
773 4763 1144 4817 diminutivum
1186 4764 1418 4818 nominis
1462 4764 1635 4834 jecur.
1669 4764 1786 4831 Quo

185 4857 350 4913 etiam
400 4855 622 4912 nomine
664 4856 830 4909 utitur
879 4855 1085 4910 Plinius
1120 4875 1132 4910 :
1169 4876 1188 4907 ι
1223 4857 1476 4923 Murium,
1508 4878 1528 4909 ι
1566 4860 1737 4928 inquit
1768 4903 1785 4924 ,

191 4971 212 5003 ι
248 4951 512 5022 iecusculi
557 4949 708 5007 libra:
740 4949 805 5003 ad
835 4966 1116 5006 numerum
1166 4951 1312 5006 luna;
1359 4951 1414 5005 in
1443 4967 1629 5006 mense
1658 4967 1788 5007 con-

184 5058 379 5114 gruere
428 5043 706 5099 dicuntur.
738 5061 757 5093 ι
809 5041 877 5096 Ει
923 5043 1069 5110 prius
1118 5041 1348 5098 Cicero:
1389 5043 1786 5099 «Mnscnlorum

179 5136 459 5207 iecuscula
513 5136 702 5191 bruma
734 5134 986 5190 dicuntur
1008 5136 1188 5206 augeri
1219 5154 1240 5189 ι
1287 5134 1472 5208 (Ibid.,
1497 5137 1584 5190 lib.
1607 5153 1657 5191 tv
1683 5181 1696 5204 ,
1731 5156 1784 5209 p.

188 5229 296 5284 154
341 5229 556 5296 ;Plin..
588 5229 676 5284 lib.
697 5246 755 5298 ιι,
782 5247 901 5301 cap.
931 5231 1022 5298 57,
1048 5232 1248 5303 p.571,
1279 5230 1465 5298 Cicer.,
1524 5232 1611 5288 lib.
1667 5249 1706 5288 ιι
1728 5235 1791 5289 de

187 5323 386 5391 Dirim,
421 5342 474 5394 p.
507 5323 659 5395 285).

257 5416 702 5481 lmmoderatum.
752 5419 804 5474 id
835 5429 957 5486 est,
1013 5422 1129 5476 sine
1171 5421 1353 5486 modo,
1387 5421 1471 5476 vel
1523 5421 1665 5490 line,
1695 5438 1790 5479 seu

189 5510 511 5564 immensum
538 5520 594 5566 et
625 5511 890 5566 inlinitqu
923 5512 1164 5583 (Arnob,
1196 5514 1284 5568 lib.
1330 5531 1388 5579 tt,
1421 5532 1474 5583 ρ.
1506 5514 1620 5587 97).
1643 5516 1789 5584 Qua-

191 5614 405 5674 propter
426 5603 617 5660 Cieero
646 5605 916 5674 quoddam
966 5607 1232 5676 Euripidis
1273 5624 1491 5664 carmen
1553 5609 1739 5682 (Cicer.
1771 5655 1788 5681 ,

190 5698 278 5752 tib.
311 5715 346 5753 ιι
386 5699 450 5754 de
477 5698 674 5755 Natur.
723 5701 893 5765 ἀροῖ..
945 5719 997 5771 p.
1027 5701 1180 5774 225),
1230 5704 1308 5758 sic
1336 5703 1497 5759 latine
1525 5706 1791 5778 interpre-

193 5799 330 5845 tatur
361 5809 378 5846 .'

317 5905 463 5958 Vides
478 5907 714 5971 sublime,
739 5907 916 5970 fusum,
945 5909 1316 5961 immoderatum
1341 5910 1551 5962 tethera.

1897 3375 1963 3428 de
1991 3374 2146 3446 Ling.
2176 3377 2294 3442 lat.,
2329 3393 2451 3446 pag.
2484 3376 2614 3444 28).
2653 3376 2959 3433 Macrobius
2984 3377 3146 3432 etiam
3181 3393 3279 3432 nos
3310 3387 3500 3432 monet

1898 3468 2144 3522 insicium
2172 3469 2240 3523 ab
2266 3469 2570 3524 insectione
2592 3470 2859 3531 derivari.
2886 3489 2904 3522 ι
2927 3472 3217 3527 amissione
3239 3492 3258 3524 ι
3284 3471 3495 3542 inquit,

1901 3558 2158 3626 «litterae,
2190 3569 2380 3632 postea
2409 3563 2550 3632 quod
2594 3577 2737 3617 nunc
2778 3562 2976 3631 habet,
3019 3581 3213 3620 nomen
3259 3565 3500 3621 obtinuit

1897 3652 2173 3726 (Macrob.
2201 3696 2217 3719 ,
2257 3654 2346 3708 lib.
2381 3671 2452 3709 vn
2499 3655 2713 3711 Saturn.
2743 3697 2759 3721 ,
2791 3674 2909 3724 cap.
2956 3657 3045 3727 8).
3085 3659 3258 3714 Aliam
3310 3667 3495 3715 tamen

1897 3747 2057 3818 hujus
2082 3748 2317 3803 nominis
2342 3749 2728 3820 etymologiam
2756 3749 2838 3803 bis
2859 3748 3096 3805 Isidorus
3119 3750 3270 3806 dedit
3291 3751 3493 3807 verbis:

1902 3857 1920 3889 ι
1945 3839 2150 3894 lsocem
2184 3842 2384 3910 piscem
2413 3842 2704 3912 quemdam
2733 3851 2958 3903 vocant.
3003 3857 3070 3898 ex
3111 3859 3219 3914 quo
3258 3845 3494 3916 primum

1897 3930 2046 3984 isicia
2079 3931 2214 3987 facta
2241 3922 2406 3987 sunti
2425 3941 2480 3988 et
2507 3934 2754 4004 quamvis
2783 3950 2849 3988 ex
2879 3934 2988 3990 alio
3019 3950 3221 4006 genere
3260 3939 3492 4008 piscium

1897 4023 2023 4079 fiant
2045 4069 2057 4089 ,
2083 4027 2296 4080 initium
2325 4037 2501 4083 tamen
2531 4030 2695 4098 piscis
2721 4028 3044 4084 vocabulum
3073 4030 3220 4085 dedit
3248 4030 3494 4102 (lsidor.,

1897 4119 2013 4174 libr.
2061 4136 2130 4174 xx
2178 4118 2323 4192 Orig.
2352 4161 2366 4186 ,
2410 4137 2528 4189 cap.
2564 4119 2651 4190 1).
2677 4120 3062 4192 iLampridius
3105 4138 3270 4191 porro
3312 4135 3496 4180 narrat

1895 4211 2300 4283 Heliogabalum
2333 4215 2565 4285 primum
2606 4215 2676 4271 de
2719 4215 2991 4285 piscibus,
3025 4216 3256 4282 ostreis,
3290 4228 3343 4272 et
3375 4217 3496 4272 aliis

1894 4307 2162 4362 similibus
2187 4309 2413 4363 conchis
2440 4307 2637 4365 fecisse
2667 4309 2880 4365 insicia.
2911 4308 3076 4365 Plura
3105 4326 3234 4366 vero
3271 4311 3494 4381 Apicius

1895 4399 2207 4456 insiciorum
2237 4417 2443 4472 genera
2461 4445 2475 4466 ,
2506 4417 2808 4474 eorumque
2835 4403 3301 4459 conliciendorum
3329 4407 3498 4461 ratio-

1897 4512 2020 4552 nem
2061 4496 2339 4552 describit.
2376 4496 2587 4554 Videsis
2617 4496 2999 4554 Casaubonum
3044 4499 3095 4552 in
3130 4498 3298 4553 libros
3329 4500 3498 4555 Athe-

1895 4591 2000 4645 naei
2022 4632 2036 4654 ,
2070 4601 2124 4647 et
2151 4591 2438 4647 Variorum
2471 4591 2524 4646 in
2556 4593 2780 4647 citatum
2814 4592 2989 4661 Apicii
3031 4591 3208 4645 locum
3250 4591 3495 4646 animad-

1815 4689 1868 4748 D
1893 4686 2173 4741 versiones
2202 4684 2521 4758 (Lamprid.,
2552 4687 2607 4739 in
2643 4684 2749 4740 Vit.
2780 4682 3098 4757 Heliogsb.;
3129 4685 3298 4754 Apim,
3333 4684 3424 4738 lib.
3458 4701 3493 4740 ιι

1898 4781 1962 4834 de
1982 4782 2089 4833 Art.
2117 4781 2401 4849 coquinat.,
2427 4797 2543 4851 cap.
2572 4782 2624 4848 1;
2651 4780 2899 4846 Casaub.,
2927 4781 2977 4833 in
3001 4779 3262 4844 Athenw.,
3294 4778 3382 4834 lib.
3415 4795 3491 4846 nt,

1894 4891 2012 4947 cap.
2043 4875 2098 4940 5,
2131 4893 2250 4946 pag.
2283 4876 2385 4931 651
2413 4874 2452 4947 ).

1967 4967 2232 5023 Labeones
2274 4976 2676 5039 nuncupantur,
2704 4971 2904 5041 quibus
2947 4985 3140 5040 magna
3173 4978 3299 5025 sunt
3327 4968 3490 5024 labia.

1899 5064 2134 5119 Plinius:
2174 5082 2193 5115 ι
2217 5064 2388 5119 Labra
2412 5083 2431 5116 ι
2459 5066 2553 5130 ait,
2580 5083 2598 5115 ι
2628 5080 2659 5119 a
2688 5065 2884 5135 quibus
2928 5064 3154 5120 Brocchi
3178 5107 3191 5128 ,
3236 5065 3494 5120 labeones

1896 5158 2026 5212 dicti
2061 5177 2079 5208 ι
2113 5158 2359 5228 (Arnob.,
2393 5159 2483 5214 lib.
2517 5176 2602 5224 ιιι,
2630 5177 2747 5231 pag.
2791 5159 2918 5222 108;
2946 5158 3117 5226 Plin.,
3149 5158 3236 5214 lib.
3268 5175 3323 5216 ιι
3354 5158 3491 5215 Hist.

1899 5258 2100 5315 natum,
2131 5267 2248 5321 cap.
2284 5252 2376 5318 57,
2412 5269 2533 5323 pag.
2566 5253 2733 5326 353).

1969 5341 2283 5408 Lucet-nuta,
2332 5361 2362 5399 a
2403 5347 2621 5402 nomine
2651 5346 2864 5402 lacerna
2895 5347 3040 5403 haud
3075 5346 3238 5403 dubie
3275 5345 3494 5402 deriva-

1895 5445 2030 5490 tum.
2056 5437 2295 5493 Lacerna
2327 5448 2510 5494 autem
2535 5440 2700 5495 vestis
2726 5450 2840 5495 erat
2865 5442 3025 5496 vilior
3049 5450 3104 5496 et
3127 5439 3488 5506 communior,

1895 5539 1971 5597 et,
2002 5532 2075 5585 uti
2114 5532 2190 5585 ait
2219 5530 2492 5597 Isidorus,
2523 5552 2542 5584 (
2574 5533 2792 5603 pallium
2824 5532 3156 5588 ﬁmbriatum
3176 5574 3190 5596 ,
3221 5547 3329 5602 quo
3362 5532 3494 5586 olim

1895 5625 1996 5679 soli
2027 5626 2225 5680 milites
2267 5627 2572 5682 utebantur.
2610 5626 2762 5682 Unde
2792 5636 2848 5682 et
2880 5628 2932 5682 in
2965 5625 3348 5696 distinguenda
3374 5640 3496 5681 cas-

1897 5717 2072 5772 trensi
2111 5719 2424 5790 nrbanaque
2451 5720 2601 5774 turba
2621 5763 2635 5786 ,
2659 5719 2759 5776 hos
2789 5729 3019 5792 togatos,
3045 5720 3169 5774 illos
3193 5721 3499 5775 lacernatos

1897 5810 2182 5865 vocabant.
2227 5811 2357 5866 Inde
2398 5822 2580 5868 autem
2609 5813 2872 5880 lacerate,
2902 5815 3052 5884 quasi
3083 5815 3374 5884 amputatis
3401 5829 3495 5870 ca-

1900 5904 2103 5976 pitibus
2132 5907 2465 5965 limbriarum
2488 5951 2504 5977 ,
2533 5924 2708 5980 neque
2739 5909 2812 5965 ita
2840 5909 3004 5977 laxis,
3039 5917 3093 5964 ut
3126 5918 3249 5965 sunt
3279 5909 3502 5980 penula-
