3872 6338
364 333 471 392 699

1628 331 2086 398 DISSERTA'I'IO
2122 335 2406 399 PRJEVIA

3550 340 3651 401 700

360 464 479 507 rum
499 468 519 504 ι
539 449 780 524 (Arnob.,
803 451 892 508 lib.
913 455 970 517 ιι,
997 469 1112 525 pag.
1139 453 1239 520 56;
1259 453 1583 534 lsidor.,lib.
1607 451 1945 522 an'Origin.,
1975 447 2030 508 Α
2053 450 2229 525 Atque
2257 455 2364 511 alio
2395 457 2448 511 in
2473 455 2650 512 libro:

359 559 475 613 cap.
507 543 629 616 24).
667 541 945 617 Frequens
972 558 1150 604 autem
1189 547 1327 618 apud
1357 549 1561 613 varies,
1593 563 1656 604 ac
1681 549 1949 618 praecipue

361 637 428 694 de
458 655 520 695 re
543 641 794 697 vestiaria
822 642 1146 712 scriptores,
1181 642 1340 712 hujus
1365 641 1599 697 nominis
1625 658 1770 698 usus.

430 732 610 801 lana,
639 735 715 790 uti
740 736 1120 794 animadvertit
1145 735 1333 802 Varro,
1357 736 1494 808 quod
1519 737 1583 792 de
1615 738 1735 791 lana
1762 737 1946 802 multa;

359 827 578 880 duarum
605 830 739 882 enim
769 839 1005 900 togarum
1027 829 1219 882 instar:
1248 839 1304 883 ut
1328 829 1737 900 antiquissimum
1764 829 1946 884 mulie-

358 938 472 975 rum
498 923 766 989 ririnium,
795 925 868 979 sic
898 925 992 978 hoc
1015 923 1206 989 duplex
1229 925 1454 978 uirorum
1485 923 1726 995 (Arnob.,
1755 924 1845 978 lib.
1876 940 1913 978 ιι
1931 966 1945 986 ,

362 1033 484 1088 pag.
526 1017 595 1074 56
624 1028 670 1073 sl
700 1016 798 1079 59;
837 1016 1008 1080 γαπ..
1042 1017 1127 1079 lib.
1163 1035 1212 1071 vi
1245 1018 1308 1072 de
1339 1017 1487 1089 Ling.
1523 1018 1640 1083 lat.,
1679 1035 1798 1090 pag.
1835 1021 1944 1082 35:

362 1107 547 1164 Festus
570 1149 588 1174 ,
620 1108 694 1164 ad
721 1109 855 1165 verb.
891 1094 1106 1181 ωιιωε).
1139 1110 1308 1167 Addit
1335 1110 1531 1166 Festus
1562 1125 1590 1164 ιι
1622 1111 1944 1181 quibusdam

359 1199 615 1256 traditum
658 1215 777 1256 eam
820 1203 897 1257 sic
947 1211 1128 1269 lusce,
1159 1203 1306 1258 etab
1343 1203 1464 1258 aliis
1506 1215 1681 1270 grzece
1727 1206 1944 1276 χλαῖναν

355 1291 704 1361 appellatam.
748 1292 815 1349 A.
857 1292 1033 1348 Nonio
1059 1304 1242 1349 autem
1274 1294 1474 1349 dicitur
1502 1311 1622 1352 esse
1654 1295 1918 1352 vestimen

358 1391 468 1436 tum
501 1383 768 1451 militare,
811 1385 952 1454 quod
995 1401 1159 1453 supra
1187 1398 1383 1442 ctetera
1412 1387 1590 1443 omnia
1626 1386 1946 1445 induebatur

356 1475 615 1546 (Nonius,
634 1494 750 1545 cap.
777 1478 900 1549 l5).
933 1483 1108 1552 Atque
1135 1481 1188 1535 in
1219 1481 1489 1551 opinionis
1516 1495 1628 1540 sum
1653 1483 1942 1536 confirma-

358 1570 560 1628 tionem
585 1572 656 1628 ab
686 1573 778 1628 illo
809 1572 924 1629 haec
950 1574 1141 1646 Virgili
1183 1577 1426 1632 carmina
1454 1577 1722 1635 citantur:

850 1689 1094 1755 Tyrioque
1119 1691 1320 1742 ardebat
1341 1691 1528 1744 murice
1551 1690 1695 1748 laena,

449 1749 670 1801 Demissa
696 1765 758 1802 ex
786 1749 1019 1804 humeris.

836 1811 1060 1882 (Virgil.,
1086 1812 1168 1867 lib.
1195 1831 1242 1867 ιγ
1266 1815 1473 1877 Eadd,
1498 1828 1625 1866 vers.
1649 1813 1786 1878 262.)

353 1917 426 1973 At
444 1917 661 1975 Servius
686 1920 785 1974 hos
810 1921 861 1976 in
885 1936 1074 1976 versus
1096 1923 1272 1977 varias
1299 1921 1465 1977 relert
1489 1921 1556 1978 de
1585 1922 1722 1977 laena
1746 1931 1801 1976 et
1827 1921 1947 1991 ejus

355 2011 644 2067 inventore
687 2015 1016 2079 sententias,
1062 2022 1222 2083 atque
1254 2014 1322 2068 ab
1364 2014 1482 2069 aliis
1523 2025 1700 2084 togam
1733 2014 1944 2068 censeri

355 2102 626 2173 duplicem
650 2113 703 2160 et
736 2106 988 2161 amictum
1011 2107 1345 2176 auguralem,
1383 2107 1434 2160 in
1471 2123 1599 2178 quo,
1633 2116 1691 2160 ut
1725 2100 1948 2177 quibus-

356 2196 481 2252 dam
514 2199 747 2268 placuit,
780 2199 1024 2254 ﬂamines
1055 2198 1263 2254 inlulati
1292 2199 1697 2266 sacriﬁcabant,
1731 2199 1798 2253 ab
1825 2197 1948 2251 aliis

356 2307 488 2348 vero
509 2293 616 2348 dici
640 2293 896 2350 amictum
925 2292 1232 2351 rotundum.
1261 2293 1418 2352 Plura
1450 2293 1502 2350 in
1529 2293 1644 2364 ejus
1668 2307 1940 2349 commen-

355 2388 507 2443 tariis
535 2387 719 2458 legere
746 2389 970 2459 poteris.

430 2482 671 2538 Laminas
695 2484 1005 2553 pertundunt
1024 2482 1225 2537 aurium
1243 2523 1257 2546 ,
1283 2483 1334 2537 id
1357 2491 1468 2547 est,
1495 2483 1632 2536 imas
1653 2481 1942 2545 auriculas,

357 2589 454 2630 seu
483 2576 790 2631 inferiorem
818 2591 1000 2631 earum
1030 2585 1233 2646 partem
1254 2613 1269 2639 ,
1301 2583 1363 2630 ut
1389 2586 1626 2644 gemmas
1657 2574 1830 2628 aliave
1866 2571 1945 2626 eis

355 2667 661 2723 insererent
701 2667 937 2741 (Arnob,
979 2668 1065 2722 lib.
1098 2683 1163 2733 ιι,
1207 2684 1325 2740 pag.
1357 2666 1482 2737 72).
1527 2665 1743 2722 Videsis
1770 2663 1944 2720 Vossii

354 2761 752 2832 etymologicon
781 2761 847 2816 ad
878 2775 1016 2816 vers.
1045 2760 1266 2815 Lamina
1299 2769 1346 2815 et
1374 2761 1560 2833 ligula.

428 2851 706 2907 Lancicula
726 2852 1103 2908 diminutivum
1124 2854 1332 2908 videtur
1351 2855 1582 2909 nominis
1608 2855 1734 2908 lanx
1755 2850 1943 2925 (lbid.,

357 2958 477 3013 pag.
497 2942 630 3014 59),
665 2953 822 3015 atque
849 2945 1048 2998 idcirco
1075 2943 1215 3000 idem
1243 2958 1366 2999 esse
1393 2960 1453 2998 ac
1475 2959 1638 3015 parva
1664 2943 1811 3008 lanx,
1834 2942 1949 2996 sive

355 3036 533 3090 minus
555 3051 646 3089 vas
665 3037 1008 3104 escularium,
1029 3052 1135 3106 quo
1159 3053 1284 3093 caro
1311 3047 1471 3102 tosta,
1491 3039 1604 3092 sive
1627 3037 1770 3091 elixa
1795 3051 1947 3090 men-

355 3129 431 3184 sis
461 3127 808 3186 inferebatur.
844 3132 918 3188 De
946 3134 1097 3187 lance
1126 3143 1304 3188 autem
1335 3133 1479 3188 canit
1508 3133 1769 3188 Plautus:

777 3246 832 3296 In
854 3249 1079 3312 popinam
1097 3248 1438 3297 divortundum
1461 3248 1695 3312 est_mibi.

449 3306 638 3359 Lances
661 3306 1120 3423 deterga'm'omnes.
1142 3323 1416 3373 omnesque
1441 3308 1610 3360 trullas
1633 3311 1868 3360 hauriam.

746 3372 809 3423 lP
831 3379 950 3423 aut..
975 3372 1025 3423 in
1048 3371 1295 3423 Amabat.
1323 3380 1418 3423 act.
1440 3389 1506 3423 1v.
1531 3384 1660 3423 scen.
1684 3371 1758 3423 3.)

746 3371 950 3437 (Plaul.,
975 3372 1025 3423 in
1048 3371 1295 3438 Amphyt.,
1323 3371 1418 3424 act.
1440 3389 1506 3434 1v,
1531 3384 1660 3424 scen.
1684 3371 1758 3434 3.)

356 3477 529 3534 Varro
565 3489 746 3535 autem
787 3479 876 3535 ubi
914 3468 980 3534 dc
1010 3481 1152 3534 vasis
1181 3480 1433 3535 escariis:
1465 3499 1484 3532 ‹
1513 3479 1773 3550 Magidam
1801 3499 1818 3530 ι
1855 3479 1939 3531 in-

355 3571 503 3642 quit,
537 3581 628 3626 aut
659 3592 677 3625 ι
711 3571 1014 3641 langulam,
1047 3572 1272 3626 alteram
1304 3587 1334 3626 a
1365 3571 1769 3642 magnitudine,
1803 3571 1945 3625 alte-

357 3680 474 3719 ram
505 3665 574 3720 ab
629 3663 909 3721 latitudine
941 3665 1211 3721 tinxerunt
1240 3685 1258 3717 ι
1289 3664 1497 3737 (Varia,
1531 3664 1618 3719 lib.
1653 3682 1667 3719 ι
1696 3665 1758 3718 de
1788 3663 1942 3734 Ling.

358 3759 477 3821 lat.,
519 3775 638 3830 pag.
692 3759 820 3831 30).
856 3760 1014 3830 Atqui
1059 3759 1102 3812 si
1135 3758 1328 3813 Vossio
1368 3757 1699 3825 credideris,
1733 3757 1945 3828 langula

357 3853 511 3924 quasi
553 3853 763 3908 lancula
804 3853 1024 3908 dicitur.
1057 3851 1194 3907 Vide
1232 3868 1361 3924 ergo
1391 3863 1569 3908 utrum
1611 3854 1677 3908 ab
1705 3852 1948 3907 Arnobio

357 3945 620 4015 scriptum
648 3944 850 4000 fuerint
876 3945 1113 4007 lancula.
1139 3955 1230 3999 aut
1264 3945 1386 3999 inde
1409 3945 1544 4000 facta
1575 3947 1644 4001 sit
1669 3947 1945 4002 lancicula.

429 4037 604 4093 Laura
629 4053 803 4112 graece
829 4040 990 4116 λαῦραι
1008 4083 1022 4108 ,
1055 4050 1107 4095 et
1137 4039 1304 4095 latine
1332 4040 1484 4095 vicus
1506 4083 1519 4102 ,
1549 4051 1697 4095 recte
1725 4039 1946 4108 dicitur,

358 4142 416 4188 ut
444 4132 739 4188 Athenaeus
771 4143 955 4188 monet
978 4175 991 4198 ,
1023 4147 1086 4188 ac
1115 4132 1248 4188 satis
1281 4133 1526 4203 probavit
1563 4131 1911 4188 Casaubonus
1933 4175 1948 4197 ,

357 4240 540 4295 quem,
585 4227 629 4279 si
663 4225 831 4291 lubet,
864 4225 1086 4281 consule
1119 4225 1377 4298 (Arnob,
1412 4224 1500 4279 lib.
1533 4241 1585 4278 ιιι
1612 4266 1626 4291 ,
1657 4242 1775 4295 pag.
1811 4225 1946 4288 124;

360 4315 605 4384 Casaub.,
637 4319 690 4371 in
719 4319 973 4385 Athena?”
1016 4320 1104 4373 lib.
1136 4335 1244 4383 xu,
1281 4335 1402 4388 cap.
1439 4317 1568 4388 10).

431 4412 706 4468 Lenocinia
746 4414 959 4486 fulgoris
999 4422 1242 4483 angustat
1267 4414 1477 4466 deorum
1507 4403 1785 4464 simulacra
1814 4420 1952 4463 exte-

361 4507 468 4561 rior
509 4506 738 4573 (levitas;
772 4509 844 4563 ita
891 4508 1128 4578 loquitur
1172 4506 1473 4572 Arnobius,
1516 4521 1581 4562 ac
1623 4505 1949 4560 lenocinium

2145 566 2272 637 Filia
2290 568 2488 637 Picenis
2509 572 2653 637 venio
2674 569 2914 637 Lucanica
2939 586 3114 637 porcas.

2237 630 2458 682 Pultibus
2476 633 2586 684 hinc
2602 635 2760 686 niveis
2779 644 2919 697 grata
2940 630 3122 689 corona
3143 639 3304 693 datur.

2735 718 2927 782 (Mart,
2949 717 3032 771 lib.
3051 739 3119 784 In,
3143 722 3300 791 epigr.
3323 727 3432 789 53.)

2050 817 2197 886 Quos
2245 821 2295 874 in
2341 836 2533 877 versus
2581 827 2826 882 nonnulli
2872 828 3162 885 observant
3203 832 3531 889 Lucanicam
3578 851 3646 893 ex

2049 911 2284 968 concisis
2330 915 2586 970 carnibus
2631 933 2840 986 porcae.
2894 921 2949 976 in
2998 937 3128 992 agro
3171 923 3419 980 Piscamo
3462 938 3644 992 natat,

2049 1004 2186 1064 ﬁeri.
2232 1007 2439 1064 Tullius
2477 1025 2643 1080 porro
2681 1012 2900 1084 Papirio
2926 1017 3147 1072 scribit:
3173 1037 3192 1072 c
3216 1018 3470 1076 Solebam
3498 1025 3644 1078 enim

2032 1109 2204 1154 .antea
2236 1101 2490 1159 delectari
2521 1105 2675 1170 oleis,
2719 1116 2773 1162 et
2805 1109 3063 1167 lucanicis
3089 1113 3197 1170 tuis
3235 1132 3254 1166 ι
3291 1114 3518 1184 (Cium,
3553 1117 3643 1172 lib.

2047 1208 2133 1258 ix,
2166 1195 2382 1262 epistola
2417 1197 2511 1262 l6.
2545 1216 2664 1270 pag.
2699 1200 2859 1271 102).

2122 1287 2382 1352 Mantele,
2416 1305 2508 1346 seu
2543 1293 2893 1358 mantelium.
2923 1305 2979 1350 et
3005 1298 3256 1361 mantile.
3291 1315 3321 1353 a
3364 1303 3646 1373 tergendis

2048 1383 2298 1438 manibus
2324 1386 2524 1442 dictum
2543 1427 2557 1451 ,
2586 1388 2745 1442 sicuti
2772 1389 2993 1447 Servius
3019 1401 3242 1447 aunots't
3266 1392 3320 1448 in
3347 1393 3492 1451 hunc
3522 1396 3646 1451 Vir-

2048 1475 2160 1544 gilii
2192 1492 2437 1532 versum:

2543 1593 2818 1657 Tonsisque
2833 1571 2999 1645 lerunt
3023 1597 3238 1648 mantilla
3258 1599 3400 1651 villis.

2534 1672 2766 1742 (Yirgil.,
2790 1673 2872 1728 lib.
2894 1693 2910 1726 ι
2930 1679 3145 1739 ιΒιιεὶά.,
3166 1692 3292 1732 vers.
3318 1682 3458 1747 706.)

2051 1780 2224 1836 Varro
2261 1796 2476 1853 quoque
2512 1781 2756 1839 dixerat:
2788 1802 2807 1835 ι
2836 1784 3148 1850 Mantelium
3171 1830 3186 1854 ,
3212 1789 3366 1857 quasi
3397 1801 3650 1846 manule-

2053 1873 2209 1941 rium,
2238 1873 2322 1928 ubi
2368 1889 2555 1929 manus
2593 1884 2871 1945 terguntnr
2907 1895 2925 1930 ι
2954 1875 3164 1948 (Varr.,
3195 1879 3282 1932 lib.
3319 1897 3371 1935 Iv
3405 1882 3470 1936 de
3491 1881 3652 1954 Ling.

2053 1966 2168 2034 lat.,
2193 1985 2309 2038 pag.
2341 1965 2411 2022 66
2434 1966 2474 2038 ).
2500 1966 2734 2022 Isidorus
2763 1984 2910 2029 vero,
2940 1969 3030 2040 qui
3057 1970 3188 2025 illud
3215 1972 3344 2025 olim
3371 1973 3496 2028 huic
3531 1977 3652 2030 usui

2053 2058 2222 2115 fuisse
2264 2049 2481 2124 fatetur,
2513 2076 2655 2116 nunc
2681 2062 2991 2131 operiendis
3021 2065 3223 2118 mensis
3254 2067 3518 2123 inservire
3549 2068 3650 2125 de-

2051 2149 2242 2206 clarat.
2267 2153 2427 2207 Plura
2452 2153 2519 2208 de
2541 2168 2606 2208 eo
2629 2153 2850 2208 Vossius
2876 2155 2928 2208 in
2953 2155 3328 2228 Etymologico
3349 2163 3650 2230 congessit:

2090 2261 2092 2264 '
2130 2243 2328 2312 Marsi,
2361 2246 2428 2301 de
2453 2247 2650 2317 quibus
2679 2245 2814 2303 inira
2845 2248 2911 2302 ad
2943 2250 3166 2304 verbum
3192 2248 3363 2322 Psylli
3394 2252 3651 2323 (Arnob.,

2051 2341 2141 2394 lib.
2173 2355 2240 2404 ιι,
2274 2357 2393 2412 pag.
2429 2341 2555 2410 66).
3203 2346 3207 2349 ’

2123 2422 2426 2514 Hosti-nea,
2483 2436 2570 2490 vel
2625 2445 2895 2507 mastruga
2946 2437 3115 2491 vestis
3169 2444 3288 2492 erat
3339 2435 3650 2494 Sardonum

2049 2515 2251 2599 (lbid.,
2278 2545 2395 2600 pag.
2423 2527 2551 2600 59),
2576 2544 2736 2593 quam
2765 2529 3003 2587 Isidorus
3030 2529 3108 2583 sic
3136 2530 3408 2598 explicat:
3441 2531 3655 2587 «Vestis

2048 2619 2366 2676 Germanica
2411 2636 2477 2676 ex
2521 2620 2738 2690 pellulis
2779 2621 3050 2686 ferarum,
3082 2620 3149 2675 de
3189 2636 3291 2690 qua
3318 2619 3514 2678 Cicero
3552 2639 3655 2694 pro

2049 2713 2254 2769 Scauro
2288 2733 2300 2768 :
2333 2730 2492 2785 quem
2538 2730 2771 2784 purpura
2803 2713 2998 2785 regalis
3025 2729 3132 2768 non
3162 2719 3488 2783 commovit,
3524 2733 3651 2772 cum

2049 2808 2342 2865 Sardorum
2385 2818 2656 2879 mastruga
2697 2809 2948 2862 mutavit.
2993 2807 3259 2878 Mastruga
3293 2820 3474 2864 autem
3506 2811 3653 2866 dicta

2047 2903 2200 2974 quasi
2245 2911 2611 2965 monstruosa,
2641 2918 2706 2956 eo
2738 2901 2880 2970 quod
2909 2901 3001 2971 qui
3045 2917 3108 2955 ea
3138 2903 3456 2967 induuntur,
3492 2907 3654 2973 quasi

2049 2997 2103 3052 in
2133 2996 2366 3052 ferarum
2389 2994 3097 3051 liabitumtransformentur
3121 2996 3363 3066 s(Cicer.,
3393 2998 3543 3053 Orat.
3571 3017 3655 3064 ιιι,

2052 3092 2114 3146 de
2157 3089 2315 3144 Prov.
2348 3090 2568 3155 consul.,
2603 3106 2720 3159 pag.
2946 3088 3157 3144 Videsis
3185 3089 3521 3160 Turnebum,
3556 3093 3656 3150 lib.

1975 3221 2021 3285 C
2055 3199 2086 3238 χ
2115 3183 2404 3238 Adversar.
2433 3198 2554 3250 cap.
2582 3183 2632 3244 5,
2659 3193 2710 3236 et
2738 3181 2831 3236 lib.
2858 3198 2959 3246 xx,
2982 3196 3101 3250 cap.
3125 3181 3178 3237 9.

2127 3277 2350 3331 Mateola
2373 3276 2749 3331 diminutivum
2768 3320 2782 3344 ,
2807 3276 2941 3337 sive,
2965 3284 3025 3328 ut
3049 3277 3138 3330 alii
3166 3279 3476 3348 opinantur.
3509 3279 3658 3336 idem

2049 3385 2112 3424 ac
2135 3378 2355 3434 mattea,
2387 3369 2472 3423 vel
2497 3379 2697 3441 mattya
2729 3384 2923 3440 grrrce,
2955 3373 3188 3442 ματτύα,
3218 3373 3302 3425 vel
3329 3376 3498 3446 ματύη
3531 3374 3658 3442 (Ar-

2049 3464 2195 3526 nob.,
2223 3462 2308 3515 lib.
2336 3477 2428 3524 vn,
2464 3478 2584 3532 pag.
2617 3461 2715 3516 231
2743 3462 2782 3532 ).
2819 3462 3085 3518 Delicatus
3115 3474 3198 3518 est
3227 3464 3382 3520 cibus
3402 3507 3416 3529 ,
3449 3475 3545 3520 aut
3571 3467 3622 3521 ci
3642 3499 3656 3507 -

2048 3555 2239 3611 borum
2268 3552 2496 3609 delicia.
2528 3549 2682 3609 Unde
2709 3554 3002 3610 Martialis:

2142 3667 2298 3718 Dives
2323 3676 2375 3716 et
2401 3681 2462 3717 ex
2489 3670 2621 3718 omni
2649 3671 2803 3730 posita
2827 3679 2906 3720 est
2929 3672 3166 3721 instructa
3191 3672 3400 3723 macello

2237 3730 2379 3782 Catena
2404 3732 2511 3790 tibi,
2538 3732 2626 3781 sed
2650 3739 2700 3781 te
2722 3731 2899 3796 Maura
2919 3733 3020 3783 sola
3040 3735 3228 3795 juvant.

2708 3813 2963 3878 (Martiul.,
2999 3813 3085 3868 lib.
3107 3832 3160 3878 χ,
3363 3819 3465 3876 59.)

2049 3898 2242 3954 Postea
2269 3910 2434 3952 vero:

2146 3989 2284 4055 Inter
2309 4003 2427 4038 aves
2447 3989 2616 4055 turdus
2638 3991 2679 4055 si
2702 3993 2827 4055 quis,
2853 4004 2934 4041 me
2953 3993 3140 4054 judice.
3165 4001 3349 4055 certet,

2239 4052 2374 4103 Inter
2394 4052 2740 4116 quadrupedes
2757 4053 2932 4118 Mattya
2955 4052 3106 4116 prima
3129 4056 3290 4120 lepus.

2726 4138 2918 4200 (Har-1.,
2942 4133 3025 4186 lib.
3052 4152 3152 4202 xm,
3174 4140 3332 4206 epigr.

2053 4245 2195 4318 Lege
2225 4245 2541 4301 Athenaeum
2563 4284 2578 4309 ,
2614 4244 2708 4299 lib.
2740 4259 2833 4304 xlv.
2873 4245 3311 4317 DeipnosOphist.
3337 4287 3354 4314 ,
3385 4263 3511 4319 pag.
3548 4248 3658 4304 662

2053 4349 2109 4396 et
2138 4341 2262 4396 665.

2075 4506 2094 4511 ν
2125 4433 2334 4488 Meraco
2369 4433 2636 4504 sapientia:
2667 4433 2808 4486 tincti
2844 4444 2892 4488 et
2921 4435 3082 4489 saturi
3113 4444 3236 4506 potu
3267 4435 3514 4505 (Arnob.,
3559 4438 3652 4495 lib.

2054 4542 2122 4592 ιι,
2153 4543 2272 4597 pag.
2305 4524 2429 4596 47).
2462 4525 2731 4581 Meracum
2759 4525 3023 4596 adjective
3061 4528 3350 4598 aliquando
3391 4529 3651 4597 sumitur,

361 4613 520 4656 vocat
568 4602 826 4667 nitorem,
881 4609 1252 4667 venustatem,
1307 4599 1707 4654 excellentiam.
1759 4597 1946 4653 Cicero

2070 4636 2120 4675 ac
2149 4620 2417 4691 signiﬁcat
2443 4621 2614 4674 solum
2642 4635 2703 4675 ac
2731 4636 2962 4692 purum:
2997 4623 3286 4694 aliquando
3311 4622 3654 4681 substantive

359 4709 573 4764 quoque
603 4709 871 4764 corporum
903 4692 1154 4746 lenocinia
1181 4692 1419 4760 appellat
1444 4699 1498 4746 et
1519 4688 1813 4746 Suetonius
1841 4688 1952 4742 Au-

359 4787 495 4856 gusti
545 4784 892 4854 Imperatoris
940 4785 1164 4839 formam
1215 4783 1308 4837 ubi
1362 4783 1656 4849 describit,
1704 4783 1781 4835 ait
1831 4797 1948 4835 eam

359 4877 526 4931 fuisse
557 4878 729 4932 omnis
761 4877 1008 4932 lenocinii
1039 4877 1152 4931 sive
1181 4876 1399 4930 adscita:
1430 4875 1728 4930 venustatis
1756 4890 1952 4943 exper-

361 4982 468 5028 tem
501 4971 753 5045 (Arnob.,
788 4972 875 5026 lib.
909 4988 990 5037 vi,
1023 4989 1142 5042 pag.
1174 4971 1302 5034 201;
1333 4969 1526 5038 (licem,
1556 4971 1642 5025 lib.
1680 4987 1713 5025 ιι
1741 4971 1803 5024 de
1830 4969 1948 5024 Na-

361 5084 459 5124 tur.
502 5070 682 5135 deor.,
717 5085 835 5139 pag.
867 5067 1011 5134 256,
1042 5067 1136 5121 lin.
1172 5067 1238 5130 4;
1273 5064 1487 5121 Suelon.
1509 5107 1523 5133 ,
1559 5067 1609 5119 in
1646 5065 1746 5119 Vit.
1782 5067 1914 5136 Aug.
1936 5107 1951 5133 ,

360 5179 477 5232 cap.
509 5161 637 5231 79).

432 5255 690 5310 Lucanica
718 5271 886 5326 genus
909 5252 1205 5310 farciminis
1237 5260 1374 5318 erat,
1409 5266 1568 5321 quam
1603 5255 1680 5306 sic
1712 5252 1953 5323 appella-

363 5360 469 5404 tam
503 5349 673 5404 Varro
700 5358 754 5402 et
776 5347 1015 5402 Isidorus
1042 5356 1260 5418 putant,
1293 5346 1436 5416 quod
1466 5345 1516 5398 in
1547 5344 1776 5400 Lucania
1807 5345 1954 5415 prius

360 5445 499 5501 facta
519 5488 533 5512 ,
570 5445 649 5500 vel
681 5442 822 5512 quod
853 5443 1080 5506 milites,
1111 5442 1388 5512 quomodo
1417 5439 1602 5505 ﬁeret,
1635 5457 1663 5494 δ
1686 5440 1953 5495 Lucaneis

361 5539 667 5595 didicerunt
696 5537 933 5609 (Arnob,
968 5535 1057 5589 lib.
1088 5551 1154 5599 ιι,
1189 5553 1309 5606 pag.
1345 5535 1445 5601 75;
1487 5533 1663 5602 Varr.,
1697 5536 1786 5591 lib.
1813 5552 1866 5590 ιν
1893 5537 1955 5590 de

363 5635 514 5706 Ling.
548 5634 640 5688 lat.
667 5673 679 5694 ,
725 5648 843 5702 pag.
877 5629 980 5693 28;
1016 5625 1204 5683 Isidor.
1229 5671 1244 5696 ,
1286 5628 1376 5684 lib.
1406 5646 1476 5684 xx
1508 5628 1676 5702 0rig.,
1709 5648 1823 5701 cap.
1861 5631 1951 5702 1).

364 5728 438 5783 Dc
467 5728 554 5782 illa
587 5726 702 5780 haec
727 5735 850 5778 sunt
877 5721 1135 5777 Martialis
1163 5724 1400 5778 carmina
1429 5742 1442 5778 :

549 5818 614 5869 Et
635 5817 874 5867 Lucanica
900 5828 1010 5865 cum
1036 5821 1215 5863 ventre
1241 5813 1438 5865 Filisco.

950 5871 1214 5939 (Martial,
1234 5876 1316 5929 lib.
1336 5891 1402 5938 Iv,
1419 5873 1574 5942 epigr.
1602 5875 1712 5941 46.)

2056 4715 2198 4772 idem
2231 4731 2294 4770 ac
2325 4716 2506 4768 vinum
2539 4727 2711 4770 sonat.
2743 4715 2976 4782 Audias,
3007 4717 3200 4784 velim,
3236 4717 3553 4774 Horatium:

2151 4834 2350 4899 Expulit
2375 4832 2596 4884 elleboro
2619 4833 2863 4891 morbum,
2888 4833 3143 4899 bilemque
3165 4849 3384 4888 meraco.

2531 4917 2746 4981 (Horat,
2768 4917 2852 4968 lib.
2877 4933 2926 4978 ιι,
2950 4917 3088 4984 epist.
3111 4919 3158 4980 2,
3178 4933 3306 4972 vers.
3331 4920 3466 4986 l37.)

2133 5023 2378 5078 Miculam
2407 5023 2538 5078 dixit
2569 5022 2708 5076 haud
2732 5023 2896 5078 semel
2921 5023 3450 5097 Arnobius(Arnob.,
3471 5027 3561 5081 lib.
3591 5045 3657 5095 ιι,

2059 5133 2112 5187 ρ.
2144 5117 2233 5184 77,
2257 5128 2305 5170 et
2330 5117 2419 5171 lib.
2439 5131 2534 5183 vu,
2556 5133 2608 5185 p.
2635 5114 2794 5186 236);
2817 5114 2960 5185 quod
2989 5131 3183 5170 nomen
3211 5131 3239 5169 a
3269 5119 3404 5172 mica
3432 5119 3657 5174 desum-

2056 5220 2226 5280 ptum,
2259 5227 2376 5279 quae
2407 5211 2650 5280 exiguam
2678 5208 2758 5263 rei
2777 5209 3006 5277 alicujus
3031 5209 3195 5264 arida:
3224 5219 3280 5264 et
3304 5211 3464 5266 sicca:
3493 5215 3659 5281 parti-

2056 5302 2230 5358 culam
2271 5303 2553 5372 signiﬁcat.
2581 5300 2822 5355 Miculam
2867 5302 3025 5372 igitur
3062 5309 3217 5357 vocat
3256 5303 3532 5358 minimam
3579 5308 3660 5363 rei

2058 5395 2250 5450 micam
2290 5405 2344 5450 et
2375 5404 2601 5462 partem.
2631 5392 2804 5464 Atque
2835 5392 2904 5448 ita
2934 5409 3079 5449 sana:
3108 5395 3437 5461 nominibus,
3468 5406 3526 5451 ut
3546 5396 3658 5467 jam

2057 5489 2255 5557 smpius
2281 5486 2678 5552 admonuimus,
2708 5485 3040 5540 diminutivis
3072 5485 3148 5540 uti
3176 5496 3341 5541 amat.

2140 5581 2524 5636 Minimissimus
2568 5578 2745 5646 itaque
2783 5578 2980 5648 digitus
3021 5576 3089 5631 ab
3127 5578 3219 5632 illo
3256 5577 3500 5634 eamdem
3529 5595 3664 5639 sane

2059 5677 2130 5733 ob
2161 5676 2424 5731 rationem
2456 5672 2673 5738 dicitur,
2703 5672 2948 5742 quamvis
2990 5671 3268 5726 minimum
3297 5671 3502 5729 dixisse
3528 5677 3664 5730 satis

2060 5769 2161 5843 ipsi
2192 5768 2379 5822 fuisset
2407 5765 2624 5839 (Idem,
2652 5763 2737 5818 lib.
2767 5780 2822 5830 v,
2853 5782 2906 5834 p.
2931 5763 3039 5820 260
3068 5774 3113 5819 et
3141 5762 3294 5838 266).

2139 5858 2319 5924 Mitra,
2351 5868 2409 5914 ut
2453 5857 2611 5914 docet
2645 5855 2886 5914 Servius.
2922 5857 3094 5922 pileus
3138 5856 3390 5916 incurvus
3418 5868 3555 5928 erat,
3588 5876 3658 5914 ea
