3872 6348
341 339 447 396 705

1600 338 2043 397 DISSERTATIO
2071 339 2348 397 PRMVIA

3533 340 3632 398 701

341 459 467 528 quid
495 457 603 529 pati
645 466 843 528 potest.
872 459 1028 516 Unde
1059 458 1217 514 etiam
1249 459 1421 530 passio
1464 457 1618 523 illud,
1663 457 1805 528 quod
1835 459 1932 512 ali-
1961 469 2011 529 Α
2037 468 2368 514 mortuorum
2393 472 2619 531 corpora
2661 461 2927 527 iuvabant,
2959 469 3120 532 atque
3143 464 3405 518 curabant
3454 460 3634 516 fasciis

340 551 467 621 quid
518 553 746 621 patitur,
791 564 843 609 et
873 555 1084 619 tolerat,
1133 569 1230 608 seu
1283 553 1622 608 tolerantiam
1660 553 1933 623 signiticat

340 644 361 717 (
393 645 584 709 ldem..
615 645 702 701 lib.
736 663 791 716 tt,
828 666 947 719 pag.
975 648 1035 703 61
1068 657 1113 701 et
1139 647 1325 718 seqq.).

416 740 824 808 Peniculantem,
839 745 1083 798 decurtan
1097 743 1484 798 temcantlierios
1506 742 1743 796 Liberum
1781 744 1800 811 (
1808 742 1834 796 1
1841 743 1921 809 (1,,

341 837 432 891 lib.
465 852 521 900 v,
553 855 677 908 pag.
705 837 855 910 163),
891 853 986 892 seu
1013 836 1300 898 Bacchum.
1342 837 1510 890 videre
1540 836 1736 900 vellem,
1767 837 1932 890 verba

340 928 460 987 inec
486 941 611 985 sunt
639 930 880 996 Arnobii,
905 931 998 985 sed
1028 929 1345 1000 quibusdam
1377 939 1629 999 corrupta
1669 929 1790 999 jure
1819 944 1925 982 non

342 1023 597 1078 immeriti
664 1022 934 1077 videntur.
997 1022 1408 1078 Restituendum
1467 1033 1646 1076 autem
1715 1022 1929 1088 quidam

340 1116 648 1168 ominantur
689 1115 1140 1184 peniculamenta;
1190 1117 1276 1170 alii
1321 1116 1559 1186 peniculo
1591 1117 1933 1169 decurtantrm

339 1208 734 1262 cantheriorum.
779 1208 1054 1263 Martinius
1093 1225 1258 1275 vero,
1305 1209 1394 1281 qui
1426 1209 1570 1264 favet
1612 1209 1775 1279 priori
1825 1207 1934 1261 lec-

339 1300 503 1368 tioni,
555 1302 804 1372 opinatur
851 1303 1345 1373 peniculamcntum
1397 1302 1701 1373 signiﬁcare
1750 1303 1934 1354 vincu-

339 1394 447 1449 lum
493 1410 562 1450 ex
606 1397 735 1450 setis
764 1398 1201 1458 cantheriorum;
1236 1396 1440 1450 Nonius
1483 1410 1611 1448 vero
1660 1393 1802 1448 idem
1844 1407 1933 1447 so-

339 1503 466 1543 nare
511 1503 571 1543 ac
615 1489 781 1543 vestis
827 1489 1127 1550 limbrinm.
1171 1490 1286 1544 sive
1331 1500 1532 1558 partem
1580 1487 1764 1551 illius,
1815 1503 1934 1555 quae

338 1589 538 1636 terram
579 1580 794 1651 attingit
826 1579 1084 1653 (Nonius,
1119 1599 1233 1651 cap.
1263 1583 1317 1646 2,
1362 1581 1430 1634 ad
1464 1581 1599 1635 verb.
1646 1597 1936 1636 PENICUI.A-

339 1675 603 1746 IBNTUI).
633 1676 738 1732 Sed
763 1676 876 1731 haec
908 1692 1096 1748 parum
1139 1676 1337 1730 faciunt
1367 1675 1432 1730 ad
1467 1675 1686 1730 Arnobii
1735 1691 1935 1746 propo-

337 1770 522 1833 situm,
556 1771 658 1824 nisi
690 1769 1071 1839 Bacchusipse
1097 1785 1380 1840 equorum,
1411 1769 1604 1839 quibus
1632 1783 1663 1822 e
1700 1769 1840 1824 cmlo
1881 1768 1934 1822 in

337 1873 534 1917 terram
582 1862 895 1929 vehebatur,
943 1878 1126 1918 curam
1174 1862 1424 1916 habuisse
1468 1862 1698 1916 dicatur.
1757 1863 1937 1916 Potuit
1971 1901 2016 1958 Β

336 1954 551 2024 quidem
598 1955 866 2010 Arnobius
897 1953 1026 2008 illud
1058 1954 1288 2008 ethnicis
1322 1953 1459 2007 haud
1505 1954 1661 2024 plane
1693 1952 1928 2008 iulaceta

337 2049 507 2104 ironia
529 2048 858 2120 exprobrare
883 2065 896 2099 :
922 2047 1014 2102 sed
1045 2047 1162 2101 sine
1190 2047 1420 2114 alicujus
1445 2046 1790 2101 correctioris
1822 2061 1937 2100 ma-

337 2141 599 2212 nuscripti
641 2139 846 2196 codicis
881 2139 1083 2194 auxilio
1125 2139 1257 2194 nihil
1302 2150 1453 2195 certo
1491 2139 1718 2194 delinire
1757 2138 1926 2194 aude-

338 2250 496 2290 musa

410 2326 669 2383 Pestilitas
707 2327 946 2382 Arnobio
995 2328 1135 2382 idem
1183 2337 1266 2382 est
1292 2343 1356 2383 ac
1399 2329 1602 2398 pestis,
1657 2337 1818 2399 atque
1863 2328 1938 2382 ibi

341 2422 677 2488 Lucretium,
711 2431 767 2475 ut
789 2421 915 2476 alibi
951 2422 1167 2490 saepius,
1194 2421 1330 2475 sicut
1359 2437 1388 2474 a
1420 2422 1574 2476 nobis
1594 2422 1936 2476 observatum

336 2524 439 2580 est,
471 2513 729 2578 imitatus,
761 2512 862 2568 boc
893 2513 1112 2568 verbum
1143 2513 1386 2566 adhibuit
1435 2511 1686 2585 (Arnob.,
1721 2515 1807 2567 lib.
1842 2529 1934 2578 vn,

337 2623 460 2679 pag.
507 2606 648 2670 248;
679 2606 1016 2671 Lucret.,lib.
1049 2623 1121 2672 v1,
1150 2623 1280 2662 vers.
1330 2607 1489 2670 1096,
1544 2607 1702 2673 1125,
1751 2608 1933 2677 1150).

409 2700 729 2772 Phrygiones
754 2701 786 2753 ii
809 2710 1089 2764 vocantur,
1119 2701 1207 2766 qui
1252 2708 1430 2754 v*stes
1476 2712 1566 2752 aut
1596 2701 1818 2769 pingunt
1848 2711 1940 2754 aut

339 2793 602 2848 intexunt.
659 2791 848 2846 Testes
889 2775 1127 2854 velis,
1179 2792 1425 2845 Servium
1476 2790 1569 2844 tibi
1620 2793 1933 2855 citabimus,

346 2886 598 2951 Nonium,
628 2897 681 2940 et
707 2885 970 2940 Isidorutn
1001 2885 1241 2950 (Arnob.,
1266 2885 1354 2938 lib.
1389 2901 1444 2951 ιι,
1485 2903 1606 2953 pag.
1635 2886 1736 2948 70;
1767 2886 1937 2947 Serv,

341 2981 394 3033 in
425 2981 514 3034 lib.
550 2996 605 3034 ιιι
635 2978 876 3043 λΕηεὶάη
910 2995 1040 3032 vers.
1070 2980 1210 3041 484;
1265 2977 1490 3040 Nonius,
1528 2995 1643 3046 cap.
1685 2981 1737 3042 1,
1798 2997 1937 3033 num.

345 3072 444 3133 10;
473 3070 689 3133 lsidor.,
720 3071 808 3124 lib.
837 3087 924 3124 χιι
957 3069 1182 3140 0rigin.,
1209 3085 1320 3139 cap.
1368 3069 1485 3142 22).
1516 3070 1743 3123 Plinium
1771 3071 1944 3126 adhuc

345 3164 426 3219 bis
448 3165 818 3236 adiungemus,
843 3165 995 3234 cujus
1024 3164 1138 3218 lia-c
1165 3173 1290 3217 sunt
1315 3165 1476 3218 verba
1513 3183 1525 3217 :
1561 3183 1579 3213 ι
1619 3165 1794 3218 Pietas
1825 3181 1942 3220 ves-

344 3269 424 3314 tes
448 3259 557 3329 jam
603 3259 741 3330 apud
805 3259 1092 3312 Homerum
1143 3256 1344 3322 fuisse,
1399 3257 1539 3310 unde
1588 3259 2013 3351 triumphalesc

344 3367 504 3411 natm.
560 3357 670 3412 Aut
721 3357 895 3412 facere
925 3357 975 3411 id
1033 3357 1272 3428 Phryges
1319 3356 1660 3419 invenerunt,
1713 3355 1940 3424 ideoque

341 3448 709 3520 Pbrygionica:
781 3449 1063 3519 appellatae
1120 3469 1138 3500 ›
1194 3448 1420 3520 (Plin.,
1470 3449 1558 3502 lib.
1637 3463 1727 3502 vui
1799 3445 1936 3501 Hist.

343 3553 539 3607 natur.,
566 3560 707 3614 cap.,
738 3545 830 3611 48,
851 3563 905 3615 p.
933 3543 1084 3615 250).
1111 3545 1180 3598 At
1207 3543 1523 3614 Phrygionis
1546 3543 1761 3597 nomine
1783 3541 1939 3596 Plau-

341 3648 425 3692 tus
454 3653 598 3708 saepe
627 3654 754 3694 usus
780 3648 862 3694 est
892 3658 904 3693 :

439 3773 626 3823 Pallam
651 3773 801 3835 illam,
830 3787 974 3836 quam
1000 3775 1181 3826 dudum
1204 3777 1434 3836 dederas,
1459 3777 1518 3826 ad
1536 3775 1866 3838 Phrygionem
1885 3785 1940 3824 ut

443 3898 506 3948 Ut
531 3903 930 3959 reconcinnetur,
956 3910 1105 3962 atque
1132 3908 1187 3951 ut
1208 3914 1360 3966 Opera
1395 3902 1644 3958 addantur,
1674 3837 1936 3963 (tigrim

404 3981 617 4044 (Plaut.,
638 3981 686 4035 in
706 3984 964 4042 Memno/1.,
987 3991 1080 4035 act.
1106 4001 1138 4046 ι,
1159 3997 1287 4035 scen.
1307 3987 1354 4045 8,
1377 3992 1421 4036 et
1441 3990 1531 4035 act.
1557 4000 1627 4046 ιιι,
1651 3996 1778 4036 scen.
1803 3983 1874 4045 Ξ.)

345 4091 410 4146 Et
434 4093 559 4147 alibi
595 4111 608 4146 ε

439 4209 551 4259 Stas
573 4209 709 4271 fullo,
727 4209 960 4275 Phrygio.
979 4211 1194 4272 aurifex,
1221 4213 1449 4264 lanarius.

939 4293 1117 4358 (Idem,
1137 4296 1188 4346 in
1207 4293 1434 4357 Aulular,
1456 4310 1569 4362 pag.
1596 4297 1727 4360 176.)

423 4396 711 4470 Pinguitias
753 4401 1047 4456 hostiarum
1101 4402 1236 4457 dixit
1279 4403 1549 4459 Arnobius
1577 4404 1706 4478 (lib.
1739 4421 1809 4460 vn
1836 4448 1850 4474 ,
1885 4425 1938 4478 p.

354 4488 488 4560 226)
505 4533 518 4554 ,
545 4507 641 4560 pro
667 4507 850 4547 carum
881 4494 1219 4565 pinguedine.

425 4582 580 4638 ΡΙαηὶ
606 4595 732 4640 sunt
775 4585 934 4641 iidem
965 4602 1029 4642 ac
1054 4588 1422 4659 sycopltantze,
1455 4587 1695 4653 fallaces,
1746 4589 1941 4645 seduc-

2037 552 2425 624 scpulcralihus
2446 563 2498 607 et
2525 554 2722 608 institis
2744 557 2873 608 solvi
2906 566 2960 610 et
2992 557 3234 626 expediri
3263 557 3521 629 (Arnob.,
3543 557 3634 610 lib.

2038 664 2104 710 ιι,
2137 666 2187 717 p.
2219 645 2312 716 26)
2373 646 2478 703 Eas
2502 657 2680 704 autem
2726 648 2917 704 fascias
2943 649 3210 704 volumina
3243 649 3483 719 appellat
3527 649 3634 702 Ar-

2039 745 2247 804 nobius.
2275 745 2398 813 quia
2429 745 2492 798 iis
2513 760 2711 816 corpus
2741 758 3012 802 mortuum
3043 746 3440 802 iuvolvehatur.

2109 833 2390 888 Polubrum
2422 851 2513 887 vas
2533 845 2623 890 est
2643 879 2658 904 ,
2698 846 2834 892 teste
2864 836 3042 900 Festo,
3074 837 3215 905 quod
3270 851 3370 892 nos
3412 837 3632 909 pelvim,

2038 927 2122 981 vel
2154 970 2167 991 ,
2220 938 2276 981 ut
2324 929 2399 983 ait
2446 927 2650 984 Nonius
2701 930 3018 995 Marcellus,
3077 929 3330 984 trulleum
3379 944 3637 985 voramus

2036 1018 2228 1089 (Idem,
2257 1020 2343 1074 lib.
2367 1039 2434 1088 ιι,
2465 1039 2515 1092 ρ.
2543 1023 2646 1078 59;
2677 1019 2838 1083 Fest.
2872 1022 2940 1076 ad
2961 1023 3093 1076 verb.
3120 1038 3436 1088 POLUBIKUI;
3465 1021 3634 1089 Nam,

2035 1131 2148 1184 cap.
2183 1117 2268 1181 19,
2301 1133 2438 1169 num.
2474 1114 2585 1186 11).
2630 1115 2759 1182 ﬂos,
2789 1094 2833 1170 si
2871 1117 3037 1183 lubet,
3067 1118 3310 1182 consule,
3345 1126 3400 1172 et
3423 1115 3638 1172 Turne-

2038 1209 2160 1262 bum
2183 1252 2196 1273 ,
2231 1210 2324 1264 lib.
2359 1226 2526 1265 xxvtn
2562 1210 2874 1274 Adversar.,
2906 1225 3024 1278 cap.
3056 1210 3107 1265 7.

2112 1302 2335 1358 Porrina
2359 1319 2529 1374 genus
2558 1313 2641 1359 est
2669 1303 2833 1358 oleris
2872 1305 3136 1373 porracei,
3174 1319 3275 1359 nec
3321 1305 3428 1358 alio
3472 1319 3640 1358 sensu

2037 1399 2102 1451 ab
2133 1397 2370 1452 Arnobio
2419 1400 2587 1467 accipi
2629 1399 2841 1454 videtur
2869 1398 3218 1465 (Amob.,lib.
3265 1415 3319 1461 ιι,
3351 1418 3404 1469 p.
3455 1399 3546 1463 85,
3595 1408 3643 1451 et

2037 1490 2124 1542 lib.
2155 1506 2243 1551 vn,
2271 1507 2322 1557 p.
2343 1489 2489 1562 225).
2515 1489 2597 1544 Ab
2619 1506 2685 1546 eo
2713 1502 2890 1544 autem
2915 1489 3108 1544 dicitur
3129 1506 3338 1560 porrum
3366 1491 3634 1553 sectieum,

2037 1581 2198 1649 quod.
2234 1583 2497 1650 inquiunt,
2531 1582 2727 1652 sacpius
2759 1584 2810 1636 in
2837 1583 3032 1637 culinas
3055 1597 3208 1636 usum
3238 1592 3472 1637 secatur.
3509 1580 3636 1636 Jun-

2041 1675 2240 1728 veualis
2272 1690 2400 1729 vero
2428 1675 2561 1730 dixit
2594 1696 2606 1729 :

2163 1808 2368 1872 Pilaque
2394 1812 2568 1862 sectivi
2592 1821 2842 1862 numerata
2863 1813 3120 1862 includere
3148 1814 3298 1876 porri.

2604 1892 2874 1957 (Juvenal.,
2896 1894 3035 1946 satir.
3058 1895 3134 1955 14,
3159 1907 3287 1946 vers.
3316 1894 3453 1956 155.)

2045 1998 2250 2054 Videsis
2293 2000 2549 2066 Plinium,
2575 2003 2668 2058 lib.
2712 2019 2826 2068 xu,
2857 2018 2976 2072 cap.
3006 2002 3061 2068 6,
3095 2018 3214 2074 pag.
3249 1999 3358 2057 595
3381 2011 3435 2055 et
3462 2015 3644 2072 seqq.,

2039 2105 2102 2146 ac
2129 2090 2502 2161 Columellam,
2553 2095 2642 2150 lib.
2675 2111 2692 2150 ι
2729 2095 2798 2151 de
2824 2095 2898 2150 Re
2925 2096 3142 2161 rustica,
3175 2109 3295 2164 cap.
3326 2095 3379 2160 ὅ,
3413 2103 3468 2148 et
3515 2093 3647 2164 quid

2043 2199 2258 2253 porrum
2291 2188 2551 2242 sectivum
2593 2204 2623 2243 a
2652 2189 2886 2259 capitato
2919 2187 3153 2247 dilferat.
3188 2187 3476 2257 intelliges.

2123 2283 2496 2352 Posterguneus
2525 2283 2586 2336 ab
2611 2283 2716 2337 sole
2733 2298 2959 2343 occasus,
2988 2282 3038 2336 id
3057 2291 3158 2346 est,
3202 2282 3282 2336 sol
3306 2281 3488 2336 oriens
3521 2291 3646 2350 post

2043 2389 2249 2448 tergum
2299 2377 2440 2429 illius
2487 2375 2737 2438 habetur,
2765 2375 2856 2445 qui
2894 2362 3230 2429 occidentem
3271 2372 3493 2442 respicit
3523 2370 3650 2441 (Ar-

2041 2471 2185 2534 nob.,
2227 2470 2315 2523 lib.
2343 2486 2415 2534 tv,
2457 2487 2509 2539 p.
2539 2467 2686 2539 150.)

2119 2566 2434 2622 Prwsidatus
2461 2568 2528 2621 ab
2582 2566 2823 2621 Arnobio
2860 2574 3100 2630 vocatur,
3151 2562 3494 2634 prafectura,
3549 2576 3648 2616 seu

2042 2657 2276 2711 ofticium
2301 2659 2566 2728 praesidiis
2587 2703 2601 2725 ,
2633 2657 2904 2728 prmpositi
2927 2699 2942 2722 ,
2984 2667 3037 2712 et
3060 2655 3296 2726 pratlecti
3327 2652 3524 2726 (Idem,
3551 2656 3644 2709 lib.

2043 2765 2134 2814 ιιι,
2167 2769 2219 2820 p.
2253 2751 2374 2816 111,
2399 2761 2442 2804 et
2465 2750 2554 2804 lib.
2580 2761 2733 2820 tv,‘p.
2766 2750 2912 2821 l30).

2119 2843 2296 2908 Priva,
2331 2861 2423 2896 seu
2487 2861 2571 2898 res
2625 2845 2930 2914 singularis,
2985 2859 3086 2897 una
3114 2853 3168 2897 et
3215 2843 3351 2896 sola.
3395 2841 3528 2896 Nam
3589 2849 3652 2895 ut

2046 2936 2198 2991 (locet
2250 2937 2439 2991 Festus
2477 2957 2488 2990 :
2521 2958 2538 2990 ι
2575 2937 2762 2992 Privos
2813 2939 3096 3008 privasque
3133 2936 3340 3005 antiqui
3394 2935 3652 2990 dicebant

2046 3045 2144 3097 pro
2184 3031 2723 3100 singulis:obqu:nn
2752 3045 2966 3085 causam
3019 3040 3072 3083 et
3120 3029 3324 3098 privata
3369 3026 3649 3083 dicuntur.

2046 3138 2165 3192 qum
2197 3125 2611 3195 uniuscujusque
2641 3125 2749 3178 sint
2787 3143 2804 3173 ι
2839 3122 3070 3191 (Festus,
3117 3123 3186 3175 ad
3230 3122 3365 3175 verb.
3414 3123 3649 3190 rutvlis).

2051 3217 2116 3270 Et
2141 3217 2190 3271 id
2222 3219 2437 3288 quidem
2491 3220 2679 3289 probat
2720 3219 3038 3287 quibusdam
3080 3217 3266 3271 Lucilii
3303 3213 3499 3286 (Nam,
3528 3232 3651 3281 mp.

2044 3310 2099 3376 2,
2133 3330 2272 3368 num.
2292 3313 2404 3383 69),
2434 3324 2488 3369 et
2517 3315 2596 3367 his
2624 3313 2856 3368 Lucretii
2887 3311 3213 3366 carminibus
3249 3329 3263 3364 :

2139 3452 2276 3511 Quod
2302 3453 2341 3500 si
2362 3452 2489 3501 forte
2515 3455 2702 3502 animas
2724 3455 3035 3501 extrinsecus
3054 3451 3291 3500 insinuari

2137 3516 2418 3586 fertilibus,
2444 3522 2496 3565 et
2521 3518 2684 3578 privas
2709 3518 2754 3564 in
2779 3527 2980 3578 corpora
3005 3527 3147 3577 posse
3177 3515 3348 3562 venire

2136 3577 2326 3627 (παιδ’
2542 3642 2780 3702 (Lucret,
2803 3638 2886 3689 lib.
2911 3654 2980 3699 In,
3003 3651 3131 3688 vers.
3156 3637 3250 3688 722
3269 3644 3314 3688 et
3333 3638 3492 3700 me)

2044 3767 2150 3822 Sed
2179 3785 2285 3824 non
2318 3770 2489 3823 solum
2515 3769 2584 3823 ibi
2608 3811 2622 3832 ,
2652 3766 2744 3822 sed
2766 3767 2892 3822 alibi
2918 3767 3090 3820 adhuc
3119 3767 3245 3822 illud
3265 3781 3461 3821 nomen
3493 3779 3658 3820 usur—

2044 3865 2188 3934 pavit
2215 3862 2403 3934 (lbid.,
2429 3880 2556 3917 vers.
2583 3863 2709 3927 500,
2741 3871 2784 3914 et
2815 3861 2902 3914 lib.
2935 3878 3000 3923 tv,
3035 3877 3163 3914 vers.
3189 3860 3289 3914 261
3317 3871 3362 3914 et
3387 3858 3543 3930 570).

2121 3957 2392 4012 Protelarii
2414 4002 2428 4024 ,
2463 3975 2555 4012 seu
2586 3957 2861 4028 proletarii
2890 3957 3018 4011 dicti
3051 3966 3194 4019 sunt,
3224 3957 3399 4026 inquit
3428 3958 3491 4009 A.
3522 3955 3657 4009 Gcl-

2044 4052 2170 4115 lius,
2193 4053 2279 4122 qui
2324 4053 2374 4106 in
2411 4051 2567 4122 plebe
2598 4051 2838 4106 Romana
2867 4051 3165 4105 tenuissimi
3213 4048 3657 4119 pauperrimique

2044 4156 2232 4210 crant,
2264 4159 2437 4215 neque
2483 4144 2713 4213 amplius
2735 4187 2750 4209 ,
2783 4159 2939 4212 quam
2974 4143 3140 4196 millia
3187 4143 3475 4212 quingenta
3525 4142 3651 4196 :eris

2046 4241 2098 4295 in
2128 4256 2348 4295 censum
2377 4241 2693 4296 deferebant
2712 4239 2952 4310 (Arnob.,
2986 4239 3074 4292 lib.
3103 4254 3159 4303 ιι,
3185 4255 3238 4305 p.
3266 4237 3382 4307 65).
3408 4239 3448 4291 Α
3483 4235 3656 4290 Paulo

2045 4345 2247 4401 autem,
2278 4345 2332 4390 et
2359 4334 2532 4389 Nonio
2563 4335 2815 4389 Marcello
2840 4335 3105 4404 proletarii
3129 4331 3418 4402 nuncupati
3451 4331 3654 4386 dicun-

2047 4436 2152 4492 tur,
2186 4430 2275 4496 qui
2300 4428 2627 4496 Reipublicaa
2651 4427 2852 4497 prolem
2878 4437 3082 4480 tantum
3111 4425 3469 4480 sufﬁciebant.
3491 4423 3655 4479 Unde

2049 4523 2418 4593 Augustinus:
2457 4543 2474 4574 (
2508 4523 2822 4587 Proletarii,
2871 4537 2938 4576 eo
2981 4522 3122 4591 quod
3181 4520 3317 4590 proli
3363 4519 3654 4589 gignenda:

2050 4618 2344 4681 vacabant,
2374 4616 2442 4669 ob
2469 4626 2760 4683 egestatem
2813 4614 3042 4668 militare
3091 4628 3197 4666 non
3241 4611 3514 4672 valentes,
3546 4610 3654 4665 hoc

348 4687 512 4743 tores,
570 4691 624 4734 et
674 4681 995 4750 impostores
1043 4681 1244 4751 (Idem,
1274 4685 1364 4738 tib.
1394 4699 1465 4746 ιι,
1507 4702 1560 4754 ρ.
1603 4684 1719 4754 66).
1779 4685 1935 4752 Audi,

2060 4723 2247 4762 nomen
2277 4718 2615 4777 acceperant.
2656 4729 2673 4759 ι
2693 4707 3051 4774 Quamobrem
3085 4705 3407 4776 proletarius
3427 4718 3610 4758 sermo
3633 4745 3650 4768 ,

349 4787 554 4843 quaeso,
581 4774 645 4828 Α.
671 4772 902 4828 Gellium
937 4795 950 4830 :
981 4795 998 4826 ι
1033 4775 1253 4830 Planum
1281 4792 1378 4846 pro
1404 4777 1732 4848 syc0phauta
1760 4778 1830 4833 M.
1853 4777 1945 4833 Ci-

349 4880 478 4920 cero
510 4866 561 4920 in
593 4869 837 4920 oratione
867 4869 1126 4937 scriptum
1157 4871 1392 4939 reliquit,
1425 4885 1582 4938 quam
1627 4886 1722 4939 pro
1750 4871 1949 4927 Cluen-

351 4960 426 5014 tio
455 4959 587 5013 dixit
633 4980 652 5012 ›
707 4959 884 5031 (σειιη
932 4962 1020 5015 lib.
1075 4977 1160 5016 xvr
1211 4961 1369 5016 Noct.
1420 4962 1550 5030 Att.,
1607 4980 1718 5032 cap.
1781 4964 1811 5016 7
1843 5007 1856 5029 ,
1888 4982 1940 5033 ρ.

351 5052 489 5119 880;
520 5051 708 5118 Cicer.,
732 5066 843 5108 orat
890 5057 977 5123 11,
1004 5073 1055 5125 p.
1089 5055 1246 5117 264).
1277 5057 1343 5110 Et
1385 5072 1442 5112 re
1468 5057 1680 5128 quidem
1730 5058 1845 5128 ipsa
1892 5059 1946 5114 id

354 5148 405 5201 in
440 5165 500 5202 ea
529 5149 771 5202 oratione
804 5149 1016 5220 legitur.
1049 5149 1296 5204 Horatius
1323 5164 1535 5220 quoque
1568 5151 1804 5206 cecinit:

447 5287 553 5336 Nec
569 5287 724 5337 semel
750 5291 938 5348 irrisus,
956 5292 1112 5342 triviis
1133 5292 1363 5342 attollere
1387 5299 1525 5341 curat

450 5349 622 5400 Fracto
643 5364 787 5400 crure
815 5354 1028 5412 planum.

669 5413 888 5476 (Horat.,
917 5415 998 5465 lib.
1021 5433 1054 5475 ι,
1079 5416 1215 5480 epist.
1235 5417 1313 5477 17,
1337 5431 1464 5469 vers.
1486 5416 1548 5468 52
1569 5423 1613 5468 et
1635 5419 1792 5483 seqq.)

355 5542 556 5597 Eodem
613 5558 827 5612 quoque
857 5544 1018 5599 verbo
1046 5547 1340 5617 eodemque
1393 5546 1692 5617 signiﬁcatu
1739 5548 1947 5604 Plinius

354 5635 517 5689 utitur
545 5635 740 5705 (Plin..
767 5637 854 5692 lib.
887 5655 1036 5692 xxxv
1067 5638 1208 5693 Hist.
1237 5649 1434 5707 natur.,
1460 5658 1578 5710 cap.
1608 5639 1694 5698 l0.
1721 5659 1773 5710 p.
1792 5641 1940 5712 2l0).

437 5731 840 5796 Pollinctorum,
873 5736 946 5787 ait
991 5734 1290 5800 Arnobius,
1337 5735 1676 5789 voluminibus
1716 5739 1945 5805 expediri

357 5848 540 5886 eorum
563 5845 788 5899 corpora
814 5871 826 5894 ,
852 5828 942 5898 qui
973 5828 1148 5883 divina
1181 5829 1380 5883 Christi
1407 5831 1574 5901 gratia
1605 5846 1635 5885 a
1666 5840 1840 5886 morte
1876 5831 1941 5885 ad

359 5928 517 5981 vitam
566 5924 798 5980 revocati
839 5923 1050 5980 fuerant
1084 5965 1099 5988 ,
1131 5924 1179 5978 id
1207 5933 1319 5992 est,
1347 5939 1508 5995 opera
1558 5925 1771 5982 illorum
1793 5969 1807 5993 ,
1851 5926 1942 5996 qui

2051 4803 2188 4872 apud
2215 4802 2484 4865 Plautum,
2520 4802 2679 4856 vilem
2709 4813 2762 4855 et
2791 4801 3056 4872 plebeium
3099 4815 3407 4855 sermonem
3445 4800 3651 4866 signiti-

2052 4906 2137 4949 cat
2179 4893 2448 4966 (Paulus.,
2503 4894 2570 4947 ad
2606 4895 2736 4947 verb.
2768 4908 3175 4956 paotsnntcu;
3221 4891 3383 4957 Non”
3432 4909 3549 4961 cap.
3579 4892 3604 4946 1
3634 4933 3651 4956 ,

2054 5005 2195 5042 num.
2223 4989 2349 5052 3l2,
2384 4999 2567 5058 etcap.
2601 4986 2654 5050 2,
2708 5005 2849 5040 num.
2896 4987 2963 5038 liti
2994 5005 3034 5047 .;
3064 4986 3309 5055 August,
3353 4985 3439 5037 lib.
3483 4999 3537 5037 ιιι
3586 4985 3655 5036 de

2056 5081 2228 5146 Civit.,
2251 5099 2368 5152 cap.
2403 5081 2490 5146 17,
2517 5101 2566 5152 p.
2607 5081 2702 5144 73;
2739 5079 2941 5143 Plaut.,
2966 5081 3017 5131 iu
3053 5077 3164 5130 Mil.
3200 5077 3435 5147 glorios.,
3460 5087 3559 5129 act.
3584 5077 3646 5143 εἴ,

2053 5193 2190 5232 scen.
2221 5177 2298 5245 1).

2127 5268 2427 5342 Psyllorum
2453 5312 2468 5335 ,
2497 5279 2551 5323 et
2581 5269 2871 5324 Marsorum
2899 5272 2986 5325 tibi
3019 5268 3346 5325 mentionem
3379 5263 3653 5321 Arnobius

2054 5362 2179 5418 facit
2227 5363 2465 5432 (Arnob..
2497 5362 2583 5416 lib.
2640 5380 2705 5424 ιι,
2755 5381 2806 5432 p.
2835 5363 2951 5434 66),
2985 5362 3056 5416 ibi
3085 5368 3367 5429 corruptus
3405 5367 3488 5412 est
3532 5356 3654 5424 ejus

2054 5465 2253 5510 textus.
2273 5455 2360 5509 Sic
2383 5465 2559 5507 autem
2587 5455 2637 5507 in
2666 5453 2900 5509 editione
2931 5454 3070 5508 illius
3103 5453 3287 5506 ultima
3319 5449 3606 5504 exhibetur
3635 5466 3649 5502 :

2057 5567 2074 5600 ι
2112 5549 2364 5604 adversus
2417 5551 2551 5603 ictus
2584 5551 2806 5613 noxios,
2835 5556 2890 5602 et
2932 5556 3226 5602 venenatos
3298 5543 3648 5599 colubrarum

2053 5657 2262 5696 morsus
2293 5643 2526 5696 remedia
2577 5657 2721 5710 smpe
2768 5641 3170 5709 conquirimus,
3217 5647 3271 5691 et
3313 5636 3650 5706 protegiiuns

2049 5751 2147 5790 nos
2168 5736 2399 5797 laminis.
2433 5736 2619 5806 Psyllis
2649 5738 2774 5808 (ms.
2801 5736 2920 5790 cod.
2953 5751 3066 5804 reg.
3101 5732 3367 5787 lamminis
3397 5728 3598 5800 pbyllis
3627 5731 3644 5796 )

2047 5828 2236 5884 Marsis
2281 5829 2638 5884 vendentibus
2688 5830 2914 5900 aliisque
2958 5824 3290 5882 institoribus
3321 5822 3461 5894 (ms.
3513 5821 3641 5876 cod.

2046 5939 2160 5986 τερ.
2215 5922 2644 5993 institutoribus)
2697 5937 2749 5980 et
2808 5923 2997 5993 planis.
3037 5942 3054 5972 ι
3085 5919 3402 5974 Theodorus
3456 5925 3642 5969 autem
