3872 6338
185 349 279 403 705

1354 341 1418 397 IN
1447 341 1820 409 ARNOBIUM,
1863 342 2018 396 CAP.
2061 337 2248 396 X.\Vl.

3365 342 3466 397 ’ἱυϋ

184 462 432 516 Canlet’us
458 461 602 516 hunc
630 464 802 516 locum
831 463 906 516 sic
929 461 1303 531 corrigendum
1329 463 1608 532 opinatur:
1636 461 1767 514 Pro-
1795 463 1846 520 Α
1871 460 1938 514 de
1967 460 2068 525 his,
2101 460 2176 513 uti
2207 457 2460 524 diximus,
2494 456 2689 528 Psyllis
2736 466 2789 511 et
2815 455 3004 511 Marsis
3035 455 3227 512 fecisse
3260 470 3468 512 sermo-

183 558 378 628 tegimus
407 573 498 610 nos
521 557 670 610 labiis
715 556 908 627 Psyllis
931 599 944 619 ,
978 556 1227 610 Marsisve
1265 557 1515 610 dentibus.
1547 556 1764 625 Optimo

182 648 382 718 quidem
432 663 594 704 sensa
641 650 684 702 si
735 647 1024 719 Psyllorum
1051 659 1105 704 et
1136 649 1426 702 Marsorum
1471 650 1760 718 legeretur.

183 741 469 794 Salmasius
493 755 673 796 autem
705 741 818 797 hac
848 744 917 796 ita
950 743 1060 797 vult
1102 743 1375 798 emendari
1401 786 1414 804 .
1446 743 1639 813 Psyllis
1687 745 1765 797 la-

185 831 335 897 binis,
383 831 632 886 Marsisre
659 833 907 888 dentibus.
935 833 1136 888 Eodem
1170 851 1302 889 sane
1346 850 1528 890 sensu.
1561 836 1764 902 Quibus

182 926 312 980 enim
337 937 617 995 serpentes
665 927 892 982 mortale
921 927 1231 982 inluderant
1277 928 1571 982 mordendo
1601 944 1762 984 vene-

182 1032 340 1084 num,
382 1017 482 1072 hos
513 1017 674 1090 Psylli
721 1028 774 1073 et
803 1019 961 1073 Marsi
990 1020 1229 1090 sugendo
1267 1020 1546 1073 sanabant.
1581 1020 1766 1074 Nullus

181 1120 348 1164 autem
399 1111 552 1179 plane
581 1111 855 1166 dubitandi
890 1113 1037 1166 locus
1082 1112 1290 1166 videtur
1325 1114 1451 1182 quin
1500 1113 1767 1166 Arnobius

182 1203 417 1272 loipiatur
455 1203 689 1260 dehisce
716 1205 910 1276 Psyllis
941 1204 1152 1270 Africae,
1186 1215 1238 1259 et
1263 1205 1452 1260 Marsis
1481 1205 1647 1260 Italia:
1675 1221 1769 1275 po-

179 1296 329 1366 pulis.
358 1296 450 1366 qui
483 1297 657 1365 reipsa
688 1298 968 1352 venenatis
993 1298 1323 1367 serpentium
1348 1298 1616 1352 morsibus
1658 1313 1768 1351 tue—

178 1389 455 1445 dchantur.
485 1391 710 1458 Scriptis
733 1392 934 1461 quippe
961 1408 989 1444 a
1022 1391 1196 1445 Plinio
1222 1392 1474 1446 traditum
1506 1391 1765 1461 legimus:

184 1498 202 1532 ι
231 1481 411 1538 Crates
446 1483 809 1553 Pergamenus
841 1484 893 1538 in
929 1483 1299 1553 Hellesponto,
1332 1485 1472 1538 circa
1504 1483 1766 1548 Parrium,

175 1591 334 1647 genus
355 1576 632 1632 hominum
666 1581 829 1634 luisse
859 1579 1040 1646 tradit,
1067 1595 1203 1650 quos
1223 1579 1567 1648 Opllltlgﬂllcs
1593 1589 1768 1645 vocat,

175 1671 496 1740 serpentium
549 1673 686 1726 ictus
710 1685 960 1728 contactu
990 1673 1169 1729 levare
1217 1674 1442 1740 solitos,
1506 1683 1561 1728 et
1610 1689 1772 1728 manu

175 1765 435 1835 imposita,
473 1783 679 1821 venena
702 1767 986 1822 extrahere
1013 1770 1246 1838 corpori.
1283 1767 1454 1821 Varro
1475 1770 1772 1822 etianmum

173 1871 284 1912 csse
315 1873 516 1928 paucos
545 1860 638 1927 ibi,
663 1876 890 1930 quorum
945 1862 1126 1916 salivm
1155 1871 1341 1916 contra
1373 1861 1507 1916 ictus
1540 1877 1767 1930 serpen-
1801 1867 1847 1926 Β

174 1958 297 2002 ῑιυιιι
329 1951 669 2004 medeantur.
703 1951 904 2007 Similis
947 1951 1000 2006 in
1047 1951 1227 2007 Africa
1278 1967 1410 2022 gens
1458 1952 1762 2023 Psyllorum

171 2039 295 2105 fuit,
329 2051 383 2095 ut
435 2041 864 2112 Agatharchides
895 2045 1103 2109 scribit,
1137 2063 1165 2097 a
1199 2047 1375 2116 Psyllo
1423 2061 1548 2115 rege
1592 2046 1730 2100 dicta
1752 2089 1765 2112 ,

171 2135 314 2204 cujus
378 2137 731 2199 sepulchrum
775 2140 827 2192 in
869 2148 1021 2210 parte
1072 2138 1308 2210 Syrtium
1359 2140 1620 2209 majorum
1663 2156 1764 2200 est.

173 2225 365 2284 Horum
388 2235 606 2302 corpori
637 2235 932 2304 ingenitum
964 2233 1061 2288 luit
1089 2234 1233 2289 virus
1262 2236 1478 2292 exitiale
1505 2241 1770 2308 serpenti-

173 2321 285 2388 bus,
311 2336 361 2380 ct
390 2328 547 2396 cujus
570 2339 737 2383 odore
764 2330 1007 2399 50pirent
1031 2345 1239 2386 eos.....
1283 2330 1468 2387 Simile
1500 2345 1554 2388 et
1581 2335 1631 2388 in
1665 2334 1770 2388 lta-

174 2418 237 2471 lia
270 2419 569 2476 Marsorum
612 2439 782 2493 genus
811 2424 999 2490 durat,
1035 2442 1170 2494 quos
1214 2442 1242 2478 a
1285 2425 1454 2482 Circa:
1485 2429 1592 2482 lilio
1623 2440 1770 2484 ortos

175 2525 400 2582 servant,
418 2528 473 2569 et
502 2516 623 2571 ideo
652 2520 824 2573 inesse
845 2519 907 2572 iis
926 2520 1029 2572 vim
1060 2521 1354 2575 naturalem
1385 2537 1504 2576 eam
1535 2543 1552 2574 ι
1575 2523 1768 2594 (Plin.,

176 2607 256 2660 lib.
304 2626 371 2664 \‘lt
431 2610 573 2665 Ilist.
620 2623 792 2668 natur.
837 2630 951 2682 cap.
976 2611 1034 2679 2,
1060 2632 1112 2684 p.
1139 2615 1169 2667 7
1201 2626 1244 2668 et
1271 2617 1348 2686 8).
1381 2615 1504 2671 Alio
1532 2618 1584 2672 in
1635 2618 1773 2672 libro

176 2699 305 2755 idem
331 2704 512 2760 adhuc
538 2707 738 2769 retulit,
765 2707 945 2776 aitque
971 2707 1067 2762 hos
1092 2709 1314 2778 populos
1335 2719 1470 2762 tacta
1500 2710 1632 2777 ipso,
1661 2727 1773 2763 suc-

178 2803 283 2848 tuve
304 2797 506 2852 modico
535 2797 714 2852 levare
742 2814 772 2852 a
801 2801 1143 2867 serpentibus
1166 2802 1438 2868 perculsos
1462 2799 1644 2872 (Ibid.,
1682 2801 1771 2853 lib.

176 2906 359 2954 xxvttt,
383 2911 504 2963 cap.
535 2894 589 2958 5,
614 2912 646 2962 p
688 2893 838 2964 566).
864 2894 1223 2963 Quamobrem
1255 2895 1381 2950 alibi
1412 2896 1616 2950 Marsos
1657 2911 1774 2950 ser-

176 2985 402 3052 pentinnt
435 2986 734 3039 domitores
767 2996 913 3039 vocat
964 2985 1172 3054 (1bid.,
1216 2987 1303 3040 lib.
1349 3003 1474 3051 xxv,
1500 3005 1613 3055 cap.
1636 2987 1692 3047 ‘2,
1720 3004 1770 3055 p.

176 3076 317 3148 576).
353 3079 599 3147 Denique
626 3079 732 3132 alio
751 3077 927 3133 adhuc
958 3079 1008 3132 in
1070 3079 1189 3134 loco
1214 3079 1460 3134 eamdem
1490 3094 1536 3135 et
1571 3079 1775 3134 Marso-

177 3187 285 3225 rum
315 3180 367 3225 et
399 3172 705 3243 Psyllorum
743 3181 1008 3228 memorat
1059 3173 1306 3228 virtutem
1340 3174 1465 3244 (lib.
1497 3190 1585 3228 xXI
1609 3215 1624 3241 ,
1657 3190 1773 3244 cap.

180 3263 260 3330 15,
296 3284 349 3335 p.
380 3263 538 3337 151).

241 3356 484 3412 .Elianus
519 3373 646 3414 vero
676 3369 856 3413 narrat
884 3357 1107 3414 eosdem
1138 3360 1473 3428 serpentium
1503 3374 1714 3414 morsus
1745 3375 1776 3414 a

177 3449 348 3522 Psyllo
375 3452 582 3513 curari,
615 3451 661 3505 si
683 3451 904 3506 salivam
926 3453 1098 3506 solum
1124 3452 1336 3522 inSpuat
1364 3452 1654 3522 (xElianus,
1687 3453 1774 3507 lib.

179 3559 195 3597 t
225 3544 282 3597 de
324 3544 532 3610 .-tnim.,
554 3562 671 3615 cap.
703 3545 818 3618 57),
861 3555 952 3600 aut
981 3561 1104 3601 cum
1142 3561 1341 3616 cerpus
1372 3562 1586 3602 veneno
1620 3548 1781 3602 nimis

178 3637 430 3694 imbutum
461 3640 658 3706 fuerit,
691 3641 732 3695 si
778 3657 969 3709 aquam
1019 3643 1263 3705 multam,
1310 3641 1362 3696 in
1414 3657 1509 3697 ore
1547 3651 1600 3696 et
1639 3643 1779 3698 intra

180 3732 359 3790 dentes
387 3735 478 3789 diu
509 3735 786 3805 agitatam,
813 3751 876 3791 ac
903 3748 1082 3806 postea
1107 3739 1158 3790 in
1189 3737 1463 3806 speculum
1495 3737 1768 3807 iujectam,

182 3827 455 3881 vulnerato
483 3828 767 3896 propinet,
802 3840 1082 3898 postquam
1105 3844 1167 3883 ea
1198 3844 1390 3882 manus
1421 3828 1568 3884 illius
1596 3829 1779 3886 ablue-

181 3919 264 3974 rit.
288 3920 528 3992 Denique
550 3921 596 3974 si
625 3921 813 3975 veneni
833 3921 911 3975 vis
933 3925 1108 3975 acrius
1132 3921 1456 3988 invalescat,
1485 3933 1595 3976 tum
1630 3923 1779 3995 Psyl-

183 4011 261 4069 lus
302 4016 590 4088 mgrotanti
624 4015 768 4071 nudo
819 4017 992 4072 nudus
1020 4017 1299 4079 incumbit,
1333 4027 1388 4072 et
1429 4019 1644 4086 proprio
1684 4033 1781 4072 suo

183 4124 403 4180 corpore
432 4111 510 4165 illi
538 4109 807 4165 medetur.
837 4111 938 4164 Alii
960 4126 1122 4181 porro
1153 4111 1369 4164 tradunt
1401 4110 1608 4182 Psyllos
1637 4112 1781 4166 virus

183 4204 294 4275 ipso
321 4221 420 4260 suo
442 4221 542 4259 ore
560 4205 793 4272 suxisse,
818 4217 870 4260 et
893 4207 1348 4262 incantationibus
1371 4205 1654 4261 hebetasse
1676 4221 1780 4262 ser-

183 4311 381 4367 pentes.
417 4299 580 4355 Unde
614 4299 727 4354 ha:c
756 4300 953 4355 cecinit
977 4299 1226 4356 Lucanus
1258 4317 1270 4352 :

959 4437 1093 4488 Gens
1117 4439 1260 4488 unica
1280 4445 1441 4488 terras

276 4501 446 4552 lnrolit
471 4517 500 4551 a
517 4514 652 4552 sane
674 4508 960 4564 serpentum
980 4503 1180 4551 innoxia
1205 4515 1397 4560 morsu;

274 4565 583 4614 Marmarida
610 4563 772 4628 Psylli,
805 4579 887 4627 par
912 4564 1078 4626 lingua
1107 4565 1393 4628 potentibus
1414 4563 1602 4622 herbis,

275 4628 382 4690 lpse
406 4643 558 4678 cruor
585 4627 737 4684 tutus,
762 4628 1046 4689 nullumque
1073 4627 1335 4690 admittere
1359 4628 1508 4684 virus,

274 4691 360 4740 Vel
382 4701 529 4740 cantu
556 4697 805 4748 cessante,
832 4699 993 4750 potest
1021 4703 1032 4736 :
1063 4697 1236 4737 natura
1258 4689 1474 4737 locorum

271 4753 422 4806 Jussit
441 4761 495 4804 ut
516 4754 766 4802 immunes
791 4753 931 4800 mixti
952 4753 1268 4812 serpentibus
1290 4760 1476 4800 essent.

653 4835 877 4900 (Lucan,
906 4832 990 4884 lib.
1013 4849 1083 4893 rx,
1108 4847 1231 4885 vers.
1258 4835 1346 4884 891
1377 4843 1419 4884 et
1445 4840 1603 4898 seqq.)

186 4968 390 5026 Videsis
438 4965 795 5024 Plutarchum
827 4966 877 5020 in
910 4964 1013 5018 vita
1046 4964 1265 5019 Catonis
1301 4963 1556 5030 Minoris,
1587 4973 1717 5018 tom.
1741 4980 1787 5032 ι,

187 5079 299 5134 pag.
323 5065 427 5118 7:17
451 5081 466 5130 ;
491 5061 842 5119 Strabonem.
872 5058 964 5113 lib.
995 5075 1106 5114 xvtt
1134 5057 1465 5128 Geograph.,
1493 5074 1613 5127 pag.
1645 5058 1750 5112 814
1773 5103 1787 5122 ,

189 5155 536 5218 Suetonium,
578 5153 633 5207 in
670 5150 784 5204 Vita
807 5150 1084 5205 Octaviani
1110 5149 1370 5214 Czesaris,
1403 5165 1524 5220 cap.
1563 5149 1659 5212 i7;
1694 5148 1793 5203 So-

188 5247 371 5311 liuum,
401 5264 523 5318 cap.
570 5245 665 5308 9.7,
703 5260 820 5315 pag.
840 5242 938 5308 59.;
970 5243 1354 5314 Hieronymum
1385 5241 1591 5312 pra-fat.
1626 5243 1675 5295 in
1703 5241 1794 5295 Jo-

192 5329 362 5399 h'elem
394 5341 719 5414 prophetam
746 5339 811 5394 ad
846 5338 1270 5394 Pammachium.
1309 5338 1382 5393 De
1424 5337 1614 5392 Marsis
1642 5339 1796 5392 deni-

192 5454 288 5508 que
318 5444 412 5494 hos
447 5437 643 5494 Lucilii
673 5451 861 5491 versus
886 5436 1051 5490 citant
1080 5456 1090 5490 ε

279 5557 386 5606 .lam
409 5558 748 5618 tlisrumpatur
767 5554 975 5616 medius,
994 5556 1092 5616 jam
1118 5564 1170 5604 ut
1188 5556 1393 5606 Marsius
1417 5554 1640 5606 colubras

281 5619 555 5685 Disrumpit
577 5625 742 5679 cantu,
772 5631 923 5669 venas
944 5632 1053 5668 cum
1080 5619 1380 5670 extenderet
1400 5634 1589 5670 omnes.

1035 5700 1232 5764 (anil.,
1261 5702 1341 5753 lib.
1367 5719 1395 5753 Χ
1417 5703 1581 5765 satir.)

199 5835 257 5890 lit
288 5837 396 5893 luec
440 5835 664 5908 quidem
696 5833 981 5892 manifeste
1009 5835 1140 5890 satis
1162 5833 1457 5897 ostendunt
1502 5830 1794 5892 Arnobiutu

1811 4673 1864 4733 Β
1894 4715 1968 4752 VII
2013 4697 2203 4750 Natur.
2254 4698 2371 4750 hist.
2403 4740 2418 4762 ,

1872 571 2013 610 nem.
2033 554 2221 609 Utrum
2247 567 2374 607 vero
2399 567 2556 606 voces
2571 551 2796 616 laminis,
2813 551 3200 606 etvendentibus
3221 553 3469 621 genuina:

1868 650 1994 708 sint.
2015 659 2104 702 aut
2131 647 2256 718 quid
2284 661 2378 716 pro
2411 647 2488 701 eis
2512 647 2906 715 reponendum,
2937 649 3054 702 sine
3079 647 3262 716 aliquo
3282 645 3472 702 Codice

1871 744 2082 813 integro
2111 753 2165 797 et
2211 742 2520 809 incorrupto
2549 741 2669 811 quis
2699 755 2946 796 asserere
2988 739 3223 796 audeat?
3273 743 3342 794 At
3375 754 3473 809 pro

1870 836 2239 890 institutoribus
2289 847 2434 890 recte
2464 833 2776 888 institoribus
2808 835 3136 900 restitutum,
3164 849 3227 887 ex
3253 832 3338 887 his
3358 831 3472 888 col—

1870 933 2037 1002 ligere
2063 943 2144 986 est
2166 973 2180 996 ,
2213 946 2333 1000 quae
2365 945 2525 999 supra
2557 928 2622 983 ad
2653 945 2848 983 nomen
2881 929 3084 982 institor
3109 927 3363 982 diximus.

1943 1026 2227 1086 Pulticula,
2259 1024 2308 1077 id
2339 1033 2444 1087 est,
2471 1022 2588 1091 puls
2613 1036 2798 1090 parva,
2829 1021 2914 1075 vel
2938 1021 3180 1086 minima,
3205 1019 3348 1089 quod
3379 1034 3476 1074 no-

1871 1137 1992 1175 men
2025 1137 2054 1173 a
2083 1121 2256 1174 Plinio
2278 1117 2651 1173 elColumella
2683 1117 2968 1180 adhibetur
2991 1115 3240 1183 (Arnob.,
3275 1116 3362 1169 lib.
3389 1131 3473 1184 vt,

1871 1233 1923 1284 p.
1953 1211 2094 1273 249.;
2146 1211 2312 1274 Plin.,
2344 1211 2432 1264 lib.
2469 1226 2599 1263 xxvi
2633 1207 2824 1263 Natur.
2858 1212 3002 1273 Itist.,
3036 1227 3151 1280 cap.
3178 1210 3233 1274 8,
3264 1225 3318 1278 p.
3347 1207 3475 1277 460,

1873 1303 2168 1370 Columell.,
2200 1303 2290 1357 lib.
2319 1319 2432 1368 vtu,
2464 1303 2525 1356 de
2561 1303 2633 1356 Re
2663 1303 2838 1357 rustic.
2869 1320 2986 1374 cap.
3009 1301 3133 1375 12).

1944 1398 2182 1466 Pupulus
2210 1396 2586 1451 diminutivum
2618 1396 2848 1449 nominis
2876 1410 3068 1465 pupus,
3101 1411 3162 1448 ac
3196 1396 3475 1466 parvulum

1873 1507 2097 1561 puerum
2127 1491 2395 1561 signiﬁcat
2427 1489 2681 1560 (Arnob.,
2727 1490 2815 1542 lib.
2850 1505 2943 1555 vn,
2979 1509 3031 1560 p.
3061 1487 3218 1559 215).
3254 1488 3480 1544 Catulus

1875 1586 1979 1641 hoc
2005 1601 2168 1642 sensu
2196 1586 2263 1639 ad
2292 1584 2551 1638 Catonem
2584 1583 2719 1637 dixit
2752 1600 2763 1635 :

2065 1699 2319 1759 Deprendi
2344 1699 2486 1749 modo
2505 1697 2736 1760 populum
2755 1698 2935 1762 puella:

2062 1761 2377 1811 'l‘rusantem.

2758 1841 2979 1907 (Catull.,
3005 1841 3159 1910 epigr.
3186 1844 3292 1904 57.)

1872 1954 2174 2024 Aliquando
2197 1969 2324 2009 vero
2354 1969 2450 2023 pro
2479 1954 2711 2023 imagine
2736 1952 2914 2022 aliqua
2945 1953 3224 2020 accipitur,
3263 1967 3365 2023 qua
3394 1951 3481 2008 in-

1873 2049 2049 2104 tantes
2073 2062 2128 2103 et
2154 2050 2302 2116 pueri
2334 2047 2523 2102 ludere
2551 2047 2749 2110 solent,
2779 2056 2829 2099 et
2849 2061 2878 2099 a
2912 2045 3067 2100 nobis
3091 2045 3282 2115 gallice
3313 2059 3479 2100 voca-

1873 2153 1960 2198 tur
1994 2145 2208 2212 poupée.
2257 2144 2433 2210 Atque
2457 2156 2523 2195 eo
2551 2156 2712 2195 sensu
2736 2139 2801 2192 ab
2829 2139 3069 2194 Arnobio
3101 2149 3409 2208 usurpatur.

1949 2237 2244 2302 Querquera
2277 2233 2441 2288 lebris
2462 2243 2546 2287 est
2567 2247 2687 2287 cum
2718 2247 2912 2301 magno
2939 2231 3137 2300 frigore
3164 2242 3216 2285 et
3248 2239 3486 2286 tremore

1877 2328 2116 2398 (.1γηοὺ.,
2149 2327 2233 2379 lib.
2270 2343 2307 2392 ι,
2339 2344 2391 2396 ρ.
2421 2324 2537 2397 28).
2577 2325 2702 2378 Inde
2735 2324 2778 2377 A
2828 2323 3070 2378 Gellius:
3108 2341 3126 2373 ι
3160 2327 3243 2378 An
3268 2333 3320 2377 tu
3371 2322 3482 2378 lor-

1874 2434 1928 2479 te
1952 2465 1966 2486 ,
2008 2443 2026 2474 ›
2064 2423 2264 2492 inquit,
2307 2440 2324 2471 ‹
2363 2421 2609 2475 morbum
2639 2419 2902 2489 appellari
2928 2419 3013 2472 hic
3059 2429 3215 2488 putas
3247 2427 3480 2490 a'grota-

1876 2519 2076 2572 tionem
2096 2530 2477 2587 gravem,cum
2495 2514 2632 2568 febri
2668 2513 2852 2580 rapida
2881 2521 2935 2567 et
2969 2528 3225 2582 quercera
3258 2511 3485 2585 »(Gell.,

1877 2612 1962 2664 lib.
1999 2628 2066 2665 xx
2108 2610 2263 2664 Noct.
2301 2609 2435 2672 Att.,
2465 2625 2580 2677 cap.
2617 2609 2642 2660 1
2665 2649 2678 2672 ,
2703 2626 2754 2679 ρ.
2788 2605 2967 2678 1096).
3019 2607 3196 2678 Lege,
3242 2608 3287 2661 si
3320 2607 3483 2671 velis,

1876 2710 2052 2759 varias
2081 2708 2131 2759 in
2164 2707 2304 2758 hunc
2327 2703 2503 2757 locum
2527 2702 2926 2766 annotatioues,
2945 2717 3008 2755 ac
3030 2700 3246 2756 Festum
3271 2713 3324 2756 et
3351 2701 3488 2756 Pau-

1879 2801 1987 2854 lum
2021 2800 2086 2855 ad
2119 2799 2341 2854 verbum
2376 2798 2693 2868 Querquera.

1954 2896 2265 2949 Rancescere
2296 2895 2525 2947 olearum
2547 2894 2761 2962 ﬂuenta,
2794 2891 2844 2946 id
2876 2901 2988 2960 est,
3035 2907 3264 2949 rancore
3307 2901 3361 2949 et
3389 2909 3489 2964 pu-

1880 2990 2090 3044 tredine
2124 2988 2304 3056 putida
2347 2985 2460 3040 ﬁeri
2489 2985 2726 3055 (Arnob.,
2791 2986 2878 3040 lib.
2915 3003 2965 3052 t,
2997 3003 3050 3054 p.
3089 2986 3199 3058 12).

1955 3081 2154 3135 Radius
2173 3123 2187 3144 ,
2213 3080 2402 3143 codex,
2428 3078 2553 3133 liber
2573 3121 2587 3145 ,
2618 3080 2691 3133 ait
2720 3079 2992 3133 Arnobius
3017 3079 3322 3150 (Ibid.,°lib.
3349 3097 3404 3147 tt,
3432 3099 3486 3151 ρ.

1856 3215 1858 3218 .
1885 3173 1994 3241 59).
2045 3174 2231 3228 Plures
2254 3185 2432 3228 autem
2465 3182 2588 3228 sunt
2621 3172 2753 3226 radii
2798 3171 3238 3242 signiﬁcationes.
3271 3174 3365 3230 sed
3393 3175 3490 3230 ali-

1808 3275 1853 3336 ρ
1885 3266 2100 3337 quando
2123 3267 2354 3320 sumitur
2383 3281 2482 3337 pro
2515 3266 2898 3331 instrumento,
2923 3281 3029 3336 quo
3054 3276 3346 3336 geometra;
3368 3268 3492 3322 alii-

1880 3377 1987 3433 que
2039 3361 2213 3416 lineas
2264 3358 2598 3415 deseribunt.
2651 3358 2731 3412 Eo
2790 3369 2968 3412 autem
3023 3373 3185 3414 sensu
3235 3358 3491 3430 Virgilius

1885 3453 2025 3510 dixit
2053 3471 2065 3506 :

1971 3547 2246 3612 Descripsit
2269 3547 2405 3597 radio
2430 3551 2586 3598 totum
2609 3546 2696 3608 qui
2719 3545 2960 3607 gentibus
2983 3545 3193 3593 orbem:

2521 3627 2746 3694 (νίψει,
2773 3627 2925 3693 eclog.
2953 3644 3020 3690 ut,
3045 3642 3172 3680 vers.
3195 3628 3303 3691 41.)

1882 3720 1949 3774 Ει
1979 3733 2169 3774 rursus
2211 3716 2339 3772 alibi
2375 3736 2386 3770 :

2671 3784 2891 3849 Caelique
2924 3791 3120 3834 meatus

1975 3853 2267 3903 Describent
2291 3849 2448 3909 radio,
2477 3858 2528 3900 et
2544 3851 2801 3911 surgentia
2819 3849 2983 3897 sidera
3009 3849 3193 3898 dicent.

2715 3931 2797 3994 (Et
2823 3928 2906 3980 lib.
2935 3945 2998 3987 γι,
3021 3942 3146 3980 vers.
3167 3929 3306 3994 3H.)

1883 4043 2267 4097 Verumtamen
2313 4041 2436 4110 quia
2483 4037 2753 4092 Arnobius
2795 4037 3005 4092 radium
3055 4035 3226 4091 codici
3259 4045 3314 4090 et
3357 4035 3494 4092 libro

1884 4135 2186 4203 conjunxit,
2221 4148 2286 4186 eo
2316 4129 2536 4185 nomine
2563 4130 2782 4199 stylum,
2817 4143 2921 4195 quo
2949 4129 3188 4182 scribere
3218 4142 3336 4182 mos
3355 4128 3496 4184 auti-

1883 4229 2003 4298 quis
2025 4237 2161 4294 erat,
2195 4225 2261 4278 ab
2287 4224 2377 4278 illo
2403 4220 2675 4292 designari
2706 4220 2845 4275 haud
2867 4220 3048 4275 forsan
3075 4221 3348 4276 immerito
3374 4221 3496 4292 quis

1884 4321 2290 4391 suSpicabitur?

1959 4416 2195 4479 Rediria,
2222 4429 2315 4468 seu
2347 4413 2588 4476 reduvia,
2613 4420 2670 4466 et
2691 4410 2994 4476 reduvium,
3027 4419 3158 4466 teste
3185 4410 3368 4477 Festo,
3400 4428 3491 4483 ap-

1885 4510 2132 4579 pellatur,
2163 4524 2284 4561 cum
2318 4508 2459 4561 circa
2491 4522 2699 4576 ungues
2727 4505 2866 4560 cutis
2909 4521 2968 4560 se
2997 4505 3217 4560 resolvit
3254 4503 3493 4575 (Arnob.,

1886 4603 1974 4656 lib.
2011 4619 2058 4664 ι,
2092 4621 2145 4672 ρ.
2178 4600 2290 4672 51).
2339 4601 2417 4656 Eo
2473 4601 2641 4657 verbo
2667 4601 2866 4672 saepius
2899 4601 3128 4655 Plinium
3153 4598 3350 4670 (Plin.,
3405 4601 3494 4654 lib.

2467 4714 2582 4767 cap.
2617 4698 2704 4761 19,
2740 4715 2792 4765 p.
2827 4695 2942 4765 58),
2975 4709 3026 4752 et
3059 4696 3254 4752 alicubi
3277 4698 3496 4752 Cicero-

1896 4806 2020 4846 nem
2045 4807 2195 4843 usum
2222 4805 2341 4845 esse
2368 4791 2595 4860 legimus
2621 4789 2838 4862 (Cicer.,
2868 4800 2996 4844 orat.
3026 4807 3117 4860 pro
3143 4790 3288 4844 Sext.
3316 4789 3496 4859 Rosa,

1897 4904 1950 4956 p.
1987 4885 2075 4948 54,
2109 4884 2202 4938 lin.
2232 4881 2312 4954 2).
2344 4883 2565 4952 Legesis
2606 4883 2942 4949 Turnebum,
2973 4884 3010 4937 l.
3059 4899 3170 4938 xvu
3202 4883 3492 4941 Adversar.

1899 4995 2015 5048 cap.
2053 4978 2108 5032 8.

1971 5070 2320 5140 Repetentiam
2349 5071 2576 5142 priorum
2598 5081 2754 5126 vocat
2793 5080 2980 5126 auctor
3009 5080 3191 5127 noster
3217 5071 3500 5142 repetendi

1900 5164 2210 5219 resumeudi
2258 5173 2436 5218 actum
2467 5163 2717 5235 (Arnob,
2752 5164 2842 5218 lib.
2874 5180 2946 5229 ιι,
2981 5185 3032 5229 p.
3061 5163 3174 5232 6%).
3211 5165 3275 5221 Et
3303 5166 3351 5220 id
3379 5167 3500 5237 qui-

1899 5257 2018 5312 dem
2050 5255 2293 5311 hausisse
2322 5256 2530 5311 videtur
2569 5272 2638 5312 ex
2675 5256 2776 5311 hoc
2815 5255 3018 5310 Luretii
3047 5272 3208 5312 versu
3241 5274 3255 5312 :

1994 5375 2275 5436 Iuterrupta
2301 5373 2458 5422 semel
2483 5387 2593 5423 cum
2617 5374 2682 5424 sit
2700 5376 2986 5437 repetentia
3014 5375 3185 5425 uestri.

2566 5434 2802 5500 (Lucretl,
2824 5434 2905 5487 lib.
2934 5453 3003 5498 ιιι,
3028 5449 3150 5488 vers.
3179 5438 3315 5500 868.)

1903 5547 2113 5601 Scimus
2138 5547 2353 5618 quidem
2386 5548 2437 5602 in
2458 5547 2567 5617 jam
2598 5546 2757 5601 editis
2785 5546 2886 5616 legi
2917 5548 3143 5618 repentia
3170 5547 3330 5602 nostri
3359 5563 3376 5602 :
3405 5548 3503 5604 sed

1903 5659 1969 5697 eo
1989 5685 2003 5709 ,
2033 5659 2138 5714 quo
2168 5642 2427 5710 diximus,
2462 5642 2624 5698 modo
2654 5641 2912 5712 scriptum
2946 5642 3012 5695 ab
3039 5640 3297 5698 Lucretio
3337 5641 3505 5698 fuisse

1904 5735 2029 5791 inde
2061 5735 2254 5806 conjici
2299 5736 2440 5792 haud
2477 5751 2702 5807 prorsus
2728 5733 2960 5790 absurde
2987 5747 3184 5804 potest,
3213 5737 3355 5808 quod
3402 5740 3505 5791 Ar—

1905 5832 2095 5890 nobius
2122 5833 2312 5891 eodem
2345 5835 2464 5890 loco
2491 5833 2626 5890 dixit
2660 5851 2674 5889 :
2710 5833 2818 5891 Usu
2850 5842 2920 5891 est
2945 5833 3049 5890 illis
3075 5835 3177 5890 vita
3211 5854 3311 5892 non
3359 5852 3504 5891 man-
