3850 6366
321 310 422 365 707

1600 305 2048 366 DlSSERTATlO
2075 311 2354 370 PRAEVIA

3501 319 3602 371 70-3

318 428 448 495 cipio
477 426 684 479 tradita.
732 424 864 494 Quis
891 426 1034 480 enim
1068 423 1219 478 facile
1266 421 1364 477 sibi
1389 436 1494 477 non
1528 423 1901 492 persuadebit,
1935 430 1984 488 Α
2013 439 2132 493 vat,
2176 430 2340 484 salem
2370 427 2666 494 faciebant,
2699 428 2856 501 idque
2885 440 3068 486 vetere
3094 432 3446 504 inscriptione
3473 449 3604 489 con-

318 522 367 574 id
393 521 459 574 ab
487 521 602 590 ipso
632 520 876 575 Arnobio
917 531 1186 589 sumptum
1215 532 1280 572 ex
1310 517 1413 571 hoc
1473 517 1578 570 alio
1620 516 1734 587 ejus
1784 530 1905 572 car-

318 612 500 667 mine?

409 724 621 791 V'itaque
646 727 884 789 mancipio
908 724 1025 791 nulli
1049 724 1209 782 datur,
1235 724 1460 791 omnibus
1484 737 1593 791 usu.

905 788 1138 850 (Lucret,
1159 786 1266 837 eod.
1294 785 1399 846 lib.,
1427 799 1553 836 vers.
1582 785 1720 850 984.)

390 893 625 950 Runcina
671 896 737 950 ab
766 905 984 949 auctore
1036 903 1221 949 nostro
1243 893 1544 963 appellatur
1577 894 1905 946 instrumen-

315 1001 424 1046 tum
455 991 603 1056 illud,
635 1006 742 1060 quo
767 989 901 1044 fabri
929 991 1069 1060 ligna
1101 1004 1294 1059 aspera
1328 989 1598 1058 laevigant,
1631 995 1685 1041 et
1715 985 1908 1057 gallica

314 1083 459 1136 rabo!
488 1093 844 1150 nuncupatur.
888 1081 1090 1135 Plinius
1141 1083 1241 1135 hoc
1270 1079 1458 1134 eodem
1511 1079 1811 1150 significatu
1839 1077 1907 1131 de

312 1173 485 1228 abiete
511 1173 645 1228 dixit
675 1191 686 1226 :
730 1192 748 1223 ι
787 1173 1101 1243 Pampinato
1122 1188 1336 1242 semper
1358 1173 1490 1226 orbe
1511 1187 1571 1225 se
1593 1172 1814 1225 volvens
1839 1167 1906 1222 ad

313 1267 562 1320 incitatos
587 1267 931 1320 runcinarum
973 1276 1157 1335 raptus
1183 1285 1201 1316 ι
1227 1264 1466 1335 (Arnob,
1494 1265 1579 1318 lib.
1607 1281 1675 1330 v1,
1700 1261 1902 1333 p.200;

313 1357 481 1423 Plin.,
516 1359 606 1411 lib.
640 1375 726 1412 xu
760 1357 893 1412 Hist.
929 1370 1124 1424 natur.,
1156 1375 1272 1428 cap.
1298 1358 1389 1425 42,
1424 1375 1477 1428 p.
1508 1355 1659 1425 504).

384 1451 642 1508 Saburato
665 1455 912 1523 sanguine
941 1469 1097 1523 genus
1126 1454 1336 1514 ducant,
1380 1452 1432 1504 in
1458 1450 1777 1520 quibusdam
1808 1451 1908 1502 Ar—

312 1547 454 1602 nobii
493 1547 814 1603 editionibus
842 1548 1034 1617 legitur
1080 1547 1321 1617 (Arnob.,
1353 1545 1440 1598 lib.
1464 1559 1529 1608 v,
1559 1561 1611 1612 p.
1646 1542 1779 1612 164)
1807 1559 1818 1593 :
1854 1542 1907 1594 in

311 1641 673 1708 manuscriplo
705 1641 850 1708 regio
879 1638 1083 1703 codice,
1115 1654 1177 1691 ea:
1216 1638 1466 1708 sanguine
1499 1635 1780 1700 saburatio,
1813 1634 1907 1688 sed

311 1731 512 1787 librarii
565 1733 918 1802 proculdubio
959 1748 1162 1787 errore.
1217 1732 1576 1800 Quamobrem
1619 1729 1672 1783 in
1720 1728 1905 1783 ultima

2012 521 2208 576 firmat.
2244 523 2313 578 At
2339 522 2371 575 ii
2399 521 2560 576 etiam
2584 521 2685 578 hoc
2708 539 2900 578 nomen
2935 525 3108 578 sortiti
3140 525 3387 593 fuerant,
3420 527 3510 597 qui
3534 543 3605 583 ex

2011 630 2219 669 annooa
2263 614 2454 668 salaria
2485 631 2710 681 novum,
2754 626 2812 671 ut
2849 617 3081 688 loquitur
3119 617 3306 672 Livius
3329 662 3344 684 ,
3376 620 3606 691 vectigal

2011 707 2319 762 statuissent
2350 707 2368 780 (
2397 706 2530 773 Liv.,
2563 709 2650 761 lib.
2682 725 2858 776 xxv",
2887 727 3000 780 cap.
3031 711 3098 763 57
3125 711 3162 781 ).
3215 711 3388 766 Priori
3425 723 3604 768 autem

2011 814 2169 853 sensu
2197 801 2391 867 potius,
2419 817 2574 868 quam
2604 803 2885 870 posteriori
2916 804 3042 858 illud
3075 805 3142 858 ab
3171 807 3420 860 Arnobio
3452 808 3604 863 vide-

2012 902 2096 947 tur
2126 897 2368 963 usurpari
2393 936 2402 952 .
2436 897 2679 962 quamvis
2706 909 2932 969 utroque
2963 902 3121 954 modo
3150 900 3216 955 ad
3245 900 3367 971 ejus
3408 917 3606 971 propo-

2010 986 2168 1038 situm
2199 987 2375 1042 facere
2399 988 2656 1043 videatur.

2083 1078 2409 1146 Scientiolas,
2433 1082 2694 1136 Arnobius
2708 1084 2937 1154 appellat
2953 1087 3201 1143 minimas
3216 1088 3412 1143 artium
3429 1089 3607 1144 scien—

2009 1170 2110 1224 tias
2136 1183 2189 1225 et
2215 1175 2545 1242 cognitiones
2573 1175 2812 1248 (Arnob.,
2849 1179 2937 1233 lib.
2963 1195 3020 1246 ιι,
3056 1198 3108 1249 p.
3144 1180 3256 1253 56).
3283 1181 3416 1236 Nam
3446 1183 3608 1238 sicuti

2010 1265 2151 1320 haud
2192 1268 2357 1322 semel
2405 1269 2922 1340 animadvertimus,
2955 1273 3135 1329 verbis
3176 1275 3607 1331 diminutivisli-

2009 1359 2225 1414 beatius
2249 1362 2433 1416 utitur.

2079 1452 2308 1510 Scitulos
2345 1466 2488 1509 vocat
2536 1454 2723 1527 Lydia,
2755 1459 2926 1526 inquit
2949 1459 3216 1516 Arnobius
3247 1459 3408 1533 (Ibib.
3428 1503 3444 1529 ,
3475 1465 3516 1516 ι.
3549 1479 3606 1530 v,

2010 1566 2063 1618 p.
2094 1547 2240 1619 159),
2266 1565 2360 1604 eos
2393 1551 2667 1614 nimirum,
2692 1554 2781 1622 qui
2803 1552 3021 1608 aluntur
3050 1554 3186 1609 lacte
3222 1554 3498 1624 birquino.
3541 1555 3612 1610 Et

2011 1653 2192 1712 postea
2247 1644 2346 1697 hos
2394 1644 2507 1713 ipse
2562 1657 2833 1716 nuncupat
2881 1647 3086 1702 scitulos
3131 1650 3367 1718 pusiones
3415 1646 3606 1720 (Ibid.,

2011 1754 2062 1806 p.
2100 1736 2250 1807 179).
2281 1736 2394 1789 Non
2423 1737 2651 1792 deerunt
2681 1742 2908 1795 fortasse
2948 1741 3033 1805 qui
3066 1742 3430 1809 Opinabuntnr
3468 1741 3610 1796 scri-

310 1826 544 1879 cditionc
578 1825 808 1895 positum
840 1843 902 1880 ea:
940 1827 1187 1896 sanguine
1211 1827 1542 1893 saporatiore.
1569 1823 1699 1890 Quis
1729 1831 1906 1876 autem
1942 1815 1986 1873 Β
2015 1840 2161 1898 plum
2192 1829 2260 1882 ab
2290 1830 2529 1884 Arnobio
2570 1831 2734 1887 fuisse
2763 1833 2951 1900 δεξιαιξ,
2975 1848 3150 1903 ςνωοθ
3196 1834 3430 1890 σχίταλοι
3453 1875 3469 1897 ,
3505 1849 3614 1902 quo

314 1936 421 1974 non
445 1921 586 1974 videt
613 1920 665 1973 id
695 1937 760 1974 ex
779 1921 891 1974 sola
915 1920 1225 1991 conjectura
1253 1919 1613 1983 emendatum,
1641 1918 1781 1988 quod
1813 1916 1910 1969 ali-

313 2029 414 2083 qua
449 2014 761 2082 probatione
789 2014 1009 2067 stabiliri
1039 2013 1266 2067 debuit?
1302 2013 1492 2083 Agitur
1520 2021 1700 2078 autem
1742 2011 1809 2066 ibi
1835 2011 1908 2065 de

318 2108 621 2176 profluente
639 2123 700 2161 ex
726 2108 1012 2176 amputatis
1029 2105 1275 2161 Acdestis
1292 2105 1607 2175 genitalibus
1625 2103 1904 2174 sanguine,

312 2216 378 2254 ex
423 2214 531 2269 quo
586 2199 784 2253 malmn
826 2202 1074 2269 punicum
1125 2209 1299 2253 ortum
1349 2197 1744 2252 fabulabantur.
1772 2197 1910 2251 Dicit

314 2293 489 2362 itaque
514 2292 784 2344 Arnobius
807 2305 962 2360 poma
1007 2290 1146 2344 illius
1187 2289 1396 2344 arboris
1422 2303 1542 2342 esse
1573 2289 1726 2342 uvida
1751 2297 1805 2343 et
1835 2287 1908 2340 vi»

310 2400 434 2436 nosa
453 2400 472 2449 ;
504 2386 626 2453 quia
658 2399 720 2437 ex
751 2383 998 2450 sanguine
1026 2383 1118 2436 illo
1145 2383 1483 2453 saporatiore,
1519 2381 1600 2435 vel
1633 2390 1902 2450 soporato,

311 2475 362 2529 id
394 2485 495 2539 est,
531 2475 740 2544 sapido,
779 2478 862 2528 vel
893 2490 1088 2544 sapore
1117 2474 1359 2530 delibuto
1383 2489 1541 2544 genus
1562 2475 1770 2526 ducant.
1796 2471 1908 2525 No-

311 2569 389 2622 bis
410 2566 626 2637 quidem
673 2583 778 2622 non
811 2568 937 2622 latet
960 2569 1202 2623 Plautum
1245 2583 1398 2622 usum
1430 2581 1552 2621 esse
1581 2566 1797 2621 nomine
1821 2580 1908 2620 sa-

312 2662 589 2729 burratus,
626 2662 713 2717 ubi
745 2661 940 2717 cecinit
964 2681 976 2715 :

883 2774 1002 2832 Qua:
1026 2774 1110 2822 ubi
1137 2774 1411 2822 saburratae
1434 2785 1621 2822 sumus.

852 2831 1063 2898 (Plaut.,
1085 2834 1290 2895 δίκαι,
1313 2841 1410 2884 act.
1433 2851 1465 2895 ι,
1489 2848 1619 2885 scen.
1645 2831 1718 2894 2.)

312 2947 369 3000 id
400 2956 504 3010 est,
532 2953 588 2998 ut
618 2952 770 2997 notat
795 2943 1060 3013 interpres
1081 2943 1202 2997 cibo
1222 2952 1276 2997 et
1296 2951 1424 3011 potu
1453 2949 1681 2995 onustm.
1716 2937 1908 2993 Trala-

320 3040 394 3093 tio
426 3047 508 3092 est
529 3051 558 3090 a
588 3036 815 3090 navibus
845 3035 1130 3100 onerariis,
1161 3051 1280 3104 quae
1306 3049 1426 3088 cum
1449 3033 1595 3087 omni
1622 3045 1786 3086 onere
1804 3032 1913 3086 sint

309 3146 490 3187 vacuae
513 3174 529 3198 ,
559 3130 780 3187 saburra
809 3140 1104 3185 onerantur
1124 3170 1138 3192 ,
1185 3136 1241 3182 ut
1269 3127 1380 3182 sint
1405 3127 1666 3180 adversus
1694 3133 1906 3193 tempe-

2013 1926 2229 1979 nomine
2245 1924 2652 1994 appellabantur
2674 1928 2808 1981 viles
2831 1937 2886 1982 et
2911 1928 3138 1998 improbi
3164 1929 3432 1996 flamines,
3457 1928 3610 1999 quia,

2014 2027 2072 2070 ut
2101 2019 2349 2073 observat
2394 2018 2619 2074 Suidas:
2655 2020 2833 2074 Sciton
2877 2021 3006 2091 fullo
3034 2020 3129 2090 fuit
3163 2022 3313 2075 homo
3341 2021 3488 2084 vilis,
3525 2019 3618 2091 qui

2013 2122 2221 2180 propter
2241 2111 2661 2180 improbitatcma
2682 2109 2903 2167 Comici:
2935 2114 3258 2184 carpebatur.
3303 2112 3618 2183 Aristopha-

2013 2221 2098 2258 nes
2128 2207 2179 2258 in
2210 2206 2460 2272 equitibus
2488 2221 2506 2258 :

2166 2321 2238 2382 Ᾰγι
2262 2328 2308 2380 δὴ
2333 2333 2501 2370 nitela!
2523 2347 2579 2378 τι,
2603 2335 2664 2370 καὶ
2686 2337 2849 2384 «pham.
2870 2328 2914 2382 ἦν
2939 2331 2973 2373 δ’
2999 2336 3088 2385 ἰτὼ,

2168 2396 2377 2446 Βιρισχιθοὶ
2399 2409 2440 2433 τι
2461 2396 2521 2433 καὶ
2539 2396 2709 2442 uicum,
2738 2399 2798 2434 ui
2819 2399 2973 2446 μόθωνις
2993 2427 3005 2444 ,

2166 2449 2290 2509 Ama
2313 2473 2354 2497 τι
2378 2461 2412 2497 ιν
2436 2464 2460 2508 ᾔ
2483 2462 2567 2505 παῖς
2585 2461 2645 2506 εον,
2671 2457 2883 2508 iactatam
2907 2463 2996 2512 ιτς..

2168 2526 2242 2559 Νῦν
2260 2536 2322 2570 μοι
2343 2523 2488 2573 θράσος,
2512 2523 2573 2560 καὶ
2595 2523 2762 2572 γλῶτταν
2787 2521 2934 2574 ιῦτορον
2955 2521 3042 2564 δότι
3060 2554 3071 2571 ,

2165 2587 2289 2631 Min-qv
2312 2586 2346 2623 τ’
2365 2581 2510 2631 ἀναιδῆ.

2085 2652 2104 2723 (
2129 2651 2413 2725 Αιίὶειοριιη
2444 2654 2647 2725 liquit,
2675 2673 2726 2723 p.
2753 2656 2882 2723 8‘25,
2908 2668 3028 2711 tam.
3061 2675 3117 2724 ιι,
3149 2658 3324 2714 Ροειω
3349 2660 3549 2734 (ἐι-ωε.)

2104 2744 2252 2816 έεὶιρ
2272 2749 2440 2816 igitur,
2461 2747 2730 2816 Scimligue
2749 2754 2802 2816 et
2820 2749 3097 2816 Pugnaces,
3125 2753 3320 2815 inquam
3343 2765 3459 2816 ego,

2102 2807 2498 2873 Berescbetique
2539 2819 2591 2861 et
2613 2807 2802 2869 Cobuli,
2830 2819 2881 2861 et
2905 2807 3180 2873 Mothones,

2105 2871 2406 2939 Eorumque,
2422 2871 2600 2939 ἰιι-(ιυο
2622 2886 2747 2935 puer
2772 2875 3012 2939 existens,
3042 2871 3294 2927 institutus
3319 2877 3408 2939 fui,

2103 2932 2244 3002 Quae
2268 2932 2384 2982 mihi
2410 2932 2673 3002 audaciam,
2705 2943 2758 2984 et
2782 2932 3008 3000 linguam
3023 2939 3234 2990 uberem
3257 2941 3390 3002 date,

2103 2994 2387 3060 Vocemque
2413 2997 2769 3060 impudentem.

2011 3105 2173 3176 Atqui
2205 3107 2264 3160 lii-
2288 3106 2504 3176 quidem
2547 3123 2738 3164 versus
2769 3111 2822 3163 in
2881 3110 3044 3166 citata
3102 3111 3484 3184 Aristophanis
3516 3126 3618 3166 co-

311 3234 505 3277 smem
528 3231 583 3277 et
611 3221 804 3277 ﬂuclus
836 3221 1003 3290 magis
1025 3219 1193 3274 arma,
1214 3234 1278 3274 ac
1302 3219 1544 3273 stabiles.
1578 3216 1717 3284 Quid
1749 3231 1898 3286 ergo,
1932 3198 1976 3261 C
2009 3201 2206 3256 mmdia
2259 3201 2529 3271 leguntur.
2572 3202 2952 3258 Verumtamen
2994 3204 3116 3274 quia
3161 3207 3431 3261 Arnobius
3476 3206 3620 3264 dixit

310 3317 513 3388 inquiet
548 3314 771 3386 aliquis,
814 3315 860 3369 si
901 3314 952 3368 in
991 3313 1212 3367 Arnobii
1243 3321 1390 3367 textu
1441 3312 1699 3380 scriptum
1742 3310 1908 3364 fuerit

2035 3295 2217 3349 citulos
2260 3297 2500 3366 pusiones
2561 3306 2711 3368 atque
2754 3296 2955 3352 adtritas
3015 3300 3382 3356 venustissimis
3435 3303 3615 3372 lineis,

313 3424 466 3479 poma
499 3424 561 3462 ea:
580 3407 827 3478 sanguine
854 3407 1115 3473 saburata,
1142 3405 1195 3459 id
1219 3415 1320 3466 est.
1351 3405 1554 3475 repleta
1581 3412 1636 3458 et
1659 3413 1904 3468 onerata,

309 3518 476 3572 genus
517 3517 671 3556 suum
700 3500 934 3555 ducant?
973 3499 1083 3553 Sed
1113 3498 1230 3553 haec
1267 3497 1532 3552 correctio
1566 3511 1673 3550 non
1721 3495 1906 3550 multis

312 3597 538 3649 fortasse
570 3594 639 3646 ita
678 3593 842 3647 etiam
879 3591 1142 3661 explicata
1177 3586 1506 3660 probabitur.
1548 3587 1692 3641 Nihil
1726 3588 1908 3656 itaque

310 3688 510 3755 absque
535 3685 751 3740 alterius
780 3683 985 3738 codicis
1015 3682 1122 3738 fide
1144 3724 1157 3749 ,
1192 3681 1277 3736 vel
1303 3680 1523 3736 certiori
1561 3680 1904 3747 auctoritate,

314 3787 576 3833 mutatum
608 3778 876 3832 volumus.
1106 3845 1108 3847 ν

387 3872 594 3927 Saccati
634 3873 764 3924 inter
803 3868 1161 3922 obceniuintas
1200 3867 1391 3933 serias,
1435 3865 1488 3921 in
1534 3876 1689 3922 utero
1724 3865 1914 3920 matris

314 3967 552 4033 positum
579 3963 836 4018 infantem
866 4004 880 4028 ,
930 3962 1062 4015 dixit
1089 3960 1366 4016 Arnobius
1414 3962 1432 4031 (
1471 3961 1660 4022 Arnob,
1687 4003 1701 4026 ,
1733 3960 1822 4016 lib.
1852 3976 1911 4027 tt,

317 4079 369 4132 ρ.
402 4061 468 4115 09
497 4059 538 4130 ).
567 4061 638 4113 At
673 4077 690 4109 ι
727 4067 998 4112 saccatum
1034 4075 1078 4120 ι,
1114 4055 1190 4109 uti
1218 4055 1594 4110 animadvertit
1630 4055 1868 4110 Isidorus
1892 4096 1908 4122 ,

316 4174 334 4205 ι
363 4155 535 4224 liquor
565 4160 651 4207 est
674 4166 829 4220 aqua:
864 4148 964 4204 feci
992 4150 1100 4202 vini
1147 4147 1456 4214 admixtus,
1502 4162 1658 4202 sacco
1685 4163 1911 4216 expres-

309 4263 402 4304 sus
435 4267 451 4300 ι
484 4247 503 4319 (
535 4245 754 4310 lsidor.,
785 4245 874 4298 lib.
921 4259 974 4309 v,
1014 4242 1241 4315 0rigin.,
1275 4257 1392 4311 cap.
1427 4242 1460 4296 5
1483 4241 1523 4310 ).
1552 4239 1752 4295 Verum
1799 4241 1914 4297 hinc

319 4357 422 4395 vox
468 4340 535 4393 ab
577 4336 827 4392 Lucretio
867 4336 1127 4406 accipitur
1167 4349 1264 4404 pro
1305 4333 1438 4388 lotio
1475 4346 1571 4387 seu
1614 4333 1782 4389 urina.
1836 4331 1916 4387 De

313 4435 500 4508 pueris
533 4433 677 4487 enim
709 4429 1102 4485 somniantibus
1131 4429 1314 4484 canit:

914 4542 1131 4594 Credunt
1153 4541 1381 4592 attollere
1399 4547 1611 4600 vestem,

401 4610 577 4661 Totius
599 4608 856 4657 humorem
884 4617 1126 4666 saccatum
1149 4613 1202 4655 ut
1226 4606 1446 4666 corporis
1473 4606 1694 4655 fundant.

811 4670 1046 4732 (Lucret.,
1073 4665 1155 4718 lib.
1181 4682 1246 4729 iv,
1271 4665 1398 4718 vers.
1427 4667 1542 4717 1021
1570 4673 1616 4718 et
1633 4666 1791 4730 seqq.)

385 4783 553 4840 Serite
592 4795 722 4835 vero
769 4774 1074 4847 significant
1125 4786 1251 4826 vasa
1291 4771 1574 4843 quedam,
1622 4771 1677 4827 in
1722 4769 1916 4840 quibus

313 4892 449 4949 aqua
476 4873 878 4930 asservabatur.
912 4867 1044 4923 lude
1069 4865 1355 4922 Terentius
1390 4885 1402 4921 :

435 4988 600 5039 Relivi
625 4985 753 5051 doﬁa
780 4982 970 5051 omnia,
988 4994 1163 5051 omnes
1172 4982 1357 5051 serias.

656 5048 901 5112 (Terent.,
922 5046 970 5095 Η
974 5046 1270 5104 eautontim.,
1291 5049 1384 5094 act.
1410 5059 1480 5104 ιιι,
1503 5057 1634 5096 scen.
1658 5046 1730 5108 1.)

315 5159 582 5215 Arnobius
622 5171 824 5226 porro,
869 5164 923 5207 ut
969 5150 1226 5208 humilem
1272 5159 1326 5204 et
1365 5151 1627 5221 abjectam
1671 5151 1915 5207 hominis

315 5251 676 5308 conditionem
703 5245 1009 5302 evidentius
1034 5243 1469 5310 demonstraret,
1503 5243 1718 5313 scripsit
1747 5258 1870 5297 eum
1893 5285 1910 5308 ,

315 5362 433 5401 cum
468 5345 518 5397 in
565 5341 752 5402 matris
783 5350 936 5394 utero
978 5336 1242 5392 formatus
1287 5348 1413 5405 est,
1457 5338 1587 5390 inter
1629 5337 1838 5408 pituitas
1865 5345 1913 5389 et

316 5439 619 5510 sanguinem
649 5435 862 5505 degere,
894 5435 1025 5506 inter
1051 5431 1288 5485 stercoris
1316 5431 1405 5485 hos
1437 5443 1595 5497 utres,
1640 5441 1686 5485 et
1724 5431 1916 5485 saccatt'

317 5532 508 5602 supple
537 5527 801 5593 humoris,
821 5524 1223 5580 obscwnissimas
1243 5524 1423 5580 aerias.
1447 5523 1525 5579 Ita
1553 5539 1681 5580 sane
1706 5523 1914 5579 auctori

320 5635 510 5680 nostro
540 5618 867 5692 praegnantis
894 5614 1132 5672 fteminac
1150 5625 1360 5672 uterum
1389 5616 1661 5688 appellare
1687 5615 1910 5688 placuit.

389 5718 723 5773 Salinatores
774 5707 1300 5782 cOgnominabantur
1342 5709 1362 5781 (
1403 5709 1598 5766 Arnob.
1627 5751 1642 5776 ,
1705 5710 1793 5763 lib.
1835 5723 1913 5777 ιι,

324 5830 373 5882 ρ.
406 5812 542 5882 70.),
571 5809 682 5881 qui,
717 5807 814 5876 uti,
843 5815 964 5876 post
995 5801 1234 5871 Papiam,
1261 5803 1690 5861 Elmenhorstius
1727 5803 1914 5859 obser—

2009 3387 2292 3443 retinenda
2333 3388 2689 3458 proculdubio
2733 3390 2945 3445 videtur
2973 3391 3088 3447 haec
3122 3408 3221 3447 vox
3265 3394 3499 3451 scitulae.
3534 3396 3613 3452 De

2008 3481 2327 3553 quibusdam
2357 3483 2500 3537 enim
2531 3482 2846 3538 mulieribus
2869 3483 3087 3540 Plautus
3118 3485 3346 3542 canebat
3379 3505 3393 3540 :

2711 3603 2820 3658 Qua
2842 3606 2957 3649 sunt
2971 3598 3131 3650 facie?
3153 3599 3360 3652 Scitula.

2511 3679 2721 3744 (Plaut.,
2749 3681 2988 3742 Rudens.,
3011 3687 3106 3732 act.
3127 3697 3178 3745 ιι,
3201 3696 3331 3735 aceti.
3349 3686 3426 3749 7.)

2013 3789 2079 3844 Et
2108 3790 2211 3844 hoc
2241 3789 2404 3843 etiam
2433 3788 2607 3843 altero
2641 3807 2653 3842 :

2105 3882 2269 3946 Atque
2295 3883 2461 3932 ambas
2482 3878 2636 3931 forma
2653 3883 2842 3946 scitula,
2867 3892 3016 3948 atque
3040 3886 3256 3938 etatula.

2902 3947 3030 4012 (Act.
3050 3962 3263 4010 tv,scen.
3287 3947 3360 4011 1.)

2013 4049 2067 4106 id
2098 4059 2216 4118 est,
2265 4051 2433 4107 forma
2466 4052 2799 4124 subeleganti
2843 4064 2898 4109 et
2939 4065 3182 4112 venusta.
3217 4056 3296 4112 Eo
3323 4059 3488 4114 etiam
3517 4075 3621 4115 no-

2013 4145 2160 4199 mine
2209 4145 2464 4214 Apuleius
2510 4161 2655 4216 sape
2706 4147 2872 4202 utitur
2926 4148 3131 4220 (Apul.,
3184 4151 3273 4206 lib.
3306 4168 3346 4207 ιι
3392 4151 3616 4212 Metam.

2019 4256 2142 4310 pag.
2167 4241 2253 4307 19,
2286 4241 2354 4294 26
2377 4251 2421 4293 et
2442 4241 2612 4311 alibi).

2087 4337 2340 4392 Scurrula
2365 4337 2611 4404 urbanus,
2647 4354 2843 4394 nomen
2866 4351 2947 4396 est
2972 4342 3351 4398 diminutivum
3383 4360 3615 4414 scurrae,

2015 4432 2100 4486 cui
2121 4431 2348 4486 *Plautus
2376 4431 2699 4502 adjectivum
2744 4435 2987 4502 urbanus,
3016 4437 3468 4506 quemadmodum
3503 4443 3614 4495 Ar-

2018 4524 2212 4580 nobius
2235 4528 2480 4582 scurrula:
2501 4527 2779 4598 conjunxit
2813 4529 3054 4601 (Arnob,
3089 4532 3128 4588 ι.
3158 4548 3254 4603 vn,
3284 4551 3336 4605 ρ.
3360 4533 3520 4604 206).
3550 4535 3619 4592 Hi

1943 4586 1999 4656 Β
2018 4629 2196 4673 autem
2226 4629 2350 4673 sunt
2376 4621 2544 4676 Plauti
2571 4639 2759 4678 versus
2786 4641 2798 4676 :

2111 4712 2187 4783 In
2211 4715 2426 4783 urbanus
2450 4728 2569 4783 vero
2587 4729 2772 4778 scurra,
2809 4715 3001 4768 delicia:
3024 4719 3208 4783 pOpuli,

2111 4775 2215 4827 Rus
2235 4777 2354 4826 mihi
2381 4787 2429 4826 tu
2455 4777 2688 4838 objectas.

2334 4858 2542 4922 (Plaut,
2567 4861 2794 4924 Mostell.,
2811 4870 2906 4912 act.
2934 4879 2970 4925 ι,
2997 4876 3128 4918 scen.
3149 4867 3196 4927 1,
3216 4877 3330 4932 pag.
3349 4865 3486 4929 521.)

2023 4946 2084 5002 Et
2112 4947 2240 5002 alibi
2269 4965 2282 5002 :
2673 5000 2677 5004 τ

2111 5042 2266 5102 Quam
2291 5043 2465 5092 urbani
2491 5045 2668 5094 assidui
2688 5048 2838 5107 cives,
2867 5059 2990 5109 quos
3005 5059 3198 5099 scmus
3215 5055 3406 5102 vocant.

2300 5126 2484 5189 (Idem,
2514 5127 2753 5188 Triumn.,
2782 5135 2877 5180 act.
2901 5144 2934 5191 ι,
2961 5143 3091 5182 scen.
3113 5131 3161 5192 2,
3188 5146 3300 5198 pag.
3325 5132 3486 5196 1022.)

2015 5232 2269 5289 Scurram
2317 5243 2493 5289 autem
2525 5237 2786 5292 urbanum
2839 5249 2995 5308 poeta
3028 5240 3228 5312 aliique
3276 5250 3491 5298 veteres
3521 5257 3620 5314 ap-

2017 5328 2288 5398 pellabant
2315 5328 2548 5384 facetum
2575 5331 2908 5402 politumque
2932 5332 3227 5401 hominem,
3263 5336 3354 5406 qui
3392 5336 3618 5394 minime

2017 5421 2088 5476 sit
2115 5424 2372 5478 rusticus.
2407 5424 2583 5494 Atque
2629 5425 2732 5480 hoc
2779 5442 2943 5483 sensu
2975 5429 3042 5484 ab
3072 5428 3315 5485 Arnobio
3345 5431 3618 5487 scurrula

2018 5531 2212 5571 nomen
2245 5515 2494 5571 similiter
2522 5520 2802 5590 accipitur.
2837 5521 3025 5577 Postea
3066 5533 3242 5578 tamen
3269 5524 3372 5579 alia
3402 5540 3536 5581 sane
3561 5533 3620 5581 et

2018 5612 2287 5666 contraria
2333 5611 2725 5682 signiﬁcatione
2752 5627 3066 5688 usurpatum
3094 5628 3194 5673 est.
3233 5617 3339 5674 Sed
3369 5634 3431 5675 ea
3459 5618 3532 5675 de
3558 5635 3622 5676 re

2020 5707 2217 5762 videsis
2244 5704 2576 5770 Turnebum,
2615 5708 2708 5764 lib.
2737 5725 2828 5765 ιιι
2854 5710 3174 5780 Adversar.,
3207 5725 3326 5780 cap.
3355 5712 3445 5780 13;
3470 5712 3620 5770 Vos-

2020 5801 2180 5867 sium,
2210 5799 2263 5856 in
2286 5799 2589 5872 Etymolog.
2616 5843 2630 5870 ,
2663 5813 2715 5858 et
2743 5803 2897 5859 alios.
