3850 6338
180 329 277 386 700
1361 335 1424 391 iN
1467 335 1844 403 ARNOBIUM,
1875 334 2029 394 CAP.
2063 337 2250 396 XXVI.

3362 360 3464 417 710

247 447 543 502 Securicula
559 447 628 503 ab
645 446 883 503 Arnobio
905 448 1758 525 diminutiveadbucnuncupatur
1787 458 1840 519 Α
1866 454 2023 509 Noct.
2074 456 2207 523 Att.,
2261 475 2379 529 cap.
2430 461 2547 534 ‘20).
2572 463 2656 519 Ab
2685 466 2923 523 Arnobio
2949 476 3125 526 autem
3152 480 3336 528 nostro
3365 475 3463 534 bac

173 541 370 594 securis
418 554 582 610 parva
634 541 808 610 (Arn.,
846 542 882 596 l.
913 558 969 603 ιι,
1000 562 1052 613 ρ.
1084 543 1200 613 56),
1247 547 1700 614 quemadmodum
1731 564 1761 604 a

172 633 340 689 Plinio
375 634 462 703 qui
490 634 689 689 alicubi
720 634 837 692 haec
868 634 1089 692 tradidit
1121 653 1133 690 ε
1173 658 1192 690 ‹
1230 639 1598 696 Securiculam
1631 643 1761 698 insi-

171 725 326 778 tivam
379 726 654 794 pendere,
695 742 799 797 qua
838 729 1230 785 intercidantur
1259 733 1469 788 radices
1506 751 1524 785 ι
1564 732 1754 805 (Plin.,

170 820 254 873 lib.
291 836 426 874 xvnt
455 819 596 876 Hist.
630 832 826 888 natur.,
850 838 964 893 cap.
1002 823 1091 890 19,
1126 842 1179 894 p.
1211 825 1364 898 493).

236 911 394 965 Secus
421 911 586 976 virile,
615 922 670 966 et
701 930 844 967 secus
872 916 1164 984 femineum,
1201 917 1252 971 in
1282 926 1468 973 nostro
1498 918 1755 974 librorum

168 1001 384 1055 Arnobii
408 998 598 1056 codice
624 1011 678 1057 et
703 1004 946 1073 pluribus
986 1005 1312 1062 editionibus
1353 1010 1545 1079 legitur
1577 1010 1754 1082 (Arn.,

165 1094 249 1149 lib.
281 1110 335 1159 v,
367 1113 491 1166 pag.
521 1095 648 1159 165,
683 1105 730 1148 et
759 1097 862 1153 ιιι
886 1095 930 1168 ),
979 1099 1171 1153 melius
1223 1114 1382 1169 quam
1414 1102 1465 1154 in
1494 1101 1613 1155 aliis
1642 1102 1758 1171 qui-

165 1189 379 1242 busdatn
407 1205 560 1244 sexus
577 1190 737 1244 virile.
765 1188 897 1244 Nam
929 1192 998 1245 ibi
1019 1208 1211 1247 nomen
1237 1210 1378 1248 secus
1403 1210 1521 1249 eam
1549 1205 1757 1264 partem

164 1280 448 1350 Signiﬁcat,
477 1295 580 1350 qua
612 1290 834 1351 uterque
863 1296 1024 1337 sexus
1054 1299 1084 1338 a
1113 1299 1173 1340 se
1214 1285 1442 1340 invicem
1474 1285 1759 1357 distingui-

163 1384 260 1427 tur.
306 1372 471 1428 Festo
526 1383 704 1428 autem
750 1375 1006 1445 probatur
1048 1377 1164 1433 haec
1208 1379 1556 1450 signiﬁcatio,
1595 1397 1756 1452 quam

161 1465 438 1520 Martinius
464 1466 672 1535 Apuleii
702 1475 756 1522 et
796 1468 1066 1524 Ammiani
1111 1469 1406 1526 Marcellini
1447 1473 1756 1528 testimonio

159 1570 394 1613 asserere
418 1568 664 1614 conatur.
686 1557 892 1615 Nonius
915 1577 1043 1616 vero
1067 1561 1312 1633 perhibet
1340 1564 1630 1619 Salustium
1659 1565 1756 1621 ali-

159 1651 273 1705 cubi
303 1669 457 1707 sexus
488 1663 680 1709 neutro
710 1671 910 1725 genere
942 1655 1142 1712 dixisse
1169 1676 1181 1710 :
1217 1659 1311 1712 sed
1348 1659 1440 1712 alii
1471 1658 1580 1714 illic
1609 1676 1755 1715 secus

159 1743 501 1799 scribendum
531 1746 820 1815 opinantur
852 1747 1136 1818 (Nannius,
1193 1767 1240 1806 c.
1273 1751 1327 1816 5,
1365 1750 1392 1824 §
1426 1750 1575 1821 198).

1867 548 2054 602 eadem
2078 550 2475 620 signiﬁcatione
2500 557 2750 613 sumitur.

1938 639 2265 710 Strophium,
2307 644 2480 700 Nonio
2511 660 2752 715 auctore,
2787 662 2871 708 est
2911 655 3074 711 lascia
3105 657 3303 728 brevis,
3335 676 3461 731 quae

1864 729 2178 800 virginalem
2214 736 2532 806 papillarum
2563 750 2826 798 tumorem
2856 747 3091 816 cohibet,
3116 729 3464 819 quemadmo-

1862 821 1988 876 dum
2037 824 2126 880 ille
2167 826 2414 899 Turpilii,
2459 831 2768 902 Cicereiiis,
2821 837 3036 907 Plattti,
3092 852 3146 896 et
3201 843 3463 902 Varronis

1863 915 2173 971 testimonio
2202 921 2485 978 cOnﬁrmat
2516 924 2687 995 (Αιοη.³
2728 928 2763 980 l.
2799 945 2854 992 tt,
2887 948 2938 1000 p.
2966 932 3066 997 58;
3097 932 3265 1000 Nam,
3292 952 3336 990 c.
3372 938 3461 1005 H,

1864 1006 2028 1062 Nam.
2079 1011 2155 1080 8).
2189 1012 2484 1072 Possumus
2514 1030 2568 1072 et
2598 1020 2699 1074 hoc
2728 1023 2919 1076 Catulli
2966 1041 3182 1082 carmen
3215 1027 3413 1086 addere
3446 1049 3460 1084 :

1955 1121 2062 1172 Non
2087 1127 2238 1176 tereti
2258 1128 2480 1198 strophio
2492 1128 2742 1198 lactantes
2767 1135 2925 1184 vincta
2960 1135 3180 1198 papillas.

2457 1191 2678 1256 (θηρία,
2702 1191 2991 1260 Διῃοηαιλιῖ,
3021 1191 3144 1249 ὺενδ.
3170 1202 3272 1264 65).

1861 1282 2131 1341 Coronam
2164 1288 2339 1344 adhuc
2383 1294 2682 1362 strophium
2716 1297 3076 1368 signiﬁcabat.
3134 1303 3208 1358 De
3248 1306 3464 1362 coronis

1861 1379 2059 1448 quippe
2102 1381 2191 1436 ubi
2222 1384 2455 1454 disputat
2500 1388 2703 1444 Plinius
2739 1410 2751 1444 :
2793 1412 2811 1444 ‹
2848 1393 3227 1463 Tenuioribus,
3262 1400 3456 1471 inquit,

1861 1471 2150 1527 utebantur
2197 1477 2422 1545 antiqui,
2477 1491 2691 1552 stropos
2742 1486 3099 1555 appellantes,
3151 1491 3293 1546 unde
3334 1503 3460 1548 nata

1860 1564 2157 1632 stropliiola
2217 1586 2236 1618 ι
2301 1567 2492 1640 (Plin.,
2541 1573 2576 1640 ζ.
2626 1591 2714 1629 xxn
2765 1575 2956 1634 Natur.
3013 1582 3167 1646 hist.,
3220 1601 3333 1654 cap.
3405 1585 3463 1651 2,

1861 1671 1982 1724 pag.
2029 1655 2178 1730 105).
2233 1659 2442 1716 Videsis
2493 1664 2713 1723 Festum
2758 1670 2826 1724 ad
2874 1672 3023 1727 νει-1).
3080 1674 3356 1747 Stroppus,
3408 1687 3465 1733 et

1860 1747 2123 1804 llarduini
2150 1753 2201 1805 in
2232 1755 2453 1810 citatum
2474 1759 2634 1814 Plinii
2665 1763 2840 1816 locum
2859 1767 3254 1825 annotatioues.
3281 1770 3464 1825 Primo

228 1835 499 1891 Sellularii
527 1838 767 1906 plebeias
788 1850 842 1893 et
869 1839 1077 1895 inﬁmas
1099 1851 1244 1897 artes
1270 1843 1514 1897 sedendo
1536 1859 1758 1899 exerce-
1789 1854 1836 1914 B
1863 1851 2042 1895 autem
2070 1858 2232 1899 sensu
2261 1847 2329 1901 ab
2351 1851 2588 1906 Arnobio
2618 1853 2923 1911 adhibetur.

157 1927 278 1981 bant
306 1927 459 2000 (Am.
492 1928 529 1981 ι.
562 1945 638 1996 ιιι,
672 1949 724 2000 ρ.
758 1931 904 2004 112).
946 1932 1064 2002 Quo
1091 1949 1254 1990 sensu
1297 1935 1499 1992 dictum
1532 1952 1561 1990 a
1601 1936 1754 1993 Livio

157 2021 374 2092 legimus
423 2041 440 2076 :
481 2043 500 2076 ‹
537 2024 802 2095 Opiﬁeum
862 2029 1089 2100 vulgus,
1127 2042 1180 2086 et
1223 2032 1482 2088 sellularii
1532 2034 1754 2092 minime

156 2117 351 2172 militiae
383 2117 638 2175 idoneum
678 2135 848 2193 genus
883 2143 902 2175 ι
936 2123 1099 2195 (Liv.,
1133 2126 1172 2180 l.
1205 2143 1318 2194 Vlll,
1353 2144 1400 2181 c.
1429 2127 1544 2201 20).

227 2211 612 2281 Siliquastrum,
639 2230 735 2270 seu
755 2215 1158 2288 seliquastrum;
1179 2230 1408 2292 utroque
1425 2222 1569 2277 enim
1589 2222 1753 2279 modo

155 2307 405 2375 scriptum
437 2308 658 2376 quidam
698 2311 883 2367 volunt
909 2311 1083 2381 (Arn.,
1113 2315 1149 2367 ι.
1179 2330 1236 2381 ιι,
1267 2333 1318 2386 ρ.
1352 2314 1462 2388 59).
1503 2336 1520 2368 ‹
1552 2317 1631 2371 Ab
1662 2333 1753 2372 se-

155 2398 324 2454 dendo
373 2421 392 2453 ι
445 2412 650 2467 autem,
686 2405 758 2457 uti
815 2405 983 2460 Varro
1032 2407 1305 2476 observat,
1357 2428 1374 2459 ι
1417 2411 1755 2481 appellantur

157 2495 324 2560 sedes,
358 2495 552 2559 sedile,
585 2497 811 2566 sedum,
845 2498 994 2553 sellae
1017 2542 1030 2564 ,
1065 2501 1465 2571 seliquastrum.
1508 2522 1526 2555 ι
1559 2502 1753 2557 Festus

157 2599 296 2640 vero.
343 2605 360 2638 ι
399 2587 730 2658 Seliquastra
755 2633 770 2656 ,
814 2591 1022 2661 inquit,
1062 2592 1250 2648 sedilia
1292 2595 1497 2664 antiqui
1538 2597 1753 2666 generis

155 2679 511 2748 appellantur,
542 2682 596 2734 ά.
642 2682 818 2738 littera
875 2684 927 2737 in
978 2685 1016 2739 ι.
1049 2701 1340 2748 conversa,
1389 2694 1447 2740 ut
1493 2689 1653 2742 etiam
1697 2687 1750 2743 in

155 2770 279 2825 cella
303 2771 504 2829 factum
525 2786 628 2842 est,
651 2784 708 2832 et
733 2778 1014 2846 subsellio,
1040 2790 1094 2835 et
1115 2781 1272 2845 solio,
1293 2798 1415 2852 quae
1438 2799 1546 2838 non
1573 2785 1752 2839 minus

154 2877 180 2915 a
207 2865 444 2921 sedendo
470 2869 615 2924 dicta
645 2871 772 2925 s‘unt
805 2891 823 2924 ι
858 2873 878 2941 (
909 2871 1086 2939 Varr.,
1145 2874 1233 2927 lib.
1264 2890 1319 2930 tv
1351 2874 1414 2928 de
1439 2874 1595 2950 Ling.
1629 2877 1749 2944 lat.,

160 2972 208 3025 ρ.
239 2958 326 3024 51;
352 2958 527 3029 Fest.,
556 2963 623 3015 ad
652 2963 790 3018 verb.
817 2963 1244 3037 SELIQUASTRA).

221 3050 625 3123 Spiruminibus,
646 3056 696 3110 id
720 3067 820 3125 est,
842 3058 1082 3128 spirandi
1099 3058 1752 3117 facultatibusinterclusis

154 3144 348 3201 interire
373 3148 530 3222 (Arn.
556 3151 595 3205 l.
623 3167 716 3220 vn,
737 3169 791 3224 p,
820 3152 970 3225 254).
997 3152 1245 3210 Lucanus
1262 3157 1525 3227 siquidem
1548 3157 1749 3214 decan-

155 3241 295 3299 tabat
326 3261 339 3296 :

238 3357 327 3428 ῌὶο
353 3373 525 3422 aures,
553 3342 678 3414 alius
697 3361 962 3428 spiramina
989 3364 1122 3422 uaris
1143 3363 1346 3415 adunca

238 3423 488 3486 Amputat.

863 3490 1087 3551 (Lucam,
1108 3489 1191 3541 lib.
1215 3507 1268 3552 ιι,
1286 3502 1411 3542 vers.
1434 3491 1564 3555 180).

154 3565 348 3624 Statius
375 3588 596 3643 quoque
628 3590 641 3627 :

866 3690 1045 3756 Reﬁclt
1067 3694 1330 3754 spiramina
1353 3693 1472 3742 fessi

239 3749 388 3815 Ignis,
412 3762 466 3804 et
490 3752 768 3805 horrendos
788 3752 1014 3818 irrmuptt
1033 3749 1225 3806 turbida
1253 3769 1464 3818 campos.

586 3837 751 3898 (Stat,
775 3835 861 3890 lib.
909 3853 976 3889 xu
1019 3836 1276 3900 Thebaid,
1306 3851 1430 3890 vers.
1458 3838 1561 3902 69).

221 3945 450 4012 Spit-uta,
497 3945 877 4003 diminutivum
911 3945 1146 4003 nominis
1175 3947 1352 4016 spira,
1382 3947 1538 4017 cujus
1569 3946 1750 4001 multi—

156 4033 265 4101 plex
294 4036 624 4106 signiﬁcatio
647 4036 823 4108 (Anu,
853 4039 892 4096 ι.
925 4054 981 4103 υ,
1013 4057 1064 4106 p.
1098 4037 1410 4109 75).Prinio
1437 4040 1581 4097 enim
1609 4040 1750 4094 idem

153 4145 298 4187 sonat
325 4150 387 4190 ac
413 4135 562 4190 basis
593 4137 862 4193 columnas
892 4137 1051 4191 unius
1083 4137 1207 4198 tori,
1256 4136 1335 4190 vel
1377 4136 1627 4200 dubrutn;
1662 4151 1750 4191 se-

151 4228 316 4280 cundo
345 4244 519 4298 genus
567 4231 749 4298 operis
782 4230 1021 4299 pistorii,
1059 4230 1215 4284 tertio
1246 4231 1387 4284 l'unis
1419 4234 1662 4284 nauticus
1694 4231 1750 4284 in

152 4319 326 4373 orbem
345 4321 696 4377 convolutus.
715 4322 790 4377 Ita
814 4323 1006 4378 Festus
1031 4321 1263 4394 (Festus,
1288 4323 1356 4376 ad
1379 4322 1511 4376 verb.
1541 4322 1746 4394 SPIRA).

151 4410 388 4468 Secundo
419 4425 602 4470 autem
634 4430 795 4472 sensu
836 4416 1109 4473 Arnobius
1137 4435 1332 4475 nomen
1367 4418 1497 4473 illud
1528 4419 1745 4489 accipit,

151 4515 198 4558 et
225 4507 492 4576 signiﬁcat
521 4509 794 4580 quoddam
819 4498 1090 4581 placentae
1120 4529 1291 4583 genus
1313 4556 1327 4580 ,
1367 4515 1444 4568 uti
1476 4514 1748 4584 Colligitur

151 4611 209 4651 ex
236 4598 459 4666 Catone,
513 4603 627 4671 qui,
675 4603 948 4673 quomodo
991 4605 1106 4660 ﬁeri
1145 4606 1310 4662 debet
1340 4609 1624 4677 perspicue
1650 4623 1745 4663 ex-

152 4689 299 4756 plicat
323 4691 496 4764 (Cato,
522 4694 587 4748 de
611 4692 688 4748 Re
713 4697 921 4766 rustic.,
945 4715 998 4770 ρ.
1032 4696 1146 4769 77).

218 4807 463 4880 Stragula
509 4809 710 4865 dicitur
757 4822 850 4867 aut
896 4812 1085 4881 vestis,
1142 4826 1232 4869 aut
1277 4813 1537 4884 quidquid
1581 4815 1743 4883 lecto,

153 4919 300 4975 equo,
333 4911 416 4963 vel
449 4907 615 4964 alicui
642 4909 718 4970 rei
741 4911 912 4969 sterni
937 4911 1097 4969 solet.
1123 4911 1309 4968 Priore
1329 4923 1508 4967 autem
1539 4913 1747 4983 signiti-

153 4998 351 5054 catione
381 4999 451 5053 ab
481 5011 705 5057 auctore
733 5011 921 5057 nostro
964 5005 1225 5073 accipitur
1244 5046 1258 5069 ,
1289 5005 1741 5075 quemadmodum

151 5103 199 5147 et
224 5109 252 5148 a
278 5092 546 5150 Cicerone
593 5097 666 5150 in.
692 5111 788 5152 sua
835 5111 934 5166 pro
973 5099 1139 5156 Sexto
1192 5099 1421 5165 Boscio,
1453 5110 1508 5154 et
1536 5101 1657 5156 aliis
1689 5101 1742 5155 in

153 5183 362 5243 Verrem
394 5189 757 5257 orationibus,
777 5201 941 5262 atque
971 5193 1038 5248 ab
1065 5193 1188 5248 aliis
1209 5193 1368 5249 etiam
1389 5194 1747 5265 scriptoribus

155 5279 317 5351 (Am.
347 5286 384 5339 ι.
419 5301 480 5353 ιι,
516 5304 573 5354 p.
603 5285 703 5349 58;
736 5285 929 5353 (Σίβαι,
963 5297 1095 5341 orat.
1136 5304 1210 5355 tv,
1242 5306 1294 5360 p.
1333 5288 1422 5354 54,
1456 5289 1550 5344 lin.
1579 5289 1671 5356 45;
1704 5289 1743 5344 ι.

154 5389 196 5426 tv
223 5377 272 5430 in
311 5376 477 5444 Verr.,
511 5396 568 5448 p.
600 5377 726 5445 170,
771 5379 866 5435 lin.
898 5380 980 5451 ὅ).

220 5489 503 5562 Stribiligo,
551 5510 648 5550 seu
680 5495 963 5568 Stribligo,
998 5514 1026 5552 a
1077 5515 1250 5570 grteca
1282 5517 1416 5557 voce
1450 5505 1698 5579 στρεϐλὸς
1719 5544 1737 5570 ,

157 5581 200 5636 ιι
223 5595 318 5651 est,
348 5603 568 5658 pravus,
604 5605 822 5654 curvus,
858 5594 1089 5648 intortus
1121 5594 1295 5667 (Am,
1320 5597 1356 5651 l.
1391 5613 1468 5664 Ill,
1519 5615 1571 5668 ρ.
1624 5597 1744 5671 36)ε

155 5673 540 5738 Vetustioribus
567 5694 747 5739 autem
776 5685 981 5754 latinis,
1013 5688 1088 5741 uti
1120 5689 1195 5743 ait
1221 5691 1284 5747 A.
1323 5690 1550 5756 Gellius,
1577 5693 1735 5749 εωιω-

155 5769 423 5831 cismusita
445 5776 752 5846 dicebatur,
776 5795 807 5835 a
841 5796 1066 5838 versura
1097 5782 1370 5852 videlicet,
1400 5795 1456 5840 et
1482 5787 1744 5855 pravitate

157 5869 388 5925 tortuosa:
439 5870 722 5943 orationis,
781 5874 936 5945 quasi
989 5875 1305 5950 sterobiligo
1358 5877 1561 5950 (Gell.,
1621 5881 1658 5936 l.
1708 5896 1740 5935 v

1940 1953 1957 1985 ι
1997 1934 2329 2006 Subscudes,
2364 1959 2383 1992 ι
2420 1945 2496 1997 ait
2524 1943 2749 2014 Festus,
2785 1967 2804 2000 ‹
2843 1951 3181 2021 appellantur
3232 1955 3463 2024 tabellae,

1859 2025 2054 2094 quibus
2079 2030 2272 2085 tabulae
2297 2035 2435 2089 inter
2456 2051 2516 2091 se
2534 2039 2875 2111 conliguntur
2908 2045 3030 2113 quia
3067 2063 3174 2116 quo
3198 2048 3468 2105 immituu-

1862 2129 1946 2174 tur
1966 2125 2296 2181 snecuditur.
2336 2149 2354 2180 ι
2388 2129 2627 2200 (Arnob.,
2656 2135 2695 2189 l.
2721 2153 2791 2199 vt,
2819 2155 2871 2207 ρ.
2892 2137 3022 2205 202;
3051 2139 3216 2208 Fest.,
3240 2144 3464 2200 adverb.

1858 2216 2206 2291 suuscunss.)
2235 2218 2366 2274 Eam
2406 2238 2594 2279 vocem
2623 2223 2755 2282 Cato
2788 2229 2882 2286 lib.
2903 2230 2973 2286 de
3010 2248 3068 2286 re
3111 2237 3309 2290 rustica
3343 2253 3466 2309 cap.

1859 2306 1950 2371 18,
1985 2311 2283 2379 usurpavit,
2327 2329 2433 2384 qua
2475 2316 2714 2386 quidem,
2749 2320 2888 2376 sicut
2920 2324 3190 2381 Arnobius
3215 2367 3230 2395 ,
3265 2306 3469 2384 retina-

1858 2398 1979 2452 cula
2006 2401 2293 2470 signiﬁcat.

1932 2492 2408 2554 Substructionibus
2463 2503 2837 2559 sacratissimos
2885 2507 3028 2563 lucos
3081 2520 3171 2564 aut
3224 2513 3467 2585 religiosa

1860 2586 1973 2640 loca
2015 2589 2264 2658 polluere,
2309 2603 2363 2648 et
2407 2596 2690 2664 profanare
2723 2600 2896 2668 (Anu,
2931 2602 2966 2657 ι.
3002 2619 3097 2672 vn,
3137 2624 3255 2678 pag.
3309 2609 3465 2681 217).

1856 2679 2051 2735 Cicero
2104 2683 2294 2738 eodem
2342 2701 2505 2744 sensu
2553 2691 2746 2746 duxit:
2787 2712 2805 2744 ‹
2861 2695 2966 2750 Vos
3011 2697 3203 2754 Albani
3249 2679 3464 2771 tumuli,

1857 2782 2021 2843 atque
2062 2775 2186 2844 luci,
2244 2793 2341 2832 vos
2398 2781 2639 2852 inquam,
2690 2786 2943 2858 imploro,
2993 2802 3153 2862 atque
3185 2794 3463 2863 obtestor,

1858 2882 2062 2936 vosque
2124 2871 2454 2928 Albanorum
2530 2877 2739 2934 obrutae
2803 2897 2944 2949 arae,
3015 2900 3294 2942 sacrorum
3364 2905 3468 2958 po-

1857 2959 1967 3026 puli
2014 2959 2175 3014 Rom.
2218 2966 2415 3031 sociae,
2476 2977 2529 3021 et
2580 2972 2852 3039 tequales,
2905 2991 3037 3044 quas
3090 2977 3182 3033 ille
3221 2995 3467 3053 praeceps

1857 3056 2114 3122 amentia,
2142 3058 2300 3111 casis
2341 3064 2743 3131 prostratisque
2769 3070 3130 3127 sanctissimis
3168 3074 3305 3130 lucis
3335 3077 3464 3131 sub-

1855 3149 2216 3204 Structionum
2268 3151 2472 3206 insanis
2524 3155 2756 3211 molibus
2809 3175 3156 3231 oppresserat
3207 3183 3222 3222 :
3269 3177 3464 3224 vestra:

1780 3255 1826 3319 ρ
1858 3248 1972 3303 tum
2014 3255 2145 3308 are,
2202 3253 2396 3302 vestra:
2447 3247 2738 3320 religiones
2785 3252 3106 3326 viguerunt,
3155 3269 3333 3319 vestra
3385 3264 3466 3319 vis

1860 3334 2046 3400 valuit,
2102 3351 2266 3416 quam
2307 3337 2401 3394 ille
2427 3344 2576 3404 cnsui
2626 3344 2832 3403 scelere
2885 3350 3152 3419 polluerat
3197 3371 3216 3405 ι
3253 3351 3463 3426 (Cicer.,

1856 3436 1988 3481 orat.
2021 3427 2092 3483 58
2121 3446 2212 3495 pro
2240 3430 2454 3498 Μὶὶοιι..
2479 3451 2532 3503 ρ.
2561 3435 2666 3496 556
2684 3448 2730 3491 et
2755 3437 2910 3510 ιαμ).
2939 3440 3096 3501 Prius
3122 3459 3254 3507 vero
3278 3459 3468 3504 auctor

1857 3531 2045 3579 noster
2096 3522 2354 3581 dixerat:
2388 3527 2549 3586 Ossca
2601 3534 2992 3599 substructione,
3038 3536 3092 3592 id
3138 3549 3243 3608 est,
3275 3542 3466 3600 subtus

1855 3617 2095 3682 structis,
2116 3620 2372 3688 et'positis
2385 3621 2595 3676 ossibus
2610 3621 2786 3680 fulciri
2809 3625 3023 3697 (Arnob.
3044 3669 3061 3696 ,
3090 3630 3126 3683 l.
3144 3647 3219 3695 ιιι,
3238 3649 3292 3703 ρ.
3315 3634 3464 3706 107).

1931 3708 2254 3768 Subuculam
2273 3723 2430 3768 vocat
2450 3715 2721 3774 Arnobius
2737 3734 2836 3789 gen
2846 3735 2909 3780 us
2941 3723 3130 3791 vestis,
3153 3741 3255 3796 qua
3279 3727 3468 3784 subter

1854 3803 1988 3861 alias
2031 3803 2280 3864 homines
2335 3807 2626 3867 induuntur
2653 3810 2872 3884 (ldem.,
2929 3816 3019 3871 lib.
3051 3833 3108 3885 tt,
3154 3837 3207 3889 ρ.
3243 3820 3361 3894 56).
3396 3825 3468 3880 At

1859 3894 1999 3949 banc
2028 3911 2150 3952 esse
2192 3897 2335 3952 illius
2367 3901 2604 3957 nominis
2652 3904 3105 3975 signiﬁcationem
3154 3928 3261 3967 non
3293 3915 3464 3974 Varro

1858 3996 2067 4048 tantum
2096 3999 2150 4043 et
2176 3989 2384 4049 Nonius
2418 3993 2738 4064 ostendunt,
2768 3998 2863 4054 sed
2914 3999 2968 4055 id
3011 4004 3262 4060 omnibus
3287 4013 3464 4064 mani-

1855 4080 2051 4136 festum
2099 4097 2222 4137 esse
2263 4086 2458 4140 asserit
2488 4085 2705 4157 Festus,
2749 4092 2841 4164 qui
2887 4101 3066 4156 tamen
3119 4098 3317 4169 adjecit
3369 4104 3466 4162 illo

1853 4175 2034 4231 adhuc
2053 4177 2344 4247 signiﬁcari
2365 4194 2539 4250 genus
2567 4182 2682 4248 libi,
2715 4185 2858 4255 quod
2881 4187 2986 4248 diis
3010 4205 3077 4245 ex
3100 4191 3294 4265 halica,
3317 4198 3462 4269 oleo,

1853 4272 2126 4341 melleque
2154 4272 2383 4328 dabatur
2416 4273 2626 4346 (Vana,
2661 4277 2748 4332 lib.
2779 4295 2830 4333 tv
2859 4280 3098 4356 deLing.
3137 4289 3251 4354 lat.,
3282 4309 3338 4358 p.
3370 4292 3466 4358 35;

1854 4361 2023 4427 Nam,
2060 4379 2174 4432 cap.
2208 4380 2315 4431 xw,
2348 4383 2494 4427 num.
2525 4367 2619 4433 '56;
2658 4369 2802 4436 Fest.
2843 4376 2913 4433 ad
2951 4378 3086 4431 verb.
3127 4379 3462 4458 Sunucuu).

1852 4455 2053 4516 Verum
2106 4459 2272 4528 priori
2323 4476 2487 4518 sensu
2537 4464 2670 4525 illud
2718 4467 2786 4528 ab
2833 4471 3075 4529 Arnobio
3119 4479 3290 4553 accipi
3335 4455 3463 4540 inde

1851 4549 2052 4621 liquet,
2110 4552 2252 4622 quod
2312 4557 2572 4613 continuo
2630 4560 2735 4617 alia
2795 4567 3022 4626 vestium
3081 4549 3280 4639 genera
3337 4574 3462 4634 huic

1776 4649 1830 4710 Ι)
1856 4641 2150 4713 subiungit.

1931 4736 2281 4806 Suminatam,
2316 4741 2368 4796 in
2403 4747 2771 4816 manuscripto
2801 4752 2949 4825 regio
3001 4755 3188 4815 codice
3213 4765 3461 4822 suanimi-

1855 4839 2030 4883 natam
2059 4848 2262 4917 carmen
2292 4833 2518 4904 legimus
2560 4836 2734 4910 (Arn.,
2771 4843 2860 4898 lib.
2907 4863 2982 4915 ιιι,
3018 4867 3138 4923 pag.
3195 4853 3302 4928 73).
3352 4859 3460 4917 Sed

1854 4923 2106 4979 mendum
2139 4924 2344 4982 librarli
2372 4942 2496 4983 cum
2535 4932 2801 4990 vidissent
2829 4937 3024 4997 borum
3056 4923 3316 5005 librorum
3344 4954 3461 5010 edi-

1853 5020 1988 5075 tioni
2037 5021 2313 5091 praefecti,
2370 5027 2734 5085 emendarunt
2783 5035 3070 5093 scribendo
3121 5045 3451 5108 suminatam.

1853 5110 2006 5180 Quod
2025 5114 2068 5166 si
2096 5113 2310 5182 placeat
2327 5119 2616 5185 correctio,
2643 5137 2743 5178 vox
2765 5127 3080 5201 suminataja
3099 5139 3310 5196 sumine
3328 5158 3458 5212 pro-

1850 5208 2106 5262 culdubio
2134 5208 2434 5265 derivatur.
2468 5211 2672 5269 Nonius
2701 5229 2884 5274 autem
2914 5222 3198 5286 Marcellus
3244 5208 3459 5293 ιτδζιίιιίι

1848 5319 2040 5358 sumen
2085 5303 2154 5360 ab
2197 5307 2433 5376 antiquis
2489 5309 2594 5366 dici
2645 5313 2889 5371 mulieris
2926 5335 3211 5380 mammam
3260 5328 3452 5400 (Nam,

1849 5416 1965 5468 cap.
2000 5415 2088 5464 xv,
2114 5398 2278 5470 §54).
2310 5401 2414 5456 Alii
2449 5419 2579 5458 vero
2617 5406 2927 5468 existimant
2948 5427 3134 5473 sumen
3164 5398 3285 5478 esse
3318 5440 3452 5481 ven-

1851 5493 1950 5547 tris
1977 5508 2039 5547 ae
2076 5494 2356 5561 Speciatim
2394 5496 2536 5552 suilli
2568 5507 2793 5568 partem,
2846 5521 2968 5575 qum
2997 5510 3160 5567 ubera
3189 5517 3449 5575 continet.

1851 5587 2009 5645 Unde
2035 5589 2183 5642 aiunt
2215 5588 2519 5663 Martialem.
2539 5594 2804 5651 cecinisse
2835 5617 2849 5653 :

1945 5679 2578 5762 Εδδξὲ),.υ¹ἒίέἓεῖἷ9¹ἒίῖῑλξθ
2597 5691 2890 5762 δωρειάς
2915 5695 3072 5747 “bere
3099 5704 3248 5762 ρῐευο

2039 5743 2224 5803 Efﬂuit,
2246 5749 2300 5794 et
2321 5745 2430 5795 vivo
2446 5747 2573 5816 laete
2599 5743 2972 5816 papilla:_tume't'.

2478 5807 2743 5874 (incutiat,
2763 5812 2844 5869 lib.
2874 5833 2940 5882 tu,
2975 5834 3130 5889 θρῖον.
3156 5827 3262 5890 Η.)

1916 5890 1989 5954 (1)
2025 5891 2101 5941 Al.
2132 5893 2248 5943 Esse
2267 5895 2398 5954 poles
2420 5891 2623 5944 nudum.
