3850 6352
361 310 456 366 7H

1646 317 2088 378 DlSSEli'l'ATlO
2126 323 2405 380 PBJEVIA

3564 333 3663 389 71:!

357 424 687 516 Sumiaatam
717 439 845 482 vero
865 441 1083 482 carnem
1108 427 1371 483 Arnobius
1393 443 1511 484 eam
1542 433 1792 503 appellat,
1821 452 1938 502 qua:
1965 441 2015 500 Α
2120 439 2328 496 Trilices
2370 450 2552 503 vestes,
2599 455 2627 492 a
2662 441 2831 497 tribus
2873 443 3008 498 liciis
3029 486 3044 507 ,
3074 445 3148 499 ait
3177 445 3448 516 Isidorus,
3494 451 3656 504 dicta:

359 529 426 567 cx
459 514 562 570 illis
593 517 794 572 ventris
825 519 964 573 suilli
998 521 1236 588 partibus
1261 519 1542 591 desumpta
1571 534 1672 589 est,
1706 528 1860 581 sicuti
1887 545 1952 582 ex

357 609 733 678 superioribus
760 611 878 681 ejus
909 614 1089 668 verbis
1118 614 1337 685 intelligi
1369 615 1522 669 facile
1553 628 1748 686 potest.

429 703 672 774 Suppara
702 703 890 771 Varro,
917 707 1072 777 paulo
1089 717 1213 762 ante
1229 708 1442 774 citatus,
1466 709 1623 764 docet
1640 726 1760 766 esse
1784 713 1946 782 quod-

355 796 478 852 dam
508 815 678 868 genus
723 802 906 863 vestis,
952 816 1052 869 qua
1099 802 1537 871 superinduimur
1563 803 1739 874 (Ann,
1771 806 1858 860 lib.
1892 825 1949 873 ιι,

359 907 412 961 p.
464 891 572 958 56;
613 891 792 960 Varr.,
821 894 859 946 l.
892 909 942 946 iv
972 894 1035 946 de
1060 891 1211 965 Ling.
1249 895 1364 962 lat.,
1397 913 1514 967 pag.
1548 895 1660 968 28).
1693 898 1953 964 Quocirca

358 984 605 1040 Lucanus
631 985 826 1040 cecinit
853 1003 867 1039 :

451 1101 669 1163 Suppara
691 1099 898 1150 nudatos
919 1101 1125 1164 cingunt
1147 1113 1354 1166 angusta
1376 1103 1602 1154 lacertos.

1012 1184 1236 1247 (Lucam,
1265 1186 1349 1239 lib.
1374 1203 1424 1245 ιι,
1454 1202 1578 1240 vers.
1597 1190 1734 1252 533.)

356 1263 471 1321 Non
501 1266 907 1335 desunttamen,
935 1270 1023 1340 qui
1047 1285 1338 1340 supparuin
1370 1273 1507 1327 idem
1527 1289 1589 1328 ac
1610 1272 1947 1337 subuculam,

357 1363 424 1418 de
456 1379 558 1432 qua
585 1363 739 1432 paulo
765 1380 924 1434 supra
947 1364 1202 1432 diximus,
1228 1383 1350 1422 esse
1371 1370 1680 1439 Opinentur.
1704 1366 1806 1421 Sed
1829 1383 1950 1421 cum

358 1471 546 1511 anetor
585 1467 774 1513 noster
803 1474 865 1514 ea
897 1461 1026 1513 satis
1052 1469 1239 1529 aperte
1269 1461 1595 1526 distinxerit,
1630 1460 1782 1514 nobis
1812 1460 1951 1514 haud

357 1564 581 1618 prorsus
610 1550 827 1605 dubium
852 1563 929 1607 est
958 1567 1272 1621 supparum,
1296 1554 1406 1621 illa,
1437 1570 1591 1624 quam
1623 1554 1948 1622 notavimus,

357 1643 768 1714 significatione,
802 1646 868 1700 ab
892 1647 1008 1716 ipso
1035 1647 1302 1703 adhiberi.

432 1738 815 1809 Syntplt’gntala
874 1743 1160 1813 mimorum
1230 1753 1380 1796 vocat
1432 1743 1702 1798 Arnobius
1765 1760 1952 1799 eorum

357 1831 692 1901 complexus,
725 1833 1154 1903 complexiones,
1191 1844 1246 1888 et
1291 1836 1732 1903 complicationes
1775 1836 1953 1905 (Ann,
1985 1851 2034 1911 Β

363 1924 448 1978 lib.
483 1939 573 1989 vn,
603 1942 723 1995 pag.
754 1925 907 1995 259).
943 1926 1200 1980 Martialis
1228 1938 1407 1983 autem
1440 1930 1667 1984 canebat
1700 1947 1714 1982 :

455 2038 729 2102 Praestent,
745 2047 797 2088 et
836 2047 1046 2096 taceant,
1073 2040 1188 2102 quid
1216 2042 1426 2091 exsoleti

455 2103 561 2159 Quo
583 2101 935 2164 symplegmate
959 2101 1176 2164 quinque
1205 2105 1513 2166 c0pulentur.

973 2183 1230 2250 (Martiul.,
1259 2188 1339 2238 lib.
1369 2205 1453 2249 xu,
1479 2191 1634 2254 cpigr.
1664 2191 1769 2254 45.)

431 2293 725 2348 Textricula
756 2297 929 2364 puclla
964 2298 1179 2349 nomine
1208 2296 1381 2349 adhuc
1410 2296 1730 2351 diininntivo
1757 2298 1823 2350 ab
1854 2299 1954 2350 Ar-

360 2387 522 2442 nobio
576 2397 761 2442 nostro
815 2390 1356 2458 nuncr1patrrr(Arn.,
1401 2388 1488 2440 lib.
1540 2403 1590 2451 v,
1625 2405 1752 2458 pag.
1803 2389 1952 2456 166),

360 2481 512 2551 quasi
544 2481 762 2535 minima
805 2482 1022 2547 textrix,
1065 2495 1185 2550 qua:
1223 2481 1432 2536 scilicet
1481 2479 1678 2550 aliquid
1718 2480 1953 2535 nondum

361 2573 518 2627 ducta
545 2591 706 2628 manu
737 2575 970 2628 texebat.

436 2664 638 2736 Tiputa.
672 2667 723 2719 in
771 2665 1132 2734 manuscripto
1172 2665 1358 2720 codice
1408 2665 1644 2735 ltippula,
1677 2666 1772 2720 sed
1815 2666 1956 2721 male

364 2757 582 2829 (ldem.,
611 2760 698 2813 lib.
731 2776 789 2821 ιι,
820 2778 873 2828 p.
904 2756 1017 2830 8i).
1049 2758 1242 2827 Tipula
1270 2768 1449 2812 autem
1483 2766 1565 2812 est
1594 2758 1805 2826 species
1835 2774 1955 2811 \er-

362 2854 488 2919 mis,
522 2869 616 2908 seu
642 2853 903 2918 araneoli,
933 2867 1026 2907 sex
1063 2852 1266 2906 habens
1300 2852 1482 2922 pedes,
1515 2862 1673 2906 tanta:
1703 2852 1954 2917 levitatis,

364 2958 602 3018 utsuper
641 2962 808 3017 aquas
850 2945 1126 3017 gradiatur
1158 2968 1169 3000 :
1212 2946 1351 2999 unde
1383 2946 1470 3000 hic
1500 2945 1672 2999 Plauti
1720 2961 1908 3000 versus
1941 2963 1952 2997 :

453 3061 631 3125 Neque
656 3060 823 3124 tipulte
840 3059 1000 3110 levius
1020 3060 1207 3123 pondus
1226 3067 1322 3120 est,
1345 3072 1488 3123 quam
1514 3059 1637 3108 ﬁdes
1662 3058 1891 3108 lenoniae.

893 3143 1103 3208 (Plaut.,
1124 3147 1291 3205 Pers.,
1310 3150 1407 3193 act.
1434 3157 1487 3205 ιι,
1510 3156 1641 3193 scen.
1669 3141 1740 3205 ‘2).

360 3262 394 3328 β
435 3259 631 3315 Trabea
674 3264 792 3311 erat
819 3254 1018 3320 vestis,
1061 3253 1214 3322 cujus
1244 3251 1438 3320 triplex
1484 3265 1676 3321 genus.
1721 3249 1956 3303 Primum
1985 3236 2028 3298 C

364 3369 596 3426 purpura
654 3351 851 3406 factum
904 3349 1010 3404 diis
1055 3347 1471 3404 consecrabatur
1521 3344 1696 3417 (.4rn.,
1750 3344 1840 3398 lib.
1899 3360 1957 3411 ιι,

364 3467 484 3520 pag.
518 3445 632 3518 56).
685 3444 843 3500 Aliud
876 3459 1082 3514 regum,
1113 3452 1169 3496 et
1198 3440 1328 3495 illud
1357 3454 1568 3510 quoque
1601 3452 1956 3507 purpureum,

363 3543 455 3598 sed
486 3541 591 3596 albi
615 3539 815 3610 aliquid
840 3536 1039 3592 coloris
1067 3536 1288 3590 mixtum
1320 3533 1570 3588 habebat.
1599 3530 1840 3586 Tertium
1867 3547 1960 3584 au-

364 3635 568 3706 gurale,
621 3647 850 3702 purpura
896 3631 1117 3684 mixtum
1161 3638 1215 3683 et
1263 3641 1446 3681 cocco.
1499 3625 1776 3695 Frequens
1818 3625 1960 3677 illius

364 3728 502 3797 apud
533 3728 703 3782 bonos
733 3734 980 3779 auctores
1017 3723 1237 3778 mentio.
1271 3720 1483 3775 Videsis
1511 3719 1827 3775 Suetonium
1862 3716 1956 3770 lib.

363 3821 432 3876 dc
461 3834 656 3892 genere
681 3818 927 3880 vestium,
962 3815 1147 3869 Isidor.
1189 3815 1280 3869 lib.
1318 3813 1405 3867 l9.
1437 3812 1641 3882 Origin.
1686 3812 1862 3880 capite
1887 3811 1959 3865 24-

363 3924 420 3970 ct
443 3915 669 3968 aliorum
699 3911 767 3967 de
797 3925 857 3966 re
882 3908 1132 3964 vestiaria
1162 3908 1349 3961 libros.

433 4007 746 4081 Trapetum,
791 4020 884 4059 seu
936 4013 1148 4072 trapes,
1193 4001 1334 4056 mola
1376 4008 1458 4055 est
1505 3999 1703 4053 olearia
1751 3997 1953 4070 (lbid.,

364 4122 415 4176 p.
449 4103 561 4173 59).
595 4101 845 4172 Virgilius
871 4100 1069 4170 quippe
1099 4096 1232 4151 dixit
1264 4114 1276 4149 :

457 4218 610 4267 Venit
630 4216 819 4278 hyems,
838 4209 1435 4283 teriturSicgoniaﬁbacca
1461 4210 1681 4283 trapetis:

852 4274 1075 4341 (Virgil,
1099 4271 1181 4324 lib.
1207 4289 1239 4322 ιι
1267 4273 1462 4337 Georg,
1489 4285 1610 4323 vers.
1635 4272 1769 4331 519).

362 4395 532 4464 Quem
560 4391 612 4444 in
645 4402 859 4444 versum
886 4384 1102 4440 Servius
1129 4401 1142 4435 :
1180 4381 1434 4449 Trapelis,
1465 4379 1661 4449 inquit,
1691 4376 1840 4431 molis
1861 4376 1959 4429 oli-

363 4491 561 4545 varibus
581 4530 596 4556 ,
629 4497 675 4542 et
705 4485 990 4541 declinatur
1019 4490 1270 4550 trapetum
1311 4481 1437 4534 sicut
1468 4479 1731 4547 templum.
1765 4477 1955 4530 Teren-

360 4582 530 4637 tianus
558 4597 576 4634 :
610 4579 748 4645 Quos
786 4593 937 4647 super
964 4574 1190 4628 insidens
1219 4583 1441 4640 trapetas
1474 4572 1620 4641 signa
1648 4569 1786 4641 gyris
1826 4580 1956 4622 tem-

363 4685 526 4746 perat.
577 4673 725 4739 Quod
777 4683 988 4723 metrum
1041 4679 1216 4737 aptum
1285 4675 1356 4721 est
1416 4665 1600 4719 olivam
1659 4662 1953 4717 terentibus.

365 4769 572 4829 Videsis
594 4767 852 4823 Catonem
875 4764 964 4818 lib.
996 4761 1062 4816 de
1095 4761 1170 4817 Re
1195 4760 1416 4826 rustica,
1448 4774 1569 4829 cap.
1597 4757 1669 4812 20
1695 4767 1748 4811 et
1775 4757 1867 4822 22,
1897 4770 1959 4810 ac

359 4861 716 4921 Columellam
744 4859 835 4914 lib.
868 4873 924 4923 ιι,
944 4855 1012 4912 de
1042 4856 1120 4911 Re
1146 4856 1368 4923 rustica,
1405 4869 1521 4925 cap.
1553 4854 1644 4919 50,
1665 4862 1720 4907 et
1750 4851 1844 4907 lib.
1877 4867 1954 4920 Ill,

360 4975 479 5029 cap.
509 4958 563 5011 ‘2.

431 5051 667 5116 Tribula,
692 5063 786 5104 seu
811 5046 1060 5103 lribulum
1083 5044 1210 5116 quid
1237 5044 1305 5098 sit
1328 5041 1566 5114 (Arnob.,
1595 5041 1771 5112 ibid.),
1795 5039 1954 5097 docet

359 5147 501 5204 idem
534 5143 756 5201 Servius
789 5145 840 5196 in
875 5143 974 5197 hoc
1003 5139 1205 5208 Virgilii
1236 5153 1453 5192 carmen
1483 5155 1496 5190 :

452 5259 770 5322 'lribulaque,
793 5259 1178 5369 traheaequetet
1198 5254 1364 5314 iniquo
1382 5252 1598 5312 pondere
1623 5252 1790 5301 rastri.

823 5323 840 5369 t
856 5325 994 5369 Vtra:
1019 5354 1053 5369 ..
1081 5315 1163 5366 lib.
1191 5331 1206 5364 ι
1232 5317 1427 5369 Geora..
1454 5328 1575 5365 vers.
1599 5315 1732 5369 164.)

823 5323 840 5383 (
856 5315 1053 5385 Virgil.,
1081 5315 1163 5366 lib.
1191 5331 1206 5364 ι
1232 5317 1427 5382 Georg,
1454 5328 1575 5365 vers.
1599 5315 1732 5378 164.)

430 5409 650 5466 'l‘ribula
690 5407 832 5463 enim
855 5448 870 5474 ,
905 5403 1071 5474 inquit
1102 5402 1212 5467 ille,
1248 5410 1331 5456 est
1364 5420 1382 5452 ‹
1429 5416 1596 5470 genus
1624 5399 1856 5455 vehiculi
1888 5416 1954 5456 ex

359 5506 506 5562 omni
541 5513 690 5575 parte
721 5501 1034 5564 dentatum,
1062 5495 1204 5551 unde
1237 5505 1480 5552 teruntur
1512 5494 1775 5549 frumenta
1799 5537 1814 5560 ,
1847 5510 1952 5565 quo

357 5598 592 5654 maxime
623 5595 676 5650 in
706 5593 884 5648 Africa
919 5589 1226 5644 utebantur.
1264 5607 1281 5640 ι
1315 5587 1452 5652 Adi,
1483 5587 1529 5642 si
1559 5587 1710 5650 velis,
1747 5585 1947 5640 Varro-

356 5708 479 5747 nem
502 5733 514 5754 ,
549 5689 643 5744 lib.
675 5704 730 5742 iv
772 5686 837 5741 de
871 5684 1024 5755 Ling.
1060 5682 1179 5747 lat.,
1221 5695 1340 5752 pag.
1387 5681 1441 5747 6,
1473 5690 1526 5734 et
1557 5680 1649 5735 lib.
1701 5695 1718 5733 1
1753 5679 1820 5734 de
1871 5678 1951 5736 Re

359 5794 520 5847 rust.,
562 5797 681 5850 cap.
715 5779 814 5843 52;
871 5775 1260 5840 Columellam,
1303 5773 1396 5829 lib.
1432 5792 1448 5828 ι
1505 5773 1572 5829 de
1615 5774 1692 5828 lle
1736 5788 1951 5843 quoque

363 5877 579 5946 rustica,
610 5890 730 5953 cap.
759 5872 810 5942 6,
845 5882 898 5928 ct
925 5872 1019 5928 lib.
1051 5887 1111 5939 ιι,
1143 5884 1261 5942 cap.
1292 5867 1380 5922 21.

2061 532 2299 600 (Arnob.,
2336 534 2422 587 lib.
2458 549 2530 597 tv,
2561 549 2680 603 pag.
2717 534 2867 606 144).
2899 535 3052 606 Apud
3087 537 3369 609 Virgilium
3403 543 3548 596 enim
3580 542 3656 598 le-

2060 640 2234 695 gimus
2259 644 2272 678 :

2156 739 2373 788 Loricam
2399 747 2673 789 consertam
2698 740 2870 800 hamis,
2899 757 3120 807 auroque
3149 744 3380 796 trilicem.

2519 820 2535 884 (
2548 820 2746 888 Virgil.,
2769 823 2850 874 lib.
2877 843 2927 876 ut
2952 827 3166 890 .ﬂneid.,
3189 841 3314 880 vers.
3336 830 3473 892 467.)

2058 931 2128 986 Et
2153 932 2258 986 alio
2287 933 2336 986 in
2365 933 2502 989 libro
2529 952 2542 988 :

2150 1041 2375 1094 Laevibus
2393 1045 2506 1094 huic
2530 1045 2688 1097 hamis
2711 1056 2987 1098 consertam
3023 1062 3244 1113 auroque
3269 1051 3502 1103 trilicem.

2960 1130 3085 1195 (Lib.
3111 1149 3159 1194 ν,
3184 1147 3310 1186 vers.
3335 1136 3472 1198 259.)

2056 1232 2114 1288 In
2149 1233 2383 1303 priorem
2411 1247 2591 1293 autem
2616 1252 2831 1293 versum
2864 1239 3104 1305 Servius,
3133 1238 3398 1310 Trilicem,
3421 1243 3498 1297 ait
3519 1245 3655 1298 trino

2059 1346 2190 1383 nexu
2219 1331 2484 1385 intextam.

2131 1421 2362 1476 Trultam
2407 1433 2459 1477 et
2500 1423 2719 1478 trulleos
2770 1435 3035 1480 memorat
3075 1426 3347 1482 Arnobius
3385 1427 3622 1499 (Arnob.
3648 1472 3664 1495 ,

2059 1516 2145 1569 lib.
2181 1532 2252 1582 ιι,
2286 1535 2404 1587 pag.
2431 1516 2500 1571 56
2530 1527 2576 1569 et
2605 1516 2724 1588 59).
2756 1518 2937 1573 Trulla
2970 1530 3179 1587 autem,
3209 1521 3666 1590 quemadmodum

2055 1624 2085 1662 a
2118 1607 2355 1663 Varrone
2386 1609 2664 1676 discimus,
2696 1610 2838 1665 idem
2867 1627 2929 1666 ac
2959 1614 3148 1683 ingens
3177 1613 3456 1679 eoi-hlear,
3488 1626 3545 1671 et
3572 1632 3668 1672 vas

2057 1701 2317 1755 vinarium
2360 1712 2517 1757 sonat
2553 1702 2763 1773 (Varr.,
2815 1705 2902 1757 lib.
2937 1721 2988 1759 tv
3016 1705 3079 1758 de
3106 1706 3262 1776 Ling.
3302 1707 3421 1773 lat.,
3457 1725 3512 1777 p.
3545 1709 3664 1778 9.9).

2060 1797 2150 1851 Sic
2191 1806 2368 1851 autem
2400 1796 2526 1852 ille:
2567 1816 2586 1849 ‹
2617 1796 2833 1864 Trulla,
2871 1818 2890 1851 ι
2939 1799 3146 1869 inquit,
3189 1818 3206 1851 ι
3252 1815 3280 1853 a
3309 1801 3670 1858 similitudine

2063 1899 2228 1956 trutc,
2272 1905 2391 1961 qua:
2435 1890 2576 1958 quod
2620 1906 2809 1961 magna
2832 1934 2846 1956 ,
2877 1901 2931 1945 et
2960 1891 3075 1946 luec
3121 1893 3343 1960 pusilla,
3379 1906 3436 1947 ut
3468 1896 3666 1948 truula.

2060 1982 2199 2036 llinc
2229 1984 2386 2052 gra'ci
2416 1984 2673 2058 τρυϐλίον,
2706 1998 2804 2038 nos
2833 1985 3066 2038 trullam.
3099 1983 3258 2040 Troas
3285 2002 3407 2055 qua:
3434 2003 3462 2039 a
3490 1988 3670 2041 culina

2061 2079 2112 2132 in
2143 2079 2458 2133 lavatrinam
2483 2095 2678 2147 aquam
2707 2078 2954 2132 fundunt.
2982 2079 3148 2145 Trua,
3177 2079 3319 2149 quod
3350 2082 3580 2135 travolat
3603 2096 3668 2135 ea

2059 2188 2232 2242 aqua;
2282 2175 2348 2228 ab
2395 2172 2589 2226 eodem
2639 2181 2721 2227 est
2767 2173 3095 2241 appellatum
3148 2173 3424 2226 trulleum.
3473 2173 3669 2229 Simile

2059 2265 2200 2319 enim
2234 2264 2419 2334 figura,
2447 2266 2547 2319 nisi
2577 2265 2720 2335 quod
2747 2265 2904 2319 latius
2926 2265 3158 2333 concipit
3186 2281 3407 2335 aquam,
3431 2277 3485 2320 et
3514 2267 3659 2336 quod

2059 2360 2395 2414 manubrium
2420 2376 2608 2414 cavum
2638 2375 2743 2414 non
2773 2371 2875 2426 est,
2908 2360 3009 2413 nisi
3038 2359 3242 2413 vinaria
3277 2360 3436 2414 trulla
3476 2375 3669 2414 acces-

2059 2451 2148 2504 sit.
2181 2469 2198 2501 ι
2238 2450 2404 2504 Priori
2437 2459 2612 2505 autem
2645 2466 2808 2506 sensu
2838 2466 2867 2504 a
2897 2451 3092 2514 Plinio,
3127 2462 3180 2507 et
3208 2451 3493 2522 posteriori
3525 2468 3553 2503 a
3580 2450 3672 2506 Ci-

2065 2557 2263 2597 cerone
2291 2543 2584 2613 accipitur,
2613 2542 2700 2595 ubi
2727 2543 2803 2597 sic
2829 2542 3105 2598 invehitur
3131 2543 3184 2598 in
3220 2544 3441 2599 Verrem
3468 2543 3667 2612 (Plin.,

2061 2636 2149 2690 lib.
2179 2652 2386 2690 xxxvu.
2414 2647 2582 2689 natur.
2623 2635 2786 2700 Ilist.,
2810 2653 2928 2705 cap.
2957 2638 3014 2703 2,
3042 2655 3094 2707 p.
3123 2637 3253 2704 562;
3284 2636 3418 2702 Cic.,
3450 2648 3582 2691 orat.
3607 2636 3668 2703 4,

2059 2741 2222 2782 contr.
2268 2727 2491 2794 Verrem,
2523 2747 2576 2798 p.
2605 2728 2750 2799 172).
2790 2749 2808 2780 ι
2842 2730 2968 2784 Erat
2991 2736 3152 2784 etiam
3184 2746 3281 2785 vas
3310 2730 3574 2784 vinarium
3598 2744 3672 2784 ex

2061 2840 2164 2878 una
2205 2839 2413 2894 gemma
2447 2824 2762 2894 pergrandi,
2795 2825 2951 2879 trulla
2996 2835 3282 2891 excavata,
3323 2841 3446 2881 cum
3475 2841 3672 2880 manu—

2059 2917 2177 2972 brio
2207 2934 2487 2973 aureo.....
2518 2920 2676 2974 Mittit
2706 2919 2868 2973 etiam
2917 2921 3131 2974 trullam
3163 2936 3464 2991 gemmeam
3511 2938 3672 2992 roga--

2065 3019 2200 3076 tum,
2227 3013 2364 3068 velle
2388 3029 2505 3068 eam
2531 3029 2590 3069 se
2610 3013 2922 3083 diligentius
2948 3013 3330 3080 considerare;
3357 3030 3418 3069 ea
3449 3029 3672 3085 quoque

2063 3106 2110 3159 ei
2141 3106 2388 3162 mittitur.
2427 3128 2444 3160 ι
2476 3107 2750 3164 Juvenalis
2791 3124 2921 3163 vero
2966 3124 3061 3163 vas
3096 3109 3367 3178 potoriutn
3406 3125 3525 3166 esse
3558 3109 3668 3166 hoc

2064 3199 2327 3271 signiﬁcat
2360 3215 2518 3256 versu
2553 3221 2567 3255 :

2161 3319 2212 3367 Si
2230 3319 2373 3368 trulla
2397 3321 2593 3370 inverso
2617 3322 2857 3381 crepitum
2883 3323 3023 3372 dedit
3044 3336 3194 3372 aurea
3218 3323 3386 3372 fundo.

2669 3382 2938 3446 (Juvenal,
2960 3384 3098 3435 satir.
3125 3385 3172 3445 5,
3192 3399 3318 3438 vers.
3346 3386 3468 3446 108).

2065 3486 2239 3556 Atque
2263 3485 2424 3541 etiam
2450 3485 2704 3542 Horatius
2731 3505 2742 3540 :

2157 3602 2247 3668 Qui
2273 3600 2599 3668 Veientanum
2624 3603 2763 3668 festis
2787 3614 2958 3668 potare
2981 3607 3162 3658 diebus

2155 3661 2392 3727 Campana
2425 3665 2598 3715 solitus
2622 3661 3108 3733 trullafvappamque
3135 3669 3380 3732 profestis.

2313 3747 2533 3807 (Horat.,
2557 3745 2638 3798 lib.
2664 3764 2716 3810 ιι,
2741 3748 2881 3800 satir.
2907 3755 2956 3810 5,
2979 3765 3103 3803 vers.
3127 3753 3219 3802 145
3237 3761 3282 3803 et
3316 3758 3468 3820 seqq.)

2062 3850 2271 3906 Videsis
2294 3866 2556 3923 praeterea
2579 3855 2796 3910 citatum
2815 3856 2925 3926 jam
2947 3873 2976 3912 a
3002 3859 3156 3914 nobis
3176 3859 3420 3916 Plautum
3443 3861 3661 3933 (διψῇ,

2061 3945 2129 3997 ad
2162 3946 2294 4000 verb.
2329 3946 2682 4021 LANCILULA),
2713 3964 2814 4004 nec
2842 3966 2950 4004 non
2981 3951 3301 4015 Martialem,
3327 3954 3418 4008 lib.
3440 3969 3513 4020 ix,
3543 3957 3664 4025 epi—

2060 4053 2233 4108 gram.
2271 4039 2369 4105 98;
2405 4041 2665 4107 Plinium,
2700 4041 2795 4098 lib.
2831 4060 2993 4098 xxxiv
3047 4045 3169 4100 Nat.
3205 4046 3421 4112 histor.,
3450 4063 3570 4117 cap.
3600 4044 3676 4115 ‘2,

2061 4147 2182 4202 pag.
2206 4131 2296 4188 91.
2321 4134 2604 4202 Catonem,
2633 4135 2702 4190 de
2729 4135 2807 4190 Re
2835 4139 3055 4203 rustica,
3089 4154 3206 4208 cap.
3237 4139 3307 4194 10
3335 4149 3388 4195 ει
3414 4141 3500 4204 Η,
3525 4149 3578 4196 ει
3605 4141 3661 4196 in

2059 4223 2336 4279 .Invenalis
2385 4241 2603 4282 carmen
2655 4230 3050 4284 cunctationes.
3102 4229 3341 4301 Denique
3385 4232 3539 4286 trulla
3576 4242 3664 4288 est

2060 4320 2473 4377 instrumentum
2512 4325 2842 4378 cmmentarii
2890 4325 3139 4381 omnibtts
3186 4339 3372 4382 notum
3408 4329 3545 4384 :sed
3591 4345 3662 4386 eo

2062 4431 2225 4472 sensu
2249 4420 2316 4474 ab
2342 4417 2581 4474 Arnobio
2611 4435 2716 4473 non
2744 4419 2977 4473 sumitur
3000 4420 3238 4488 (Arnob.,
3264 4424 3350 4477 lib.
3381 4441 3435 4488 ιι,
3463 4444 3515 4494 p.
3542 4425 3658 4494 75).

2132 4507 2351 4572 Tuceta,
2385 4512 2428 4566 si
2458 4511 2742 4581 Fulgentio
2784 4511 3010 4580 credas,
3059 4514 3301 4568 dicuntur
3337 4533 3460 4570 esca:
3504 4518 3662 4586 regia:

1982 4637 2035 4698 Β
2063 4601 2351 4674 (Fulgent.,
2379 4604 2440 4657 de
2461 4606 2627 4673 prisco
2647 4621 2826 4668 serm.,
2852 4621 2994 4658 num.
3013 4604 3322 4676 4).Callim.
3349 4608 3399 4661 in
3425 4607 3610 4664 Pisaeis
3640 4630 3654 4666 :

2184 4720 2438 4770 Ambrosio
2451 4721 2679 4772 redolent
2694 4728 2858 4772 tuccta
2880 4735 3070 4786 sapore.

2060 4828 2258 4884 Verum
2289 4827 2560 4883 Johannes
2591 4827 2928 4883 Britannicus
2959 4829 3010 4882 in
3045 4827 3145 4883 hoc
3197 4829 3366 4886 Persii
3391 4845 3608 4887 carmen
3637 4851 3651 4887 :

2503 4920 2724 4970 Grandes
2741 4921 2916 4983 patinte
2932 4927 3204 4985 tucetaque
3224 4936 3403 4974 crassa.

2760 5007 2948 5068 (Pers.,
2972 5005 3109 5055 salir.
3135 5007 3185 5061 2.
3218 5021 3339 5060 vers.
3364 5008 3463 5070 to.)

2055 5113 2308 5170 obserVat
2347 5121 2523 5168 tuceta
2563 5127 2730 5182 genus
2773 5127 2894 5168 esse
2945 5111 3242 5168 farciminis
3285 5130 3348 5170 ex
3397 5113 3656 5172 carnibus

2057 5206 2232 5261 suillis
2265 5205 2511 5261 minutim
2550 5206 2800 5260 concisis.
2842 5204 2952 5260 Nec
2981 5221 3123 5276 {egre
3159 5207 3314 5261 nobis
3345 5207 3654 5278 probabitur

2058 5299 2161 5354 hoc
2207 5314 2401 5352 nomen
2440 5297 2533 5352 illo
2573 5312 2732 5353 sensu
2774 5298 2843 5351 ab
2887 5297 3127 5352 Arnobio
3162 5299 3352 5368 accipi.
3395 5297 3652 5368 Apuleius

2058 5405 2187 5446 vero
2230 5391 2421 5445 alicubi
2463 5390 2631 5444 dixit:
2666 5410 2684 5442 ι
2715 5390 2844 5458 Quis
2889 5390 3138 5445 dominus
3184 5393 3405 5461 parabat
3443 5390 3650 5448 viscum

2056 5483 2238 5538 furtim
2281 5483 2577 5548 concisum,
2622 5496 2676 5538 et
2718 5485 2933 5554 pulpam
2972 5484 3238 5539 frustatim
3272 5486 3542 5540 collectam
3577 5487 3649 5542 ad

2055 5592 2253 5647 pascua
2282 5578 2582 5642 virulenta;
2612 5588 2666 5633 et
2691 5578 2906 5648 quidem
2936 5579 3176 5634 naribus.
3202 5578 3318 5633 Jain
3348 5579 3468 5634 mibi
3490 5581 3648 5634 ario-

2055 5678 2205 5734 labar
2234 5687 2471 5734 tucetum
2503 5691 2602 5748 per
2631 5693 2790 5748 quam
2823 5676 3221 5732 suavissimum.
3257 5696 3275 5728 ι
3310 5677 3439 5732 Alibi
3468 5689 3604 5732 vero
3631 5696 3645 5731 :

2059 5791 2078 5824 ι
2111 5771 2390 5828 Pulmenta
2421 5770 2655 5826 recentia
2687 5772 2878 5827 tacetis
2905 5781 3187 5842 temperat,
3220 5786 3402 5828 mensa
3429 5770 3651 5840 largiter

2055 5866 2311 5923 instructa
2347 5885 2364 5918 ι
2398 5864 2605 5938 (Αραιη
2631 5866 2719 5922 lib.
2748 5881 2785 5922 ιι
2814 5865 3050 5932 Metam,
3075 5885 3126 5937 p.
3161 5865 3276 5936 9.0).
