3850 6366
171 360 260 418 715

996 361 1274 420 ARNOBll
1315 363 1683 423 ADVERSUS
1720 363 1993 424 GENTES
2029 368 2234 424 LIBER
2275 369 2545 428 PRIMUS.

3339 383 3445 438 714

238 448 520 503 Vatntorum
569 449 945 523 sirpiarumque
987 455 1176 511 vitores
1220 457 1274 511 in
1321 457 1544 514 Arnobii
1593 467 1740 514 textu
1766 462 1820 521 Α
1845 460 2142 528 vindicare,
2168 472 2221 518 et
2244 478 2491 521 asserere
2531 463 2716 535 (Ibid.,
2744 466 2832 521 lib.
2863 482 2936 534 tv,
2968 485 3019 538 p.
3050 469 3200 536 128).
3240 471 3446 532 Videsis

167 543 369 613 legimus
400 543 638 610 (Arnob.,
670 544 758 598 lib.
790 561 850 613 tt,
881 564 935 618 p.
967 548 1082 618 70).
1112 549 1301 605 Nullus
1329 562 1509 606 autem
1541 553 1594 606 in
1625 551 1743 607 hinc

165 633 293 688 illius
312 633 468 688 verba
497 635 580 690 vel
605 637 884 691 minimum
915 639 1045 708 quid
1073 643 1382 708 annotavit;
1413 642 1554 697 haud
1581 644 1741 698 dubie

165 725 274 795 quia
317 724 584 781 difﬁcilior
637 726 809 796 locus,
859 741 1274 802 corruptusque,
1332 748 1430 787 nec
1484 733 1740 790 sanabilis

162 819 292 873 visus
323 831 421 875 eet.
455 817 592 888 Quid
633 837 763 892 ergo
801 823 846 878 si
884 824 1146 879 medicam
1187 841 1404 882 manum
1453 829 1503 883 ei
1545 828 1741 886 all'erre

164 911 418 977 tentando,
475 912 670 983 aliquis
724 927 825 983 pro
875 916 1152 986 sirpiarum
1203 918 1404 974 dixerit
1452 920 1740 990 sirpearum

160 1002 462 1072 legendum?
489 1003 642 1074 Apud
672 1003 967 1060 Varronem
997 1008 1140 1063 enim
1171 1010 1432 1080 scriptum
1468 1012 1735 1078 videmus,

159 1093 334 1164 sirpeas
385 1096 736 1158 stercorarias.
788 1106 842 1152 et
883 1109 1069 1168 postea
1115 1101 1338 1172 sirpeam
1381 1106 1742 1160 stercorariam

158 1182 357 1253 (Varro.
395 1184 484 1239 lib.
517 1187 580 1240 de
607 1186 684 1242 Re
708 1189 911 1253 rustic.,
945 1207 1063 1261 cap.
1095 1193 1160 1248 10
1185 1204 1236 1247 et
1267 1196 1380 1261 lt).
1428 1196 1568 1253 Alibi
1613 1214 1741 1255 vero

159 1276 338 1332 clarius
379 1278 507 1348 quid
546 1279 723 1349 sirpea
767 1281 857 1346 sit,
903 1283 1174 1353 explicat:
1206 1306 1224 1337 ‹
1254 1285 1466 1358 Sirpea,
1498 1306 1517 1340 ι
1547 1289 1737 1359 inquit,

164 1387 180 1418 ι
208 1385 320 1438 qua:
350 1371 512 1442 virgis
540 1373 788 1442 stipatur,
835 1374 885 1428 id
927 1387 1034 1443 est,
1066 1378 1370 1449 colligendo
1394 1382 1738 1451 implicatur,

160 1463 205 1516 itt
233 1478 328 1534 qua
362 1476 570 1520 stercus
596 1466 810 1523 aliudve
838 1469 964 1539 quid
997 1470 1264 1527 evehitur.
1296 1491 1317 1525 ι
1345 1473 1532 1542 Sirpea
1561 1477 1742 1547 itaque

157 1555 362 1611 canistri
403 1573 498 1612 seu
540 1559 759 1629 c0pltiui
805 1575 973 1632 genus
1017 1571 1100 1618 est
1140 1567 1471 1622 stercoribus
1514 1568 1741 1640 aliisque

157 1648 305 1704 rebus
345 1649 640 1706 evehendis
691 1652 1035 1709 destinatum.
1089 1655 1211 1710 Alio
1249 1666 1426 1714 tamen
1471 1675 1632 1715 sensu
1673 1662 1741 1717 ab

154 1741 336 1800 Ovidio
363 1746 648 1816 accipitur,
679 1748 768 1802 ubi
799 1747 915 1802 liacc
940 1749 1133 1804 cecinit
1161 1768 1173 1803 :

236 1859 336 1910 Nec
359 1874 493 1912 mora
513 1875 526 1910 :
544 1863 761 1913 convivae
782 1863 942 1915 valido
966 1866 1227 1918 titubantia
1251 1872 1364 1920 vino

323 1921 545 1996 yembra
567 1933 794 1996 movent;
819 1927 954 1996 dubii
974 1937 1202 1996 stantque
1226 1931 1493 1995 labantque
1519 1934 1688 1996 pedes.

236 1982 297 2034 At
316 1983 540 2066 ξυιιιὶηιιξε
561 1982 856 2066 {discedite
886 1992 977 2061 ait:
1009 1982 1323 2066 plaustrpque
1344 1982 1595 2046 moranies

322 2045 550 2108 Sustulit,
578 2050 628 2097 in
653 2045 870 2113 plaustro
886 2045 1051 2114 sirpéa
1079 2053 1169 2102 lata
1188 2045 1296 2105 fuit.

760 2131 948 2196 (ot-ta,
975 2131 1060 2186 lib.
1090 2150 1136 2186 νι
1155 2136 1370 2198 Fastor.,
1394 2139 1421 2203 §
1449 2140 1548 2205 ιε.)

150 2233 200 2290 Id
229 2243 328 2303 est,
359 2237 660 2306 plaustrum
698 2253 793 2293 seu
833 2239 1159 2304 vehiculum,
1203 2243 1344 2313 quod
1385 2254 1586 2299 tectum
1624 2255 1740 2301 crat

149 2337 321 2395 malta,
353 2329 437 2384 vel
472 2341 677 2395 storea,
708 2331 902 2402 gallice
929 2343 1086 2388 natte.
1120 2335 1190 2389 At
1225 2336 1266 2388 si
1313 2352 1411 2406 pro
1451 2338 1649 2400 vitores,
1685 2337 1736 2392 in

149 2422 360 2477 Arnobii
404 2433 558 2479 textu
589 2424 736 2495 legas
765 2426 1069 2491 venditores,
1106 2428 1274 2483 tribus
1304 2437 1508 2484 tantum
1549 2430 1739 2485 litteris

147 2513 222 2568 vel
248 2513 590 2583 abbreviatis,
622 2517 710 2571 vel
734 2517 1082 2573 amanuensis
1108 2519 1309 2575 librarii
1339 2521 1542 2576 incuria
1572 2523 1740 2578 mnis-

147 2603 236 2672 sis,
261 2606 446 2676 planus
472 2618 800 2680 apertosque
827 2612 932 2666 crit
960 2613 1181 2668 Arnobii
1204 2628 1418 2669 sensus.
1455 2615 1739 2685 PrOposito

146 2695 397 2767 siqmdetn
441 2699 590 2755 illius
625 2714 774 2756 reete
819 2703 1087 2774 congruit,
1133 2706 1177 2760 si
1222 2723 1502 2762 cannarum
1539 2709 1737 2779 sirpea-

146 2806 344 2857 rumque
371 2793 664 2848 venditores
696 2794 766 2849 ibi
795 2797 1156 2865 appellentur.
1182 2798 1292 2853 Nec
1325 2801 1535 2856 mireris
1565 2802 1737 2873 impe-

145 2881 225 2936 riti
254 2882 452 2938 librarii
487 2886 772 2939 oscitantia
802 2887 883 2942 vel
914 2887 1178 2958 imperitia
1213 2899 1320 2945 tres
1343 2893 1547 2947 litteras
1571 2892 1740 2950 fuisse

145 2975 552 3040 praetermissas.
594 2975 728 3030 Nam
769 2978 957 3033 eadem
1005 2981 1192 3050 pagina
1233 2997 1330 3052 pro
1367 2985 1588 3051 mentiri,
1623 2995 1736 3040 tan-

147 3066 412 3120 tummodo
451 3068 520 3120 tri
559 3068 870 3138 scripserat.
905 3069 1011 3126 llas
1039 3081 1214 3127 tamen
1244 3073 1582 3143 conjecturas
1608 3076 1740 3132 alio-

143 3172 250 3210 rum
277 3159 506 3214 arbitriu
540 3160 921 3229 permittimus.

1845 550 2088 618 Festum,
2115 563 2169 608 et
2199 556 2391 610 citatos
2411 557 2480 610 ab
2504 557 2595 611 illo
2621 571 2893 624 anetores,
2923 570 3082 628 atque
3107 562 3361 626 Gellium.
3391 577 3448 622 et

1845 645 2116 698 variorum
2147 648 2197 701 in
2227 647 2375 701 illum
2406 648 2814 705 obserVatioucs
2842 649 3117 721 (Fest.,ad
3145 655 3280 709 verb.
3315 657 3445 712 VIN-

1843 749 2029 797 ntcue;
2063 733 2222 801 Gell.,
2253 737 2341 792 lib.
2375 754 2465 803 xx,
2498 756 2614 808 cap.
2649 741 2761 811 10).

1929 823 2109 880 Vinum
2135 829 2300 882 acori;
2324 829 2380 882 in
2410 830 2681 899 perﬁdiam
2710 843 2915 901 repente
2942 836 3161 899 mutari;
3207 836 3308 891 hoc
3337 848 3441 906 cst,

1843 918 2024 973 vinum
2065 934 2252 976 contra
2293 922 2541 977 naturam
2583 939 2734 978 suam
2781 925 2998 980 acidum
3044 928 3156 982 lieri
3200 927 3444 1000 (Arnob.,

1843 1012 1929 1067 lib.
1958 1029 1995 1080 ι,
2025 1031 2078 1083 ρ.
2113 1013 2226 1085 ιε).

1927 1101 2213 1174 Vitiligines
2255 1105 2425 1176 facite,
2467 1114 2512 1158 et
2555 1106 2854 1172 albicantes,
2886 1108 2954 1162 ab
2993 1118 3212 1164 auctore
3258 1121 3446 1166 nostro

1843 1193 2094 1247 dicuntur
2133 1193 2323 1265 (lbid.,
2367 1213 2488 1266 pag.
2529 1195 2625 1261 26,
2665 1196 2735 1251 28
2778 1208 2823 1250 et
2862 1196 2979 1268 50).
3009 1217 3025 1244 ι
3060 1200 3128 1254 At
3156 1202 3381 1272 vitiligo,
3422 1221 3440 1254 ι

1844 1285 2017 1356 inquit
2069 1285 2285 1344 Festus.
2325 1307 2344 1340 ‹
2381 1289 2432 1341 in
2485 1304 2715 1358 corpore
2767 1291 2998 1344 hominis
3047 1295 3254 1348 macula
3302 1295 3444 1362 alba,

1843 1391 2001 1446 quam
2035 1377 2208 1432 δι’ωεί
2256 1375 2406 1452 ἄλφον
2436 1391 2648 1444 vocant,
2680 1397 2708 1432 a
2753 1397 2858 1446 quo
2897 1398 2996 1436 nos
3033 1385 3214 1438 album
3242 1403 3253 1438 :
3279 1385 3392 1440 sive
3417 1401 3448 1440 a

1846 1469 1974 1524 vitio
2004 1464 2166 1533 dieta,
2202 1472 2413 1526 etiamsi
2441 1489 2547 1526 non
2577 1473 2722 1528 laedit
2752 1490 2764 1526 :
2801 1475 2913 1529 sive
2941 1490 2969 1527 a
3004 1476 3192 1542 vitulo,
3226 1489 3451 1548 propter

1843 1560 1958 1628 ejus
1988 1562 2317 1616 membrana:
2344 1563 2657 1628 candorem,
2700 1581 2801 1633 qua
2847 1566 3105 1633 nascitur,
3153 1569 3446 1625 involutus.

1842 1651 2121 1707 Lucilius:
2152 1654 2279 1708 H3130
2322 1655 2508 1709 odiosa
2557 1656 2685 1709 mibi
2733 1657 2938 1727 vitiligo
2968 1669 3070 1712 est.
3114 1658 3231 1712 Non
3274 1660 3446 1728 dolet,

1843 1744 2034 1815 inquit.
2067 1763 2086 1797 ι
2119 1745 2312 1817 (Fest.,
2343 1747 2410 1801 ad
2437 1748 2572 1802 verb.
2610 1747 2899 1820 VITILIGO.)
2930 1752 2969 1803 A
3000 1750 3205 1805 Seneca
3237 1767 3366 1806 vero
3396 1753 3450 1807 id

1767 1831 1813 1890 B
1842 1837 2101 1906 scriptum
2151 1840 2421 1909 legimus:
2464 1859 2482 1892 ι
2522 1842 2800 1895 Creditum
2845 1855 2930 1896 εει
2976 1844 3235 1912 quasdam
3281 1859 3450 1912 aquas

1840 1930 2074 1985 scabiem
2125 1930 2318 1985 aﬁerre
2370 1931 2720 2000 corporibus,
2774 1933 3035 2002 quasdam
3087 1932 3445 2001 vitiliginem,

1841 2035 1894 2080 et
1945 2025 2138 2080 tardam
2174 2041 2239 2080 ex
2280 2024 2402 2079 albo
2438 2027 2770 2080 varietatem.
2806 2045 2822 2076 ι
2859 2025 3092 2097 (Senec.,
3125 2025 3214 2080 lib.
3246 2041 3300 2080 ttt
3334 2024 3448 2078 Na-

1842 2130 1943 2174 tttr.
1985 2130 2188 2190 quaest,
2235 2137 2350 2188 cap.
2393 2118 2486 2182 26,
2531 2138 2582 2185 p.
2622 2119 2776 2188 451.)
2823 2119 3051 2186 Quidam
3082 2127 3261 2173 autem
3311 2120 3450 2173 Itanc

1842 2214 2154 2282 vitiliginem
2191 2213 2392 2281 lepram
2421 2227 2541 2267 esst:
2573 2215 2882 2281 opinantur.

1919 2303 2156 2373 Ulpicunt
2187 2321 2361 2375 genus
2403 2306 2512 2358 allii
2551 2306 2807 2376 grandius
2848 2315 2952 2368 est,
2984 2306 3126 2373 quod
3159 2305 3356 2373 Grtrci,
3391 2315 3451 2360 ut

1844 2395 2012 2451 refert
2042 2397 2357 2463 Columella,
2391 2397 2795 2472 ἀφροσκὸδορον,
2824 2397 3039 2466 quidam
3071 2397 3254 2451 allium
3297 2398 3454 2465 puni-

1841 2503 1984 2555 cum,
2016 2488 2102 2543 vcl
2128 2487 2409 2559 Cyprium,
2441 2492 2597 2542 sicuti
2628 2490 2786 2542 ducet
2825 2488 3050 2554 Plinius,
3083 2490 3171 2541 alii
3215 2491 3452 2542 autisco-

1842 2583 2010 2637 rodott
2053 2583 2326 2652 appellant
2377 2581 2618 2652 (Arnob.,
2667 2581 2757 2634 lib.
2803 2598 2862 2644 tt,
2912 2599 2964 2649 p.
3011 2581 3109 2643 85;
3154 2577 3449 2645 Coluntell.,

1843 2676 1932 2730 lib.
1962 2692 2013 2730 χι
2061 2676 2124 2728 de
2155 2673 2228 2728 Re
2271 2678 2473 2740 rastic.,
2517 2692 2631 2744 cap.
2667 2676 2735 2735 ὃς
2793 2673 2958 2734 Plin..
2989 2674 3078 2727 lib.
3111 2690 3202 2728 nx
3253 2672 3452 2727 Histor.

1845 2779 1973 2832 nat.,
2008 2755 2122 2839 cap.
2155 2769 2208 2832 6,
2241 2786 2291 2837 p.
2326 2768 2476 2837 597).
2513 2769 2585 2822 De
2617 2768 2707 2822 illo
2734 2767 2954 2822 Plautus
2988 2767 3184 2822 cecinit
3218 2766 3449 2837 (Plaut,

1843 2862 1896 2915 in
1924 2858 2157 2926 Ptenttl.,
2189 2870 2293 2916 act.
2327 2877 2378 2926 v,
2409 2877 2545 2914 scen.
2579 2859 2634 2932 5)
2662 2878 2673 2913 :

2605 2974 2728 3035 Tum
2753 2979 2920 3021 autem
2947 2973 3138 3035 plenior

1935 3037 2048 3086 ΑΗίὶ
2075 3038 2344 3101 ulpicique,
2370 3050 2514 3100 quam
2537 3042 2651 3085 sunt
2691 3034 2892 3084 Romani
2918 3034 3159 3097 remiges.

1766 3201 1812 3263 C
1849 3163 2058 3218 Videsis
2111 3163 2288 3218 adhuc
2337 3161 2653 3226 Palladium,
2706 3161 2773 3215 de
2821 3161 2896 3216 Rc
2941 3162 3151 3228 rustie.,
3206 3161 3298 3215 lib.
3353 3177 3449 3228 stt,

220 3250 492 3309 Vectitatus
546 3269 701 3308 curru
754 3257 1065 3329 quadrijugo
1117 3257 1249 3314 dixit
1298 3259 1588 3330 Arnobius,
1644 3278 1742 3334 pro
1766 3239 1812 3263 υ
1848 3270 1966 3325 (3³1)·
2003 3255 2056 3311 6-

143 3353 316 3400 vcctus
344 3357 434 3400 aut
462 3355 708 3402 vectatus
739 3349 978 3419 (Arnob,
1007 3352 1096 3404 lib.
1128 3369 1206 3418 ttt,
1241 3371 1292 3422 ρ.
1325 3354 1475 3424 185).

219 3436 497 3492 Verrucula
537 3439 685 3493 collis
729 3442 867 3495 ltaud
905 3444 1072 3497 svmel
1112 3444 1180 3499 ab
1213 3445 1302 3499 illo
1327 3446 1524 3502 dicitur
1548 3447 1747 3504 editior

140 3526 395 3597 altiorque
424 3530 733 3600 cujuspiam
761 3533 918 3588 Collis
949 3536 1100 3590 locus
1131 3534 1322 3606 (Idem,
1355 3539 1444 3593 lib.
1478 3555 1538 3600 ll,
1565 3559 1617 3610 p.
1654 3542 1745 3606 77,

141 3627 183 3670 ct
207 3619 292 3673 lib.
317 3636 371 3685 v,
399 3639 455 3691 p.
491 3621 645 3693 156).
679 3623 769 3679 Sic
795 3625 937 3680 enim
970 3627 1122 3691 Cato,
1153 3637 1288 3684 teSte
1313 3634 1374 3683 Α.
1409 3630 1585 3685 Gellio
1614 3632 1747 3688 Ver-

142 3709 300 3764 rulam
321 3712 500 3767 locum
522 3714 729 3770 editum
747 3727 800 3771 et
818 3732 1068 3788 asperum
1089 3721 1324 3791 appellat
1341 3721 1522 3789 (Gell.,
1549 3725 1637 3778 lib.
1654 3741 1747 3780 vut

143 3798 290 3856 Noct.
323 3803 510 3873 Attia,
561 3823 680 3876 cap.
711 3808 762 3870 7,
797 3827 849 3878 p.
884 3809 1039 3883 224).
1080 3813 1184 3868 Sed
1232 3828 1420 3870 attetor
1457 3826 1642 3872 noster
1667 3817 1750 3873 di-

141 3893 451 3951 minutivum
485 3912 688 3954 nomen
718 3915 812 3969 pro
848 3918 1003 3958 more
1032 3919 1131 3958 suo
1161 3907 1398 3961 adhibet.

215 3982 465 4042 Versuras
503 3990 558 4042 in
599 3990 894 4060 huiusmodi
928 3995 1061 4063 cogi,
1092 3995 1194 4050 hoc
1220 4007 1325 4061 est,
1359 3997 1410 4052 in
1441 3998 1748 4067 ltujusmodi

139 4091 339 4146 sensus,
374 4082 882 4151 interpretationes,
927 4095 980 4140 et
1017 4087 1400 4156 explicationes
1441 4090 1742 4147 fabularum

140 4184 226 4226 seu
288 4173 650 4232 historiarum
703 4179 987 4244 converti,
1057 4180 1370 4248 transferri,
1432 4193 1487 4238 ct
1549 4183 1742 4240 adduci

142 4260 373 4328 (Arnob.,
408 4267 501 4320 lib.
540 4283 597 4330 v.
630 4285 684 4336 p.
720 4267 868 4337 187).

1933 3347 2221 3408 Volumina,
2253 3345 2374 3400 vide
2402 3361 2562 3409 supra
2596 3342 2969 3398 Pollinctores.
3195 3407 3198 3409 Α

1927 3439 2138 3493 Ustrina
2168 3454 2195 3490 a
2239 3437 2400 3492 Festo
2440 3438 2517 3490 sic
2557 3435 2922 3490 describitur:
2959 3454 2976 3484 ‹
3012 3434 3113 3491 Ubi
3141 3435 3456 3489 combustus

1852 3533 1973 3603 quis
2002 3529 2396 3591 tantummodo,
2423 3527 2548 3582 alibi
2575 3543 2702 3597 vero
2735 3538 2816 3581 est
2849 3527 3114 3591 sepultus,
3146 3527 3188 3579 is
3219 3527 3368 3579 locus
3389 3525 3458 3580 ab

1854 3625 2060 3680 urendo
2091 3621 2297 3676 ustrina
2330 3628 2567 3674 vocatur.
2605 3638 2623 3669 ι
2651 3618 2732 3671 Ab
2775 3617 3014 3671 Arnobio
3054 3627 3231 3669 autem
3276 3631 3337 3669 ea
3379 3618 3449 3669 si-

1855 3717 2200 3791 gniﬁcatione
2220 3715 2358 3768 sumi
2381 3711 2786 3768 evidentissimc
2813 3719 2951 3778 patet
2979 3708 3221 3781 (Arnob,
3243 3707 3332 3760 lib.
3359 3723 3454 3771 vtt,

1855 3829 1906 3881 p.
1940 3810 2080 3873 222;
2114 3807 2315 3869 Festus,
2350 3806 2416 3857 ad
2444 3803 2578 3857 vcrb.
2612 3800 2879 3870 BUsTUM);
2914 3800 3349 3869 quandoqutdent
3383 3797 3457 3855 ibi

1854 3905 2043 3960 scribit
2078 3903 2416 3958 ethnicorum
2449 3898 2662 3961 altaria,
2695 3896 2782 3950 ubi
2817 3895 3065 3949 animalia
3099 3893 3460 3948 immolaban—

1857 4009 1964 4064 tur,
1997 4012 2118 4052 esse
2165 3992 2504 4064 infelicissimi
2536 3990 2836 4043 animalium
2864 3987 3064 4057 generis
3093 3987 3335 4052 ustrinas,
3368 4001 3458 4040 ru-

1848 4107 1945 4163 gos
1972 4100 2023 4144 et
2051 4088 2334 4145 busticeta.

1920 4185 2040 4241 Alia
2084 4183 2261 4237 adltuc
2306 4177 2577 4240 inusitata,
2627 4173 2889 4237 exsoleta,
2935 4171 3184 4234 barbara,
3228 4169 3458 4223 obscura

1848 4277 2010 4332 verba
2058 4276 2109 4329 in
2166 4274 2311 4328 illius
2358 4271 2509 4323 libris
2557 4267 2696 4321 haud
2745 4266 3109 4333 iul'requeuter
3142 4270 3456 4316 occurrunt.

213 4355 476 4414 Vindicius
515 4361 693 4431 justas
732 4360 857 4416 dare
881 4371 964 4417 est
993 4363 1153 4419 alicui
1198 4380 1316 4419 cum
1365 4367 1536 4428 altero
1577 4366 1644 4422 de
1685 4383 1742 4423 re
1769 4403 1822 4462 Β
1851 4368 1954 4424 Sed
1978 4382 2040 4422 ea
2065 4367 2176 4420 suis
2201 4365 2354 4430 locis,
2384 4360 2599 4433 quando
2627 4370 2932 4428 opportuna
2959 4356 3173 4411 occasio
3196 4355 3316 4408 dum
3348 4364 3453 4418 εει,

138 4448 300 4519 aliqua
344 4451 652 4521 diSputanti
693 4453 802 4524 jus,
845 4464 899 4511 et
951 4456 1094 4527 quod
1136 4472 1291 4513 suum
1332 4467 1436 4523 est,
1483 4460 1738 4527 tribuere,

150 4563 212 4570 ‘A,
215 4569 220 4570 γ

877 4576 1112 4588 *ξγςῖωα--α-ι
1127 4580 1148 4584 -.
1159 4578 1540 4588 -ην-ρςι-ηα-
1556 4579 2040 4587 ,-.-.-..-...-νο-.-.--

1090 4578 2611 4842 Μ

1853 4458 2086 4514 breviter
2125 4457 2557 4527 cxplanavintus.

2980 4567 3069 4570 .<__,,
3087 4566 3187 4570 ρ...-
3208 4561 3441 4570 ..ρ-...μα-ιμ

141 4570 877 4594 m

881 4933 1727 5068 DISPUTATIONUM
1778 4940 2300 5068 ADVERSUS
2346 4930 2732 5063 GENTES

1351 5158 1663 5243 LIBRI
1707 5159 2203 5243 SEPTEM.

741 5307 1732 5348 *ἦ

1749 5303 2006 5344 Οοὲἦίἱί

2043 5314 2152 5337 κν-ςς

1204 5397 1686 5508 LIBER
1739 5395 2163 5504 PBLM
2181 5399 2400 5508 US.

1499 5559 1709 5619 INDEX
1744 5559 2071 5617 CAPITUM.

132 5701 393 5774 l‘roﬁtetur
434 5701 702 5758 Arnobius
755 5716 785 5750 (ι
831 5716 882 5751 se
921 5707 1208 5765 susceptum
1253 5712 1405 5765 opus,
1445 5705 1498 5748 ut
1549 5698 1734 5766 Stl’pllls

192 5800 493 5853 inculcatam
572 5791 888 5846 calumniam
949 5791 1303 5861 propulsaret.
1367 5804 1466 5857 qua
1550 5790 1736 5842 ethnici

567 5889 851 5949 l’nnoc.
903 5885 978 5942 V.

1917 5706 2125 5764 propter
2153 5693 2442 5748 abdicatum
2472 5712 2503 5747 (ι
2541 5694 2835 5746 christiani:
2881 5691 3128 5760 falsorum
3179 5690 3443 5744 nmninum

1918 5790 2110 5840 cultum
2145 5806 2227 5842 cus
2282 5789 2597 5855 publicarum
2643 5789 2869 5841 omnium
2927 5785 3274 5838 calmnitatum
3318 5804 3445 5838 auc-

2845 5879 2922 5940 '23
