3850 6380
395 366 504 424 715

1589 353 1863 414 ΑΒΝΟΒῐί
1904 348 2274 413 ADVERSUS
2314 351 2591 414 GENTES

3579 349 3672 412 7M

467 491 598 534 tores
634 492 741 533 esse
779 475 914 548 falso
959 489 1021 528 ac
1052 480 1236 530 tentere
1275 471 1646 528 accusabant...
1678 473 1806 542 Cap.
1856 474 1906 537 Ι,
1934 471 1989 525 2.
2022 475 2076 536 Α
2170 471 2384 526 deorum
2411 486 2677 528 numerum
2698 471 2890 543 referre
2917 477 3125 542 propter
3151 468 3342 526 collata
3365 465 3479 534 sibi,
3513 476 3669 539 tit-pu-

398 573 738 642 Manifestum
755 570 925 640 itaque
941 569 1087 641 facit,
1104 585 1135 621 a
1152 567 1443 622 christiana:
1467 566 1728 637 religionis
1756 565 1986 628 exordio,

470 663 599 716 nihil
625 662 676 714 in
707 677 878 714 rerum
904 671 1119 727 natura,
1149 659 1276 712 nihil
1322 658 1373 711 in
1423 657 1632 726 privatis
1677 656 1992 728 publicisque

470 751 981 822 hominumnegotiis,
996 761 1083 803 aut
1104 759 1354 802 ntutatum
1378 757 1467 802 aut
1488 747 1779 802 relaxatum
1806 757 1852 801 et
1881 747 1986 800 dis.

467 843 711 896 solutum.
1691 837 1819 909 Cap.
1843 837 1899 905 2,
1933 839 1986 892 ’5.

397 931 645 988 Ethnicos
689 936 876 1002 refutat
923 930 1243 1001 objicientes,
1289 931 1548 1000 impietate
1593 931 1991 985 christianorum

470 1025 591 1078 deos
637 1023 880 1092 offensos,
934 1023 1181 1075 mundum
1212 1023 1497 1092 pestilentia
1525 1022 1744 1092 aliisque
1772 1023 1988 1076 calami-

469 1118 653 1170 tatibus
703 1115 957 1176 obruere:
989 1132 1052 1169 επ
1099 1116 1225 1183 ipsis
1273 1117 1406 1168 enim
1455 1117 1717 1186 gentilium
1765 1116 1990 1170 historiis

465 1218 777 1279 compertum
809 1216 881 1261 est
910 1209 1139 1262 homines
1170 1218 1288 1262 ante
1326 1208 1559 1261 auditum
1589 1224 1830 1279 umquam
1853 1207 1988 1259 chri-

461 1302 743 1355 stianorum
773 1315 951 1353 nomen
993 1309 1080 1352 aut
1119 1300 1299 1353 iisdem
1347 1309 1435 1352 aut
1479 1300 1632 1352 etiam
1673 1297 1986 1369 gravioribus

461 1392 690 1448 cladibus
722 1394 878 1464 fuisse
903 1403 1126 1447 vexatos.
1683 1390 1812 1458 Cap.
1841 1392 1894 1455 ὅ,
1926 1391 1980 1444 4.

389 1488 721 1544 Demonstrat
765 1507 964 1560 quoque
1003 1501 1107 1543 tant
1147 1501 1338 1542 certum
1367 1506 1476 1544 esse
1507 1488 1732 1541 crudelia
1762 1485 1894 1539 bella
1923 1485 1986 1538 ab

461 1583 753 1646 Atlanticis,
787 1583 1024 1652 Assyriis,
1059 1581 1367 1648 Bactrianis,
1393 1581 1585 1643 Persis,
1619 1577 1827 1642 Cretaeis,
1862 1575 1986 1631 Tro-

451 1674 595 1743 janis
619 1683 662 1725 et
690 1672 957 1736 Romanis,
982 1688 1012 1724 a
1043 1670 1204 1735 Nino,
1233 1671 1522 1732 Zoroastre,
1548 1668 1597 1722 Χ
1603 1686 1738 1733 erase,
1764 1669 1987 1721 Alexan-

462 1766 555 1816 dro
585 1762 798 1833 Magno,
832 1765 1044 1833 aliisque
1059 1764 1180 1817 olim
1207 1774 1345 1833 gesta
1365 1763 1708 1832 fuisse,quam
1727 1770 1982 1826 constare,

459 1854 550 1907 illa
583 1865 692 1921 post
736 1852 927 1906 Christi
971 1864 1137 1906 ortttm
1184 1855 1450 1906 imminuta
1478 1853 1652 1921 fuisse.
1683 1852 1811 1921 Cap.
1841 1853 1894 1918 5,
1924 1851 1977 1907 6.
2010 1849 2057 1909 Β

386 1942 736 2012 lnquirit,cur
759 1952 827 1996 tot
847 1945 1098 2012 tantisque
1125 1947 1273 1998 malis
1299 1961 1362 1997 ea:
1391 1946 1707 1999 ethnicorum
1734 1945 1980 1997 sententia

457 2036 677 2088 mundus
700 2046 979 2105 prematur.
1016 2034 1171 2089 Docet
1198 2037 1274 2089 vel
1302 2037 1407 2090 hate
1431 2037 1498 2088 ad
1519 2052 1698 2088 causas
1721 2035 1979 2088 naturales

457 2129 726 2198 referenda
763 2144 902 2191 esse;
931 2129 1009 2181 vel
1056 2130 1194 2182 mala
1238 2130 1398 2182 videri
1447 2128 1764 2193 hominibus,
1809 2129 1978 2182 omnia

455 2219 811 2273 commoditate
856 2235 949 2272 sua
996 2220 1344 2286 metientibus,
1374 2235 1484 2288 qua:
1509 2229 1640 2272 certe
1665 2220 1753 2272 toti
1783 2229 1980 2273 natura:

455 2321 501 2364 et
527 2311 716 2364 mundo
745 2311 894 2363 utilia
922 2321 1060 2364 sunt.
1660 2309 1787 2378 Cap.
1824 2308 1973 2363 7-12.

386 2403 551 2467 Quam
586 2411 892 2472 prwpostere
935 2411 1101 2454 autent
1145 2401 1332 2457 ethnici
1376 2401 1514 2454 mala
1544 2403 1714 2454 omnia
1747 2402 1798 2453 itt
1824 2398 1975 2453 Chri-

455 2495 648 2548 stianos
677 2493 910 2548 trecentis
937 2492 1138 2544 circiter
1168 2492 1353 2544 abhinc
1382 2491 1531 2544 annis
1556 2501 1756 2545 exortos
1796 2491 1974 2560 refun-

455 2588 623 2640 denda
664 2603 771 2640 esse
814 2585 1155 2650 clamitarent,
1189 2585 1342 2637 variis
1374 2583 1652 2638 rationibus
1683 2584 1803 2636 scite
1827 2600 1973 2636 coar-

452 2689 581 2751 gtttt.
1616 2675 1744 2740 Cap.
1781 2673 1969 2728 15-16.

381 2772 669 2826 Absurdum
719 2786 835 2824 vero
881 2770 1019 2822 dictu
1050 2785 1156 2823 esse
1187 2769 1528 2832 demonstrat,
1562 2769 1691 2822 iram
1721 2769 1899 2821 cadere
1923 2769 1975 2822 in

454 2866 574 2917 deos
608 2863 942 2925 immortales,
975 2861 1269 2930 nullamque
1299 2861 1453 2914 simul
1478 2862 1765 2928 (equitatem
1796 2861 1975 2912 iisdem

453 2959 634 3018 inesse,
669 2958 710 3008 si
743 2954 801 3007 ob
835 2955 1002 3006 illatas
1032 2954 1126 3005 sibi
1155 2971 1184 3005 a
1211 2952 1514 3004 Christianis
1537 2953 1772 3021 injurias,
1800 2967 1975 3004 earunt

452 3063 627 3115 paritas
667 3055 772 3097 tam
800 3046 862 3097 ab
890 3045 1014 3112 ipsis
1040 3060 1192 3113 quant
1223 3045 1284 3094 ab
1317 3042 1632 3104 insontibus,
1667 3052 1719 3093 ttt
1752 3043 1971 3104 aiebant,

450 3139 663 3193 ethnicis
701 3136 806 3190 ttllo
852 3136 1038 3202 absque
1078 3135 1369 3188 discrimine
1412 3134 1721 3200 repetierint.
1754 3133 1973 3184 Conclu-

452 3232 623 3298 ditque
654 3231 743 3280 ltus
773 3228 1018 3279 ridiculus
1069 3225 1446 3278 criminationes
1488 3226 1598 3277 sola
1648 3229 1967 3291 aruspicum,
1999 3221 2044 3284 C

451 3321 726 3374 ariolorum
746 3328 787 3370 et
803 3329 972 3371 vatum
995 3317 1208 3369 avaritia
1230 3331 1335 3368 esse
1350 3315 1613 3380 con/ictas.
1636 3314 1763 3384 Cap.
1786 3314 1972 3368 17—24.

379 3415 670 3485 Respondet
699 3413 911 3465 ethnicis
949 3410 1296 3480 objicientibus
1341 3408 1459 3461 deos
1499 3407 1612 3459 ideo
1655 3408 1705 3459 in
1749 3407 1975 3460 homines

449 3507 654 3567 saevire,
693 3503 811 3573 quia
841 3501 1119 3556 Christiani
1165 3516 1349 3554 novum
1393 3499 1587 3552 cultum
1632 3499 1683 3551 in
1724 3507 1975 3551 terrarum

449 3599 618 3652 orbem
667 3596 978 3648 invexerant.
1019 3591 1153 3646 Ilinc
1184 3592 1355 3645 edocet
1381 3635 1393 3656 ,
1425 3593 1478 3646 in
1510 3608 1607 3662 quo
1655 3593 1972 3661 potissimum

449 3693 602 3744 totius
629 3686 933 3740 Christiana:
980 3685 1242 3754 religionis
1291 3700 1487 3738 sunnna
1536 3685 1792 3738 consistat.

1485 3775 1614 3843 Cap.
1641 3778 1730 3838 ‘25,
1758 3775 1848 3842 26,
1880 3777 1969 3829 ‘27.

381 3874 587 3930 Exinde
630 3871 797 3943 arguit
845 3869 1104 3922 meliorem
1135 3885 1240 3921 esse
1281 3866 1685 3922 Christianorum
1727 3887 1969 3936 causam,

450 3980 602 4034 quant
647 3977 851 4023 eorum,
883 3960 968 4027 qui
1005 3959 1139 4026 falsa
1176 3959 1384 4010 numina
1416 3971 1725 4013 reverentur.
1762 3957 1972 4013 Patrem

450 4069 583 4108 enim
614 4053 760 4105 illuttt
785 4050 1022 4111 adorant,
1053 4065 1085 4100 a
1122 4064 1222 4116 quo
1268 4049 1468 4112 ipsimet
1506 4050 1766 4118 gentilium
1797 4051 1888 4115 dii,
1929 4051 1974 4102 si

448 4145 533 4213 qui
580 4150 731 4205 sunt,
779 4143 1008 4209 accipere
1050 4138 1325 4192 debuerant
1375 4139 1618 4208 quidquid
1664 4141 1880 4193 numinis
1925 4151 1972 4193 et

449 4235 730 4304 majestatis
760 4233 942 4285 habere
965 4233 1261 4284 creduntur.
1713 4232 1842 4301 Cap.
1875 4233 1964 4286 :28.

378 4326 539 4382 lllum
571 4335 741 4378 autem
771 4339 940 4376 verum
965 4323 1129 4376 Dettnt
1156 4339 1322 4375 rerum
1355 4325 1578 4376 omttiunt
1607 4339 1714 4376 esse
1739 4325 1972 4394 Opiﬁcem

452 4434 514 4472 ex
555 4415 812 4483 effectibus
863 4415 1039 4482 probat
1084 4414 1372 4480 Arnobius;
1405 4414 1673 4482 Apolline,
1719 4414 1973 4468 Mercurio

449 4509 665 4577 aliisque
693 4507 928 4559 omnibus
964 4506 1155 4574 ﬁctitiis
1184 4507 1473 4559 numinibus
1499 4507 1858 4576 antiquiorem,
1889 4511 1972 4560 itt-

454 4602 686 4670 finitunt,
734 4599 1054 4669 ingenitum,
1106 4600 1478 4664 immortalem,
1529 4611 1795 4653 veternum.

1290 4674 1292 4677 ’
1482 4689 1610 4759 Cap.
1637 4691 1727 4757 29,
1762 4691 1849 4757 50,
1882 4689 1971 4746 2:1.

379 4784 595 4840 Cttilibet
624 4800 653 4835 a
681 4791 863 4834 natura
895 4781 1104 4834 insitum
1136 4797 1241 4835 esse
1272 4782 1469 4844 asserit,
1488 4792 1542 4835 ut
1571 4781 1705 4834 hunc
1732 4793 1975 4852 agnoscat

451 4891 618 4945 regem
668 4889 918 4927 sumntum
964 4884 1008 4926 et
1053 4873 1276 4926 omnium
1324 4875 1734 4927 moderatorem:
1762 4875 1881 4942 quin
1928 4883 1973 4927 et

451 4967 697 5020 animalia
725 4975 769 5018 et
798 4981 922 5018 saxa
949 4967 1084 5032 ipsa,
1113 4965 1154 5018 si
1192 4966 1319 5031 forte
1347 4965 1688 5034 loquerentur,
1718 4967 1772 5019 id
1799 4977 1974 5036 aperte

453 5044 721 5128 palamque
771 5057 1070 5110 clamarent.
1111 5057 1330 5111 Frustra
1379 5060 1532 5129 igitur
1576 5061 1760 5112 ethnici
1790 5059 1970 5113 Jovem

448 5165 703 5202 sumntunt
737 5147 898 5201 Deum
935 5149 1240 5215 praedicant,
1278 5166 1423 5219 quem
1451 5151 1638 5205 scilicet
1683 5151 1832 5204 solito
1873 5153 1967 5204 lto-

449 5241 708 5292 Ιιοηιὶηιιηι
753 5256 890 5291 more
935 5251 1108 5292 ηιιιιιηι
1153 5250 1416 5305 ηοῑνενωιι,
1449 5258 1560 5294 cunt
1608 5253 1774 5296 tamen
1824 5260 1964 5296 sunt-

451 5348 560 5383 mus
593 5329 728 5384 Deus
757 5331 1007 5400 ingenitus
1038 5333 1100 5384 sit
1131 5341 1278 5399 atque
1316 5343 1553 5386 internus.
1604 5333 1731 5405 Cap.
1776 5337 1836 5390 5!
1875 5335 1962 5388 55.

383 5425 617 5479 Occurrit
653 5426 862 5478 ethnicis
893 5425 1208 5481 Christianos
1235 5430 1668 5495 insimulantibus,
1702 5449 1798 5485 non
1830 5433 1967 5501 quod

452 5518 614 5570 Deum
658 5518 1048 5586 omnipotentem
1095 5533 1408 5581 venerentur,
1441 5523 1528 5574 sed
1555 5525 1672 5589 quia
1716 5526 1966 5578 hominem

447 5621 620 5662 ttttluttt
653 5623 696 5662 et
726 5611 908 5680 infanti
938 5613 1100 5664 crucis
1121 5616 1371 5681 supplicio
1417 5616 1772 5687 interemptum
1801 5618 1963 5672 Deum

443 5717 548 5753 esse
571 5701 896 5754 contendant.
1587 5706 1716 5776 Cap.
1751 5711 1838 5776 36,
1872 5713 1960 5766 ⁵57.

377 5793 435 5846 Si
464 5808 597 5856 vero,
631 5793 792 5860 inquit
823 5794 1093 5856 Arnobius,
1126 5797 1204 5860 fas
1235 5799 1328 5864 fuit
1362 5800 1592 5862 ethnicis,
1634 5802 1877 5868 quosdam
1909 5818 1961 5854 in

2000 4607 2054 4666 D

2165 565 2374 628 labant,
2421 565 2666 632 beneﬁcia
2711 578 2730 616 :
2772 574 2966 634 quanto
3011 563 3174 632 magis
3220 561 3459 617 Christus
3503 561 3669 614 honore

2163 654 2336 708 divino
2385 655 2451 708 ab
2493 652 2789 709 hominibus
2837 654 3103 709 habendus
3133 662 3242 720 est,
3277 653 3368 722 qui
3393 652 3500 706 illis
3529 648 3670 705 multa

2163 751 2364 821 majora
2410 757 2458 802 et
2512 749 2720 816 inﬁnita
2772 748 3211 804 abundantissime
3258 745 3515 801 contulit?

3320 835 3451 906 Cap.
3482 836 3565 901 58,
3587 837 3667 894 39.

2091 931 2156 983 At
2196 931 2300 996 ille,
2351 931 2647 1001 inquiebant
2686 931 2901 996 ethnici,
2932 931 3102 985 crucis
3131 927 3362 1001 patibulo
3387 930 3566 999 afﬁxus
3595 931 3668 981 in-

2160 1021 2313 1076 teriit.
2354 1021 2490 1089 Quid
2520 1023 2680 1077 inde?
2710 1022 2833 1078 Non
2873 1024 3007 1078 enim
3035 1038 3174 1076 ntors
3202 1021 3433 1088 Christi,
3456 1023 3577 1076 sicut
3591 1037 3672 1075 nec

2161 1111 2480 1184 Pythagora:
2519 1129 2610 1168 nec
2655 1114 2919 1177 Socratis,
2947 1116 3060 1186 ejus
3099 1115 3352 1169 doctrina:
3379 1114 3674 1186 egregiisque

2163 1207 2315 1276 [actis
2357 1206 2525 1259 ullum
2570 1208 2745 1260 attulit
2797 1207 3180 1261 detrimentum.
3217 1206 3356 1272 Quid
3381 1221 3519 1270 vero,
3549 1205 3672 1274 quod

2164 1299 2308 1352 nulla
2336 1301 2516 1354 mortis
2545 1301 2759 1370 infamia
2780 1300 3025 1354 innocens
3053 1301 3227 1365 ltomo,
3258 1299 3673 1370 quemadmodum

2161 1389 2421 1459 Aquilius,
2443 1389 2721 1445 Trebonius
2742 1401 2786 1445 et
2809 1390 3053 1464 Regulus,
3075 1391 3209 1444 inuri
3225 1407 3467 1460 umquam
3493 1391 3674 1459 potest?

2171 1481 2307 1546 Quid
2337 1483 2544 1552 insuper
2576 1483 2816 1537 irrisione
2853 1485 3018 1555 magis
3047 1483 3258 1553 dignum
3290 1485 3388 1537 hac
3413 1499 3672 1553 argumen-

2164 1573 2356 1625 tatione
2386 1574 2650 1642 gentilium
2673 1617 2687 1639 ,
2721 1574 2807 1644 qui
2836 1572 3075 1627 Liberum
3105 1589 3135 1625 a
3163 1571 3437 1626 Titanibus
3464 1573 3674 1642 discerp-

2165 1674 2290 1729 tum,
2321 1662 2686 1737 xEsculapium
2717 1667 2933 1735 fulmine
2959 1681 3281 1735 percussum,
3311 1664 3581 1718 Herculem
3602 1665 3675 1718 vi-

2163 1771 2281 1808 vum
2333 1757 2653 1810 combustum
2702 1756 2929 1825 aliosque
2981 1767 3145 1810 morte
3192 1757 3414 1810 violenta
3464 1755 3674 1810 sublatos

2157 1850 2512 1917 superstitioso
2540 1849 2682 1904 cultu
2705 1849 3068 1904 honorabant?
3315 1848 3447 1919 Cap.
3473 1848 3560 1914 40,
3591 1847 3672 1903 Η.

2087 1941 2324 1996 Christus
2345 1959 2500 2014 porro
2531 1960 2561 1996 a
2589 1959 2785 1997 summa
2812 1940 2950 2014 Rege
2971 1942 3039 1994 ad
3061 1957 3152 1995 nos
3174 1941 3358 1995 missus
3383 1940 3675 2004 innumeris,

2158 2049 2273 2103 qua:
2320 2040 2566 2105 patravit,
2599 2035 2860 2088 miraculis
2907 2043 3011 2087 tam
3055 2041 3192 2088 certo
3235 2049 3391 2101 quam
3438 2035 3679 2086 evidenter

2158 2142 2302 2181 verus
2333 2143 2442 2182 esse
2472 2126 2610 2181 Deus
2638 2128 3019 2196 comprobatur.
3046 2125 3238 2182 Christi
3266 2127 3522 2180 miracula
3547 2142 3676 2181 sum-

2155 2221 2332 2273 matim
2380 2220 2632 2289 exposita,
2663 2236 2726 2274 ex
2752 2219 2932 2287 quibus
2967 2220 3210 2273 divinitas
3239 2220 3350 2290 ejus
3377 2219 3674 2272 adstruitur.

3331 2307 3464 2379 Cap.
3493 2309 3675 2364 42-47.

2080 2402 2261 2474 Neque
2289 2406 2366 2459 his
2407 2406 2603 2473 apponi
2647 2413 2882 2471 poterant
2909 2413 3103 2458 curata:
3144 2405 3206 2458 ab
3235 2405 3555 2457 ethnicorum
3583 2403 3678 2456 diis

2152 2499 2370 2566 inﬁrmte
2417 2497 2781 2550 nonnullorum
2826 2497 3092 2550 hominum
3131 2496 3470 2550 valetudines.
3518 2494 3673 2562 Nam,

2153 2593 2246 2644 hoc
2274 2591 2478 2643 interim
2505 2592 2667 2660 gratis
2695 2591 2814 2643 dato
2835 2632 2850 2655 ,
2883 2601 3073 2644 certum
3097 2601 3192 2653 est,
3223 2607 3253 2642 a
3275 2590 3420 2644 nullo
3442 2605 3676 2660 umquam

2151 2683 2415 2754 gentilium
2437 2683 2563 2746 Deo,
2583 2684 2729 2736 sicuti
2757 2699 2786 2735 a
2809 2682 3031 2748 Christo,
3057 2684 3208 2753 agris
3237 2684 3544 2746 hominibus,
3571 2683 3678 2736 sola

2150 2779 2380 2830 adhibita
2404 2794 2556 2829 manu
2579 2787 2666 2830 aut
2689 2793 2828 2842 voce,
2852 2777 3105 2830 redditam
3120 2780 3415 2830 sanitatem.
3440 2777 3566 2844 Cap.
3584 2777 3676 2833 48.

2080 2868 2261 2939 Neque
2285 2871 2478 2936 patitur
2505 2879 2684 2922 auctor
2709 2869 2803 2921 sibi
2837 2869 3013 2938 objici,
3057 2885 3204 2937 opem
3235 2886 3264 2920 a
3297 2869 3398 2921 diis
3425 2868 3549 2937 ferri
3577 2884 3682 2922 non

2150 2963 2299 3016 malis
2335 2963 2559 3031 quidem,
2591 2962 2679 3014 sed
2701 2961 2845 3014 bonis
2877 2961 3074 3030 piisque
3103 2961 3417 3014 hominibus.
3447 2957 3683 3014 Christus

2149 3056 2283 3108 enim
2303 3053 2453 3106 ntalis
2471 3053 2708 3105 omnibus
2729 3053 2994 3120 (equaliter
3015 3068 3074 3104 ac
3098 3052 3243 3104 bonis
3258 3055 3530 3106 succurrit.
3550 3050 3684 3105 Vera

2152 3154 2396 3212 praeterea
2426 3160 2532 3195 esse
2564 3143 2752 3196 Christi
2785 3143 3036 3195 miracula
3059 3142 3276 3195 ostendit
3318 3142 3488 3195 adhuc
3514 3141 3684 3195 Arno—

2148 3235 2256 3287 bius
2303 3250 2366 3287 es;
2410 3234 2503 3286 illa
2555 3250 2763 3303 prorsus
2804 3235 3022 3286 mirabili
3058 3243 3325 3301 potestate,
3357 3250 3512 3303 quant
3539 3234 3685 3287 dedit

2152 3327 2305 3379 etiam
2351 3325 2544 3388 inﬁma:
2572 3325 2730 3392 plrbis
2771 3325 3077 3390 hominibus,
3112 3325 3346 3395 quotlibet
3382 3326 3492 3378 solo
3517 3326 3685 3394 ipsius

2153 3419 2357 3471 nomine
2389 3418 2625 3486 prodigia
2657 3417 2858 3470 edendi.
3319 3417 3450 3487 Cap.
3495 3419 3685 3474 29-52.

2080 3507 2147 3561 Et
2175 3526 2298 3563 sane
2319 3518 2526 3577 quanta:
2556 3509 2926 3578 magnitudinis
2953 3519 2998 3561 et
3025 3509 3288 3574 potestatis
3310 3510 3374 3562 sit
3405 3511 3514 3579 ipse
3533 3509 3690 3565 Chri-

2150 3609 2277 3662 stus,
2312 3598 2539 3652 sublimis
2579 3609 2626 3650 et
2667 3600 2728 3650 ab
2756 3599 2934 3652 intinta
2960 3600 3133 3652 radice
3169 3598 3325 3660 Deus,
3356 3603 3554 3654 tametsi
3586 3603 3684 3656 ho-

2152 3689 2370 3744 minibus
2388 3690 2510 3742 olim
2541 3690 2852 3759 incognitus,
2879 3691 2958 3743 vel
2977 3689 3101 3744 solis
3117 3706 3249 3761 quae,
3275 3691 3386 3760 ipso
3411 3693 3689 3760 moriente,

2151 3786 2290 3851 facta
2317 3790 2436 3835 sunt
2461 3780 2721 3835 miraculis
2746 3781 3118 3836 euidentissime
3145 3782 3556 3838 demonstratum
3588 3793 3689 3840 est.

3420 3878 3551 3952 Cap.
3585 3883 3687 3938 53.

2077 3967 2263 4022 Christi
2293 3970 2656 4024 miraculorum
2676 3972 2857 4024 veritas
2887 3973 3210 4042 comprobata
3241 3973 3463 4038 primum
3487 3989 3550 4026 ea:
3578 3983 3691 4028 tes-

2151 4063 2281 4116 tibus
2303 4063 2734 4132 locupletissimis,
2765 4062 2954 4118 Cltristi
2986 4065 3272 4132 discipulis,
3309 4066 3397 4133 qui
3423 4077 3561 4118 certo
3591 4081 3692 4118 ca-

2153 4154 2269 4220 pitis
2301 4156 2523 4218 periculo
2555 4171 2612 4208 ea
2634 4156 2959 4227 publicarunt
2988 4167 3035 4209 et
3069 4157 3285 4224 posteris
3304 4158 3642 4210 tradiderunt
3673 4175 3692 4210 :

2149 4245 2332 4298 deinde
2359 4262 2474 4298 vero
2496 4263 2559 4300 ex
2575 4263 2654 4311 eo,
2675 4249 2809 4317 quod
2837 4247 3131 4302 Cltristiana
3161 4247 3341 4318 religio
3374 4249 3435 4301 iis
3453 4247 3695 4302 stabilita

2148 4347 2193 4389 et
2234 4337 2570 4403 conﬁrmata,
2606 4338 2897 4392 brevissimo
2933 4349 3155 4408 tempore
3188 4340 3239 4391 itt
3284 4347 3388 4392 toto
3423 4350 3693 4393 terrarum

2147 4428 2265 4482 orbe
2293 4441 2524 4500 suscepta
2543 4440 2635 4485 est.
3293 4430 3426 4502 Cap.
3459 4433 3548 4497 51,
3587 4434 3689 4488 55.

2079 4518 2257 4590 Neque
2297 4523 2496 4574 demum
2531 4538 2588 4574 ea
2617 4521 2878 4576 'miracula
2915 4540 2944 4575 a
2984 4524 3318 4594 scriptoribus
3357 4526 3549 4580 nostris
3598 4535 3695 4578 aut

2153 4613 2339 4679 scripta
2378 4614 2687 4666 mendaciter
2733 4624 2823 4666 aut
2868 4615 3079 4667 nimium
3132 4628 3445 4687 exaggerata
3498 4618 3694 4686 probat

2155 4705 2424 4757 Arnobius.
2459 4707 2592 4770 Quin
2622 4707 2774 4759 etiam
2800 4716 2902 4759 tam
2932 4723 3047 4760 vera
3075 4720 3213 4771 sunt,
3257 4725 3372 4774 qua'
3406 4709 3604 4764 nostris
3635 4710 3693 4761 in

2153 4799 2318 4854 Librts
2371 4803 2432 4852 de
2473 4801 2674 4856 Christo
2722 4803 2913 4870 scripta
2954 4802 3122 4871 fuere,
3174 4819 3326 4873 quam
3371 4804 3532 4874 falsa.
3568 4817 3694 4871 quae

2104 4906 2114 4915 '
2151 4890 2365 4962 gentiles
2397 4891 2460 4942 de
2483 4891 2578 4945 diis
2608 4893 2713 4945 suis
2739 4893 3081 4947 tradiderunt.
3305 4891 3416 4963 Cap
3464 4892 3561 4957 56,
3586 4893 3689 4947 57.

2079 4983 2322 5037 lietttndit
2356 4981 2606 5035 Arnobius
2637 4984 2860 5036 ethnicos
2903 4996 3159 5052 urgentes,
3195 4983 3314 5036 hinc
3359 4985 3557 5053 scripta
3589 5000 3691 5036 sua

2147 5090 2252 5127 esse
2273 5075 2562 5142 antiquiora
2583 5075 2931 5144 atqueidcirco
2953 5076 3168 5140 veriora,
3195 5076 3338 5130 illinc
3361 5093 3479 5130 vero
3501 5087 3692 5129 nostra

2158 5166 2314 5235 fuisse
2337 5167 2399 5219 ab
2430 5165 2644 5219 indoctis
2671 5166 2960 5220 hominibus
2988 5183 3216 5221 sermone
3243 5168 3363 5220 rudi
3387 5179 3537 5239 atque
3573 5170 3688 5219 im-

2147 5259 2304 5328 polita
2329 5269 2559 5313 exarata.
3284 5257 3414 5327 Cap.
3451 5259 3546 5321 58,
3579 5257 3684 5312 59.

2073 5349 2338 5418 Satisfacit
2365 5360 2542 5403 auctor
2566 5351 2794 5416 ethnicis,
2828 5352 2911 5417 qui
2942 5367 2972 5402 a
2999 5350 3302 5404 Christianis
3321 5350 3683 5420 postulabant,

2143 5458 2232 5496 cur
2255 5441 2579 5505 Christus,'si
2613 5442 2746 5496 Deus
2788 5445 2876 5509 sit,
2921 5442 3199 5494 humanam
3243 5443 3465 5510 fortnam
3502 5442 3688 5494 induit

2142 5544 2187 5584 et
2216 5550 2352 5585 more
2377 5533 2602 5584 humano
2628 5542 2698 5584 est
2723 5533 3070 5599 interemptus.
3169 5531 3299 5600 Cap.
3325 5534 3412 5597 60,
3449 5533 3536 5596 (il,
3575 5531 3684 5585 62.

2069 5621 2365 5691 Respondet
2388 5624 2564 5675 iisdem
2585 5624 2964 5691 reponentibus,
2993 5623 3290 5677 incredibile
3317 5641 3520 5694 prorsus
3557 5639 3686 5677 esse

2140 5714 2395 5768 Christum
2430 5714 2592 5767 Deunt
2621 5723 2666 5767 et
2690 5714 2942 5768 hominem
2969 5715 3195 5768 humana
3245 5725 3443 5770 tantum
3476 5725 3684 5769 natura

2139 5806 2299 5869 visum
2321 5822 2380 5860 ac
2400 5805 2625 5875 patibulo
2644 5805 2873 5874 adﬁxum
2895 5806 3051 5861 vitam
3071 5806 3298 5876 ﬁniisse:
3324 5805 3679 5874 ostenditque,
