3850 6388
177 366 280 428 717

1606 380 1810 439 LIBER
1847 381 2121 441 PRIMUS.

3375 395 3480 451 718

254 488 516 548 Christum
542 493 612 548 ad
633 492 887 549 sanandos
915 493 1317 565 erudiendosque
1354 495 1600 563 homines,
1631 506 1773 550 tanta
1803 499 1852 559 Α
1880 497 2020 564 Quid
2044 497 2177 551 enim
2206 497 2449 570 iniquius,
2473 498 2653 570 inquit,
2679 508 2727 555 et
2751 501 3030 570 crudelius,
3057 519 3208 574 quam
3236 504 3478 562 uirtutum

243 583 471 653 lenitate,
525 596 721 657 quanta
773 586 1002 641 libertate
1029 602 1238 656 passum
1277 603 1384 642 esse
1418 603 1473 642 se
1498 587 1561 642 ab
1606 589 1778 656 impiis

241 677 426 732 occidi.
1525 677 1654 751 Cap.
1682 679 1769 735 65.

175 766 505 841 Quapropter
543 771 801 827 Arnobius
829 772 1025 826 acriter
1063 772 1233 843 arguit
1267 772 1518 837 ethnicos,
1561 771 1646 840 qui
1695 782 1774 825 ta-

236 866 391 920 metsi
436 866 670 935 tyrannis
723 865 919 920 diuinos
971 865 1230 936 deferrent
1279 865 1494 923 (tonores
1543 866 1771 932 aliosque

235 957 380 1010 omni
400 957 678 1028 impietatis
699 975 761 1012 ac
785 958 989 1014 sceleris
1013 975 1194 1031 genere
1228 959 1600 1014 contaminatos
1618 975 1762 1012 sum-

230 1048 333 1102 mis
357 1049 658 1104 extollerent
689 1051 928 1105 laudibus
963 1052 1242 1122 statuisque
1287 1050 1571 1117 donarent;
1600 1052 1764 1106 solum

226 1141 570 1198 nihilominus
597 1141 879 1212 Christum,
910 1161 1103 1211 verum,
1143 1144 1425 1199 maximum
1459 1161 1522 1199 ac
1545 1146 1766 1199 maxime

221 1237 539 1289 salutarium
580 1236 816 1290 nuntium
840 1277 855 1304 ,
902 1237 1229 1307 iniquissimo
1257 1247 1410 1308 atque
1447 1236 1766 1308 implacabili

220 1325 346 1381 odio
368 1327 816 1399 persequebantur.
1521 1329 1650 1400 Cap.
1675 1329 1763 1385 64.

1953 591 2181 645 omnium
2204 589 2482 647 Dominum
2513 597 2785 665 mortisque
2815 597 3146 652 extinctorem
3175 599 3306 654 bello
3325 616 3441 654 acer
3459 630 3471 640 -

1951 682 2158 738 bissinto
2184 701 2382 755 semper
2422 686 2682 754 lacessere,
2715 689 2801 758 qui
2830 690 3075 758 permissa
3115 703 3274 745 morte
3309 693 3474 746 homi-

1948 778 2050 846 nis,
2104 795 2254 849 quem
2301 780 2548 851 gestabat,
2605 792 2796 836 certam
2846 785 2909 837 de
2955 787 3132 855 futura
3180 787 3473 840 animarum

1945 881 2238 927 nostrarum
2281 875 2478 942 salute,
2526 875 2570 931 si
2599 877 2682 946 pie
2707 877 2980 933 vixerimus
3003 919 3019 946 ,
3065 895 3205 951 spem
3236 881 3469 935 omnibus

1940 965 2095 1035 fecit?
3215 972 3341 1045 Cap.
3375 973 3466 1030 65.

1941 1143 1981 1197 l.
2014 1143 2275 1210 Quoniam
2305 1146 2543 1216 comperi
2587 1149 2894 1214 nonnullos,
2939 1151 3030 1221 qui
3074 1166 3134 1207 se
3180 1153 3468 1223 plurimum

1870 1252 2062 1309 sapere
2111 1239 2222 1294 suis
2266 1240 2709 1310 persuasionibus
2749 1241 2996 1311 credunt,
3047 1245 3305 1314 insanire,
3340 1249 3470 1305 bac-

1871 1328 2042 1397 chari,
2067 1339 2122 1385 et
2142 1330 2289 1386 velut
2307 1330 2561 1401 quiddam
2590 1343 2898 1405 promptum
2917 1351 2985 1392 ex
3005 1339 3228 1395 oraculo
3255 1341 3466 1398 dicere:

1515 1465 2080 1524 COMMENTARIUS.

214 1603 432 1660 Arnobii
479 1603 901 1676 Disputationum
946 1603 1189 1658 adversus
1233 1612 1405 1672 gentes
1432 1603 1572 1676 _libri
1611 1602 1746 1657 VU.

143 1676 274 1734 Haec
317 1687 401 1731 est
444 1674 634 1751 horum
685 1677 942 1751 librorum
997 1677 1246 1751 ἐπιγραφὴ
1294 1675 1346 1728 in
1379 1674 1618 1728 editione
1663 1690 1750 1728 ro—

141 1751 337 1814 mana‘,
384 1756 439 1802 et
477 1747 598 1801 aliis
636 1750 888 1802 omnibus
917 1760 1036 1815 quae
1066 1747 1134 1800 ab
1163 1747 1224 1801 e'a
1259 1757 1564 1816 propagata:
1605 1755 1752 1800 sunt.

143 1819 212 1874 At
241 1819 299 1873 in
334 1833 437 1872 ms.
470 1818 766 1874 observant
788 1817 1048 1886 scriptum
1071 1817 1601 1870 Adversus'nationcs.
1635 1816 1754 1870 ‘lles

143 1904 249 1943 una
294 1898 348 1943 et
386 1889 576 1944 eadem
603 1899 708 1945 est.
742 1889 861 1957 Ipse
889 1898 1072 1942 noster
1102 1887 1195 1941 lib.
1226 1902 1284 1942 ιιι
1316 1905 1327 1939 :
1356 1887 1434 1940 Ad
1458 1888 1610 1941 unius
1650 1903 1752 1942 cre-

143 1960 378 2015 dulitatis
412 1976 676 2015 assensum
713 1971 876 2015 mente
912 1975 1018 2012 una
1053 1973 1356 2013 concurrere
1383 1968 1634 2030 genteset
1663 1974 1755 2028 po-

145 2032 300 2102 pulos
322 2032 471 2102 fecit,
520 2040 566 2085 et
597 2031 820 2084 moribus
860 2029 1232 2102 dissimillimas
1261 2029 1756 2102 nationes.ﬂL_ib.rv,

147 2099 269 2170 cap.
301 2099 371 2158 {3
395 2119 408 2156 :
439 2101 576 2168 Quid
602 2102 792 2172 dicitis,
817 2116 846 2153 o
868 2100 1078 2172 gentes!
1104 2099 1227 2168 quid
1256 2100 1552 2172 ltujusmodi
1570 2100 1762 2172 dedita:

147 2172 480 2241 opinionibus
515 2171 790 2227 nationes?
837 2171 1086 2226 lnlideles
1121 2185 1313 2226 omnes
1356 2171 1537 2240 populi
1578 2171 1763 2238 appel-

149 2242 333 2298 lantur
381 2245 432 2296 io
476 2244 626 2297 libris
669 2242 873 2296 veteris
912 2241 1245 2295 Testamenti
1285 2246 1402 2296 Dm
1426 2285 1440 2305 ,
1473 2252 1524 2295 et
1555 2241 1678 2294 inde
1709 2243 1760 2296 in

149 2314 471 2384 apostolicis
493 2314 646 2368 libris
673 2323 728 2368 et
755 2313 1207 2384 evangelistarutn
1232 2314 1592 2384 monumentis
1616 2310 1759 2384 ἔθνης

151 2381 354 2453 netnpe
381 2386 504 2454 quia
531 2395 724 2452 praeter
765 2383 1020 2452 populum
1059 2383 1166 2436 Deo
1205 2384 1530 2452 peculiarem
1561 2381 1762 2454 ludam

153 2453 409 2510 terminis
434 2455 734 2516 inclusum,
776 2463 831 2508 et
862 2463 1272 2522 pesteapraeter
1317 2469 1517 2522 paucos
1549 2453 1759 2518 fideles,

153 2535 349 2596 gentes
389 2540 578 2580 omnes
622 2525 739 2578 alia:
772 2534 828 2578 et
870 2525 1114 2596 nationes
1139 2565 1154 2588 ,
1199 2539 1328 2596 vero
1354 2525 1464 2577 Deo
1496 2525 1758 2596 ignorate,

155 2594 319 2651 idolis
349 2598 677 2651 serviebant.
715 2596 849 2648 Hinc
884 2594 1042 2664 igitur
1073 2603 1227 2649 vetus
1257 2595 1497 2649 Ecclesia
1526 2594 1763 2664 appella-

161 2670 342 2721 tiones
362 2667 478 2721 illas
505 2665 744 2729 retinuit,
768 2665 962 2731 donec,
988 2666 1495 2720 ruenteitlololatria
1518 2674 1572 2718 et
1593 2667 1764 2719 chris-

154 2738 302 2792 tiana
335 2738 534 2804 pietate
567 2737 723 2806 longe
752 2737 962 2804 laleqttc
987 2732 1322 2791 diffundente
1352 2751 1410 2791 se
1437 2778 1449 2801 ,
1485 2736 1648 2806 facies
1681 2751 1764 2789 re-

155 2823 278 2863 rum
315 2810 512 2863 mutari
544 2805 718 2877 empta
749 2817 848 2862 est.
891 2806 1043 2861 Tunc
1066 2808 1209 2861 enim
1234 2848 1249 2873 ,
1291 2823 1452 2876 quum
1485 2805 1764 2860 christiani

156 2878 525 2948 imperatores
573 2891 835 2932 terrarum
865 2877 981 2932 orbi
1030 2879 1390 2948 praisitlerint.
1421 2887 1473 2932 et
1506 2877 1764 2932 Ecclesiae

152 2948 380 3005 Christo
409 2951 604 3020 ubique
629 2949 990 3004 conderentur
1011 2987 1024 3008 .
1056 2960 1241 3003 contra
1272 2949 1534 3020 idolorum
1566 2949 1762 3016 templa

152 3018 544 3075 clauderentur
591 3030 646 3076 et
685 3029 1097 3083 averterentur,
1143 3018 1300 3072 simul
1347 3034 1468 3073 cum
1524 3021 1762 3086 appella-

152 3092 320 3146 tionis
353 3106 538 3154 cansa,
583 3092 870 3160 appellatio
919 3103 1134 3159 quoque
1173 3089 1262 3143 illa
1310 3097 1509 3144 mutata
1553 3099 1633 3142 est
1650 3103 1675 3160 ;i
1713 3095 1766 3160 et

150 3176 256 3233 pro
295 3158 630 3224 nationibus,
657 3158 950 3230 gentibus,
979 3160 1242 3233 ethnicis,
1277 3160 1465 3229 pagani
1501 3158 1764 3233 appellari

150 3230 471 3303 creperum,
512 3233 708 3301 quippe
755 3246 860 3284 non
899 3231 1131 3299 amplius
1161 3239 1426 3285 terrarum
1455 3230 1644 3303 orbem
1675 3245 1765 3303 oc-

149 3300 420 3372 cupantes
446 3345 460 3368 ,
510 3300 616 3357 sed
641 3303 693 3358 itt
727 3311 1011 3370 augustum
1043 3303 1321 3372 coarctati.
1353 3311 1406 3356 et
1433 3301 1582 3370 quasi
1618 3300 1764 3372 pagis

150 3369 368 3429 tantum
416 3373 734 3457 quibusdam
784 3369 1043 3457 conclqsi.
1078 3371 1212 3457 “Nec
1247 3369 1601 3457 dubitor’quin
1633 3369 1763 3457 lucc
1793 3394 1839 3457 Ο

149 3460 282 3500 vera
340 3441 720 3514 appellationis
773 3445 913 3514 ratio,
958 3442 1156 3507 fuerit;
1216 3451 1385 3514 atque
1434 3441 1758 3514 sententiam

147 3532 334 3572 meant
381 3511 494 3570 non
540 3511 801 3569 inutiliter
842 3513 1111 3576 al‘lirmat,
1158 3513 1301 3581 quod
1342 3513 1410 3566 ab
1449 3511 1569 3564 aliis
1598 3513 1761 3565 etiam

147 3587 503 3642 observatum
558 3597 678 3647 est.
745 3585 1071 3653 incognitam
1130 3582 1294 3638 fuisse
1342 3583 1762 3652 appellationem

144 3657 310 3712 istam
339 3700 353 3719 ,
401 3668 687 3726 antequam
726 3655 790 3708 ad
825 3657 1146 3726 christianos
1187 3655 1539 3724 imperatores
1577 3653 1762 3722 impe-

144 3729 292 3784 rium
324 3724 638 3783 devolutum
662 3735 823 3781 esset.
868 3724 1174 3780 "ERALDUS.

222 3800 270 3854 E
311 3799 644 3859 Fragmento
686 3796 1070 3852 Commentarii
1120 3794 1440 3852 Salmasiani
1492 3794 1545 3849 in
1586 3794 1759 3850 Arno-

142 3867 300 3926 bium
349 3869 497 3924 edito
543 3868 613 3923 ab
657 3868 705 3923 .l.
745 3870 810 3922 A.
863 3865 1108 3921 Fabricio
1152 3866 1220 3919 ad
1273 3867 1477 3920 calcem
1533 3880 1758 3934 operum

143 3947 325 4012 sancti
361 3940 655 4012 llippolyti,
689 3950 818 4012 tom.
852 3953 888 3992 ιι
915 3979 929 4002 ,
965 3953 1094 4012 pag_._
1119 3936 1379 3998 1224M.
1412 3937 1497 3990 ubi
1529 3937 1611 4012 vir
1637 3952 1759 4012 eru—

143 4011 380 4067 ditionis
425 4007 704 4066 immensm
751 4011 819 4064 de
873 4007 1182 4063 nominibus
1232 4017 1286 4062 et
1341 4008 1759 4076 praenominibus

141 4081 524 4137 Romanorum
551 4122 567 4145 ,
594 4095 744 4136 more
775 4095 873 4134 suo
892 4123 905 4146 ,
949 4082 1130 4149 ample
1159 4081 1310 4140 satis,
1340 4079 1435 4132 sed
1465 4080 1622 4132 docte
1649 4078 1758 4133 dis-

142 4163 335 4222 putat.
383 4152 700 4220 paucissima
732 4167 851 4221 qua:
883 4152 958 4222 ad
1001 4165 1195 4205 nomen
1224 4149 1447 4222 Arnobii
1474 4159 1756 4222 speetant,

143 4220 236 4279 hic
283 4223 557 4280 delib'tsse
596 4220 845 4279 sulliciat.
882 4220 1072 4291 Incipit
1113 4235 1356 4291 quaerere
1390 4221 1469 4273 vir
1509 4220 1758 4274 doctissi-

139 4309 271 4350 mus
318 4309 488 4366 quare
517 4309 711 4366 nomen
744 4295 964 4366 Arnobii
993 4290 1257 4366 nude’_bie
1284 4290 1484 4366 absque
1540 4305 1754 4366 prieno-

140 4367 299 4420 mine
329 4361 386 4420 et
412 4365 735 4434 cognomine
765 4364 1104 4420 inscribatur.
1139 4361 1288 4417 Fecit
1310 4363 1427 4434 scil.
1459 4361 1561 4414 hoc
1586 4365 1756 4434 Arno-

139 4435 300 4502 bius,
349 4433 499 4490 more
544 4435 885 4496 Graecorum,
932 4436 1286 4503 plerumque,
1335 4433 1424 4501 qui
1475 4433 1751 4500 pristinam

139 4523 374 4572 semper
400 4507 847 4563 consuetudinem
881 4508 1240 4568 retinuerunt,
1268 4513 1325 4558 ut
1357 4503 1513 4558 unico
1536 4505 1753 4558 nomine

140 4579 491 4650 gauderent;
547 4593 870 4650 quamquam
926 4576 1016 4650 vis
1043 4574 1588 4650 Adttbitaudumcst,
1624 4575 1751 4650 quin

140 4644 302 4718 plura
334 4644 828 4704 nomina‘habuerit
855 4647 1153 4708 Arnobius,
1192 4645 1334 4718 quod
1378 4644 1754 4718 solentneqfuit

138 4715 259 4775 non
294 4722 554 4776 Romanis
586 4731 789 4774 tantum
817 4761 830 4785 ,
857 4719 973 4775 ‘sed
1020 4722 1182 4773 etiam
1215 4716 1466 4782 Ηιενειιιὶε
1495 4757 1510 4780 ,
1543 4715 1711 4770 Gallis
1733 4757 1748 4780 ,

1851 1611 1969 1681 reat
2011 1602 2070 1681 _in
2115 1601 2394 1681 pluteariis
2431 1602 2617 1681 lib_r_is.
2672 1605 2724 1659 in
2754 1606 2950 1681 quibus
2979 1608 3178 1681 legitur
3209 1620 3413 1669 tantum
3453 1634 3465 1670 :

1854 1670 2050 1754 lncipit
2093 1670 2299 1741 primus
2328 1674 2468 1754 liber
2495 1670 2997 1754 Metamorphoseos
3031 1670 3259 1751 Apuleii.
3298 1689 3468 1754 Atque

1857 1743 1928 1825 ita
1958 1744 2215 1825 deinceps
2246 1754 2302 1825 et
2327 1745 2380 1799 in
2402 1746 2620 1825 .catteris
2642 1743 2775 1825 ejus
2790 1749 3026 1820 scriptis.
3059 1743 3201 1810 Sane
3229 1743 3468 1825 quod'ad

1859 1813 2128 1890 Agellinm
2156 1813 2564 1890 ’et_Ap_uleium
2613 1813 2840 1879 atiinet,
2891 1813 3052 1890 grmci
3095 1813 3261 1879 moris
3294 1829 3467 1882 imita-

1863 1887 2009 1967 tione
2038 1887 2212 1967 id_eos
2243 1887 2516 1967 factitasse
2547 1890 2856 1967 verosim_ile
2887 1887 3000 1967 est,
3035 1896 3188 1963 cujus
3218 1913 3466 1967 magnam

1865 1957 1918 2030 in
1946 1958 2196 2011 omnibus
2225 1956 2620 2013 aﬂ‘ectationem
2654 1960 2905 2030 produnt.
2949 1956 3148 2019 Verum
3189 1975 3244 2020 et
3295 1956 3467 2023 ,ἔτειο-

1789 2015 1836 2074 Β
1865 2026 1984 2081 bius
2016 2043 2209 2108 nomen
2244 2043 2392 2108 mere
2422 2015 2790 2108 grtecitttt'est.
2830 2015 3469 2108 apsens—It{annos}.

1861 2099 2170 2177 ῌακρόϐιος,
2219 2100 2480 2177 Πολύϐιος.
2531 2099 2643 2177 Nec
2679 2103 2822 2177 enim
2871 2099 3202 2173 gentilicium
3250 2122 3368 2177 cst,

1865 2171 2154 2249 Apuleius,
2199 2172 2293 2225 sed
2330 2180 2387 2225 ut
2416 2172 2711 2249 graecanica
2741 2171 2894 2228 dura
2915 2179 3318 2249 nomenclatura
3350 2171 3466 2248 est,

1861 2244 1935 2295 ita
1979 2255 2050 2295 ex
2081 2257 2267 2318 eorum
2318 2244 2613 2318 nominum
2640 2259 2837 2318 genere
2881 2246 3097 2315 existit,
3148 2265 3265 2318 qua:
3294 2244 3471 2308 vicem

1864 2315 2200 2389 cognominis
2252 2313 2305 2389 in
2346 2312 2555 2389 libertis
2601 2312 2800 2367 habere
2843 2318 2998 2370 solita
3037 2312 3212 2389 eram,
3263 2336 3470 2389 praeno-

1868 2382 2015 2436 mine
2033 2397 2095 2436 ac
2118 2385 2338 2462 nomine
2363 2383 2703 2462 dominorum
2736 2389 3055 2462 pycnositis.
3086 2382 3286 2445 Liberti
3311 2396 3464 2462 quip-

1866 2465 1961 2519 pe,
2009 2454 2343 2522 pramomine
2385 2468 2447 2507 ac
2487 2455 2707 2509 nomine
2747 2457 2948 2510 domini
2980 2459 3219 2522 adscito,
3255 2454 3470 2518 tertium

1866 2524 2334 2603 sttum_at_ldeban_t
2362 2524 2638 2592 propriutu
2682 2535 2734 2603 et
2762 2542 3015 2603 grzccuut.
3062 2529 3320 2603 Exempla
3352 2550 3473 2603 pas-

1866 2592 1966 2647 sim
2000 2593 2155 2649 obvia
2186 2595 2328 2670 apud
2354 2604 2603 2670 auctores
2626 2606 2679 2649 et
2709 2592 3028 2670 in'antiqnis
3059 2592 3468 2670 inscriptionum

1865 2665 2250 2741 monumentis.
2276 2665 2366 2720 Sic
2393 2666 2535 2741 enim
2563 2679 2696 2741 sese
2717 2665 2983 2741 vocabant
3008 2686 3020 2723 :
3049 2673 3112 2723 A.
3146 2665 3467 2741 Apronius,

1867 2736 1932 2806 A.
1969 2734 2029 2788 L.
2057 2735 2302 2790 Tuusus
2327 2776 2341 2799 ,
2397 2739 2498 2806 hoc
2546 2745 2632 2789 est
2670 2736 2840 2791 Aulus
2877 2741 3200 2806 Appuleius,
3253 2747 3370 2798 Auli
3406 2734 3473 2800 li;

1867 2803 2071 2884 bet-tus,
2102 2806 2368 2884 Thiasus.
2399 2805 2604 2884 Non-ten
2637 2809 2777 2884 servi
2806 2803 3040 2884 graecum
3069 2803 3312 2883 Thyasus
3333 2857 3348 2881 ,
3379 2820 3472 2884 qui

1868 2875 2145 2930 dominum
2189 2877 2378 2931 [tabuit
2427 2877 2623 2932 Aulum
2671 2875 2988 2946 Appuleium
3019 2922 3034 2946 ,
3090 2875 3169 2937 sic
3222 2875 3470 2942 vocatum

1868 2949 2203 3016 praenomine
2231 2960 2283 3002 et
2309 2949 2527 3003 nomine
2561 2967 2570 2999 :
2603 2963 2901 3017 cognomen
2940 2952 3232 3020 ignoratur.
3283 2955 3366 3009 Ab
3406 2973 3471 3012 eo

1869 3019 2253 3087 manumissus,
2277 3029 2556 3083 aSs-umpto
2584 3023 2918 3087 praenomine
2947 3019 3003 3075 et
3035 3025 3273 3087 nomine,
3309 3043 3471 3082 voca-

1870 3095 1956 3139 tus
1983 3096 2068 3141 est
2104 3086 2273 3141 Aulus
2317 3086 2610 3156 Appuleius
2647 3089 2914 3160 Tbyasus.
2963 3093 3074 3147 lloc
3118 3097 3168 3148 in
3219 3086 3469 3154 omnibus

1872 3169 2132 3227 perpetire
2161 3169 2212 3212 et
2239 3169 2552 3212 constanter
2580 3160 2945 3216 obser‘tnlttttt.
2989 3161 3253 3219 Libertini
3289 3178 3469 3224 autem

1871 3229 2361 3308 nomenuproprium
2387 3239 2692 3308 paternum,
2717 3232 2937 3308 quodin
2959 3245 3108 3308 patre
3125 3238 3242 3290 vice
3268 3253 3459 3308 cogno-

1871 3299 2033 3370 minis
2064 3301 2192 3365 l'uit,
2238 3308 2358 3368 post
2397 3301 2637 3368 ejusdem
2667 3303 3152 3370 emancipationem
3183 3299 3469 3365 converte-

1869 3367 1999 3422 bant
2050 3371 2102 3424 in
2154 3367 2348 3425 nomen
2399 3367 2550 3438 quasi
2592 3367 2960 3439 gentilicium,
3019 3391 3081 3430 ac
3131 3377 3198 3431 de
3253 3381 3470 3436 tmtnine

1868 3442 2081 3562 patroni
2132 3440 2408 3510 gentilicio
2465 3456 2775 3510 pra~nomen
2833 3444 3149 3516 plerumque
3205 3449 3472 3507 faciebant

1887 3525 1974 3562 loc
2005 3511 2164 3562 modo
2206 3531 2218 3562 ε
2271 3511 2487 3562 Flavius
2530 3512 2806 3562 Sosipater
2842 3516 3138 3562 Charisius-
3194 3518 3471 3562 Snginntm

1887 3525 1974 3564 ioc
2005 3511 2164 3565 modo
2206 3531 2218 3566 :
2271 3511 2806 3588 Elavius__Sos_ipater
2835 3511 3138 3588 Charisius.
3193 3518 3471 3588 Sosipater

1867 3595 2064 3660 nomen
2109 3582 2387 3660 pmprium
2416 3622 2430 3646 ,
2471 3581 2970 3660 Cltarisitis__patris.
3023 3581 3333 3658 Sosipater,
3379 3594 3469 3660 qui

1866 3650 2083 3730 Elavius
2111 3650 2506 3730 nominabatur
2533 3695 2582 3730 .__
2607 3650 2902 3730 ab___ali'q‘t_to
2945 3650 3170 3723 patrono
3191 3677 3276 3730 fex
3308 3650 3469 3730 gente

1866 3720 2047 3798 _Flavia
2094 3724 2475 3798 manumisso}.
2529 3725 2618 3780 Sic
2672 3725 2762 3798 ille
2809 3720 3054 3798 'l‘hyasus
3093 3731 3136 3784 si
3176 3720 3344 3785 [ilium
3377 3733 3472 3785 ha-

1865 3791 2071 3868 buisset
2121 3796 2336 3868 nomine
2405 3794 2836 3868 Epaphroditum
2868 3791 2907 3862 ,’
2946 3799 3023 3851 sic
3076 3805 3469 3868 nuncupamlus

1864 3864 2168 3942 secundum
2195 3866 2600 3942 hancregulam
2630 3867 2866 3942 veniret:
2892 3869 3190 3936 Appuleius
3219 3864 3468 3942 T'hyasits

1863 3933 2282 4011 Epaphroditus.
2317 3933 2633 4011 Aliquando
2665 3938 2840 4011 etiam
2885 3933 3195 4011 praenomen
3253 3933 3465 4011 pa'troni

1862 4007 2071 4076 paterni
2137 4008 2445 4060 retinebant
2502 4008 2757 4061 libertini.
2811 4007 3274 4075 Quemadmodum
3337 4030 3467 4069 vero

1862 4075 2016 4143 plura
2045 4078 2261 4130 nomina
2305 4077 2557 4132 habuisse
2588 4079 2804 4132 videtur
2836 4081 3105 4134 Arnobius
3134 4122 3145 4145 ,
3190 4082 3261 4136 ita
3289 4083 3466 4139 incer-

1862 4154 1974 4219 tum
2004 4157 2107 4212 est,
2137 4157 2315 4219 utrum
2351 4148 2585 4201 nominis
2615 4164 2680 4202 an
2712 4151 3050 4219 cognominis
3075 4154 3123 4207 ei
3157 4153 3275 4209 loco
3304 4156 3466 4211 fuerit

1859 4214 1976 4288 haec
1997 4217 2303 4288 appellatio.
2331 4219 2456 4273 Haec
2483 4214 2799 4274 Salmasius:

1933 4287 2356 4362 l.-_+lttsartire,_
2403 4288 2664 4362 bacchari.
2721 4291 2776 4344 ld
2830 4301 2912 4346 est
2983 4301 3256 4362 tamquam
3313 4307 3462 4352 vates

1859 4356 1965 4413 deo
2010 4359 2261 4425 impletos
2309 4360 2360 4414 id
2404 4360 2698 4416 afﬁrmare.
2746 4363 2915 4416 Arioli
2960 4356 3168 4418 scilicet
3212 4375 3266 4418 et
3314 4377 3463 4423 vates

1859 4429 2151 4505 existimati
2182 4433 2359 4486 furere
2383 4441 2603 4505 promer
2625 4442 2801 4486 motus
2819 4433 2960 4497 illos,
2976 4433 3169 4501 quibus
3189 4443 3461 4505 tamquam

1858 4501 2116 4576 divinavi
2147 4503 2400 4555 concitati
2431 4503 2766 4576 relabantur.
2800 4505 2875 4559 lta
2910 4501 3343 4576 VirgiliuSLEn'.
3379 4525 3458 4576 ιιι,

1856 4571 2002 4627 445ε
2037 4571 2288 4626 lnsanam
2333 4584 2495 4627 ualent
2525 4574 2780 4641 aspicies;
2820 4584 2874 4629 et
2912 4571 3096 4638 νι,’“’8
3124 4594 3134 4629 :
3168 4571 3463 4633 Bacchatur

1856 4652 2011 4697 vates.
2049 4643 2338 4698 [lustinus
2368 4655 2416 4697 et
2453 4644 2639 4697 Paton.
2670 4676 2740 4684 —
2769 4647 2858 4701 Sic
2905 4655 2959 4700 et
3008 4646 3269 4701 Minucius
3299 4648 3455 4705 Felix

1856 4715 2042 4769 Octav.
2075 4731 2194 4783 cap.
2227 4714 2296 4768 27
2331 4733 2343 4768 :
2388 4713 2536 4768 Vates
2578 4727 2627 4769 et
2655 4718 2754 4785 ipsi
2782 4719 2968 4786 absque
2999 4720 3186 4786 templo
3210 4720 3281 4771 sic
3311 4721 3456 4774 insa—

138 4791 296 4846 Afris
329 4791 432 4846 sub
466 4779 831 4845 Romanorum
876 4790 1100 4857 imperio
1125 4779 1444 4857 degentibus
1484 4779 1649 4854 usque
1684 4779 1750 4840 ad
1777 4779 1832 4840 D
1859 4789 2025 4844 niuut.
2059 4786 2132 4839 sic
2147 4779 2490 4857 bacchantur,
2524 4787 2596 4838 sic
2625 4779 3069 4843 rolanturfConf.
3100 4779 3360 4844 'Oudend.
3389 4793 3455 4847 ad

137 4860 562 4916 Constantinum
584 4903 598 4926 ,
633 4877 730 4930 per
758 4878 915 4930 quem
947 4875 1074 4913 usus
1105 4859 1493 4930 praenominum
1518 4858 1750 4930 abolitus

137 4931 264 4988 fere
290 4945 394 4994 est.
425 4935 599 5003 qualis
626 4929 754 4985 olim
779 4929 1050 5003 nimirum
1078 4939 1194 4985 erat
1219 4970 1234 4996 ,
1265 4938 1324 4984 ut
1352 4929 1502 5003 Titus
1529 4929 1745 4997 aliquis,

139 5015 241 5057 aut
273 5000 514 5070 Marcus,
544 5013 638 5058 aut
664 5004 830 5058 Aulus
852 5045 868 5068 ,
901 5012 993 5056 aut
1020 5000 1214 5056 Gnatus
1245 5010 1368 5054 ante
1393 5000 1500 5054 alia
1531 5003 1745 5054 nomina

136 5086 470 5130 vocaretur:
517 5075 1033 5136 retentum’tamen.
1082 5084 1137 5126 ιιι
1184 5071 1333 5142 plura
1365 5072 1747 5125 haberentno-

137 5146 294 5199 mina
314 5187 328 5206 ,
364 5161 592 5215 quormn
626 5148 793 5211 prima
821 5161 1047 5216 quaeque
1079 5141 1425 5216 praenominis
1436 5143 1622 5216 vicem
1651 5143 1746 5194 ob-

137 5212 576 5282 tinuisse'videri
611 5212 870 5284 possunt,
918 5212 974 5271 et
1022 5215 1106 5269 vel
1136 5230 1202 5270 ex
1235 5229 1301 5268 eo
1325 5212 1502 5283 colligi
1535 5221 1744 5284 potest,

138 5301 349 5342 nomen
381 5289 482 5341 hoc
508 5287 583 5340 illi
608 5283 880 5355 prOprium
908 5285 1102 5351 fuisse;
1133 5284 1396 5353 siquidem
1420 5299 1487 5338 ex
1510 5283 1748 5353 pluribus

137 5372 462 5428 cumrnnum
494 5361 764 5428 praecipue
793 5358 1056 5428 seligitur.
1092 5356 1375 5428 praeteritis
1405 5356 1619 5428 cmteris
1639 5395 1653 5420 ,
1694 5355 1746 5409 id

137 5427 384 5498 maxime
414 5427 689 5498 proprium
724 5426 954 5495 videtur,
993 5443 1099 5496 quo
1122 5427 1388 5498 soloiquis
1418 5426 1743 5498 nominatur.

138 5497 423 5554 Fecerunt
446 5499 588 5554 idem
621 5498 710 5551 alii
737 5513 948 5565 quoque
969 5497 1208 5567 ejusdem
1240 5497 1351 5552 fere
1377 5497 1551 5551 aetatis
1577 5497 1748 5564 scrip-

139 5579 340 5638 tores,
389 5586 444 5625 ν.
481 5586 529 5626 c.
579 5569 818 5639 Agellius
842 5568 937 5640 (ita
967 5570 1271 5640 citatusiah
1321 5569 1638 5640 Augustino,
1679 5569 1747 5640 de

135 5637 378 5697 Civitate
405 5641 536 5708 Dei,
570 5637 662 5694 lib.
700 5657 782 5704 Ix,
822 5637 942 5710 cap.
966 5640 1030 5708 4,
1059 5650 1113 5694 et
1138 5639 1289 5694 libris
1327 5638 1580 5694 omnibus
1604 5637 1744 5710 anti-

137 5713 295 5783 quis,
309 5728 372 5768 ex
393 5728 501 5784 quo
524 5728 721 5767 nomen
749 5710 815 5767 Λ.
839 5710 996 5784 Gellii
1023 5720 1205 5784 postea
1220 5711 1609 5784 pereditiones
1627 5709 1743 5763 vul-

136 5782 331 5855 gatum
383 5782 547 5855 est),
599 5793 676 5855 et
722 5782 1030 5852 Apuleius,
1072 5783 1162 5838 cui
1219 5782 1365 5837 Lucii
1427 5795 1738 5855 praenomen

137 5853 515 5925 ascripserunt
544 5853 831 5919 editiones,
862 5869 983 5911 cum
999 5855 1220 5912 minime
1248 5862 1426 5910 tamen
1443 5853 1496 5910 id
1522 5867 1741 5923 compa-

1854 4857 2068 4926 Apulei.
2103 4857 2226 4912 Met.
2256 4872 2335 4921 ιιι,
2371 4872 2421 4926 p.
2451 4855 2577 4909 2-H.
2608 4857 2809 4912 OnsLL.

1927 4925 2145 4981 Etuelut
2164 4925 2414 4998 quiddam
2440 4938 2732 4995 promptum
2759 4947 2822 4983 ea:
2849 4932 3059 4984 oraculo
3081 4931 3263 4985 dicere.
3291 4931 3347 4986 Id
3375 4945 3460 4988 est

1852 5007 2126 5068 tamquam
2154 5001 2520 5054 certissimum
2554 5000 2680 5064 quid
2711 5010 2766 5054 et
2792 5002 3152 5056 ittdnhitatum
3199 5004 3457 5059 audacter

1851 5078 1905 5124 et
1927 5070 2210 5138 magnifice
2237 5071 2605 5138 pronuntiare.
2632 5070 2764 5125 Nam
2789 5075 3004 5127 oracula
3031 5088 3154 5127 cum
3178 5073 3455 5129 brevitatis

1852 5143 2158 5210 majesntte,
2187 5153 2296 5194 tum
2323 5142 2398 5194 rei
2428 5143 2653 5196 veritate
2683 5143 3021 5198 habebantur
3042 5147 3449 5212 angustissima;

1851 5227 1952 5289 nec
1979 5215 2046 5266 de
2078 5215 2141 5289 iis
2168 5212 2524 5289 dubitandum
2555 5214 2956 5289 existimabant,
2988 5233 3104 5280 qua:
3130 5218 3186 5269 ἐκ
3207 5217 3449 5289 τρίποδος

1851 5283 1993 5356 petis
2023 5285 2332 5356 cecinisset.
2366 5283 2556 5356 Cicero
2597 5285 2735 5356 :qmd
2777 5289 3168 5356 Augustinum,
3222 5283 3288 5340 de
3329 5291 3444 5342 (Div.

1850 5353 1968 5418 Dei,
2005 5353 2094 5410 lib.
2130 5372 2187 5421 ιι,
2238 5371 2359 5424 cap.
2398 5354 2498 5418 2i,
2528 5355 2594 5410 de
2639 5355 2739 5408 hoc
2786 5353 2939 5410 Ennii
2987 5373 3183 5412 versu:
3218 5357 3450 5411 Moribus

1849 5429 2076 5493 antiquis
2103 5443 2184 5480 res
2214 5436 2314 5480 stat
2344 5424 2582 5479 Romana
2628 5428 2865 5496 uirisque.
2915 5428 3076 5494 Quem
3116 5429 3323 5490 quidem
3363 5430 3449 5481 ille

1850 5511 2047 5551 versum
2071 5539 2084 5560 ,
2116 5497 2321 5566 inquit,
2355 5498 2433 5550 vel
2469 5497 2708 5550 brevitate
2734 5502 2808 5550 vel
2854 5502 3060 5553 veritate
3102 5509 3359 5560 tamquam
3387 5515 3448 5551 ca:

1852 5569 2062 5622 oraculo
2108 5570 2234 5622 mitti
2279 5570 2504 5635 quodam
2550 5586 2658 5622 esse
2697 5569 2879 5635 eﬂ'utus
2911 5573 3122 5624 videtur.
3159 5569 3300 5623 Idem
3354 5586 3447 5636 pro

1851 5637 2111 5706 Fonteio,
2135 5655 2252 5708 cap.
2288 5641 2318 5693 7
2351 5659 2360 5692 :
2399 5640 2495 5704 Si,
2525 5641 2773 5708 quidquid
2794 5657 2855 5693 ea;
2879 5642 2968 5695 illo
3000 5647 3112 5694 loco
3138 5642 3352 5705 dicetur,
3388 5657 3448 5694 ea:

1849 5714 2061 5764 oraculo
2090 5712 2193 5764 dici
2219 5711 2570 5764 arbitrabitur.
2607 5714 2846 5766 UERALD.
2876 5725 2929 5768 et
2961 5713 3340 5765 Ιίιιιειιιιοιιδτ.
3375 5741 3445 5750 -

1847 5779 2004 5854 conf.
2039 5784 2212 5838 Juret.
2241 5783 2306 5837 ad
2340 5782 2676 5853 Symmach.,
2708 5785 2803 5838 lib.
2843 5800 2900 5852 tt,
2935 5783 3104 5854 Epist.
3139 5796 3232 5847 vn,
3268 5797 3318 5850 p.
3355 5782 3443 5851 77,

1845 5853 1930 5911 ed.
1958 5853 2145 5911 Lectii.
2175 5854 2379 5910 ORELL.
2827 5879 2830 5883 ~
