3850 6342
128 362 219 418 72l

1509 363 1713 421 LIBER
1752 362 2023 423 PRIMUS.

3311 373 3422 428 7-3.9.

126 492 308 548 repere
330 519 348 546 ,
413 487 506 534 aut
552 477 814 551 praecipiti
859 479 1024 550 coepit
1080 479 1416 538 volubilitate
1460 480 1710 552 raptari?
1741 485 1795 544 Α
1819 481 2008 550 longos
2031 480 2230 538 habere
2256 481 2371 537 dies
2393 481 2604 548 bruma,
2635 496 2891 538 revocare
2918 481 3254 539 tardissimas
3275 483 3423 540 luces

125 573 382 642 Numquid
407 574 476 629 ab
491 572 727 630 occiduis
755 573 997 644 partibus
1021 573 1250 629 attolere
1273 590 1332 630 se
1358 583 1523 641 astra,
1555 582 1716 644 atque

126 667 175 722 iu
201 675 348 720 ortus
374 667 486 720 fieri
517 674 542 702 τι
565 665 838 735 signorum
869 675 1044 732 empta
1071 675 1154 718 est
1201 664 1520 720 inclinatio?
1549 665 1714 719 Nunt-

125 757 243 828 quid
291 758 405 828 ipse
444 757 680 812 siderum
727 758 807 810 sol
853 758 1125 826 princeps.
1175 759 1327 823 cuius
1373 758 1550 810 omnia
1598 756 1717 811 luce

124 851 438 910 ve~tiuotur,
470 858 633 918 atque
650 848 959 902 animantur
980 849 1182 912 calore,
1214 847 1436 908 exarsit,
1465 846 1715 912 intepuit,

124 949 272 1010 atque
295 941 346 994 in
379 941 683 995 contrarios
713 940 927 995 habitus
967 939 1350 995 moderaminis
1391 939 1534 993 Soliti
1577 948 1714 994 tem-

123 1040 423 1102 peramenta
472 1033 759 1100 corrupit?
805 1032 1071 1103 Numquid
1118 1032 1242 1086 luna
1292 1031 1489 1087 desivit
1535 1030 1716 1086 redin-

122 1131 319 1192 tegrare
347 1139 405 1178 se
429 1125 617 1194 ipsam.
650 1137 811 1192 atque
833 1125 884 1178 iu
910 1137 1120 1180 veteres
1149 1124 1350 1179 formas
1379 1124 1710 1178 novellarum

122 1229 326 1284 semper
369 1218 711 1270 restitutione
762 1216 1045 1271 traducere
1083 1215 1106 1266 ?
1153 1215 1419 1286 Numquid
1482 1214 1711 1285 frigora,

123 1309 364 1377 numquid
407 1310 656 1375 calores,
703 1310 964 1380 nttmquid
1011 1321 1224 1380 tepores
1273 1309 1433 1366 medii
1477 1310 1715 1379 inaequa-

121 1398 238 1453 lium
270 1409 570 1471 temporum
600 1401 1013 1458 confusionibus
1041 1401 1400 1458 occiderunt?
1441 1399 1714 1472 Numquid

1821 588 1930 630 nox
1966 577 2132 644 cmpit
2159 575 2407 630 testans?
2436 574 2704 645 Numquid
2749 589 2873 630 suas
2900 577 3107 630 animas
3136 577 3418 648 expirave-

1821 676 1949 720 runt
1995 667 2189 720 venti?
2242 667 2611 737 emortiusque
2657 665 2963 722 flaminibus
3005 682 3177 738 neque
3223 668 3420 724 ctelum

1821 769 2102 816 coactatur
2134 761 2185 814 in
2215 758 2420 825 nubila,
2470 774 2567 813 nec
2595 759 2866 813 madidata
2892 776 2959 814 ex
2988 759 3250 814 imbribus
3293 775 3422 816 arva

1825 850 2174 908 succedunt?
2218 849 2610 905 Commendata
2643 849 2852 904 semina
2894 850 3053 904 tellus
3084 858 3294 904 recusat
3330 865 3423 904 ac-

1823 942 2006 998 cidere
2036 982 2050 1006 ,
2087 952 2176 995 aut
2204 940 2550 996 frondescere
2579 939 2804 994 arbores
2855 940 3094 994 nolunt?
3124 953 3288 1010 sapor
3315 939 3427 994 frit.

1819 1034 1976 1104 gibus
2019 1034 2339 1097 esculentis,
2390 1041 2446 1087 et
2491 1032 2614 1086 vitis
2660 1032 2957 1103 liquoribus
3023 1041 3258 1088 mutatus
3294 1036 3426 1088 est?

1819 1125 2066 1180 olearum
2097 1140 2164 1179 ex
2193 1124 2430 1180 bucculis
2469 1138 2633 1178 cruor
2662 1133 2798 1178 teter
2834 1125 3174 1193 exprimitur,
3216 1139 3314 1178 nec
3343 1124 3424 1177 ln-

1820 1217 1952 1272 mini
1981 1217 2423 1272 subministratur
2449 1216 2686 1271 etttincto
2712 1215 2734 1268 ?
2768 1217 3029 1271 Animalia
3061 1217 3221 1271 terris
3244 1224 3416 1281 sueta,

1819 1320 1981 1380 atque
2011 1310 2066 1364 in
2102 1309 2256 1379 aquis
2279 1307 2527 1379 degentia
2557 1323 2665 1363 non
2691 1307 2922 1374 suriunt,
2956 1323 3055 1363 nec
3079 1306 3423 1378 concipiunt?

1347 1540 1732 1599 LECTIONES
1773 1539 1858 1595 VA
1869 1533 2192 1592 RIANTES.

235 1676 313 1726 Ita
327 1675 448 1728 Sab.
472 1677 529 1728 In
551 1689 690 1731 ortus
706 1679 825 1730 ferri
862 1678 1004 1730 Fulr.

1483 1785 2044 1864 COMMENTARIUS.

121 1923 259 1978 rimis
290 1930 566 1986 veterum,
599 1921 846 1989 Manilio,
876 1922 1129 1978 Lucretio
1171 1931 1227 1979 et
1273 1924 1415 1978 aliis.
1459 1923 1657 1979 Festus
1690 1943 1704 1977 :
1737 1923 1784 1983 B

123 1994 334 2046 Mundus
371 1995 644 2061 appetatur
691 1995 892 2055 rtelum,
924 2006 1078 2056 terra,
1111 2010 1249 2047 mare
1274 2004 1322 2047 et
1360 2012 1469 2049 aer.
1498 1994 1707 2048 Macro-

120 2064 229 2118 bius
273 2064 336 2117 ad
388 2063 580 2118 Somn.
631 2061 802 2128 Scit...
851 2065 944 2119 lib.
987 2080 1045 2125 tt,
1079 2079 1198 2133 cap.
1229 2065 1338 2119 9.0:
1373 2065 1496 2118 Non
1542 2067 1710 2118 solum

121 2145 292 2187 terram
313 2177 326 2193 .
358 2135 447 2187 sed
492 2135 659 2203 ipsum
707 2151 902 2203 quoque
931 2135 1145 2198 caelum,
1179 2136 1314 2203 quod
1344 2151 1457 2188 vere
1489 2136 1711 2188 mundus

120 2218 333 2260 rocatur.
368 2207 640 2271 temperari
665 2222 696 2256 a
717 2207 823 2257 sole
847 2207 1207 2258 certissimum.
1239 2206 1355 2260 Lib.
1383 2222 1444 2269 ll,
1473 2221 1592 2271 cap.
1614 2205 1706 2266 20,

121 2277 242 2328 unde
266 2287 312 2328 et
339 2277 628 2328 mundanus
651 2276 857 2336 dicitur,
891 2277 1012 2344 quia
1042 2277 1262 2329 mundus
1295 2277 1502 2346 proprie
1527 2277 1711 2329 cwlum

123 2347 316 2401 dicitur.
342 2346 549 2400 Ennius
577 2347 631 2400 itt
656 2348 910 2414 Scupione
935 2363 949 2399 :

292 2486 352 2498 —-
376 2460 586 2510 Mundus
607 2460 718 2509 caeli
746 2467 911 2510 vastus
934 2463 1154 2511 constitit
1178 2462 1399 2510 silentio.
1440 2460 1709 2510 Mecnsws.

187 2564 477 2690 Cujus
499 2565 671 2618 omnia
698 2566 996 2620 vestiuntur.
1023 2566 1098 2619 lta
1129 2565 1197 2620 de
1226 2565 1362 2627 sole.
1401 2564 1709 2629 Lucretius,

204 2651 336 2690 vers.
443 2672 462 2690 ι
508 2654 520 2690 :

125 2648 174 2698 ll,
204 2651 336 2690 γεγε.
373 2648 477 2691 145
508 2654 520 2690 ε

297 2749 452 2807 Quam
473 2750 640 2798 subito
672 2749 831 2798 soleat
865 2749 935 2797 sol
962 2755 1103 2798 ortus
1129 2754 1355 2807 tempore
1378 2748 1459 2796 tali

296 2812 584 2860 Convo‘stire
609 2825 693 2859 sua
721 2811 1023 2873 perfundens
1047 2811 1207 2873 onmia
1231 2811 1364 2870 luce,

299 2873 539 2922 Omnibus
567 2875 613 2921 in
641 2871 885 2935 promptu,
921 2871 1335 2933 manifestumque
1363 2871 1604 2921 videmus.

127 2973 183 3028 Et
214 2976 452 3047 Virgilius
482 2977 612 3032 ZEo.
646 2993 718 3038 vr,
746 2977 850 3030 640
878 2996 890 3030 :

295 3092 502 3202 ἕπετςίοΓ
524 3091 604 3140 bic
627 3103 824 3154 campos
848 3089 1005 3139 aether
1029 3097 1081 3138 et
1107 3089 1288 3138 lumine
1318 3089 1462 3137 vestit

337 3167 573 3202 υΓΗυΓΩΟ.

337 3167 573 3202 υΓΗυΓΕΟ.

192 3258 635 3327 “lamminae”
661 3257 827 3327 Epist.
848 3259 915 3312 ad
937 3259 991 3312 J.
1025 3257 1092 3311 D.
1131 3257 1375 3311 IIortens.
1399 3256 1450 3309 in
1478 3273 1573 3309 van
1605 3255 1712 3310 Ho-

127 3345 206 3382 τευ
234 3329 315 3382 0t.
344 3329 498 3387 ιλιι..
533 3347 584 3397 p.
618 3329 704 3382 72.
731 3335 745 3394 )

189 3401 390 3459 Colore.
429 3403 620 3454 exarsit
643 3442 656 3460 ,
691 3401 925 3466 intepuit.
963 3400 1052 3453 Sie
1102 3398 1589 3467 interpttngendnm
1617 3438 1630 3457 .
1661 3407 1719 3452 ιιι

129 3472 281 3523 calore
310 3471 575 3525 referatur
599 3472 664 3523 ad
691 3472 1003 3540 praecedens
1026 3472 1341 3540 animantur:
1365 3470 1514 3534 Quod
1541 3469 1713 3522 visum

129 3553 272 3593 ettatn
324 3543 641 3595 doctissimo
685 3542 798 3594 vim
847 3541 1004 3594 Petro
1046 3541 1246 3594 Berlin.
1297 3539 1560 3592 Exttrdere
1587 3556 1716 3592 vero

129 3612 243 3664 dixit
272 3629 362 3678 pro
392 3615 580 3665 artiore
607 3613 774 3675 desiit,
806 3612 1260 3680 qnetnadmmlntn
1289 3621 1450 3664 etiam
1496 3610 1712 3663 Martia-

131 3682 218 3734 lem
246 3685 312 3736 mi
342 3685 651 3748 observavi,
685 3684 776 3736 lib.
808 3699 881 3741 ιιι,
916 3683 1098 3750 Epigr.
1131 3681 1200 3736 66
1233 3697 1246 3735 :

296 3825 401 3888 .lam
426 3838 586 3888 prono
609 3823 921 3888 Pbaetbonte
944 3822 1087 3871 sudat
1112 3820 1291 3870 A'ltlton

300 3886 596 3948 lixarlsitque.
630 3886 755 3934 dies.

193 3989 404 4044 Μειτιις..
439 4010 491 4056 p.
517 3992 570 4044 5.
591 4021 658 4030 —
685 3988 916 4055 lntepuit
938 3997 1020 4040 est
1048 3990 1296 4055 tepefacta
1324 3986 1507 4037 ardore
1536 3985 1717 4054 (ardo-

132 4062 193 4112 ris
236 4062 550 4114 detrimenta
612 4066 836 4126 passn-l
888 4059 1140 4123 deriguit,
1187 4066 1244 4109 ut
1291 4057 1412 4126 ipse
1446 4057 1718 4110 Arnobius

133 4132 268 4183 infra.
306 4132 492 4197 'I‘rpere
532 4125 732 4185 Scilicet
767 4130 853 4183 ubi
887 4146 1006 4181 eum
1039 4128 1240 4196 trigore
1286 4125 1582 4185 confertur.
1623 4142 1713 4180 ea-

133 4202 278 4254 lorem
308 4205 552 4270 signare:
589 4204 630 4254 si
665 4217 785 4253 eum
831 4201 1012 4254 calore
1041 4208 1418 4321 eotnronatur,
1457 4197 1714 4265 lrigidita-

133 4282 243 4321 le'n-
276 4276 453 4321 multis
495 4275 761 4321 exetntilts
808 4269 1045 4321 ostendit
1088 4269 1158 4321 Bc
1185 4269 1344 4321 totius
1378 4269 1428 4321 in
1462 4272 1714 4321 Anonlto-

133 4282 243 4333 ten,
276 4269 453 4326 multis
495 4275 761 4336 exemplis
808 4269 1045 4324 ostendit
1088 4269 1344 4324 Bcltotius
1378 4269 1428 4321 ιιι
1462 4272 1716 4337 Apopho-

133 4353 240 4399 ιρι..
269 4344 354 4396 lib.
385 4362 459 4406 Ill,
485 4359 605 4412 cap.
633 4347 686 4398 5.
715 4346 918 4397 (lttELL.

198 4435 552 4488 .llorlrrmninis
581 4436 714 4488 soliti
745 4441 1163 4496 tentperamenta.
1196 4429 1248 4482 Id
1277 4439 1359 4482 est
1387 4448 1396 4482 :
1430 4430 1716 4483 mediocri-

2001 1924 2026 1991 ι]
2035 1937 2110 1974 am
2134 1927 2270 1991 veris
2289 1928 2512 1991 comites.
2537 1929 2622 1990 qui
2641 1939 2777 1991 mare
2803 1932 3106 1991 temperant,

2005 1987 2271 2049 lmpelluut
2292 1989 2466 2038 animae
2488 1987 2645 2040 lintea
2667 1990 2909 2039 Thraciae.

1820 2086 2074 2162 Usitatum
2102 2102 2198 2154 est.
2228 2094 2423 2162 inquit,
2449 2097 2609 2162 poetis
2635 2097 2832 2149 animas
2857 2095 3120 2148 nominare
3144 2093 3316 2161 ﬂatus,
3345 2094 3423 2145 al-

1815 2159 2016 2238 lusione
2037 2162 2268 2238 t'oeabuti
2293 2159 2460 2238 Graeci
2487 2164 2693 2238 ἆοίεμος.
2713 2166 2958 2220 ELueun.
2976 2193 3048 2205 --
3063 2159 3428 2238 Plura_ex_em-

1817 2229 1900 2308 pla
1921 2231 2106 2308 citavit
2135 2233 2498 2308 Meursius.in
2524 2229 2724 2290 critico
2756 2252 2873 2308 suo.
2902 2250 3019 2308 pag.
3050 2234 3104 2297 4,
3133 2233 3267 2288 etC.
3293 2233 3423 2287 Bar-

1817 2297 1961 2374 thius
1992 2301 2044 2354 in
2072 2303 2384 2368 Adversar.,
2409 2307 2501 2360 lib.
2533 2323 2610 2367 ιιι,
2639 2321 2757 2374 cap.
2797 2306 2880 2360 12.
2903 2297 3117 2359 Ὀιιειι.

1895 2370 2261 2446 Emortutsque
2290 2377 2608 2446 ﬂaminibus.
2640 2370 2865 2431 Veteres
2908 2376 3086 2429 omnia
3118 2372 3422 2446 deficientia

1823 2443 1956 2494 mori
2014 2443 2265 2517 dicebant
2291 2443 2380 2501 'ex
2431 2447 2935 2517 Pytltagormorum,
2970 2445 3234 2499 sententia
3262 2487 3280 2517 ,ί
3332 2445 3422 2514 qui

1821 2525 2012 2583 omne,
2046 2516 2189 2583 quod
2232 2516 2542 2578 cresceret.
2574 2519 2807 2571 animam
2857 2516 3055 2570 habere
3105 2516 3420 2571 censebant.

1818 2580 2092 2652 Virgilius,
2126 2585 2320 2656 Georg.
2358 2604 2394 2652 ι,
2428 2588 2564 2643 107τ

2013 2675 2072 2725 Et
2093 2689 2204 2725 cum
2231 2683 2420 2728 exustis
2444 2692 2567 2740 ager
2592 2681 2918 2729 morientibus
2940 2686 3114 2729 aestuat
3136 2678 3324 2728 berbis.

1820 2756 1921 2812 Ubi
1954 2758 2218 2813 videndus
2245 2761 2486 2816 Servius.
2520 2762 2737 2816 l’ei'sius
2765 2763 2955 2832 Satyra
2983 2762 3017 2815 4
3046 2779 3059 2813 :

2008 2848 2287 2899 Paunosam
2315 2850 2488 2899 faecem
2510 2853 2767 2900 morientis
2784 2852 2939 2901 sorbit
2963 2851 3107 2899 aceti.

1820 2952 2122 3024 Cyprianus
2151 2964 2336 3007 contra.
2369 2954 2764 3008 Demetriannm
2799 2973 2812 3008 :
2854 2953 3014 3006 Vinea
3045 2953 3160 3006 licet
3177 2953 3347 3021 fallat,
3379 2964 3426 3006 et

1821 3027 1936 3077 olea
1963 3024 2206 3093 decipiat,
2249 3035 2296 3076 et
2348 3025 2513 3076 herbis
2562 3025 2786 3093 siccitate
2832 3026 3159 3076 morientibus
3203 3035 3425 3077 wsluuns

1824 3111 2035 3157 campus
2063 3090 2280 3155 arescat,
2313 3095 2433 3162 quid
2465 3095 2560 3146 hoc
2581 3095 2649 3146 ad
2671 3090 3025 3147 Christianos?
3043 3105 3092 3147 et
3122 3097 3232 3162 ipse
3253 3095 3423 3146 Arno-

1822 3165 1941 3218 bius
1973 3163 2105 3216 intra
2128 3182 2140 3218 :
2165 3165 2406 3232 Difﬁciles
2438 3165 2624 3233 pluvia:
2644 3174 2754 3217 sata
2777 3166 2968 3233 faciunt
2986 3166 3160 3218 emori.
3186 3163 3422 3226 MEURS..

1819 3250 1940 3304 pag.
1975 3235 2028 3288 5.

1893 3305 2188 3358 Coactalur.
2216 3305 2288 3357 ita
2314 3305 2487 3358 editor
2522 3305 2690 3374 Lugd.
2717 3305 2834 3359 Bat.
2869 3319 2934 3358 ex
2966 3306 3270 3369 conjectura
3297 3304 3424 3358 Ful-

1820 3376 1889 3428 vii
1922 3375 2104 3430 Ur-tni
2154 3376 2455 3440 verissima,
2513 3391 2673 3444 quant
2726 3376 3154 3429 Elmenltorsnus
3204 3378 3253 3428 in
3296 3375 3418 3429 Var.

1821 3445 2138 3499 Lectionum
2188 3446 2370 3497 libello
2414 3446 2783 3511 exemplorum
2833 3446 2974 3498 nube
3022 3447 3246 3508 astruit,
3297 3461 3421 3512 pro-

1821 3517 1981 3569 bante
2012 3518 2171 3568 etiam
2203 3515 2332 3569 Adr.
2389 3515 2611 3569 Bebotio
2661 3517 2712 3568 in
2749 3516 3130 3583 Apopltorctis.
3177 3513 3422 3569 Coactare

1821 3587 1940 3639 scil.
1971 3586 2417 3650 frequentativum
2448 3604 2475 3637 a
2505 3602 2682 3655 cogere
2710 3596 2788 3640 est
2816 3587 3034 3639 verbum
3065 3587 3341 3653 antiquum
3365 3597 3421 3640 et

1823 3655 2201 3710 Lucretianum
2227 3657 2406 3722 (Conf.
2433 3657 2500 3710 de
2520 3656 2646 3710 ller.
2670 3665 2806 3716 nat..
2833 3673 2902 3712 γι,
2928 3672 3005 3709 vs.
3031 3655 3212 3721 “20),
3241 3657 3418 3724 qualia

1822 3728 2008 3780 multis
2038 3729 2088 3778 in
2121 3726 2256 3779 locis
2288 3729 2338 3778 in
2382 3726 2624 3780 Aroobio
2655 3726 2988 3794 antiquitatis
3019 3727 3418 3781 studiosissimo

1823 3797 2095 3850 imitatore
2150 3808 2275 3850 sunt
2331 3797 2683 3851 restituenda.
2737 3796 3002 3866 Coguntur
3058 3796 3214 3848 nubes
3257 3798 3416 3859 caelo,

1825 3870 2163 3940 συνάγονται,
2191 3867 2395 3921 centies
2423 3867 2563 3937 apud
2594 3877 2826 3940 veteres,
2855 3875 3179 3940 coarctantur
3209 3870 3419 3940 (utraeq-

1823 3948 1921 3991 ιρι-ι
1956 3936 2172 4001 habent,
2223 3940 2381 3989 etiam
2435 3936 2837 3990 recentissimus
2885 3937 3079 3996 editor,
3120 3936 3414 4004 Obertbt'tr)

1822 4023 1928 4061 non
1965 4010 2089 4080 item
2113 4048 2126 4070 ,
2163 4007 2263 4061 nisi
2288 4007 2353 4061 de
2386 4008 2448 4080 iis
2477 4023 2658 4061 sermo
2683 4011 2749 4061 sit
2771 4049 2786 4069 ,
2820 4023 2938 4074 qua:
2962 4006 3032 4080 _iu
3062 4011 3418 4080 στενοχωρίας

1821 4089 1874 4131 ct
1908 4079 2170 4132 montium
2216 4078 2491 4131 convalles
2534 4080 2704 4132 ventis
2747 4077 3164 4146 compelluntur.
3210 4077 3415 4131 Uni-21.1..

1899 4148 2008 4202 Nec
2041 4147 2305 4202 mudiduta
2335 4165 2395 4201 ex
2424 4149 2667 4201 imbribus
2697 4165 2819 4201 arva
2845 4147 3118 4200 succedunt
3137 4148 3160 4200 ξ)
3182 4146 3309 4200 Huic
3335 4157 3420 4201 est.

1823 4219 1925 4272 Tb.
1973 4220 2189 4273 Cameri
2234 4218 2576 4280 entenda'io.
2629 4229 2856 4286 excepta
2906 4228 3112 4270 tantum
3160 4220 3417 4285 ιιι-πυροει-

1823 4292 1967 4343 lione
2015 4307 2097 4350 eat,
2130 4306 2288 4358 quam
2339 4303 2436 4342 nos
2483 4289 2811 4342 addidimus.
2843 4287 3024 4342 Codex
3055 4303 3156 4340 ms.
3208 4288 3366 4341 liabet
3401 4306 3413 4340 :

1822 4378 1912 4414 nec
1940 4361 2195 4413 madidari
2238 4376 2302 4413 ex
2333 4360 2572 4412 imbribus
2603 4377 2726 4412 arva
2767 4361 3041 4412 succedunt
3064 4399 3077 4416 ,
3105 4373 3264 4425 quam
3297 4370 3414 4413 tue-

1823 4443 2004 4486 tuetur
2035 4431 2298 4484 llet‘aldus
2319 4432 2588 4485 succedunt
2613 4431 2812 4482 dictum
2843 4439 3034 4499 putans
3057 4443 3153 4496 pro
3175 4441 3411 4499 pergunt.

135 4513 276 4557 tatem
302 4507 443 4559 illam
477 4510 619 4560 inter
647 4507 868 4558 nauium
899 4505 1137 4556 calorem
1167 4512 1222 4553 et
1262 4500 1428 4568 frigus
1453 4543 1467 4566 ,
1501 4518 1601 4569 qua
1636 4505 1714 4555 sol
1747 4498 1794 4557 D
1823 4502 1928 4557 Sed
1979 4502 2246 4554 succedere
2278 4503 2363 4556 vix
2403 4513 2484 4554 est
2518 4517 2741 4569 pergere
2772 4498 3088 4566 simpliciter
3109 4540 3124 4562 ,
3174 4498 3276 4550 sed?
3297 4517 3417 4568 per-

137 4585 272 4627 ltlt‘lit‘.
305 4578 636 4630 moderatur.
675 4578 746 4629 Ita
780 4576 1077 4641 sa-pissime
1113 4570 1255 4640 apud
1285 4585 1496 4626 veteres
1527 4585 1716 4642 tempe-

137 4647 235 4699 ries.
266 4657 606 4714 temperatura
638 4648 770 4700 cwli.
794 4645 997 4699 ORELL.

200 4715 521 4769 Norrllnrum
549 4735 748 4781 semper
779 4717 1113 4768 restitutione.
1169 4714 1300 4768 Nota
1333 4715 1452 4785 ὐφέν
1492 4729 1721 4785 semper-

137 4789 442 4841 rcstitutione.
478 4788 571 4843 Sic.
601 4788 879 4842 Lucretius
900 4829 912 4844 .
939 4801 1098 4855 quem
1140 4783 1437 4855 schissitne
1483 4783 1718 4837 imitatur

141 4860 380 4913 Arnobius
408 4871 618 4919 noster,
654 4859 745 4912 lib.
780 4874 815 4922 ι,
853 4857 955 4910 125
985 4876 998 4910 :

307 4972 441 5019 lTnde.
463 4973 553 5020 sibi
584 4978 828 5019 extortam
849 4969 1307 5032 semper-ﬂorentis
1327 4967 1530 5017 Homeri

316 5036 674 5083 Commemorat
698 5035 937 5095 speciem.

142 5133 202 5186 lla
241 5152 444 5204 quoque
485 5138 900 5206 semper-lenitus
944 5137 1084 5205 apud
1132 5137 1443 5191 Terentium
1496 5135 1711 5199 Andria,

141 5217 230 5278 art.
273 5223 306 5270 l,
354 5225 500 5260 seen.
532 5210 587 5262 ‘2.
627 5208 857 5272 MEURS.,
892 5229 944 5278 p.
987 5211 1038 5262 4.
1072 5238 1140 5246 -
1170 5213 1236 5260 At
1278 5207 1514 5262 Lucretii
1565 5208 1716 5260 loeus

144 5277 251 5328 nihil
286 5280 488 5341 probat.
519 5287 724 5332 UltELL.

209 5347 457 5419 Numquid
505 5363 705 5416 tepores
733 5351 882 5402 medii
915 5351 1245 5421 ianiialiuiii
1278 5361 1562 5414 temporum
1592 5365 1715 5401 con-

147 5418 400 5478 lationibus
429 5423 762 5473 occiderunt?
792 5418 1036 5476 Pessime
1056 5421 1319 5476 Meur~ios
1351 5439 1360 5472 :
1393 5438 1480 5472 acc
1505 5422 1710 5473 derunt.

148 5499 318 5552 tepores
345 5494 491 5544 medii
519 5503 639 5544 sunt
668 5502 882 5560 tepores
916 5496 1055 5546 veris
1082 5505 1134 5547 et
1158 5493 1423 5550 aumoini.
1454 5494 1540 5557 qui
1575 5491 1715 5544 orci-

148 5563 258 5611 «iuot
278 5562 326 5614 itt
345 5582 356 5609 ι
377 5565 622 5628 ψιλιιιιιιδ
650 5563 978 5628 temporibus
999 5567 1112 5617 sive
1133 5565 1256 5615 anni
1284 5572 1562 5628 tempestat
1589 5562 1706 5626 bus,

149 5644 306 5702 :::.~._'_:itr
334 5634 444 5686 scil.
474 5648 523 5686 et
558 5635 751 5702 byn-nte
778 5650 897 5685 eum
925 5635 1029 5686 illis
1057 5634 1316 5686 confusis.
1351 5639 1552 5686 UtttzLL.

210 5699 534 5756 Tardissinms
569 5699 724 5756 luem.
761 5703 916 5756 Luces
949 5707 1000 5757 lt.
1041 5706 1074 5756 Ι.
1112 5720 1205 5770 pro
1235 5705 1481 5756 diluculo.
1513 5704 1708 5756 URELL.

215 5771 460 5840 Numquid
485 5793 604 5827 suas
631 5775 830 5827 animus
859 5777 1177 5844 exspiravero
1204 5776 1355 5828 venit.
1383 5774 1712 5844 SCltUll.ISLCS

154 5853 281 5896 vetus
309 5845 370 5897 ad
399 5847 708 5899 notissimos
735 5845 853 5898 illos
887 5843 1086 5899 lloratii
1118 5863 1306 5901 versus
1326 5888 1338 5909 ,
1366 5860 1404 5897 ιι
1423 5885 1434 5907 ,
1465 5843 1563 5897 ΟιΙ.
1602 5845 1663 5896 l2
1696 5863 1708 5900 :

1823 4588 1950 4643 gere
1994 4575 2042 4625 in
2080 4573 2296 4637 labore,
2329 4589 2484 4639 quem
2519 4572 2655 4624 alius
2705 4572 3068 4643 inchoaverat.
3106 4569 3413 4643 Ment'stus,

1826 4641 1946 4713 pag.
1983 4643 2015 4696 5
2035 4686 2049 4706 ,
2083 4643 2226 4708 conj.
2261 4643 2634 4696 ntadidari.....
2663 4643 2902 4695 succedit.
2931 4641 3185 4713 Gelenius
3216 4641 3413 4693 edidit'

1825 4712 1914 4766 nec
1942 4715 2205 4765 iradidata
2233 4714 2473 4766 imbribus
2492 4729 2612 4765 arva
2639 4722 2964 4775 succescunl,
2997 4712 3046 4764 id
3071 4721 3153 4764 est
3194 4726 3413 4764 succum

1823 4786 2062 4851 capiunt.
2090 4785 2388 4838 Salmasius
2416 4783 2576 4836 edidit
2601 4800 2689 4834 nec
2717 4784 2912 4834 ntudori
2941 4799 3005 4835 ex
3026 4781 3267 4833 imbribus
3291 4799 3416 4834 arva

1823 4865 2140 4909 succescnnt.
2189 4853 2446 4907 Beltotius
2477 4855 2526 4904 in
2560 4853 2950 4920 Apopliorctis,
2974 4853 3065 4906 lib.
3100 4868 3185 4915 Ill,
3218 4853 3411 4917 cap.5,

1823 4929 1967 4994 COIIj.
1999 4923 2254 4976 madidari
2400 4936 2658 4974 suescunt.
2696 4923 3008 4990 l’raepositio
3038 4938 3100 4974 ea:
3131 4938 3233 4974 non
3260 4923 3416 4975 debe-

1823 4995 1914 5048 bat
1974 4996 2249 5048 olli-odere
2302 4994 2546 5046 Grotimn
2619 4995 2883 5060 legentem
2919 5009 3046 5044 :nec
3103 4994 3417 5045 niadidarier

1821 5066 2066 5118 imbribus
2114 5081 2236 5116 arva
2283 5063 2594 5121 succedunt.
2649 5076 2700 5116 et
2749 5064 3060 5116 Cantet'tnn.
3097 5063 3413 5116 SOIt'lt'ltllll

1823 5137 2094 5189 Arnobius
2126 5135 2538 5200 pra-positiones
2578 5150 2670 5196 ex,
2717 5135 2798 5192 de,
2851 5133 2902 5184 in
2952 5133 3287 5185 abundanter
3320 5149 3414 5200 po-

1823 5223 1952 5259 nere
2019 5205 2319 5258 imitatione
2373 5202 2711 5270 GI‘RBCOFIlm,
2759 5204 2847 5271 qui
2905 5206 2956 5256 ἐκ
3009 5203 3196 5255 eodem
3253 5203 3415 5256 modo

1821 5286 2099 5345 usurpant.
2128 5279 2333 5329 (lnELL.

1895 5342 1965 5399 Et
1996 5348 2108 5399 vitis
2154 5347 2433 5415 liquoribus
2466 5355 2690 5398 mutatus
2724 5354 2817 5397 est.
2853 5342 2986 5415 lbet:
3025 5349 3114 5415 est»
3138 5342 3416 5396 verissima

1823 5419 1982 5473 lectio
2025 5435 2184 5486 quam
2206 5413 2245 5471 vc
2273 5416 2471 5470 Codice
2506 5428 2644 5468 tnsto
2678 5418 2816 5467 eruit
2844 5413 2892 5467 J.
2926 5413 3185 5486 Meursius
3217 5416 3266 5464 ιιι
3292 5419 3413 5486 Ap-

1822 5482 2070 5559 pendicc'.
2105 5489 2328 5544 Sabwus
2359 5496 2412 5542 et
2459 5487 2717 5540 Gelenius
2745 5487 2832 5538 ed.
2876 5482 3412 5605 exustisoliqttoribus.

3115 5567 3270 5605 RELL.

3115 5567 3270 5606 RELL.

1896 5630 2018 5684 Non
2068 5631 2285 5683 sariunt.
2325 5631 2396 5682 lla
2427 5629 2601 5683 etlitor
2631 5625 2908 5680 Leidensis
2933 5639 2996 5676 ex
3039 5624 3418 5677 emendatione

1825 5701 1883 5756 F.
1935 5701 2132 5756 Ursitn.
2185 5701 2368 5754 (Iudex
2417 5717 2519 5753 ms.
2580 5701 2738 5751 habet
2774 5715 2785 5748 :
2821 5713 2918 5747 non
2964 5695 3224 5754 esto-inut,
3273 5694 3417 5762 quod

1819 5784 2010 5827 tuetur
2059 5773 2362 5834 lleraldus,
2415 5768 2918 5843 esurireaccipiens
2966 5781 3060 5843 pro
3114 5764 3308 5843 sui-ire,
3340 5773 3422 5843 .ut

1812 5845 2081 5913 egelidum
2135 5861 2231 5913 pro
2262 5842 2514 5906 qclidunt.
2566 5833 3106 5908 illiqueiastipttlatttr
3161 5833 3420 5890 liclmlius
