3850 6362
358 356 457 412 751

1511 354 1787 414 ARNOBII
1824 351 2189 413 ADVERSUS
2225 354 2502 415 GENTES

3550 353 3656 414 732

355 470 524 533 sibus.
556 470 693 527 hanc
737 471 897 526 habet
940 470 1040 526 sibi
1071 470 1244 542 legem
1273 473 1471 535 datam,
1504 479 1562 524 ut
1589 471 1799 541 expiret
1847 485 1946 525 no-
1976 493 2028 551 Α
2053 477 2244 526 ventos
2263 471 2467 541 jamdiu
2509 486 2613 526 non
2645 485 2788 538 esse,
2839 481 2894 527 et
2918 471 3042 528 caeli
3071 471 3450 543 conquievisse
3493 471 3650 528 natu-

355 562 697 617 centissimos
719 560 936 624 halitus,
961 563 1153 630 quibus
1180 570 1462 629 corruptus
1487 575 1580 613 aer
1605 562 1726 623 iste,
1753 570 1806 615 et
1827 575 1946 615 cor-

357 653 576 722 poribus
625 653 797 708 labem
833 653 985 716 lerat,
1041 664 1095 707 et
1141 651 1345 721 negotia
1396 650 1631 704 inllrmet
1679 650 1947 705 humana?

354 741 497 810 Quid
537 743 605 808 si,
656 742 798 812 quod
841 742 1140 812 proximum
1189 755 1316 793 vero
1355 750 1458 803 est,
1492 741 1744 810 quicquid
1791 742 1946 795 nobis

353 836 565 892 videtur
594 836 902 898 adversum,
936 833 1138 887 mundo
1170 834 1268 903 ipsi
1300 849 1404 900 non
1435 843 1517 887 est
1545 834 1741 890 malum
1779 851 1790 885 :
1827 849 1946 887 out-

354 907 552 998 niaque
586 942 704 995 qua:
736 924 869 978 lium
900 926 1095 977 nostris
1123 923 1592 978 commoditatibus
1623 933 1940 988 statuentes,

351 1018 695 1088 opinionibus
753 1015 1010 1084 improbis
1067 1017 1410 1069 criminanmr
1459 1024 1649 1070 eventa
1705 1016 1945 1070 natura?!

350 1109 522 1176 Plato,
561 1107 650 1162 ille
689 1107 930 1163 sublimis
958 1124 1091 1177 apex
1123 1108 1560 1176 philosophorum
1593 1119 1648 1163 et
1671 1110 1938 1175 columen,

349 1215 495 1256 saeva
515 1199 602 1256 illa
630 1200 849 1263 diluvia,
880 1212 932 1254 et
959 1201 1408 1271 eonllagratiOnes
1433 1201 1637 1265 mundi,
1671 1201 1941 1271 purgatio-

347 1308 469 1348 nem
519 1301 780 1347 lerrarum
813 1292 923 1346 suis
951 1307 1069 1346 esse
1116 1294 1167 1345 iu
1210 1294 1613 1348 coinmentariis
1658 1292 1940 1367 prodidit;

349 1399 450 1439 nec
479 1386 562 1438 vir
585 1384 819 1455 prudens
841 1385 1086 1439 extimuit
1113 1385 1329 1439 immani
1368 1388 1600 1455 generis,
1634 1385 1940 1440 subrersio-

345 1492 490 1538 nem,
516 1477 746 1540 cladem,
780 1477 986 1540 ruinas.
1021 1477 1290 1545 interitus,
1322 1479 1528 1544 funera,
1556 1494 1732 1532 rerum
1779 1479 1936 1533 iuno-

343 1568 610 1624 vationem
643 1585 856 1634 vocare,
889 1578 940 1623 et
964 1569 1300 1638 juventutem
1330 1570 1414 1624 his
1444 1570 1728 1640 quamdam
1758 1571 1938 1624 rediu-

345 1661 567 1731 tegratis
595 1661 797 1715 viribus
822 1662 1140 1730 comparari.

416 1752 506 1808 IX.
557 1752 673 1807 Non
723 1753 873 1821 pluit,
920 1754 1108 1822 inquit,
1164 1754 1382 1819 omium,
1433 1763 1487 1809 et
1536 1754 1931 1811 frumentorum

341 1843 517 1913 inopia
561 1843 741 1897 nescio
769 1857 872 1912 qua
915 1843 1237 1898 laboramus.
1289 1843 1427 1911 Quid
1478 1846 1620 1901 enim
1671 1848 1935 1902 inservire

339 1935 604 1990 elementa
635 1932 736 1987 tuis
768 1933 1173 1987 necessitatibus
1204 1935 1481 2003 postulas?
1535 1945 1716 2006 alque,
1767 1946 1824 1992 ut
1855 1938 1933 1991 vi-

342 2038 470 2079 vere
499 2023 714 2078 mollius
736 2034 790 2078 et
816 2024 1094 2080 delicatius
1125 2035 1178 2080 tu
1208 2027 1403 2094 possis,
1433 2027 1691 2097 obsequia
1725 2040 1934 2099 tempo-

341 2130 460 2170 rum
495 2117 599 2169 tuis
628 2114 827 2170 debent
850 2118 1320 2174 commoditatibus
1347 2135 1405 2174 se
1432 2119 1597 2176 dare?
1625 2121 1759 2188 Quid
1791 2122 1932 2178 enim

341 2206 387 2261 si
418 2205 521 2262 hoc
565 2218 722 2278 paeto
749 2208 1105 2280 navigationis
1160 2210 1538 2281 cupidissimus
1571 2225 1932 2282 conqueratur

2055 563 2187 617 ras?
2234 561 2503 632 Numquid
2536 562 2656 617 ideo
2682 562 2967 619 dicendum
3012 575 3094 621 est
3141 565 3498 634 perniciosam
3529 579 3650 620 esse

2053 655 2497 724 tranquillitatem
2545 653 2691 708 illam
2737 656 2941 716 mundi,
2971 657 3090 726 quia
3120 657 3427 710 vectoribus
3475 658 3648 726 impe-

2050 745 2159 800 diat
2193 746 2343 799 vota?
2384 744 2520 813 Quid
2568 746 2610 800 si
2641 746 2758 801 sole
2801 748 2993 817 aliquis
3039 757 3244 802 torrere
3274 762 3333 802 se
3360 757 3566 809 suetus,
3594 755 3649 802 et

2049 836 2328 906 acquirere
2359 838 2574 908 corpori
2606 838 2922 903 siceitatem,
2959 838 3166 892 ratione
3194 838 3459 894 consimili
3511 853 3643 893 con-

2049 937 2303 997 queratur
2334 926 2786 997 frequentissimis
2836 928 3032 985 nubilis
3079 929 3467 999 jucundilalem
3499 943 3650 984 sere-

2048 1019 2230 1073 nitatis
2270 1019 2539 1074 ablatam?
2570 1019 2837 1090 Numquid
2890 1019 3009 1075 ideo
3038 1021 3261 1075 dicenda
3295 1029 3420 1074 sunt
3461 1018 3647 1073 nubila

2046 1111 2258 1165 inimica
2293 1111 2615 1166 obductiOne
2650 1111 2907 1180 pendete,
2955 1113 3076 1181 quia
3131 1111 3335 1166 libidini
3384 1126 3490 1165 non
3525 1125 3647 1181 per-

2045 1203 2277 1257 mittitur
2304 1205 2490 1256 otiosae
2521 1202 2738 1256 rutilare
2785 1218 2843 1256 se
2873 1202 3124 1267 ﬂammis,
3153 1216 3206 1257 et
3235 1217 3425 1257 causas
3470 1202 3648 1272 potio-

2045 1293 2202 1348 nibus
2248 1292 2591 1363 prteparare?
2621 1293 2823 1346 Eventa
2855 1292 2967 1346 haec
2993 1293 3194 1358 omnia,
3243 1308 3366 1362 qua:
3409 1293 3561 1361 ﬁunt,
3592 1301 3651 1348 et

2043 1385 2292 1441 accidunt
2321 1386 2463 1440 mole
2495 1385 2592 1438 sub
2622 1383 2721 1438 hac
2754 1384 2957 1450 mundi,
3001 1383 3357 1438 cotumoduiis
3387 1400 3488 1436 non
3519 1399 3650 1440 nos-

2045 1479 2141 1534 tris
2169 1487 2216 1544 ει,
2241 1477 2337 1534 sed
2362 1480 2526 1548 ipsius
2555 1477 2842 1548 pendenda
2874 1486 3001 1531 sunt
3024 1477 3321 1531 rationibus
3335 1477 3646 1531 ordinibus-

2043 1588 2146 1643 que
2173 1581 2400 1626 naturte.

2115 1662 2182 1719 Χ.
2227 1662 2338 1717 Nec
2365 1663 2410 1717 si
2441 1661 2639 1733 aliquid
2685 1661 2898 1723 accidit.
2932 1660 3079 1731 quod
3109 1660 3501 1731 nosmetipsos,
3551 1668 3649 1714 aut

2041 1769 2128 1809 res
2165 1765 2377 1808 nostras
2410 1768 2594 1823 parum
2644 1753 2780 1807 la~tis
2823 1751 3163 1806 successibus
3203 1750 3358 1817 fovit,
3389 1751 3651 1804 continuo

2043 1848 2239 1901 malum
2281 1856 2365 1901 est
2402 1848 2534 1901 etin
2565 1845 2854 1900 exitiabilis
2881 1844 2960 1899 rei
3009 1844 3263 1910 opinione
3313 1842 3646 1913 ponendum.

2043 1939 2178 1993 Pluil
2235 1938 2466 1992 mundus
2509 1947 2600 1990 aut
2631 1953 2735 1990 non
2771 1936 2939 2005 pluit,
2971 1934 3189 1993 sibimet
3227 1935 3363 2004 pluit
3404 1947 3495 1988 aut
3537 1949 3652 1988 nou

2044 2032 2179 2102 pluit
2213 2051 2225 2086 :
2260 2039 2314 2087 et
2337 2033 2482 2101 quod
2514 2030 2736 2085 lorsitan
2771 2029 3002 2096 nescias,
3035 2038 3125 2082 aut
3146 2027 3401 2097 uliginem
3427 2027 3650 2082 nimiam

2043 2125 2298 2181 siccitatis
2349 2126 2541 2182 ardore
2588 2125 2859 2195 decoquit,
2907 2133 2998 2178 aut
3045 2122 3339 2193 longissimi
3390 2123 3650 2192 temporis

2045 2218 2350 2274 ariditatem
2392 2218 2690 2289 pluviarum
2730 2215 3078 2272 etl'usionibus
3120 2223 3402 2286 temperat.
3461 2213 3640 2269 Pesti-

1543 2329 1930 2390 LECTIONES
1968 2332 2388 2392 VARIANTES.

401 2435 428 2465 ⁸
461 2437 556 2488 Ms.
581 2435 748 2489 mserit
772 2445 902 2507 sunt,
928 2439 1057 2507 quod
1077 2441 1404 2496 Arnobianum
1422 2453 1510 2500 est.

1716 2560 2276 2627 COMMENTARIUS.

411 2680 558 2734 Plan
579 2681 665 2735 ille
684 2677 912 2736 sublimis
937 2722 950 2746 ,
982 2697 1115 2751 apex
1143 2681 1561 2749 philosophorum
1588 2691 1635 2735 et
1665 2683 1917 2737 columen.

336 2750 512 2807 Editio
543 2753 779 2806 Romana
821 2762 863 2806 el
892 2750 1079 2823 lumen.
1116 2753 1446 2808 Slewechius
1471 2753 1664 2806 coltnen
1710 2755 1924 2823 antique

336 2838 432 2892 pro
464 2825 680 2876 culmen.
715 2823 864 2877 Male.
896 2821 1158 2876 Diﬂ‘eruut
1197 2824 1335 2876 cuitu
1371 2824 1608 2877 nonnihil
1644 2821 1851 2877 culmen
1871 2835 1925 2879 et

336 2895 590 2957 columen,
621 2909 943 2962 quamquam
976 2903 1200 2962 cognata
1228 2893 1334 2946 sint
1363 2897 1615 2953 maxime.
1650 2906 1704 2948 et
1735 2896 1924 2963 s;t-pis-

336 2965 470 3017 sime
484 2963 920 3017 conftludaulura
949 2965 1230 3016 Veteribus.
1253 2963 1463 3017 Culmen
1481 2967 1690 3032 proprie
1716 2980 1923 3018 summa

337 3049 458 3103 pars
487 3036 628 3093 tecti.
651 3050 677 3085 a
707 3035 904 3096 culmis,
932 3035 965 3086 i.
987 3049 1038 3086 e.
1066 3036 1229 3101 paleis
1255 3034 1586 3096 emessibus,
1631 3036 1822 3102 quibus
1850 3050 1922 3086 az-

336 3105 512 3158 dilicia
567 3104 1007 3174 contegebantur.
1061 3104 1300 3157 Columen
1355 3117 1534 3159 autem
1589 3116 1672 3158 est
1714 3104 1927 3174 proprie

339 3179 486 3229 trabs
532 3174 648 3238 illa,
676 3190 794 3244 qua:
841 3189 933 3242 per
965 3174 1179 3242 longum
1222 3176 1272 3228 in
1331 3176 1642 3230 summitate
1673 3176 1924 3230 culminis

339 3245 571 3314 ponitur,
603 3261 628 3296 a
662 3260 763 3314 qua
798 3244 1777 3314 tmuquamuataproducunturomnia
1801 3246 1924 3300 loeti

340 3315 643 3386 ligamenta,
668 3316 1116 3385 quemadmodum
1143 3330 1173 3367 e
1203 3316 1352 3382 spina
1386 3316 1609 3384 piscium
1629 3317 1816 3381 majori
1841 3333 1929 3371 re-

339 3387 496 3456 liqua:
521 3403 708 3440 omnes
728 3387 1538 3456 pl'OiiCiSClttlilll‘.TRAGBALKEN.
1565 3386 1670 3440 rid.
1697 3386 1924 3456 Gesner.

338 3455 714 3520 in’Thesanro,
748 3458 800 3509 ll.
821 3472 868 3511 v.
902 3456 1104 3510 Vitrnv.
1126 3455 1194 3509 de
1224 3455 1539 3522 Archiieet.,
1567 3472 1642 3512 tv.
1671 3457 1701 3509 7
1734 3475 1745 3510 :
1776 3455 1926 3511 Colu-

338 3545 449 3581 men
487 3528 539 3581 in
569 3544 765 3598 suntnio
796 3527 1002 3598 fastigio
1040 3527 1274 3579 culminis
1297 3567 1310 3589 ,
1338 3527 1470 3579 unde
1489 3538 1535 3580 et
1564 3527 1819 3582 columna!
1848 3529 1929 3580 di-

340 3610 538 3651 cuntur.
570 3597 704 3653 Hinc
733 3597 960 3651 columen
981 3597 1180 3665 saepius
1203 3612 1296 3667 pro
1315 3600 1564 3652 Columna
1589 3640 1603 3664 ,
1642 3615 1692 3650 v.
1743 3615 1792 3652 e.
1837 3615 1925 3668 ap.

339 3668 609 3730 Ciceron.,
635 3669 702 3723 de
730 3669 977 3731 Divinat.,
1011 3684 1047 3734 l,
1084 3670 1138 3721 Η
1166 3687 1179 3720 :

467 3757 569 3820 Nisi
598 3766 704 3820 post
721 3756 975 3808 excelsum
1001 3757 1060 3804 ad
1086 3755 1312 3820 columen
1340 3756 1539 3806 formata
1556 3757 1743 3820 decore

468 3818 647 3869 Sancta
672 3818 807 3868 Jovis
836 3820 1032 3881 Species
1056 3818 1215 3866 claros
1238 3826 1486 3880 spectaret
1510 3819 1566 3867 ad
1587 3828 1741 3869 ortus.

340 3925 426 3979 tibi
477 3923 583 3978 vid.
632 3923 933 3992 Hottinger.
985 3921 1050 3976 V.
1091 3921 1172 3976 Cl.
1200 3919 1439 3976 Columen
1473 3922 1648 3992 itaque
1674 3923 1932 3993 signiﬁcat

341 4011 444 4050 non
475 4003 676 4049 tantum
705 3993 1065 4047 summitatem
1099 4032 1113 4055 ,
1162 3993 1392 4059 apicem,
1424 4007 1686 4048 summam
1719 4003 1922 4062 partem

339 4067 437 4130 rei,
466 4066 557 4120 sed
590 4066 749 4119 etiam
781 4064 922 4132 quod
950 4079 1061 4116 rem
1087 4078 1476 4132 quamcumque
1499 4066 1724 4118 sustinet
1756 4106 1767 4123 .
1800 4080 1931 4118 con-

341 4137 495 4202 tinet,
531 4145 728 4190 tuetur.
756 4135 829 4204 ltu
858 4133 1092 4193 Curtius,
1130 4133 1214 4186 lib.
1263 4149 1338 4195 lx,
1367 4149 1416 4187 c.
1447 4133 1500 4197 6,
1534 4132 1560 4204 §
1595 4134 1647 4188 8.
1693 4135 1927 4189 Alexan-

340 4207 492 4261 drtnn
522 4208 734 4275 appelat
763 4203 1081 4257 Macedonica
1110 4205 1342 4275 columen
1373 4221 1432 4257 ac
1460 4203 1623 4268 sidus,
1644 4215 1696 4256 ct
1715 4204 1930 4259 Plautus

342 4277 495 4345 Epid.
524 4273 625 4330 aet.
661 4292 718 4336 ιι.
748 4290 892 4329 scen.
927 4290 984 4338 tt,
1015 4290 1088 4326 vs.
1118 4275 1170 4332 5.
1199 4273 1472 4342 Senatiqui
1501 4275 1728 4345 columen
1747 4277 1932 4342 cluent,

343 4343 430 4402 ubi
480 4348 582 4399 vid.
621 4346 952 4399 'l'aubmann.
1002 4345 1242 4398 Catullus
1286 4361 1335 4397 ιιι
1371 4345 1640 4413 Epilhal.,
1686 4343 1935 4400 Emathia

339 4419 570 4471 columen
596 4415 773 4470 Peleu.
806 4417 992 4483 Aquila
1025 4415 1174 4471 lloul.
1198 4415 1265 4469 de
1295 4415 1503 4486 Figuris
1525 4425 1730 4469 senteul
1767 4457 1780 4478 ,
1809 4433 1926 4468 cus-

340 4501 418 4542 tos
447 4499 490 4541 et
526 4489 760 4557 defensor
807 4478 1301 4557 reipublicae,_salos
1341 4478 1386 4540 ei
1424 4486 1663 4557 columen
1673 4487 1923 4557 civitatis.
1955 4478 2006 4538 D

339 4557 418 4613 Cl.
455 4555 721 4613 Burmann
744 4593 758 4609 .
813 4558 878 4609 ad
910 4557 1086 4614 Uvid..
1120 4555 1266 4617 Μαι..
1303 4573 1336 4612 ι.
1373 4572 1450 4611 vs.
1486 4555 1609 4610 (:89.
1643 4556 1804 4610 Verte
1833 4557 1926 4610 ita-

339 4645 444 4698 que
471 4631 525 4683 h.
557 4632 589 4682 l.
624 4629 715 4682 das
748 4625 924 4698 Haupt
945 4627 1048 4679 und
1074 4627 1162 4678 der
1189 4626 1551 4698 Crundpfeiler
1567 4628 1657 4698 der
1689 4625 1929 4680 Philoso-

344 4697 496 4767 plten.
529 4700 798 4754 Caeterum
827 4697 895 4752 de
948 4713 1155 4750 summa
1187 4697 1424 4752 Plat0uis
1469 4697 1608 4765 apud
1638 4699 1929 4765 scriptorcs

340 4784 570 4831 Veteres,
603 4773 830 4823 maxime
855 4768 1279 4833 ecclesiasticos,
1314 4769 1710 4822 existimatione
1740 4770 1844 4819 vid.
1875 4767 1925 4823 J.

342 4839 486 4909 Lips.
511 4841 722 4894 Mulllld.
748 4839 813 4892 ad
846 4840 1011 4891 Stoic.
1045 4837 1466 4909 PliilosOphialn,
1494 4838 1587 4892 lii).
1622 4855 1672 4903 ι,
1707 4839 1837 4893 diss.
1876 4839 1923 4903 1,

341 4913 502 4980 Oper.
530 4922 659 4964 tom.
694 4927 767 4974 tv,
795 4925 846 4978 p.
878 4909 1002 4964 652.
1026 4911 1228 4963 υιιειι..

413 5001 782 5068 Purgutiouem
836 5009 981 5054 tet-rw
1016 5003 1122 5054 suis
1172 5003 1223 5053 in
1272 5002 1644 5055 commentariis
1678 5001 1925 5069 prodidit.

341 5072 580 5140 ReSpicit
609 5072 875 5124 Arnobius
919 5073 982 5124 ad
1010 5073 1167 5125 verba
1199 5073 1285 5124 illa
1344 5070 1582 5125 Platonis
1607 5075 1655 5125 iu
1701 5072 1926 5137 Timaeo,

341 5159 462 5212 pag.
493 5142 619 5206 9.9l,
644 5142 749 5194 vol.
778 5142 961 5215 lx,_e(l.
991 5143 1102 5210 Bip.
1134 5160 1145 5194 :
1170 5140 1326 5196 Ὀταν
1343 5145 1387 5195 οἱ
1415 5148 1530 5196 Θεοὶ
1557 5150 1644 5202 τήν
1662 5153 1751 5215 γῆν
1777 5143 1930 5198 ὕδασι

342 5218 656 5288 καθαίροντες
702 5213 1091 5288 καῖᾳκξςύζωσιν,
1135 5229 1290 5288 qualn
1337 5213 1931 5288 sententiamPlatonis

343 5282 623 5337 laudarunt
647 5293 699 5336 et
724 5283 809 5336 alii
842 5282 1026 5336 Patres
1057 5286 1332 5346 lsrclesias,
1363 5301 1412 5337 ν.
1441 5300 1486 5336 c.
1521 5283 1779 5350 Origenes
1808 5300 1932 5338 con-

343 5367 418 5407 lrzt
442 5353 610 5410 Ccis..
648 5354 738 5406 iii).
774 5369 818 5404 ιγ
856 5370 865 5405 :
902 5351 1079 5426 ’Ἱσασι
1118 5353 1170 5408 δὲ
1210 5360 1292 5408 καὶ
1319 5353 1551 5415 ~lintris;
1591 5357 1931 5426 κατακλυσμῶ

340 5425 370 5485 ἢ
401 5428 528 5500 πυρὶ
550 5427 890 5502 τήιίγῆνλκιατά
918 5424 1181 5502 ττ-εριὸδους
1201 5427 1577 5502 καθαιρομένην,
1613 5429 1679 5486 ὡς
1702 5431 1785 5481 καὶ
1806 5424 1930 5482 nie-

340 5519 439 5550 των
457 5495 556 5550 τὲου
590 5495 724 5548 circa
747 5495 894 5568 λέγει.
923 5495 1162 5551 Ηι-ΞιιΑιι).

427 5585 636 5651 Vocare,
661 5596 706 5638 et
714 5587 1035 5656 jnrentutem
1068 5588 1142 5639 liis
1167 5587 1435 5655 qutundmn
1460 5588 1768 5656 comparari.
1794 5587 1926 5643 Cod.

347 5672 444 5708 ms.
477 5655 635 5709 habet
667 5655 1110 5724 etinjuventutem
1139 5699 1151 5719 ,
1186 5662 1326 5725 quod
1362 5658 1465 5712 Th.
1517 5666 1778 5712 Lanterna
1828 5675 1932 5713 uno

343 5728 601 5780 vocabulo
621 5736 674 5779 ut
704 5733 976 5796 antiquum
1005 5731 1338 5781 retinendum
1362 5738 1547 5784 censet
1574 5771 1587 5794 ,
1623 5739 1679 5782 ut
1701 5731 1766 5782 sit
1795 5733 1933 5798 inju-

346 5807 519 5851 centus
565 5798 599 5853 i.
632 5813 686 5867 q.
720 5811 924 5852 summa
947 5798 1217 5867 juventus.
1251 5798 1355 5855 Sed
1379 5799 1480 5858 hoc
1511 5809 1595 5857 est
1636 5800 1933 5859 inauditum

2031 2703 2250 2755 prorsus
2273 2698 2324 2743 et
2346 2697 2647 2743 monstrum
2678 2686 2944 2742 vocabuli.
2968 2683 3301 2741 Slewechius
3319 2682 3449 2752 legit
3477 2701 3490 2737 :
3521 2681 3641 2737 Eleo

2031 2759 2136 2810 nim
2158 2761 2497 2828 juvenlutem,
2531 2776 2649 2828 qum
2675 2759 2941 2812 correctio
2983 2758 3034 2810 iu
3086 2766 3294 2828 textum
3328 2764 3542 2828 rect-pta
3573 2755 3642 2809 ab

2030 2825 2236 2884 editol'e
2268 2825 2754 2898 Lugdune-Batavo
2781 2829 2844 2881 ali
2874 2842 3092 2881 sensum
3119 2827 3262 2898 bona
3287 2825 3506 2898 quidem
3530 2836 3638 2892 cst,

2031 2900 2126 2952 sed
2165 2916 2270 2954 non
2325 2894 2652 2954 necem-aria.
2709 2900 2798 2953 Est
2831 2897 2948 2952 scil.
2983 2899 3032 2950 h.
3071 2899 3105 2950 l.
3153 2894 3642 2965 byllepsisﬁigura

2029 2971 2168 3036 apud
2199 2971 2446 3038 antiquos
2467 2974 2757 3040 scrip‘ores
2784 2964 3246 3040 lt-equenliSsitna,
3291 2979 3396 3033 qua
3428 2964 3642 3040 duabus

2033 3035 2363 3110 diversisque
2418 3035 2700 3096 sententiis
2736 3052 2788 3094 et
2820 3035 2980 3110 rebus
3011 3054 3191 3110 unum,
3219 3038 3375 3110 dati_ir
3416 3035 3639 3089 verbum

2031 3112 2251 3236 gigime
2283 3106 2522 3182 utrisque
2553 3112 2896 3166 conveniens.
2929 3109 3002 3164 Ita
3032 3109 3243 3177 Ἤιδει,
3291 3106 3444 3173 Aid,
3472 3121 3528 3172 ιι,
3555 3119 3638 3160 vs.

2070 3197 2099 3234 ο
2171 3198 2184 3235 ;

2070 3197 2184 3235 οδ;

2281 3272 2502 3324 Inclusos
2526 3279 2670 3322 utero
2693 3272 2886 3321 Danaos
2912 3279 2960 3320 et
2980 3271 3127 3332 pinea
3150 3267 3319 3318 furtim

2279 3334 2438 3385 Laxat
2465 3335 2676 3386 claustra
2699 3336 2852 3384 Sinon

2033 3458 2120 3513 ubi
2149 3460 2287 3513 laxat
2337 3459 2403 3513 ad
2454 3459 2662 3512 Danaos
2710 3457 2896 3512 referri
2929 3472 3033 3510 non
3077 3463 3284 3526 potess,
3320 3453 3416 3510 scd
3447 3454 3636 3510 subin~

2037 3530 2378 3597 telligenilum
2406 3539 2490 3584 est
2519 3529 2719 3582 emittit.
2754 3528 2826 3582 lla
2875 3527 2928 3580 h.
2960 3527 2997 3580 ι.
3030 3526 3325 3592 comparari
3361 3540 3467 3578 non
3499 3542 3637 3592 pen-

2033 3601 2120 3654 det
2144 3619 2171 3652 a
2192 3603 2524 3669 priecedcnte
2553 3616 2753 3664 vocare,
2783 3602 2877 3653 sed
2907 3606 3051 3650 totus
3083 3597 3230 3669 locus
3269 3598 3336 3669 ita
3373 3597 3638 3669 suppleu-

2034 3670 2135 3725 dus
2167 3667 2306 3724 :inon
2334 3672 2584 3724 extimuit.
2625 3709 2638 3722 .
2685 3709 2699 3724 .
2747 3707 2760 3722 .
2807 3707 2818 3720 .
2866 3709 2881 3724 .
2923 3683 3100 3721 vocare
3131 3668 3201 3738 (et
3227 3667 3640 3737 afﬁrinure)ju-

2037 3753 2286 3795 ventutem
2323 3743 2402 3794 his
2434 3741 2728 3810 quamdam.
2777 3780 2791 3794 .
2839 3777 2852 3791 .
2897 3779 2910 3791 .
2960 3776 2973 3789 .
3019 3776 3032 3790 .
3074 3738 3388 3806 comparari.
3422 3737 3634 3793 Οιιειῑ..

2110 3831 2199 3886 IX.
2243 3863 2312 3872 —
2361 3832 2495 3897 Quid
2544 3832 2587 3884 si
2640 3831 2747 3885 sole
2797 3829 2983 3895 aliquis
3032 3839 3223 3882 torrere
3268 3845 3320 3881 se
3365 3842 3536 3883 suetus
3588 3840 3638 3884 et

2037 3904 2293 3973 acquirere
2339 3903 2539 3973 corpori
2571 3903 2866 3954 siccitatem.
2915 3899 3071 3973 Multa
3105 3900 3188 3973 de
3238 3898 3338 3953 hac
3367 3900 3640 3973 exercita-

2038 3971 2186 4027 tione
2211 3981 2450 4028 veterum
2483 3972 2896 4042 Gymnastarum
2930 3971 3206 4042 notissima
3240 3971 3484 4042 exempla
3503 3986 3641 4024 con-

2038 4043 2204 4110 gessit
2235 4040 2621 4106 hlutenhorst.,
2655 4045 2720 4095 ad
2773 4042 2825 4093 h.
2874 4043 2910 4094 l.
2951 4040 3356 4100 lnsolationem,
3401 4041 3637 4106 ἡλίωσιν,

2039 4114 2301 4173 ήλιοκαῖἀν
2356 4114 2606 4168 dicebant
2657 4124 2897 4173 veteres,
2956 4112 3150 4179 illaque
3200 4125 3262 4164 es
3317 4115 3638 4178 praescripto

2041 4187 2372 4239 medicorum
2405 4183 2470 4236 ad
2518 4183 2811 4236 siccitatem
2844 4181 3057 4249 col-puri
3084 4180 3465 4250 acquirendam
3510 4192 3636 4237 ute-

2043 4257 2253 4308 bantur.
2285 4256 2434 4307 tLous'.
2467 4251 2687 4315 Meurs.,
2731 4253 2780 4306 in
2812 4252 3027 4317 Critico,
3063 4265 3184 4320 pag.
3217 4250 3271 4321 8,
3303 4261 3378 4314 et,
3409 4255 3498 4321 qui
3530 4254 3639 4308 hac

2040 4326 2106 4378 de
2139 4342 2194 4376 re
2227 4325 2428 4378 mullus
2470 4333 2584 4389 est,
2630 4323 2698 4378 Is.
2743 4322 3069 4386 C:lsaulmu.,
3103 4325 3169 4375 ad
3221 4320 3388 4375 Persii
3421 4320 3521 4375 Sal.
3556 4337 3636 4384 tv,

2041 4412 2090 4448 v.
2115 4395 2213 4461 '52;
2243 4411 2341 4449 nec
2369 4409 2474 4450 nou
2504 4397 2619 4448 Ast.
2649 4395 2715 4448 ad
2746 4395 2950 4447 Platon.
2977 4392 3342 4516 thdr.(pag.
3373 4391 3482 4446 262
3507 4408 3632 4463 seq.

3243 4477 3401 4516 necs.

3243 4477 3401 4516 RELL.

2106 4535 2370 4589 Flaturas.
2403 4535 2720 4591 Insolentior
2753 4533 3000 4588 formatio
3025 4548 3123 4602 pro
3141 4534 3314 4602 ﬂatus.
3351 4532 3518 4587 Habet
3555 4543 3640 4588 lae

2032 4623 2152 4661 men
2178 4606 2451 4661 Vitruvius
2482 4622 2536 4669 ιι,
2570 4608 2621 4671 7,
2653 4609 2702 4658 in
2726 4607 2856 4659 aeris
2882 4606 3090 4674 ﬂatura.
3120 4609 3324 4658 UnsLL.

2108 4695 2298 4751 Otiose:
2320 4697 2530 4766 rutilare
2550 4713 2604 4750 se
2632 4697 2872 4766 ﬂammis.
2905 4693 3055 4766 Fulv.
3082 4692 3312 4766 _Ur.~inus
3342 4693 3444 4763 leg.
3476 4696 3631 4762 conj.

2031 4770 2197 4822 ociose
2225 4767 2466 4820 ustulare.
2496 4765 2600 4820 Sed
2617 4763 2686 4819 nil
2719 4764 3051 4820 mutandum.
3082 4763 3313 4818 Verbum
3341 4769 3480 4817 enim
3497 4779 3637 4833 pro-

2036 4842 2208 4906 prium
2251 4847 2306 4892 et
2349 4837 2510 4905 eani
2548 4839 2676 4890 itum
2710 4837 2760 4888 in
2795 4837 2892 4888 hac
2919 4851 2974 4888 re
3005 4844 3085 4888 est
3116 4837 3346 4899 rutilare,
3378 4835 3429 4885 lt.
3456 4849 3504 4888 c.
3528 4851 3637 4889 co-

2033 4905 2203 4964 lorem
2234 4909 2450 4962 rutilum
2479 4908 2586 4962 cuti
2629 4906 2902 4960 inducere.
2939 4906 3014 4958 lla
3051 4917 3230 4957 curata
3269 4905 3489 4958 cuticula
3518 4909 3638 4961 sole

2034 4981 2276 5033 dieitura
2316 4979 2521 5043 Persio,
2579 4987 2659 5032 sat
2715 4992 2790 5030 tv.
2825 4989 2904 5027 vs.
2944 4978 3032 5036 15,
3075 4975 3162 5026 ubi
3196 4975 3508 5029 scholia-stes
3537 4992 3640 5032 ve-

2037 5060 2119 5104 tus
2147 5069 2157 5103 :
2191 5051 2381 5104 Curata
2396 5049 2511 5110 scil,
2543 5045 2961 5100 acltromatiariis
2984 5086 3000 5111 ,
3033 5061 3148 5096 nam
3173 5046 3518 5099 cllroumtiurii
3544 5047 3636 5099 di-

2035 5134 2217 5175 cuntur
2247 5120 2505 5179 colornrii,
2541 5119 2617 5171 vel
2653 5119 2739 5185 qui
2787 5128 2892 5170 tota
2920 5118 2999 5168 die
3029 5116 3082 5166 in
3111 5131 3266 5168 arena
3287 5127 3403 5168 sunt
3425 5159 3438 5177 ,
3468 5119 3544 5169 vel
3578 5120 3636 5172 in

2035 5193 2158 5246 sole.
2191 5191 2392 5259 Antiqui
2413 5191 2544 5243 enim
2569 5189 2818 5258 angebant
2838 5204 2888 5242 se
2915 5197 2959 5240 et
2987 5188 3037 5239 in
3061 5186 3165 5239 sole
3186 5199 3353 5251 erant,
3383 5196 3434 5239 ut
3457 5189 3638 5242 altum

2035 5279 2218 5331 corpus
2250 5261 2525 5315 imbiberat.
2560 5259 2762 5314 URELL.

2108 5352 2456 5406 Commodulis
2501 5351 2702 5404 nostris.
2762 5349 2800 5403 I.
2841 5363 2894 5402 e.
2947 5347 3264 5408 enilttnodis.
3304 5363 3425 5417 qua:
3471 5350 3638 5407 nobis

2038 5440 2224 5493 magna
2251 5425 2417 5476 videri
2469 5431 2723 5493 possunt,
2763 5420 2856 5474 sed
2896 5417 3024 5470 nilill
3055 5423 3643 5493 sunt_cmnparatiotte

2037 5486 2222 5547 Stillilis
2271 5494 2428 5561 hujus
2472 5486 2710 5544 universi
2747 5530 2761 5554 ,
2813 5499 2870 5543 ιιι
2910 5488 3309 5561 rhenegexplicat
3339 5486 3553 5561 Gesner
3584 5491 3647 5548 in

2039 5559 2753 5618 Thesauro.VConmtodulum
2775 5571 2856 5615 est
2886 5560 3023 5622 ἅπαξ
3049 5559 3333 5631 λεγόμενον.
3358 5560 3571 5614 υῆειι..

2114 5658 2180 5711 Χ.
2240 5687 2310 5696 --
2373 5654 2915 5724 Uliginentquintium.
2975 5653 3192 5724 Servius
3254 5651 3317 5703 ad
3396 5651 3588 5721 \‘ilgii.
3628 5698 3650 5722 ,

2040 5727 2234 5797 Georg.
2272 5745 2326 5791 ll,
2357 5744 2435 5780 vs.
2466 5722 2491 5779 ι
2505 5727 2573 5778 84
2607 5741 2619 5776 :
2656 5723 2804 5792 liligo
2835 5732 2906 5797 est
2937 5722 3141 5797 proprie
3170 5724 3422 5778 naturalis
3454 5724 3658 5782 humor

2045 5795 2212 5867 teme,
2240 5815 2301 5855 ea:
2329 5815 2386 5855 ea
2412 5811 2690 5864 numquam
2722 5795 2978 5849 recedens.
3014 5795 3257 5850 Emistin.
