3850 6342
205 402 297 458 733

1555 385 1763 445 LIBER
1801 381 2078 443 PRIMUS.

3386 371 3496 428 πει

200 519 395 581 lentias.
424 515 668 584 morbos,
703 515 889 578 fames,
921 525 1085 585 atque
1107 510 1238 568 alias
1258 508 1495 581 suggerit
1515 507 1783 563 malorum.
1806 506 1858 566 Α
1887 512 1993 560 tam
2018 515 2158 557 saeva
2189 499 2431 574 prodigia
2460 492 2724 569 genituris
2763 489 3097 562 spirantibus
3138 489 3486 585 addiderunt.

200 609 482 671 exitiabiles
511 609 712 665 formas
745 625 757 660 :
790 605 933 662 unde
961 605 1053 661 tibi
1083 614 1166 660 est
1193 604 1354 669 scire,
1389 617 1455 656 ne
1478 598 1619 671 quod
1642 613 1777 653 exu-

200 706 367 766 berat,
399 701 475 755 sic
507 701 690 765 tollat,
723 707 783 754 ut
811 713 905 769 per
933 712 1029 754 sua
1056 693 1333 766 dispendia
1373 692 1588 747 modum
1621 691 1779 745 rebus

201 793 578 850 luxuriantibus
600 791 766 862 ligat?

264 883 352 944 XI.
377 884 457 939 Tu
503 884 704 937 audeas
743 882 926 937 dicere
948 923 962 948 ,
1016 879 1120 935 hoc
1145 888 1198 935 et
1221 879 1354 957 illud
1383 886 1466 932 est
1496 877 1547 930 in
1580 873 1782 930 mundo

200 977 387 1032 malum
409 1018 424 1042 ,
473 974 626 1044 cujus
675 973 946 1043 explicare
968 1013 981 1035 ,
1024 971 1319 1027 diSStilvere
1345 1012 1360 1036 ,
1415 982 1590 1037 neque
1621 966 1783 1039 origi-

200 1085 312 1126 nem
343 1067 562 1134 valeas,
610 1080 785 1136 neque
827 1065 1080 1120 causam?
1122 1073 1176 1119 et
1219 1063 1340 1133 quia
1372 1071 1488 1116 tuas
1528 1058 1784 1130 impediat

200 1161 532 1228 deliciarum,
573 1158 795 1214 forsitan
822 1167 878 1212 et
925 1155 1240 1219 libidinum,
1288 1152 1589 1220 voluptates
1612 1191 1629 1218 ,
1662 1164 1782 1219 per-

201 1255 452 1310 niciosnm
476 1265 596 1306 esse
623 1259 782 1321 atque
809 1262 1058 1316 asperum
1081 1246 1268 1302 dicas?
1306 1244 1442 1311 Quid
1471 1258 1622 1314 ergo,
1657 1240 1782 1313 quia

200 1347 352 1416 frigus
379 1342 636 1398 membris
668 1341 771 1395 tuis
797 1340 1080 1395 adversum
1113 1347 1229 1402 est,
1263 1345 1315 1391 et
1351 1333 1634 1405 congelare
1661 1347 1782 1386 san-

199 1436 362 1508 guinis
391 1435 466 1490 tui
510 1433 776 1490 fervorem
805 1432 977 1496 solet,
1010 1429 1209 1485 idcirco
1252 1429 1304 1482 in
1348 1425 1548 1481 mundo
1593 1426 1782 1497 hyems

200 1542 310 1584 esse
327 1541 430 1581 non
451 1525 646 1582 debet?
676 1524 741 1578 Et
767 1524 888 1591 quia
913 1522 1150 1592 perferre
1168 1529 1192 1556 υ
1213 1518 1658 1590 ﬂagrantissimos
1690 1531 1782 1571 so-

200 1621 272 1676 les
318 1635 424 1675 non
473 1628 660 1689 potes,
703 1632 769 1672 ex
811 1630 954 1670 anno
981 1625 1140 1670 aestas
1170 1613 1409 1670 tollenda
1456 1621 1572 1676 est,
1623 1619 1785 1680 atque

198 1710 309 1766 aliis
347 1709 558 1780 legibus
603 1710 704 1764 alia
755 1721 944 1763 rursus
981 1704 1278 1761 ordinanda
1331 1702 1559 1758 natura?
1613 1701 1784 1757 Vera—

197 1811 328 1858 trum
397 1817 666 1858 venenum
694 1809 777 1857 est
824 1799 1164 1860 hominibus,
1217 1796 1476 1868 numquid
1531 1795 1601 1850 ob
1647 1794 1785 1850 hanc

196 1909 400 1950 causam
426 1909 538 1949 non
566 1892 754 1949 debuit
780 1891 971 1946 nasci?
996 1889 1236 1946 Ovilibus
1272 1888 1559 1944 insidiatur
1584 1887 1741 1959 lupus
1761 1928 1777 1956 ,

197 1986 444 2056 numquid
494 1986 547 2040 in
589 1984 747 2055 culpa
793 1992 980 2038 natura
1011 1991 1124 2050 est,
1168 1981 1309 2053 quod
1341 1980 1542 2035 lanitiis
1589 1979 1782 2036 extulit

1954 593 2072 650 XII.
2117 591 2482 663 Superciliosa
2519 586 2746 643 nimium
2779 598 2868 639 res
2910 592 3031 650 est,
3083 597 3206 638 cum
3248 582 3366 650 ipse
3415 579 3492 634 sis

1884 703 1989 743 non
2023 696 2150 742 tuus
2173 725 2188 750 ,
2219 684 2395 738 aliena
2422 681 2583 736 etiam
2622 678 2673 731 in
2711 673 3058 744 possessione
3087 672 3324 728 verseris
3349 713 3364 738 ,
3395 684 3492 740 po-

1888 779 2212 837 tentioribus
2243 759 2374 831 dare
2399 771 2768 830 conditionem
2799 783 2811 819 :
2844 765 2983 821 velle
3014 775 3072 818 ut
3103 764 3152 818 id
3185 756 3273 818 iiut
3297 806 3312 828 ,
3342 762 3488 832 quod

1883 872 2091 942 cupias,
2126 884 2238 924 non
2265 866 2407 938 quod
2440 867 2491 919 in
2526 865 2688 916 rebus
2719 857 2995 914 inveneris
3018 855 3255 926 antiquis
3281 854 3490 909 consti-

1886 963 2176 1019 tutionibus
2224 959 2416 1014 iixum.
2469 955 2648 1024 Quare
2702 951 2900 1005 habere
2953 949 2998 1004 si
3050 949 3229 1003 locum
3279 955 3492 1000 vestras

1885 1057 2048 1110 vultis
2088 1049 2460 1124 querimonias
2492 1047 2738 1102 homines
2763 1086 2777 1111 ,
2813 1043 2962 1114 prius
2995 1051 3078 1095 est
3121 1047 3182 1094 ut
3222 1028 3489 1106 dqcealis,

1886 1149 2046 1213 unde,
2078 1146 2156 1202 vel
2191 1144 2282 1216 qni
2304 1143 2454 1206 sitis,
2489 1139 2718 1195 vobisne
2749 1138 2820 1192 sit
2869 1133 3086 1206 genitus
3116 1142 3172 1188 et
3202 1130 3496 1186 fabricatus

1887 1239 2122 1295 mundus
2149 1278 2163 1300 ,
2214 1252 2281 1290 an
2315 1236 2368 1289 in
2411 1248 2534 1289 eum
2561 1229 2820 1286 veneritis
2849 1226 3046 1281 alienis
3084 1240 3152 1280 es
3180 1223 3497 1294 regionibus

1890 1331 2157 1403 inquilini.
2207 1327 2362 1398 Quod
2403 1341 2526 1382 cum
2558 1325 2739 1380 dicere
2771 1337 2876 1376 non
2909 1321 2978 1374 sit
3007 1329 3245 1373 vestrum
3273 1359 3287 1382 ,
3323 1329 3497 1387 neque

1888 1424 2161 1493 explicare
2184 1419 2403 1492 possitis
2426 1459 2441 1484 ,
2471 1417 2626 1486 cujus
2655 1415 2733 1468 rei
2757 1427 2918 1468 causa
2949 1411 3050 1466 sub
3081 1409 3181 1465 bac
3207 1408 3331 1464 coeli
3355 1423 3492 1462 con-

1889 1516 2121 1570 vcxione
2155 1511 2442 1568 versamini
2464 1552 2478 1574 ,
2512 1508 2768 1563 desistite
2797 1503 3082 1567 arbitrari,
3111 1503 3387 1572 pertinere
3429 1498 3500 1554 ad

1889 1621 1985 1661 vos
2033 1606 2320 1676 quicquam
2355 1620 2368 1656 :
2401 1616 2522 1656 eum
2577 1615 2640 1671 ea
2696 1613 2816 1667 quae
2865 1597 3018 1660 iiunt,
3069 1609 3176 1650 non
3226 1591 3494 1664 partiliter

1891 1699 2021 1754 ﬂant
2047 1740 2062 1766 ,
2093 1695 2191 1753 sed
2230 1695 2296 1750 ad
2326 1709 2523 1751 census
2552 1705 2822 1748 summam
2855 1689 3085 1745 redeant
3111 1728 3125 1753 ,
3162 1685 3500 1742 referantur-

1890 1806 1995 1862 que
2025 1789 2212 1844 totius.

1961 1883 2098 1940 Xlll.
2129 1879 2600 1942 Christianorum,
2632 1875 2883 1946 inquiunt
2908 1914 2922 1940 ,
2950 1886 3114 1928 causa
3147 1872 3285 1926 mala
3315 1869 3496 1924 omnia

1888 1977 1959 2033 dii
1986 1978 2163 2032 ferunt
2187 2017 2201 2042 ,
2234 1985 2290 2029 et
2317 1972 2566 2028 interitus
2605 1978 2950 2037 comparatur
2976 1966 3045 2020 ab
3084 1964 3296 2034 superis
3318 2003 3332 2026 ,
3367 1963 3484 2016 i'ru-

196 2055 698 2148 importunissimam
747 2075 1037 2130 belluam?‘
1062 2073 1242 2131 Morsu
1282 2073 1522 2130 animam
1547 2085 1780 2143 serpens
1809 2103 1856 2164 Β
1886 2073 2061 2143 gibus.
2107 2070 2290 2140 Rogo,
2339 2082 2465 2122 cum
2495 2064 2612 2124 hinc
2640 2061 2854 2164 dicitis,
2900 2075 3016 2164 not}
3039 2055 3369 2161 calumniari
3397 2067 3496 2164 v.08

197 2167 324 2224 tollit
355 2188 368 2224 :
401 2167 722 2224 maledicam
769 2166 975 2222 scilicet
1014 2164 1321 2237 primordiis
1370 2179 1548 2220 rerum
1571 2206 1585 2232 ,
1628 2162 1773 2235 quod

1885 2162 2150 2234 improbe,
2181 2161 2234 2216 in
2259 2157 2459 2232 apertis
2491 2154 2808 2227 consitionis
2832 2149 3247 2222 manifestisque
3271 2147 3498 2206 menda-

1376 2279 1759 2340 LECTIONES
1795 2278 2212 2340 VARIANTES.

251 2401 276 2432 ⁸
306 2398 367 2452 Et
408 2401 526 2466 quia
563 2395 806 2461 perferre,
845 2397 1115 2448 sustinere.
1148 2397 1242 2448 Hs.
1268 2395 1430 2451 Bene.

1578 2503 2146 2570 COMMENTARIUS.

263 2651 408 2708 Unde
433 2650 526 2706 tibi
546 2659 620 2706 est
647 2649 794 2713 scire,
820 2663 883 2702 ne
920 2646 1058 2719 quod
1099 2646 1336 2702 exuberat
1348 2647 1459 2719 ,_si_c
1487 2642 1654 2698 tollat.
1679 2643 1786 2719 Pro

192 2724 316 2777 unde
335 2724 456 2783 scis,
482 2738 586 2776 non
613 2721 685 2775 sic
708 2721 882 2774 tollere
911 2716 1045 2788 quod
1063 2718 1322 2773 exuberat.
1353 2716 1473 2772 Scio
1505 2726 1581 2788 ut,
1607 2733 1669 2770 ne
1690 2717 1785 2770 hoc

193 2795 251 2848 sit
281 2809 372 2863 pro
412 2791 686 2846 inlinitivo
733 2801 830 2863 est
861 2787 1177 2863 antiquioris
1224 2789 1505 2863 latinitatis
1560 2787 1730 2863 Plaut.
1766 2828 1782 2852 ,

193 2857 359 2923 Asin..
382 2872 489 2918 act.
527 2878 606 2928 tu,
639 2877 784 2915 scen.
818 2862 882 2923 5,
916 2876 992 2912 vs.
1031 2861 1136 2915 154
1171 2882 1183 2914 :
1218 2857 1295 2913 De
1318 2866 1523 2930 argento
1547 2859 1591 2911 si
1625 2868 1786 2912 mater

194 2947 274 2989 tua
299 2936 442 3002 sciat,
470 2948 525 2987 ut
553 2936 619 2987 sit
647 2933 860 3002 factum.
893 2933 1096 2986 ORBLL.

283 3005 348 3062 Ut
371 2999 462 3072 per
484 3021 579 3058 sua
611 2999 876 3072 dispendia
903 3006 1110 3058 modum
1139 2999 1284 3055 rebus
1317 3000 1696 3072 lutcurimttibus
1719 3000 1785 3068 ﬁ-

190 3087 287 3146 gat.
341 3069 658 3131 Tertnllian.
694 3069 762 3146 de
790 3073 980 3128 Anima
1011 3113 1024 3134 ,
1067 3086 1186 3146 cap.
1216 3072 1286 3125 50
1309 3088 1320 3122 :
1345 3069 1561 3146 Onerosi
1608 3087 1784 3124 sumus

191 3141 388 3211 mundo,
411 3147 499 3200 vix
522 3146 664 3206 nobis
693 3145 943 3197 elementa
968 3143 1234 3213 sufﬁciunt
1261 3150 1308 3195 et
1330 3141 1651 3194 necessitates
1665 3157 1780 3194 arc-
1806 3150 1852 3212 (ζ

190 3219 347 3280 tiores,
371 3230 418 3272 et
444 3216 657 3284 querela
682 3214 822 3284 apud
849 3231 1039 3276 attines,
1071 3213 1192 3265 dum
1223 3213 1330 3280 iam
1358 3228 1448 3265 nos
1471 3222 1656 3284 natura
1679 3227 1779 3284 non

189 3291 406 3343 sustinet.
435 3283 635 3342 Revera
668 3286 773 3338 lues
804 3297 847 3339 et
869 3289 1031 3354 fames
1057 3295 1102 3340 et
1135 3283 1266 3338 bella
1297 3292 1344 3336 ct
1363 3283 1632 3353 voragines
1657 3283 1781 3354 civi-

188 3369 336 3436 tatum
363 3375 456 3429 pro
487 3357 710 3436 remedio
742 3353 1052 3436 deputanda,
1071 3353 1783 3424 tamquumtonsut'ainsoles-

186 3432 331 3484 centis
355 3426 560 3501 generis
589 3428 819 3480 humani.
850 3426 1097 3480 ELIENH.

247 3522 336 3577 XI.
365 3553 437 3563 —
469 3518 635 3592 Cuj_us
689 3519 979 3586 explicare,
1018 3518 1311 3592 dissolvere
1386 3534 1544 3587 neque
1617 3520 1781 3592 origi-

185 3611 289 3647 nem
325 3595 520 3648 valeas.
546 3589 859 3649 ’Dissolvere.
891 3589 1033 3658 quod
1076 3589 1341 3658 adjectum
1369 3599 1471 3652 est,
1503 3599 1586 3645 est
1607 3605 1636 3644 e
1663 3589 1775 3646 MS.

185 3663 304 3719 Cod.
338 3665 506 3720 Amat
532 3671 709 3715 autem
735 3661 999 3731 Arnobius
1028 3660 1175 3730 plura
1206 3662 1366 3714 verba
1397 3661 1536 3714 idem
1571 3661 1778 3731 signiﬁ-

183 3737 345 3789 Cnntia
363 3747 700 3790 coacervare
717 3748 730 3794 ;
750 3731 890 3787 unde
903 3730 1125 3796 factum,
1142 3741 1197 3784 ut
1211 3733 1352 3802 gloss
1363 3739 1540 3785 emata
1557 3730 1707 3801 plura
1726 3736 1775 3788 in

184 3807 260 3882 bis
276 3806 426 3861 libris
456 3819 586 3861 esse
609 3801 822 3882 quidam
845 3801 1295 3882 existimaverint.
1315 3801 1402 3882 Sic
1424 3811 1605 3882 postea
1624 3819 1745 3859 cons
1761 3835 1776 3845 -

182 3879 394 3941 tringere
420 3886 477 3932 et
510 3871 762 3928 sustinere
791 3874 998 3941 adjecta
1028 3888 1093 3926 ex
1118 3871 1310 3927 eodem
1344 3873 1502 3926 libro.
1526 3874 1772 3930 ΙΙειιΑιι).

247 3896 273 3930 η
313 3896 394 3931 ere
420 3896 477 3932 ει
510 3896 762 3928 ευιιιηεῐε
791 3896 998 3941 ἕιυμῖιῖιίι
1028 3896 1093 3926 CX
1118 3896 1310 3927 ευυυιιι
1344 3896 1502 3926 Ιιυΐυ.
1526 3896 1772 3930 ΙΙΕΕΑΙᾹ).

247 3896 381 4003 Ἰξίας
433 3946 686 4015 impediat
733 3943 1034 3998 deliciarum
1081 3943 1320 4015 forsitan.
1369 3943 1442 3997 Ita
1490 3943 1624 4000 Cod.
1671 3963 1775 4002 ms.

181 4013 524 4074 vitiosissime
560 4027 764 4068 tuarum
793 4017 1036 4086 impediat
1065 4013 1370 4086 felicitatum
1390 4017 1634 4086 forsitan,
1667 4029 1772 4073 etc.

247 4088 550 4162 Congelare,
576 4087 932 4154 constrinqere.
967 4085 1042 4139 lla
1073 4085 1200 4162 Cod.
1235 4100 1338 4139 ms.
1369 4085 1623 4142 Gelenius
1655 4106 1778 4143 con-

180 4156 418 4229 stringere
446 4160 714 4230 glossema
745 4167 934 4227 putare
966 4171 1069 4209 non
1098 4156 1357 4210 debuerat
1389 4176 1402 4210 :
1449 4173 1570 4211 nam
1617 4161 1777 4215 nimis

179 4227 433 4286 familiare
453 4227 596 4284 'liuic
622 4227 752 4282 Afro
791 4239 976 4280 nostro
1013 4241 1312 4298 synonyma
1340 4242 1660 4298 congerere,
1691 4233 1772 4285 id-

180 4317 275 4370 que
301 4301 365 4356 ad
395 4313 644 4356 veterum
687 4298 1017 4370 exemplum.
1060 4297 1189 4352 Vide
1220 4297 1488 4369 Agellium
1519 4300 1613 4356 lib.
1650 4317 1770 4369 xm,

178 4367 288 4442 cap.
316 4371 405 4427 23.
439 4370 654 4425 Mauris.
688 4385 742 4422 tn
767 4367 1003 4442 Append.

255 4442 523 4498 Veratrum
559 4455 805 4494 venenum
850 4450 924 4494 est
953 4438 1263 4494 hominibus.
1292 4439 1532 4510 Lucret.,
1563 4442 1656 4500 lib.
1691 4459 1769 4511 tv,

177 4527 250 4568 vs.
280 4514 385 4569 644
413 4531 425 4566 :

352 4605 638 4668 Proliterea
659 4603 800 4653 nobis
817 4610 1068 4653 veratrum
1093 4611 1170 4654 est
1192 4617 1306 4654 acre
1333 4618 1585 4657 venenum

351 4667 417 4718 At
441 4667 605 4731 Capris
627 4667 796 4729 adipes
819 4673 871 4716 et
894 4669 1228 4717 coturnicibus
1249 4675 1421 4730 auget.
1443 4669 1666 4721 Emesa.

181 4769 467 4850 Elleborum
513 4769 678 4850 italia
719 4783 968 4826 veratrum
1011 4783 1176 4827 vocat.
1227 4775 1391 4842 l’lin.,
1439 4777 1576 4832 llist.
1619 4777 1769 4848 Nat.,

174 4842 260 4897 lib.
287 4860 412 4908 xxv,
437 4859 489 4898 c.
522 4843 577 4898 5.
611 4841 813 4897 Οιιειι.

243 4912 472 4968 Orilt'bus
501 4915 776 4969 insidiatur
805 4913 976 4984 lupus.
1008 4915 1224 4988 Virgil.,
1261 4916 1415 4982 [Enn
1449 4934 1504 4972 Ix
1537 4935 1550 4975 :

348 5025 420 5076 Ac
440 5025 601 5078 veluti
628 5026 774 5090 pleno
790 5026 935 5091 lupus
959 5028 1217 5080 insidiatus
1231 5029 1365 5081 ovili.

178 5150 335 5224 liabet
363 5169 393 5206 e
417 5152 648 5224 Virgilio
679 5154 828 5223 plura
859 5155 1148 5224 Arnobius.
1186 5156 1426 5212 UERALD.

238 5221 550 5277 Maledicam
591 5221 804 5278 scilicet.
851 5222 984 5279 Cod.
1040 5242 1142 5280 ms.
1175 5228 1478 5282 maledicam
1515 5247 1587 5284 sc.
1633 5230 1671 5288 i.
1713 5247 1762 5288 e.

173 5295 368 5367 scilicet.
409 5295 860 5367 Stevvech;conj.
902 5296 1209 5351 Maledicam
1251 5300 1409 5365 ilicet,
1451 5302 1564 5356 sive
1590 5304 1767 5367 potius

176 5363 450 5420 Maledictis
478 5366 640 5420 ilicet.
674 5363 862 5420 Editur
890 5367 1058 5437 Lugd.
1087 5369 1204 5423 Bal.
1232 5363 1542 5424 Maledicam
1567 5363 1662 5426 sic.
1697 5374 1768 5428 At

175 5449 290 5512 vero
319 5437 730 5512 eptime_babet
766 5438 976 5512 vulgata
1008 5441 1189 5512 lectio.
1226 5442 1356 5496 Nam
1401 5443 1592 5497 scilicet
1623 5446 1765 5512 apud

173 5502 380 5584 Latinos
412 5506 736 5584 smpissime
771 5502 1064 5584 interrogat
1112 5511 1314 5568 ironice
1350 5528 1470 5568 cum
1529 5502 1762 5584 quadam

174 5580 520 5654 amaritudine
545 5587 605 5654 et
649 5579 894 5654 irrilione
945 5591 998 5634 et
1039 5594 1304 5650 praeparat
1347 5579 1758 5654 responsionem

173 5660 465 5726 negantem.
499 5650 716 5726 Plurae
739 5649 1001 5726 Cicerone
1031 5649 1275 5726 exempla
1304 5649 1500 5726 allegat
1531 5656 1761 5713 Gesner.

172 5718 218 5772 in
245 5719 542 5786 litesmiro,
568 5718 761 5788 quibus
788 5723 912 5775 add.
933 5718 1206 5788 Juvenal.,
1225 5735 1326 5778 sat.
1359 5718 1532 5792 1,122
1565 5747 1578 5783 :

312 5830 521 5904 Scilicet
557 5831 795 5904 horreres
818 5835 1100 5904 majoraque
1120 5845 1334 5904 monstra
1356 5847 1574 5904 putares,

298 5895 363 5946 σει
398 5894 584 5950 mulier
608 5894 834 5956 vitulum,
860 5894 943 5948 viil
964 5894 1114 5953 sibos
1129 5901 1307 5956 ederet
1331 5894 1549 5965 sgnum?

1799 4546 1857 4607 D

1892 2647 1969 2702 lta
2000 2647 2258 2706 Germani
2289 2648 2404 2705 So?
2435 2647 2565 2705 Was
2595 2648 2776 2712 denkst
2802 2648 2873 2712 du
2900 2648 3071 2706 woht?
3100 2647 3335 2709 Gronov.
3372 2645 3501 2703 Dia-

1892 2719 2017 2779 trib.
2052 2720 2117 2774 ad
2149 2719 2304 2775 Statii
2338 2720 2467 2776 Silv.
2520 2721 2573 2775 in
2617 2720 2894 2782 Addendis
2937 2735 3057 2790 pag.
3090 2722 3218 2785 412,
3264 2719 3508 2776 defendit

1891 2790 2175 2861 lectionem
2208 2793 2484 2861 antiuunm
2537 2793 2842 2845 maledicam
2873 2792 2920 2850 si
2957 2807 3053 2861 pro
3091 2809 3157 2844 an
3198 2791 3507 2845 maledicam

1891 2859 2150 2932 illamque
2174 2860 2418 2932 pluribu.
2453 2865 2718 2931 exemplis
2745 2859 2994 2916 adstruit.
3028 2861 3131 2917 Sed
3159 2861 3331 2918 fateor
3366 2864 3508 2926 ejus-

1890 2933 2034 2986 modi
2101 2933 2545 3002 coniunctionum
2603 2935 2654 2987 in
2711 2933 2930 2989 directis
2988 2933 3504 3002 interrogationibus

1891 3005 2368 3073 transpositionem
2417 3021 2502 3060 me
2548 3005 2748 3060 nullam
2793 3005 2969 3059 adhuc
3010 3006 3278 3070 reperisse
3310 3005 3363 3059 in
3401 3005 3504 3060 Ar-

1888 3074 2070 3134 nobio.
2097 3073 2336 3134 Prmfero
2365 3076 2544 3144 itaque
2568 3076 2761 3130 scilicet
2781 3091 2847 3132 ex
2874 3076 3188 3134 abbreviato
3215 3093 3288 3130 sc.
3320 3086 3501 3131 ortum

2997 3148 3202 3206 Uncti...

1918 3283 1930 3296 θ
1963 3213 2092 3268 Tum
2136 3231 2274 3296 sapa
2313 3216 2571 3296 prodigia.
2621 3216 2901 3277 Baltltasar
2946 3217 3147 3296 Lydius
3196 3234 3282 3287 ap.
3326 3219 3504 3296 Mem-

1886 3288 2032 3365 illim.
2078 3288 2234 3365 ι).-9Ρ
2282 3291 2516 3365 ηιιιιίυιι-
2559 3298 2665 3341 tam
2715 3305 2862 3365 stand
2885 3289 3166 3365 prodigia,
3221 3292 3501 3365 probante

1883 3353 2168 3436 Colvio‘ad
2205 3360 2436 3436 Apuleii.
2471 3358 2595 3413 Met.
2629 3375 2687 3436 ni
2709 3405 2725 3426 ,
2761 3376 2812 3428 p.
2845 3353 2970 3426 198,
3001 3353 3088 3416 ed.
3118 3353 3494 3433 Oudendorp,

1884 3427 1974 3492 qui
2006 3427 2074 3482 de
2107 3427 2161 3480 li.
2197 3445 2245 3482 v.
2278 3429 2479 3488 multus
2507 3440 2610 3484 est.
2640 3430 2845 3486 Οιιιςιι..

1886 3566 1897 3576 ο
1959 3495 2218 3576 Genitaris
2261 3499 2596 3570 spirantibus.
2633 3501 2980 3576 (leniturteh.
3009 3503 3047 3557 l.
3082 3518 3242 3559 sensu
3279 3518 3500 3576 prorsus

1884 3569 2106 3622 insolito
2137 3571 2172 3624 i.
2205 3585 2262 3642 q.
2292 3569 2563 3636 creatum,
2597 3574 2864 3628 animalia.
2907 3573 3240 3642 interpretes
3269 3569 3333 3628 ad
3367 3577 3418 3628 lt.
3456 3576 3494 3631 l.

1885 3653 1952 3717 ne
1975 3643 2073 3715 ’γρὺ
2103 3641 2343 3717 quidem,
2375 3659 2471 3696 nec
2497 3643 2697 3717 Lexica
2729 3655 3030 3717 agnoscunt
3060 3641 3197 3717 banc
3226 3645 3496 3715 significa-

1885 3713 2106 3784 tionem.
2146 3713 2219 3773 Ita
2261 3713 2326 3784 de
2366 3714 2677 3768 hominibus
2703 3730 2790 3784 ap.
2842 3714 3214 3770 Tertullianus
3257 3713 3364 3772 non
3409 3731 3497 3772 se-

1885 3782 2100 3862 nieluv.
2135 3797 2192 3862 c._
2215 3783 2429 3862 advers.
2460 3782 2755 3862 Marcion..—
2783 3787 2990 3862 libatv,
3016 3787 3184 3862 c._2:w,
3216 3788 3304 3842 ubi
3332 3787 3494 3843 verba

1881 3850 2241 3926 diviSoteris,
2295 3853 2425 3909 Luc.
2459 3871 2541 3922 ix,
2572 3856 2661 3918 41,
2695 3858 2763 3911 ita
2813 3857 2987 3911 reddit
3019 3876 3032 3911 :
3066 3856 3109 3910 Ο
3149 3850 3384 3926 genuum
3412 3860 3496 3912 in-

1883 3925 2118 4050 cred9ugis
2173 3941 2437 3995 quousque
2474 3942 2560 3980 ero
2600 3927 2742 3997 apud
2791 3929 2916 3982 vos?
2942 3925 3202 3998 quousque
3237 3929 3494 3984 sustinebo

1883 4008 1996 4047 vos.
2086 4012 2244 4050 RELL.

1883 4008 1969 4047 υοε
1984 4008 2009 4047 ζ’
2038 4008 2244 4052 υιιειι..

1954 4084 2066 4159 Xll.
2100 4117 2169 4128 -—-
2207 4086 2587 4142 Potentioribus
2665 4089 2792 4144 dare
2860 4090 3205 4144 conditionem
3263 4107 3280 4144 :
3335 4091 3487 4159 velle,

1880 4166 1934 4232 ut
1965 4157 2018 4210 id
2062 4159 2176 4232 ﬁat,
2208 4160 2568 4232 qqudrcupias.
2605 4159 2680 4214 Ita
2711 4162 2871 4232 locus
2913 4163 3322 4232 distinguendus
3366 4157 3491 4218 cum

1881 4227 2210 4309 Steweciiio.
2236 4227 2478 4309 __Sciiicet
2523 4231 2876 4309 immodesms
2922 4227 3176 4309 postulat.
3216 4243 3272 4287 ut
3305 4242 3494 4309 poten-

1883 4299 2047 4380 tiores
2165 4301 2352 4380 velint,
2400 4309 2575 4356 ratum
2623 4301 2876 4370 habeant,
2906 4299 3050 4373 quod
3079 4304 3196 4374 ipse
3226 4299 3487 4376 concupi-

1878 4371 2036 4424 verit.
2067 4371 2269 4426 Οιιειι..
2319 4377 2323 4380 ’

1953 4439 2075 4521 Non
2120 4443 2372 4508 partiliter
2416 4444 2568 4521 ﬁant.
2597 4442 2672 4498 Ita
2702 4443 2986 4521 legendum
3026 4463 3038 4497 :
3074 4461 3183 4521 non
3207 4445 3489 4521 ‘poriliter.

1881 4509 2318 4593 .Partiliterpopp.
2344 4509 2668 4593 generaliter,
2697 4509 2995 4593 safpissitne
3019 4532 3104 4593 ap.
3133 4516 3214 4570 .lnl
3266 4517 3487 4572 Firntic.

1879 4583 1932 4656 in
1964 4581 2210 4656 Matltcsi.
2234 4581 2241 4582 ί
2267 4581 2586 4656 Πεὴιιιιιμ-
2618 4581 3132 4641 Οουΐζειιιιιόριιίίιι
3169 4588 3486 4656 Adversar.,

1877 4652 1972 4706 lib.
2018 4669 2056 4714 ι,
2093 4655 2231 4730 _c._5,
2258 4671 2320 4730 Β.
2359 4655 2414 4709 6.
2449 4655 2719 4730 Parii/iter
2768 4660 2984 4726 proprie
3027 4675 3117 4730 per
3156 4669 3344 4728 partes.
3399 4652 3490 4714 Sic

1877 4734 2064 4778 noster
2093 4726 2226 4799 infra
2258 4725 2350 4780 lib.
2388 4742 2464 4793 XI,
2493 4743 2546 4780 c.
2579 4727 2646 4780 ιιι
2674 4727 2784 4780 Hoc
2806 4725 2879 4781 est
2901 4725 3036 4782 enim
3076 4725 3337 4799 proprium
3371 4732 3491 4783 deo-

1873 4812 2010 4870 rum,
2040 4796 2296 4862 complere
2322 4799 2493 4870 omnia
2523 4800 2567 4850 vi
2590 4816 2703 4864 sua,
2739 4815 2838 4852 non
2869 4796 3121 4870 partiliter
3144 4796 3366 4867 uspiam,
3396 4802 3487 4856 sed

1874 4865 2193 4943 ubiqueesse
2219 4876 2371 4923 totos.
2407 4868 2471 4922 ΙΙ.
2506 4870 2543 4922 l.
2575 4881 2752 4943 autem
2787 4865 3050 4939 signiﬁcat
3077 4865 3240 4941 partis
3262 4873 3490 4943 alicujus

1874 4937 1953 5012 vel
1987 4939 2369 4991 individuorum
2392 4942 2728 5008 quorumdam
2762 4937 3052 5005 commodo,
3077 4937 3264 5011 'gratiu
3311 4959 3328 4996 :
3357 4937 3485 5012 opp.

1874 5008 1942 5081 ad
1979 5025 2232 5081 summum
2278 5026 2460 5065 census
2501 5013 2675 5073 totius,
2717 5022 2772 5064 ut
2804 5015 3017 5081 egregie
3047 5008 3286 5067 correxit
3331 5008 3483 5069 Fulv.

1880 5076 2125 5134 Ursinus.
2157 5078 2213 5134 In
2244 5095 2348 5134 ms.
2381 5092 2498 5136 erat
2521 5097 2719 5146 sensus,
2752 5076 2903 5138 nullo
2930 5076 3114 5139 sensu.
3149 5084 3352 5140 (lnsLL.

1947 5191 2085 5267 XIII.
2119 5225 2190 5267 έ
2222 5193 2369 5248 Mula
2415 5196 2584 5267 omnia
2630 5194 2703 5248 dii
2750 5200 2940 5264 ferunt.
2989 5197 3262 5267 Scriptum
3311 5205 3431 5250 erat
3469 5215 3483 5252 :

1873 5263 2011 5316 mala
2036 5265 2209 5318 omnia
2241 5263 3204 5341 odiet-unhchrissitltattt_lrctiottettt
3238 5269 3484 5334 reposui-

1875 5349 1995 5410 tttus
2026 5351 2056 5410 e
2081 5353 2180 5389 tns.
2231 5337 2454 5392 Codice.
2497 5337 2742 5394 Hanno.
2767 5369 2838 5378 -—
2864 5338 3062 5394 Ferunt
3106 5356 3202 5410 pro
3234 5342 3482 5407 inierunt.

1873 5404 2124 5490 Simplex
2159 5411 2609 5490 procmnposito:
2641 5410 2850 5490 Μειυιιε.

1944 5476 2267 5556 Calumniari
2295 5495 2380 5556 vos
2411 5476 2656 5556 improbe.
2690 5480 2709 5534 Ι
2765 5500 2829 5556 ω.Δ
2851 5480 3315 5556 impudentisdme
3353 5497 3365 5531 :
3402 5491 3478 5556 ut.

1869 5550 1956 5622 qui
1983 5550 2118 5622 rapit
2148 5551 2452 5620 prolialam,
2479 5552 2676 5606 dicitur
2706 5556 2790 5621 fur
2815 5553 3096 5619 improbior
3118 5551 3481 5622 jurisconsul-

1872 5619 1960 5680 tis,
2007 5620 2075 5672 ita
2107 5619 2342 5690 improba
2368 5627 2530 5692 frons.
2570 5619 2814 5688 Improbe
2843 5622 3005 5692 igitur
3043 5619 3160 5677 ait:
3192 5624 3244 5674 in
3293 5623 3485 5686 apertis

1869 5691 2258 5762 mani{estisque
2307 5691 2604 5748 mendaciis.
2653 5692 2782 5748 Hetc
2827 5691 2972 5747 etum
3017 5705 3259 5748 extrema
3307 5693 3485 5759 impu—

1869 5761 2048 5814 (lentia
2078 5761 2179 5826 est,
2212 5765 2377 5832 quod,
2411 5779 2530 5818 cuni
2584 5765 2922 5820 mendacium
2970 5777 3277 5833 promptum
3322 5763 3392 5815 sit
3421 5778 3484 5816 ac

1867 5833 2239 5898 manifestum,
2268 5835 2534 5890 caltnnnia
2564 5845 2743 5891 tznnen
2767 5835 3041 5890 obstinate
3070 5845 3124 5889 et
3147 5834 3486 5901 impudenter

1868 5903 2174 5964 inculcatur
2201 5919 2264 5964 ac
2292 5905 2624 5965 defenditur.
2649 5905 2744 5967 Est
2760 5906 2904 5964 enim
2921 5918 3054 5976 pars
3086 5906 3486 5978 ἀναισχυντίας,
