3850 6348
248 350 349 410 737

1646 342 1850 408 LIBER
1890 340 2167 408 PRIMUS.

3464 348 3568 407 738

248 465 415 522 dicris
436 505 453 532 ,
481 472 543 520 et
572 471 813 536 ponant,
847 471 902 518 et
943 471 1197 531 tepetant
1242 463 1352 520 iras
1380 480 1392 518 :
1423 475 1476 520 et
1504 465 1556 521 in
1586 468 1852 539 integrum
1886 487 1932 544 Α
1961 468 2136 523 cuncti
2165 464 2427 522 nihillacti
2452 465 2654 522 habere
2679 462 3006 529 debuerunt,
3028 465 3075 520 si
3102 464 3369 521 malorum
3393 478 3563 521 causa

252 576 315 614 se
346 573 567 628 semper
590 555 949 613 oﬂensionum
973 556 1353 613 recordatione
1382 558 1691 615 restituant.

331 647 473 705 XVI.
514 649 851 718 Quamquam
883 648 1026 703 istud
1059 648 1201 719 quod
1229 648 1448 712 dicitur.
1481 652 1639 720 quale
1664 653 1733 706 sit
1764 658 1875 707 εις-⁸

263 748 504 819 plicabili
551 764 658 804 non
711 757 889 819 potest
932 750 1428 820 comprehensione
1476 747 1751 819 cognosci.
1803 746 1863 801 Si

256 842 626 908 Alamannos,
663 841 855 897 Persas
882 841 1085 897 idcirco
1112 844 1399 898 voluerunt
1438 840 1685 905 devinci,
1720 838 1859 907 quod

258 934 566 990 habitarent
588 943 643 989 et
668 934 932 1005 degerent
962 934 1015 988 in
1043 949 1233 990 eorum
1265 932 1519 1003 gentibus
1547 929 1858 994 christiani,

255 1023 717 1095 quemadmodum
772 1024 1030 1081 Romanis
1086 1025 1328 1081 tribuere
1377 1024 1691 1089 victoriam,
1740 1036 1863 1077 cum

260 1117 571 1173 habitarent
616 1127 673 1173 et
716 1117 975 1188 degerent
1018 1119 1070 1173 in
1114 1133 1307 1173 eorum
1349 1132 1565 1188 quoque
1611 1115 1864 1186 gentibus

258 1209 589 1266 christiani?
633 1210 691 1265 Si
717 1210 770 1264 in
799 1209 949 1275 Asia,
982 1210 1164 1282 Syria,
1199 1210 1407 1265 idcirco
1438 1225 1655 1271 mures,
1702 1217 1757 1262 et
1785 1208 1867 1261 lo-

260 1308 448 1356 custae
469 1300 825 1357 eﬂervescere
855 1300 1225 1372 prodigialiter
1242 1302 1536 1380 voluerunt
1560 1342 1576 1366 ,
1607 1300 1751 1371 quod
1780 1314 1868 1353 ra-

260 1391 417 1448 tione
458 1392 725 1448 consimili
768 1392 1075 1448 babitarent
1106 1395 1158 1448 in
1192 1393 1381 1449 eorum
1421 1392 1675 1465 gentibus
1714 1390 1854 1446 chri.

259 1487 423 1543 stiani
457 1505 471 1542 :
497 1488 549 1541 in
579 1487 833 1559 Hispania
856 1530 871 1555 ,
900 1487 1072 1543 Gallia
1098 1530 1114 1555 ,
1139 1503 1239 1542 cur
1269 1490 1462 1543 eodem
1486 1496 1732 1556 tempore
1758 1484 1858 1539 ho—

260 1595 386 1634 rum
417 1577 551 1634 nihil
593 1588 778 1634 natum
808 1588 928 1646 est,
961 1596 1087 1635 cum
1117 1580 1388 1635 innumeri
1415 1581 1661 1635 viverent
1699 1580 1749 1633 in
1786 1578 1870 1634 his

260 1687 483 1744 quitque
509 1673 804 1742 provinciis
832 1672 1152 1728 christiani?
1189 1674 1245 1729 Si
1276 1672 1414 1742 apud
1446 1671 1705 1736 (lctulos,
1739 1669 1872 1725 Tin-

256 1765 513 1835 guitanos
542 1764 701 1834 hujus
730 1766 807 1820 rei
839 1780 999 1820 causa
1029 1765 1332 1821 siccitatem
1358 1766 1492 1820 satis
1531 1762 1867 1819 ariditatem-

1967 560 2068 613 nes
2109 572 2292 611 sumus
2322 573 2336 609 :
2368 555 2677 611 nationibus
2702 556 2849 610 enim
2877 569 3068 610 sumus
3108 556 3161 609 in
3203 556 3449 613 cunctis:
3478 562 3575 612 aut

1967 665 2089 706 cum
2129 650 2290 703 mixta
2322 648 2551 704 videatis
2589 663 2713 703 cum
2750 648 3108 704 incommodis
3154 648 3576 725 lteta,desinite

1968 742 2123 797 nobis
2162 741 2435 797 ascribere
2484 740 2536 796 id
2578 741 2723 811 quod
2755 740 2981 797 oﬂ'endit
3029 757 3117 798 res
3147 753 3395 811 vestras,
3442 734 3570 799 cum

1969 835 2103 890 nihil
2133 836 2271 891 luetis
2307 834 2608 891 efficiamus
2639 841 2696 890 et
2737 835 3029 905 prosperis.
3080 834 3140 890 Si
3176 835 3323 895 enim
3366 849 3468 905 ego
3510 842 3573 891 ut

1970 928 2111 983 male
2137 927 2207 982 sit
2234 925 2374 982 facio
2399 966 2413 990 .
2462 942 2560 981 cur
2589 934 2646 981 ut
2687 927 2826 983 bene
2852 927 2957 995 sit,
2991 940 3099 982 non
3135 924 3343 982 obsto?
3381 925 3441 981 Si
3468 966 3483 992 ,
3513 932 3577 982 ut

1970 1020 2147 1088 inopia
2195 1032 2385 1088 magna
2428 1018 2533 1083 sit,
2580 1032 2760 1075 meum
2794 1033 2992 1074 nomen
3038 1018 3092 1072 in
3132 1030 3294 1073 causa
3319 1026 3405 1072 est
3434 1033 3449 1071 :
3476 1030 3577 1073 cur

1972 1112 2105 1166 nihil
2155 1111 2431 1181 impedio,
2478 1121 2536 1165 ut
2574 1111 2643 1165 sit
2684 1109 2939 1166 ferocitas
2982 1110 3257 1166 maxima?
3301 1109 3402 1175 Si,
3435 1118 3495 1164 ut
3521 1108 3576 1164 in

1970 1205 2127 1261 bellis
2158 1203 2450 1274 accipiatur
2480 1204 2675 1259 vulnus
2694 1244 2708 1268 ,
2738 1219 2839 1273 ego
2866 1203 3019 1259 dicor
3039 1202 3237 1259 afferre
3275 1202 3573 1269 fortunam,

1972 1313 2071 1355 cur
2090 1298 2297 1354 duelles
2327 1312 2450 1353 cum
2482 1306 2730 1366 pereunt,
2758 1297 2952 1352 laevum
2974 1297 3261 1367 augurium
3292 1310 3402 1351 non
3428 1308 3578 1364 sum,

1975 1407 2075 1448 nec
2102 1391 2363 1449 adversus
2408 1406 2534 1461 spes
2575 1391 2748 1447 bonas
2780 1399 2805 1427 α
2837 1391 2965 1446 mali
2995 1389 3193 1446 ominis
3220 1390 3579 1446 obscmnitate

1977 1484 2228 1539 traducor
2244 1484 2268 1539 ζ’

2049 1575 2213 1631 χνη.
2246 1576 2314 1632 Et
2339 1585 2540 1643 tamen,
2574 1592 2608 1631 ο
2638 1576 2818 1647 magni
2856 1574 3096 1630 cultores
3121 1584 3285 1643 atque
3312 1571 3584 1630 antistites

1977 1672 2257 1726 numinum
2284 1712 2300 1738 ,
2329 1686 2428 1726 cur
2453 1682 2511 1725 nt
2534 1669 2694 1725 irasci
2724 1668 2937 1739 pupulis
2965 1666 3280 1723 christianis
3303 1666 3583 1737 angustis-

1976 1764 2145 1819 simos
2168 1763 2289 1818 illos
2319 1764 2643 1819 asseveratis
2677 1762 2844 1826 deos,
2877 1761 2950 1816 ita
2981 1775 3086 1816 non
3117 1758 3436 1826 advertitis,
3473 1774 3585 1817 non

257 1875 371 1930 que
397 1859 680 1925 miserunt,
712 1874 779 1915 eo
798 1873 943 1915 anno
970 1875 1067 1915 cur
1091 1875 1297 1917 messes
1325 1860 1694 1931 atnplissimas
1720 1859 1869 1914 Mau-
1901 1895 1949 1954 Β
1978 1854 2206 1921 videtis,
2240 1853 2467 1911 allectus
2494 1869 2656 1925 quam
2696 1863 2881 1921 turpes
2906 1894 2921 1919 ,
2954 1868 3115 1923 quam
3160 1852 3446 1908 indecoras
3479 1866 3580 1907 nuo

261 1954 346 2005 ris
374 1948 814 2021 Nomadibusque
838 1951 1167 2016 tribuerunt,
1191 1967 1315 2007 cum
1345 1952 1538 2024 religio
1564 1952 1756 2007 similis
1785 1951 1871 2008 his

258 2056 478 2113 quoque
504 2043 556 2097 in
586 2041 900 2113 regionibus
923 2053 1232 2101 verteretur
1257 2044 1281 2098 ?
1306 2044 1362 2101 Si
1397 2047 1449 2099 in
1478 2043 1704 2099 civitate
1736 2060 1869 2099 una-

257 2135 505 2204 qualibet
547 2135 688 2191 lame
736 2136 1000 2207 plurimos
1022 2138 1191 2193 emori
1238 2139 1412 2193 noStri
1455 2138 1694 2193 nominis
1719 2153 1873 2193 aver-

258 2226 421 2281 sione
447 2225 735 2293 lecerunt,
765 2242 863 2283 cur
903 2228 1099 2284 ibidem
1148 2230 1445 2285 annonaria
1489 2231 1716 2285 caritate
1754 2245 1866 2286 non

257 2328 472 2374 tantum
498 2322 746 2391 corporis
778 2337 885 2377 non
910 2322 1103 2389 nostri,
1133 2337 1320 2377 verum
1346 2323 1511 2377 etiam
1537 2322 1870 2378 christianos

253 2412 484 2470 ditiores
528 2421 584 2470 et
625 2412 1085 2484 locupletissimos
1127 2413 1518 2469 reddiderunt?
1562 2416 1671 2469 Aut
1710 2414 1875 2485 igitur

1978 1945 2217 2002 minibus
2265 1947 2573 2002 attribuatis
2622 1944 2895 2002 insanias?
2934 1944 3075 2014 Quid
3117 1954 3203 2001 est
3245 1947 3390 2001 enim
3436 1943 3584 2000 aliud

1975 2043 2166 2107 irasci,
2196 2056 2357 2114 quam
2384 2042 2624 2097 insanire
2650 2083 2665 2107 ,
2697 2056 2858 2112 quam
2888 2041 3070 2097 furere
3091 2083 3105 2106 ,
3133 2057 3296 2113 quam
3325 2043 3379 2095 in
3411 2040 3580 2096 ultio-

1975 2133 2063 2189 nis
2097 2133 2381 2189 libidinem
2415 2134 2565 2201 ferri,
2600 2144 2658 2189 et
2687 2134 2740 2188 in
2780 2133 3003 2190 alterius
3032 2133 3239 2189 doloris
3263 2148 3477 2198 cruces,
3507 2131 3597 2188 el-

1974 2225 2132 2280 lerati
2181 2226 2417 2294 pectoris
2468 2224 2801 2281 alienatione
2837 2224 3135 2281 bacchari?
3177 2224 3290 2280 Hoc
3333 2239 3465 2295 ergo
3511 2223 3591 2281 dii

1978 2318 2160 2390 magni
2189 2328 2411 2386 norunt,
2442 2318 2844 2388 perpetiuntur,
2876 2328 2932 2373 et
2960 2318 3223 2383 sentiunt,
3252 2317 3399 2389 quod
3434 2316 3590 2386 ferae,

1978 2412 2127 2483 quod
2156 2410 2374 2480 bellum,
2401 2412 2548 2483 quod
2577 2411 2873 2469 mortiferae
2910 2412 3191 2470 continent
3224 2421 3497 2469 venenato
3536 2414 3592 2469 in

1497 2552 1876 2611 LECTIONES
1913 2551 2331 2610 VARIANTES.

326 2692 352 2720 °
373 2692 493 2751 11s.,
516 2690 565 2739 in
597 2687 846 2751 adversas,
870 2694 962 2747 etc.
997 2686 1161 2752 Fulv.,
1184 2704 1281 2741 nec
1311 2690 1545 2742 adversas
1565 2704 1652 2743 res
1674 2692 1845 2742 bonas.

1956 2688 2079 2750 Alii,
2116 2703 2211 2741 nec
2232 2690 2467 2742 adversas
2505 2704 2625 2755 spes
2660 2691 2819 2743 bonas
2849 2704 2916 2741 tn.
2945 2704 2995 2741 ο.
3017 2689 3343 2741 obscomitate
3370 2688 3595 2742 traduce.

1626 2798 2190 2857 COMMENTARIUS.

332 2939 401 2994 In
449 2940 703 3009 integrum
734 2953 829 3009 ‘sei
861 2945 1073 3008 seniper'
1108 2936 1454 3009 oﬂiensionum
1505 2936 1863 3009 recordatione

254 3005 574 3068 restituant;
616 3008 691 3062 Ila
723 3005 856 3061 Cod.
886 3005 1014 3073 insl,
1038 3024 1151 3069 qua:
1179 3007 1339 3062 lectio
1379 3022 1545 3077 quare
1573 3007 1864 3061 deferenda

252 3084 325 3138 sit
350 3127 363 3149 ,
398 3097 505 3135 nun
539 3078 714 3134 video.
754 3077 907 3149 Fulv.
955 3078 1180 3132 Ursinus
1211 3081 1311 3149 :ﬂin
1350 3079 1606 3145 integrum
1646 3095 1753 3132 sese
1781 3093 1871 3146 per

256 3152 607 3219 oﬂ‘msionum
631 3148 1058 3213 recordationem,
1087 3148 1335 3203 etc.ant
1364 3150 1544 3203 dicere
1576 3151 1869 3212 Arnobius.

253 3226 395 3279 deos
436 3236 561 3275 esse
604 3229 793 3274 natura
845 3222 1009 3273 iratos
1067 3230 1118 3272 et
1165 3219 1452 3285 dilliciles,
1503 3220 1640 3273 adeo
1686 3230 1773 3279 ut.
1826 3222 1869 3274 si

254 3293 479 3359 quando
513 3290 763 3356 precibus
792 3290 873 3344 vel
914 3290 1190 3345 sacriliciis
1220 3292 1417 3344 fuerint
1447 3291 1694 3354 mitigati.
1740 3307 1867 3345 mox

255 3362 677 3437 primaistatiio
713 3359 1078 3437 οίῒεειινξίυιιιριῐι⁸
1114 3361 1494 3437 recordatione
1532 3362 1585 3414 in
1606 3362 1875 3437 integrum

256 3430 318 3491 3e
341 3436 636 3491 restituant.
664 3430 717 3484 h.
753 3447 804 3486 c.
830 3430 897 3485 ad
930 3432 1207 3500 pristinam
1235 3432 1581 3497 innatamque
1606 3430 1737 3500 ipsis
1767 3434 1874 3486 ira-

257 3505 477 3560 cundize
535 3502 770 3556 indolem
816 3511 1176 3558 revertantur.
1234 3503 1340 3557 Pro
1394 3504 1585 3557 vicibus
1635 3504 1872 3557 ludicris.

261 3577 451 3631 Menrs
491 3573 543 3627 in
561 3572 786 3645 Grilieo,
806 3573 901 3645 lib.
925 3588 1019 3636 vn,
1041 3589 1161 3643 cap.
1183 3574 1237 3636 9,
1263 3574 1548 3645 legendum
1572 3570 1877 3644 su‘spicatut‘

261 3647 498 3701 lubricis.
532 3643 646 3699 Non
679 3644 837 3698 male.
868 3642 1073 3698 OnELL.

340 3716 481 3773 XVI.
509 3744 582 3758 -—
610 3714 949 3785 Alamannos.
994 3715 1344 3785 Intelligenda
1393 3732 1499 3772 non
1542 3726 1688 3771 certa
1736 3717 1871 3772 Ger-

268 3791 467 3845 ntanize
536 3785 860 3857 genshsed
922 3784 1320 3841 Germanorum
1392 3792 1537 3842 natio
1604 3788 1873 3855 universa,

268 3858 414 3928 quod
475 3858 718 3927 pluribus
763 3858 997 3910 ostendit
1042 3857 1340 3913 Salmasius
1383 3858 1449 3912 ad
1499 3860 1660 3913 verba
1711 3859 1877 3913 Flavii

271 3930 489 3998 Vopisci
542 3931 595 3983 in
638 3928 867 3982 Proculo
905 3928 1103 3997 Script.
1154 3928 1289 3983 Hist.
1333 3931 1558 3996 August.
1592 3971 1605 3991 ,
1651 3931 1759 3983 vol.
1816 3946 1875 3994 tt,

269 4019 323 4072 [ι.
373 4002 476 4056 761
518 4018 532 4054 :
572 3998 704 4052 Nam
752 3998 1059 4052 Alemannos
1084 4042 1097 4063 ,
1143 4002 1229 4072 qui
1265 4010 1383 4054 tunc
1413 4001 1583 4053 adhuc
1634 4000 1878 4072 Germani

271 4070 575 4128 dicebautur
600 4113 614 4135 ,
657 4086 757 4123 nou
798 4072 905 4123 sine
938 4071 1117 4139 gloria:
1144 4070 1418 4137 splendore
1455 4072 1689 4125 contrivit
1719 4114 1731 4133 ,
1776 4071 1879 4125 do.

269 4160 405 4199 cens
434 4143 799 4203 Alamannos,
853 4152 1067 4211 gentmn
1096 4139 1403 4196 Germania:
1444 4142 1757 4211 p‘vpttlosam
1783 4184 1797 4205 ,
1826 4152 1882 4197 et

272 4218 355 4283 (ut
384 4214 575 4268 scribit
606 4209 1091 4283 AurelittsVitélor)
1122 4228 1188 4266 ex
1212 4228 1350 4279 equo
1381 4209 1608 4267 mirifice
1640 4229 1881 4283 pugnan-

275 4281 383 4342 tem
422 4284 606 4353 (quos
647 4298 769 4336 Cum
810 4281 1096 4336 devicisset
1140 4298 1306 4349 prope
1357 4283 1591 4340 Minoam
1633 4281 1883 4338 Gai-acal-

274 4360 357 4412 lus
378 4397 393 4415 .
424 4353 756 4409 Alamannici
787 4368 1086 4424 engnotnen
1116 4358 1535 4424 assutnpserat),
1574 4366 1755 4424 postea
1788 4355 1883 4408 toti

274 4426 583 4483 Germania:
626 4440 817 4477 nomen
852 4423 1106 4485 dedisse,
1156 4441 1275 4489 (iure
1309 4423 1377 4477 ab
1422 4427 1524 4479 illis
1566 4423 1884 4479 Alamannia

1895 3039 1943 3103 C

1971 2951 2071 3006 pro
2105 2935 2313 2998 bellum,
2344 2934 2455 2989 vid.
2487 2934 2660 3003 iutpp.
2702 2933 2768 3006 ad
2799 2933 2947 3006 Fest.
2978 2949 3033 2988 v.
3067 2933 3317 3006 duellum.
3350 2934 3556 2991 Οιιειι.

2048 3007 2301 3061 Adversus
2343 3021 2460 3073 spes
2502 3006 2681 3059 bonas.
2715 3004 2820 3059 Ms.
2860 3004 2913 3058 in
2954 3006 3216 3077 aduersos.
3263 3004 3409 3077 Lego
3439 3006 3597 3061 inad-

1977 3094 2180 3141 versns,
2215 3078 2491 3145 quomodo
2517 3077 2713 3139 inunle,
2744 3077 2991 3130 incoram.
3031 3076 3318 3131 Meunsws.

2053 3146 2187 3201 Mali
2215 3149 2401 3220 outinis
2430 3148 2781 3220 obscoenitate.
2799 3147 3035 3220 Herald.
3062 3148 3113 3201 in
3141 3147 3298 3220 Curis
3320 3148 3598 3220 secundis,

1978 3220 2200 3274 insertis
2220 3217 2708 3272 Observationibus
2727 3219 2840 3271 suis
2867 3217 2919 3270 in
2948 3217 3198 3272 Salmasii
3235 3217 3327 3287 jus
3356 3217 3598 3277 Atticum

1978 3301 2033 3344 et
2066 3289 2368 3362 Romanum
2391 3332 2417 3362 ,ν
2442 3291 2643 3362 mavult
2698 3289 2822 3362 mali
2868 3288 3111 3343 nominis.
3145 3289 3442 3362 Stevveclt.
3491 3292 3598 3362 leg.

1979 3360 2127 3427 conj.
2164 3358 2288 3413 mali
2318 3360 2504 3414 ominis
2548 3361 2891 3421 abst-levitate,
2939 3362 3113 3414 citans
3142 3359 3375 3414 Nonium
3406 3378 3457 3415 v.
3507 3358 3599 3416 οὗ·

1979 3431 2210 3489 cwvavit.
2245 3432 2399 3499 quasi
2441 3446 2704 3490 sczevum.
2740 3430 2939 3485 malum
2973 3446 3134 3486 omen
3163 3432 3361 3495 attulit,
3403 3448 3602 3488 scwvus

1982 3504 2235 3556 nimirum
2265 3543 2278 3562 ,
2313 3503 2471 3556 lienus
2500 3512 2556 3557 et
2584 3503 2789 3556 sinister
2809 3542 2825 3563 ,
2860 3502 2895 3554 i.
2930 3517 2986 3571 q.
3021 3501 3286 3557 infaustus
3313 3503 3599 3569 signiﬁca-

1982 3574 2129 3628 tione
2158 3571 2347 3628 Grieca
2384 3590 2395 3626 :
2431 3589 2552 3626 nam
2584 3574 2723 3643 apud
2764 3572 3036 3626 Romanos
3066 3574 3219 3640 laeva,
3251 3576 3469 3629 sinistra
3499 3590 3600 3629 auo

1980 3646 2130 3715 goria
2160 3654 2316 3698 erant
2343 3643 2481 3697 bona
2514 3647 2814 3715 faustaque.
2861 3643 2988 3708 Sed,
3020 3653 3079 3697 ut
3111 3644 3245 3699 bene
3276 3655 3459 3697 monet
3489 3644 3599 3700 Ile-

1981 3713 2186 3777 raldus,
2218 3715 2350 3768 nihil
2379 3715 2715 3769 mutandum.
2742 3713 3020 3769 Obscaznus
3046 3716 3189 3767 enim
3212 3724 3264 3769 et
3298 3715 3603 3771 obscoetinas

1985 3783 2204 3856 proprie
2234 3786 2302 3840 de
2329 3786 2600 3841 ominibus
2624 3786 2803 3847 malis,
2832 3801 3027 3855 nempe
3056 3786 3177 3856 quia
3208 3785 3460 3842 obscaena
3487 3803 3606 3842 om-

1986 3861 2070 3910 nia
2096 3868 2149 3912 et
2173 3857 2313 3911 fmda
2339 3856 2577 3926 antiquis
2607 3858 2719 3910 visa
2754 3858 2930 3910 tristia
2962 3866 3019 3926 et
3046 3855 3297 3923 infausta,
3326 3866 3382 3911 ut
3412 3868 3604 3912 centra

1985 3944 2114 3997 pura
2153 3925 2484 3998 purgataque
2519 3927 2637 3980 lmta
2679 3936 2735 3981 et
2766 3926 2967 3998 felicia.
3002 3925 3271 3998 ltaVirgil
3322 3927 3527 3998 Georg.
3562 3944 3603 3995 t,

1984 3995 2063 4052 vs.
2083 3995 2642 4065 470,0bsrcenicanes.
2660 3998 2750 4051 ubi
2766 3995 2852 4050 vid
2863 3997 3200 4053 .Voss.ldem
3211 3995 3367 4064 Ern,
3389 3995 3505 4063 n13
3519 3998 3602 4067 ιε,

1982 4071 2123 4126 262.
2160 4069 2427 4123 Obscaeua:
2458 4070 2690 4122 volucres
2711 4110 2727 4133 ,
2757 4078 2809 4122 et
2848 4068 3061 4132 Festus,
3094 4084 3147 4131 v,
3184 4068 3606 4127 Alliensiszbies

1983 4143 2214 4194 allieusis
2245 4140 2511 4193 dicebatur
2544 4139 2687 4208 apud
2718 4137 2976 4193 Romanos
2998 4140 3366 4195 obscamssimi
3388 4142 3599 4196 ominis.

1984 4210 2066 4266 Cf.
2088 4213 2362 4276 eumdem,
2381 4227 2429 4265 ν.
2455 4209 2617 4264 (lacus
2638 4220 2693 4265 et
2708 4211 2962 4273 Nonium,
2986 4226 3037 4262 v.
3062 4210 3364 4265 Obscurum.
3387 4210 3599 4269 OnELL.

2057 4282 2226 4337 XVII.
2273 4311 2344 4322 —
2382 4281 2651 4355 Antistites
2719 4283 3009 4355 numinum.
3091 4283 3385 4345 Antistites,
3445 4286 3481 4338 i.
3540 4299 3602 4355 q.

1987 4355 2296 4415 sacerdotes,
2342 4352 2415 4406 nil
2450 4354 2699 4422 amplius.
2740 4352 2871 4407 Vide
2901 4364 3179 4407 auctorem
3214 4352 3605 4422 conl'ulatiOnis

1992 4424 2431 4495 virulentissitnm
2461 4421 2996 4495 animadversionum
3028 4425 3157 4495 ῥηι.
3201 4421 3464 4495 Cerrmtii
3497 4423 3515 4495 (
3542 4425 3606 4479 D.

277 4500 418 4578 dicta
458 4506 543 4578 est
560 4538 588 4577 ,_
604 4506 657 4550 et
688 4510 828 4549 nunc
864 4494 1063 4578 dicitur
1088 4495 1678 4578 apud'Francogallos;
1720 4496 1882 4578 idque
1908 4515 1961 4574 1)
1986 4496 2191 4578 Petavii
2262 4494 2335 4578 ,ωλι
2362 4493 2445 4548 Cl.
2472 4494 2725 4578 Salmasii
2759 4504 2914 4578 notas
2945 4500 2995 4547 in
3025 4493 3345 4578 Tertulliani.
3366 4497 3450 4578 _de
3484 4493 3610 4578 Pal-

279 4568 477 4621 factum
520 4569 683 4620 luisse
711 4582 815 4621 non
847 4566 1016 4618 multo
1047 4576 1171 4619 ante
1214 4566 1451 4636 Vospisci
1484 4577 1722 4632 tempora
1751 4610 1763 4631 ,
1794 4566 1884 4636 qui

280 4652 765 4705 contemporaueus
804 4636 1023 4689 Arnobii
1056 4636 1211 4703 vixit,
1249 4638 1635 4701 imper-utilius
1680 4639 1886 4691 liiocleo

286 4710 426 4761 tiano
460 4718 515 4762 et
564 4707 901 4761 Maximiano.
946 4705 1060 4760 Non
1105 4710 1403 4762 necessaria
1449 4710 1625 4778 itaque
1668 4708 1885 4763 Meursii

287 4780 593 4845 conjectura
618 4778 833 4831 Alanos.
860 4780 1064 4831 URELL.
1605 4812 1614 4821 ι

360 4851 418 4903 Si
454 4850 598 4914 apud
643 4848 851 4919 Gelulos
891 4848 1250 4919 Tinguitmos.
1288 4852 1413 4905 llznc
1454 4861 1535 4906 est
1576 4849 1887 4903 emendatio

293 4922 562 4974 verissima
607 4920 741 4974 Lud.
790 4918 1063 4973 Carrionis
1108 4921 1300 4973 merito
1335 4924 1384 4974 in
1420 4932 1631 4976 texutm
1671 4934 1884 4988 recepta

294 4992 357 5042 ab
398 4991 603 5045 editore
653 4991 937 5045 Leiilcnsi.
984 4994 1203 5055 probata
1249 4994 1408 5045 etiam
1461 5008 1488 5044 a
1538 4992 1774 5045 Livinu-o
1819 4991 1887 5045 ad

299 5060 719 5132 Panegyr.Lat.,
756 5078 807 5128 p.
846 5060 968 5122 158,
998 5062 1085 5113 ed.
1122 5066 1377 5116 Aintzen.
1408 5062 1593 5116 Lectio
1621 5064 1836 5128 antiqua
1870 5079 1883 5115 ε

299 5133 337 5182 si
365 5130 498 5197 apud
542 5130 750 5186 Getalos
792 5142 897 5183 tum
931 5132 1211 5199 Aquitanos
1248 5145 1363 5187 orta
1408 5135 1615 5188 videtur
1647 5150 1673 5185 a
1716 5134 1888 5187 scinlo

304 5202 471 5269 aliquo
516 5204 736 5258 librario
784 5204 1079 5267 Aquitanos
1128 5204 1214 5257 hic
1263 5205 1605 5269 intrude-nte,
1661 5219 1781 5257 Clllli
1836 5206 1887 5258 in

309 5274 717 5336 pra-cedentibus
751 5274 927 5326 verhi~
960 5274 1092 5326 lacti
1128 5288 1269 5328 esset
1302 5276 1485 5329 Gallae
1515 5276 1714 5327 memio
1740 5316 1754 5339 ,
1787 5289 1882 5329 cu-

308 5344 384 5421 ius
413 5347 675 5421 provincia
708 5355 824 5397 erat
855 5345 1159 5421 Aquitania.
1180 5351 1269 5421 _At
1300 5363 1430 5401 vero
1459 5349 1637 5400 verbis
1679 5350 1718 5398 si
1751 5347 1890 5414 apud

314 5410 500 5469 Gt’tulos
527 5456 542 5481 ,
575 5428 679 5470 etc.
708 5457 723 5479 ,
775 5410 965 5470 novam
1010 5416 1285 5481 periodum
1318 5420 1573 5473 illClIOth
1619 5410 1891 5471 Arnobius

316 5480 526 5557 loquitor
553 5487 621 5541 de
654 5488 863 5555 pepulis
902 5480 1095 5541 Al'ricm
1141 5489 1580 5555 septentrionalis
1624 5488 1891 5557 ejusmodi

318 5555 684 5612 calamitatilms
727 5557 1007 5611 infestatis.
1043 5557 1243 5612 OltELL.

379 5623 515 5699 {Vi/ii!
545 5630 664 5681 (mli.
705 5630 800 5681 Ms.
844 5629 971 5681 niln'l
999 5628 1189 5681 lectum.
1228 5630 1431 5684 Manus.
1454 5672 1467 5696 ,
1497 5632 1550 5684 in
1582 5631 1817 5699 Appeud.

376 5693 591 5769 Duelius,
626 5699 664 5753 I.
696 5715 744 5753 e.
779 5700 966 5763 hostes,
994 5700 1145 5769 cujus
1178 5702 1422 5756 vocabuli
1454 5693 1634 5756 unum
1659 5693 1759 5755 hoc
1794 5704 1892 5755 Ar-

321 5767 441 5822 nobii
461 5772 765 5841 exemplum
794 5773 921 5825 citat
946 5767 1172 5826 Gesner.
1203 5772 1253 5825 iu
1278 5772 1575 5828 Thesauro.
1608 5772 1894 5841 Composi-

320 5852 392 5892 unt
419 5844 681 5909 perduellis
711 5842 885 5899 multo
917 5843 1273 5915 [ιἐίιιιυιιιίιιδ.
1314 5846 1355 5900 Α
1386 5845 1615 5900 duellum
1672 5846 1893 5915 antique

1991 4568 2085 4631 lin,
2131 4566 2317 4635 p.147
2368 4582 2473 4635 sq.,
2525 4566 2615 4635 qni
2646 4567 2745 4619 hac
2775 4567 2842 4618 de
2889 4581 2947 4620 re
2980 4566 3181 4619 multus
3211 4576 3312 4619 est.
3366 4565 3439 4619 Ita
3483 4566 3608 4623 Liv.

1993 4634 2154 4699 l|i~t.,
2188 4652 2225 4695 t.
2260 4636 2290 4689 7
2318 4655 2330 4690 :
2357 4634 2555 4690 Potitii
2578 4637 2641 4690 ab
2680 4636 2923 4690 Evandro
2960 4637 3126 4688 edocti
3171 4637 3421 4689 antistites
3469 4639 3612 4692 sacri

1990 4710 2101 4778 ejus
2145 4710 2453 4778 permultas
2483 4717 2657 4761 letales
2706 4713 2870 4777 fuere.
2921 4706 3007 4762 Cf.
3058 4707 3176 4761 loca
3216 4708 3379 4762 citata
3409 4709 3478 4763 ab
3506 4708 3609 4764 EI-

1992 4776 2176 4833 tnenh.
2210 4776 2395 4832 ORELL

2062 4850 2167 4903 Cur
2200 4860 2252 4902 ut
2285 4850 2457 4902 irasci.
2497 4848 2563 4903 Ut
2598 4853 2967 4905 necessarium
3001 4848 3066 4903 ad
3099 4865 3318 4904 sensum
3362 4851 3606 4907 restituit

1990 4922 2164 4975 editor
2189 4919 2358 4989 Lugd.
2386 4921 2501 4974 Bal.
2522 4920 2710 4975 Behot.
2741 4922 2887 4989 eonj.
2912 4923 2998 4991 qui
3027 4923 3175 4984 irnci,
3215 4939 3318 4975 non
3348 4924 3506 4977 male.
3529 4924 3606 4977 lu.

2066 4992 2203 5055 Quid
2244 5002 2314 5043 est
2360 4994 2491 5044 enim
2536 4992 2681 5044 aliud
2720 4994 2901 5055 irasci,
2947 5010 3102 5062 quant
3145 4993 3408 5049 insanire.
3454 5011 3613 5060 quant

1992 5062 2161 5130 {urere
2185 5062 2209 5114 Ζ)
2233 5062 2308 5115 Ita
2336 5064 2514 5115 llorat.
2546 5063 2716 5130 lipisr.
2744 5080 2801 5127 tt,
2829 5064 2883 5124 I.
2907 5064 2985 5117 ira
3026 5066 3174 5132 [uror
3195 5064 3375 5118 brevis.
3402 5064 3615 5121 Seneca

1993 5136 2059 5186 de
2091 5136 2190 5197 Ira,
2227 5135 2319 5187 lib.
2346 5149 2381 5194 l,
2416 5146 2465 5187 c.
2498 5134 2517 5185 I
2551 5154 2570 5204 :7
2594 5134 2821 5199 Quidum
2850 5151 2875 5187 e
2902 5138 3217 5204 sapientibus
3249 5136 3381 5187 iram
3408 5136 3612 5191 brevem

1994 5204 2234 5257 dixerunt
2264 5204 2535 5257 insaniant.
2559 5203 3153 5261 ELHENIL—Cteteruut
3186 5209 3466 5270 Arnobius,
3493 5209 3547 5259 b.
3572 5208 3612 5263 Ι.

2000 5276 2237 5343 loquitur
2267 5292 2330 5328 ex
2362 5287 2627 5330 sententia
2655 5277 2980 5337 StoiCorum,
3008 5280 3098 5346 qui
3126 5278 3410 5346 benignam
3443 5288 3499 5331 et
3523 5279 3618 5332 be-

1998 5346 2223 5400 nelicun
2256 5356 2501 5399 naturain
2533 5347 3241 5417 Deotribuebant,eumque
3266 5363 3425 5417 posse
3447 5346 3619 5405 irasci

2000 5418 2283 5483 negabant.
2332 5418 2575 5471 llsuaw.

2070 5486 2133 5540 In
2162 5490 2370 5542 alterius
2402 5490 2594 5542 doloris
2626 5505 2825 5553 cruces,
2858 5498 2962 5544 etc.
3008 5489 3082 5542 Ita
3126 5488 3412 5553 legendum
3440 5532 3454 5555 ,
3490 5504 3615 5545 cum

2002 5559 2068 5613 sit
2100 5562 2148 5613 in
2180 5560 2315 5612 Cod.
2338 5575 2437 5613 IIIS.
2460 5564 2647 5619 crucis.
2680 5561 2798 5614 scil.
2833 5576 2927 5627 pro
2955 5576 3148 5614 cruces.
3186 5558 3463 5619 (Ilerald..
3490 5559 3615 5614 Cur.

2000 5632 2210 5684 sccund.
2237 5631 2385 5684 Obss.
2422 5634 2472 5683 in
2501 5632 2779 5684 Sulanmsii
2808 5631 2908 5685 Jus
2934 5633 3067 5697 Arn,
3090 5648 3140 5698 ρ.
3166 5630 3321 5695 600).
3351 5630 3619 5685 Meursius

2004 5704 2051 5755 in
2088 5702 2359 5771 Append.,
2394 5702 2679 5771 legendum
2705 5706 3045 5771 suspicatur:
3073 5706 3125 5754 in
3147 5703 3359 5754 alterius
3386 5698 3615 5765 dolores,

2003 5776 2178 5837 (ruris,
2214 5773 2410 5838 efferati
2439 5775 2656 5841 pectoris
2684 5774 2995 5827 alienatione
3028 5772 3287 5826 bace/tari.
3318 5772 3522 5823 Unum.

2078 5842 2190 5900 Hoc
2218 5860 2338 5914 ergo
2366 5844 2437 5898 dii
2465 5847 2639 5913 magni
2662 5854 2869 5899 norunt.
2911 5844 3139 5912 Norant,
3166 5843 3219 5899 h.
3249 5842 3286 5898 ι.
3315 5842 3353 5898 i.
3384 5856 3437 5914 q.
3463 5856 3621 5911 expc-
