3850 6342
293 323 403 383 ’139

1398 313 1675 375 ARNOBII
1714 309 2083 373 ADVERSUS
2114 314 2398 376 GENTES

3492 307 3608 364 7ιο

297 439 460 495 dente
487 442 740 492 natrices.
774 433 927 502 Quod
956 433 1191 491 levitatis
1233 433 1285 488 in
1323 432 1575 501 liominc,
1603 430 1746 502 quod
1783 439 1867 484 teri

2044 450 2140 491 em.
2173 435 2273 491 Ubi
2308 434 2484 504 passio
2510 432 2614 488 sita
2633 438 2717 489 est
2738 471 2753 495 .
2797 426 3267 500 perturbationem
3299 434 3600 482 consenta-

296 547 429 586 reno
458 535 508 584 in
537 529 812 583 animante
837 527 1106 598 culpabile
1129 535 1232 592 est,
1263 533 1531 596 praestans
1556 524 1644 578 illa
1675 529 1887 588 natura,

294 631 349 677 et
380 623 432 676 in
477 630 748 692 perpetuae
793 621 1007 675 virtutis
1055 617 1307 672 ﬁrmitate
1347 617 1694 674 consistens.
1749 613 1890 668 scire

293 723 634 767 asseveratur
663 727 694 766 a
726 711 896 767 vobis.
926 710 992 765 Et
1017 708 1143 780 quid
1177 723 1306 778 ergo
1352 707 1597 778 sequitur
1634 720 1889 761 necessa-

293 804 406 867 rio,
438 804 573 870 nisi,
609 814 666 858 ut
695 819 761 858 ex
793 817 979 858 eorum
1010 800 1302 855 luminibus
1337 798 1584 854 scintillte
1617 797 1854 852 emicent
1875 838 1888 862 ,

292 894 525 952 ﬂamma:
547 903 808 956 aestuent,
859 893 1112 953 anhelum
1145 903 1330 963 pectus
1358 891 1603 962 spiritum
1631 889 1798 959 jaciat
1825 903 1891 944 ex

291 1006 388 1044 ore
409 1029 423 1054 ,
467 999 522 1044 et
549 1005 614 1044 ex
645 987 823 1044 verbis
852 987 1164 1043 ardentibus
1190 985 1469 1041 labrorum
1513 982 1731 1039 siccitas
1761 980 1893 1036 inal-

295 1081 454 1138 beSCa
465 1083 517 1134 t‘!

365 1171 548 1228 XVIII.
599 1171 756 1239 Quod
786 1172 830 1226 si
866 1186 1056 1227 verum
1096 1181 1178 1225 est
1211 1169 1354 1225 istud
1381 1210 1396 1235 ,
1433 1177 1490 1224 et
1518 1175 1603 1224 est
1638 1164 1892 1236 explora-

289 1273 426 1331 tum,
455 1274 509 1319 et
536 1266 833 1335 cognitum,
858 1275 912 1319 et
941 1263 1247 1319 fervescere
1278 1270 1304 1299 α
1336 1261 1467 1317 deos
1493 1261 1591 1327 ira,
1625 1268 1679 1314 et
1709 1256 1893 1325 hujus-

287 1356 434 1410 modi
487 1365 663 1411 metus
707 1354 1113 1426 perturbatione
1155 1354 1376 1423 jactarit
1423 1347 1788 1412 immortales,
1838 1355 1893 1401 et

293 1449 540 1518 perpetui
574 1465 681 1502 non
711 1462 837 1504 sunt
870 1467 883 1502 :
920 1464 1017 1503 nec
1047 1449 1098 1501 in
1130 1445 1428 1502 divinitatis
1451 1443 1676 1512 alicujus
1700 1438 1892 1496 existi-

291 1542 529 1594 matione
553 1539 580 1579 δ
613 1540 868 1610 ponendi.
888 1539 991 1596 Ubi
1019 1540 1163 1595 enim
1190 1546 1274 1593 est
1299 1539 1438 1592 ullus
1462 1577 1477 1602 ,
1509 1536 1648 1590 sicut
1678 1531 1894 1602 sapien—

1999 546 2158 585 neum
2191 539 2276 585 est
2301 528 2580 598 consequi.
2621 525 2723 582 Ubi
2754 523 3086 596 perturbatio
3107 531 3212 589 est,
3252 522 3324 577 ibi
3359 517 3516 574 dolor
3547 525 3604 572 et.

1998 622 2260 695 aegritudo
2287 630 2388 677 est.
2415 619 2515 676 Ubi
2543 618 2702 674 dolor
2722 628 2776 675 et
2795 617 3059 690 aegritudo
3079 623 3192 683 est,
3232 610 3604 668 imminutioni

1999 728 2055 773 et
2095 714 2424 785 corruptioni
2467 713 2579 784 jam
2613 713 2763 770 locus
2803 722 2886 770 est
2919 730 2931 766 :
2978 726 3100 783 quin
3139 710 3242 765 duo
3285 709 3330 784 si
3367 713 3598 770 vexant,

2001 808 2153 862 adest
2203 807 2409 861 vicinus
2465 805 2751 870 interitus,
2822 818 2970 859 mors
3021 801 3206 857 omnia
3256 798 3493 863 ﬁniens,
3546 804 3606 852 et

1997 901 2206 959 cunctis
2231 899 2477 956 adimens
2500 897 2861 954 sentientibus
2883 897 3071 951 vitam.

2067 1059 2214 1116 XIX.
2258 1059 2442 1126 Quid?
2480 1055 2622 1128 quod
2651 1056 2755 1110 isto
2781 1052 2941 1108 modo
2972 1066 3081 1106 non
3111 1057 3322 1104 tantum
3361 1046 3488 1103 illos
3523 1044 3606 1100 Ie—

1999 1171 2093 1211 ves
2150 1164 2204 1210 et
2256 1151 2537 1208 fervidos:
2582 1163 2773 1204 verum
2803 1188 2818 1213 ,
2884 1143 3026 1215 quod
3071 1143 3140 1198 ab
3193 1140 3299 1196 diis
3349 1136 3611 1195 convenit

1997 1250 2185 1322 procul
2216 1262 2337 1303 esse
2373 1245 2667 1309 dimotum,
2714 1249 2769 1297 et
2792 1239 3007 1309 iniquos
3037 1235 3294 1292 inducitis
3321 1275 3334 1298 ,
3383 1240 3438 1287 et
3463 1231 3608 1301 inju-

1998 1356 2112 1402 stos
2131 1353 2186 1400 et
2206 1341 2473 1414 aequitatis
2493 1340 2575 1394 vel
2603 1336 2830 1394 modicae
2857 1334 3060 1389 nullam
3095 1343 3316 1401 prorsus
3341 1325 3598 1384 obtinere

1999 1439 2286 1495 rationem.
2338 1433 2475 1503 Quid
2528 1441 2612 1488 est
2661 1430 2804 1486 enim
2854 1438 2964 1484 tam
3012 1427 3272 1495 injustam
3328 1435 3491 1492 quam
3547 1417 3603 1472 in

2003 1532 2056 1587 in
2083 1531 2218 1585 alios
2259 1526 2454 1590 irasci,
2487 1533 2542 1579 et
2586 1523 2724 1577 alios
2752 1521 2972 1585 laedere,
3017 1518 3084 1572 de
3122 1513 3436 1570 hominibus
3477 1524 3614 1564 con-

291 1633 435 1688 tibus
464 1603 677 1690 videtur
706 1675 721 1702 ,
751 1635 1007 1702 allectus,
1041 1634 1112 1690 ibi
1139 1648 1262 1690 esse
1298 1645 1523 1688 necesse
1563 1639 1651 1685 est
1687 1627 1897 1700 passio.
1930 1620 1977 1680 B
2005 1622 2158 1694 queri
2188 1631 2242 1676 et
2289 1617 2507 1674 innoxia
2547 1615 2848 1671 dilacerare
2879 1608 3188 1667 frumenta?
3236 1603 3612 1662 Christianum

1520 1767 1923 1842 iLECTIONES
1958 1758 2370 1822 γΑιιιΑΝτΕδ.

361 1889 387 1918 ⁸
413 1889 495 1938 Ita
516 1887 622 1940 sub.
645 1893 791 1940 recte.
813 1887 1157 1940 Etl‘ervescere
1193 1885 1334 1939 Fulv.

2065 1875 2095 1915 δ
2140 1875 2475 1927 Estimatione
2495 1869 2638 1921 Fulv.

1656 1980 2231 2046 COMMENTARIUS.

284 2135 509 2193 riuntur,
556 2125 740 2180 accidit
785 2125 908 2187 illis,
956 2139 1129 2195 graece
1156 2125 1455 2197 πάσχουσι.
1489 2121 1695 2178 Eodem
1722 2135 1887 2197 sensu

287 2201 417 2252 scire
444 2198 603 2267 paulo
635 2208 774 2265 post.
809 2198 883 2252 Ita
933 2193 1093 2249 etiam
1139 2211 1228 2249 res
1257 2193 1585 2267 inanimatae,
1618 2209 1668 2247 v.
1700 2193 1888 2267 c._lig-

286 2284 412 2322 num
444 2264 645 2321 dicitur
693 2268 855 2332 scire,
911 2267 1103 2321 nescire
1142 2271 1326 2319 tineas.
1375 2265 1616 2320 Hanno.
1651 2294 1720 2303 —
1749 2264 1886 2317 Deos

283 2354 506 2408 magnos
523 2337 807 2391 Turnebus
830 2337 1140 2401 Ailversar.,
1181 2337 1272 2390 lib.
1301 2352 1389 2390 xv.
1427 2352 1545 2405 cap.
1587 2334 1680 2399 21,
1716 2334 1885 2408 intel-

282 2404 397 2475 ligit
427 2410 576 2473 illos,
617 2408 703 2475 qui
738 2423 1024 2461 ιιιιιιιιιιιιιιῐι
1075 2409 1358 2476 imperium
1401 2419 1454 2460 et
1486 2404 1682 2459 numen
1715 2404 1882 2459 babe—

282 2480 411 2532 bant
460 2481 777 2547 publiceque
819 2479 1152 2539 colebantur,
1197 2487 1251 2530 ut
1275 2477 1505 2547 Jupiter,
1534 2477 1705 2547 Juno.
1739 2484 1844 2528 etc.
1871 2515 1884 2538 ,

282 2493 411 2532 nant
460 2493 777 2547 publiceque
819 2493 1152 2539 cclcbaiitur,
1197 2493 1338 2532 utJtt
1386 2493 1505 2541 iter,
1534 2493 1705 2534 Juno.
1739 2493 1844 2528 etc.

279 2566 416 2619 quos
444 2551 605 2603 Lares
655 2553 802 2602 urbis
839 2549 1021 2602 limine
1051 2548 1285 2616 appellat
1327 2493 1611 2602 Lemnus.
1643 2546 1846 2601 Οιιειι..

354 2620 498 2674 Scire
521 2630 836 2673 asseveratur
849 2636 878 2670 a
897 2620 1052 2672 vobis.
1072 2619 1407 2673 Stcwecliius
1423 2635 1516 2688 pro
1530 2619 1657 2672 scire
1686 2617 1886 2688 mavult

279 2692 484 2756 sentire,
514 2702 636 2744 cum
671 2689 1018 2758 '[irtecesserit
1057 2692 1411 2757 perpetiuntur
1442 2699 1485 2742 et
1526 2689 1746 2742 sentiant
1776 2687 1880 2742 Sed

279 2761 413 2814 nihil
431 2761 917 2815 mutandum.Scire
929 2761 1094 2823 enim,
1115 2775 1273 2813 nosse
1286 2769 1340 2814 et
1358 2759 1546 2813 similia
1565 2773 1660 2827 pro
1674 2759 1877 2820 sentire,

279 2833 496 2900 experiri
527 2831 664 2884 baud
700 2848 819 2884 raro
848 2832 987 2899 apud
1016 2834 1286 2898 antiquus.
1315 2829 1435 2883 Vid.
1469 2830 1532 2884 N.
1558 2831 1757 2882 lleinsii
1782 2827 1883 2882 Ad-

282 2917 507 2966 \'crsar.,
543 2904 631 2956 lib.
665 2918 742 2964 ιιι,
775 2917 893 2970 cap.
923 2902 977 2966 3,
1010 2916 1128 2969 pag.
1153 2902 1277 2954 M7.
1305 2901 1508 2955 Eodem
1533 2915 1696 2955 sensu
1723 2900 1880 2961 intra,

277 2989 398 3041 cap.
428 2972 516 3034 25,
547 2974 678 3025 dixit
707 2973 996 3034 Arnobius,
1031 2972 1292 3025 daemonas
1317 2981 1363 3023 et
1397 2972 1576 3024 heroos
1605 2988 1703 3041 non
1734 2985 1882 3023 nosse

277 3040 496 3095 cre’lestia
515 3084 529 3106 ,
561 3051 606 3094 et
636 3045 690 3093 in
721 3042 816 3094 hoc
845 3044 1059 3094 materia
1089 3046 1340 3095 crassiore
1362 3043 1575 3094 versari.
1607 3040 1808 3095 OBELL.

351 3113 604 3168 Scintilla:
643 3111 878 3166 emicem.
927 3111 1191 3165 Describit
1235 3110 1480 3168 habitum
1532 3113 1764 3166 hominis
1807 3112 1883 3164 ira

277 3185 482 3254 perciti.
517 3183 817 3247 Lucretius,
847 3180 942 3236 lib.
972 3198 1022 3235 Ill
1047 3224 1063 3250 ,
1093 3181 1233 3236 290:

461 3296 550 3346 Est
576 3299 723 3345 etiam
745 3294 874 3344 calor
899 3293 983 3344 ille
1012 3295 1192 3358 animo,
1219 3307 1370 3358 quem
1396 3297 1544 3345 sumit
1565 3296 1614 3342 in
1636 3296 1724 3358 ira,

461 3358 580 3409 Cum
605 3361 844 3418 serviscit,
877 3365 929 3407 et
967 3371 1033 3406 ex
1057 3357 1210 3407 oculis
1227 3362 1375 3407 micat
1399 3359 1598 3406 acribus
1622 3357 1788 3405 ardor.

273 3459 552 3532 Virgilius,
586 3459 800 3516 .Eneid.
837 3475 910 3514 xu
934 3502 950 3528 ,
984 3459 1080 3516 101
1113 3478 1125 3514 :

431 3572 520 3636 His
541 3575 705 3636 agitur
728 3572 884 3634 furiis,
904 3581 1109 3636 totoque
1129 3574 1350 3624 ardentis
1370 3576 1433 3625 ab
1451 3589 1541 3626 ore

426 3635 664 3685 Scintilla:
690 3637 956 3698 absistunt,
983 3635 1139 3686 oculis
1161 3638 1310 3687 micat
1333 3640 1528 3688 acribus
1551 3640 1698 3701 ignis.

273 3738 585 3793 Lucretium
640 3739 884 3792 imitatus
933 3738 1212 3808 Virgilius.
1262 3739 1387 3794 Hme
1414 3750 1592 3794 autem
1620 3741 1879 3795 omniain

271 3809 493 3863 furiosis
524 3809 713 3863 eadem
737 3850 751 3874 ,
791 3819 849 3862 ut
889 3809 1126 3864 ostendit
1155 3810 1359 3865 Seneca
1409 3811 1460 3866 in
1499 3812 1649 3866 libris
1678 3815 1747 3867 de
1775 3812 1877 3866 Ira.

273 3883 454 3946 Quare
483 3881 851 3934 Meineclimus
879 3881 1114 3952 insanire
1141 3882 1442 3936 ostenditur
1471 3884 1607 3952 apud
1634 3883 1879 3937 Plautum

273 3953 375 4005 hac
403 3954 565 4004 etiam
603 3959 725 4004 nota
760 3967 774 4004 :
805 3960 859 4002 ut
887 3951 1023 4004 oculi
1050 3953 1354 4015 scintillant,
1390 3951 1523 4007 vide.
1561 3954 1805 4009 Hanno.

345 4021 605 4077 Scintilla:
633 4021 844 4074 emicent
869 4062 883 4086 ,
917 4022 1145 4090 flamina:
1170 4033 1406 4086 wstuent,
1439 4024 1676 4079 anhelum
1705 4036 1880 4092 pectus

273 4095 513 4162 spiritum
536 4096 700 4161 jociot
723 4109 789 4146 ex
811 4108 918 4144 ore.
947 4092 1100 4147 Fulv.
1128 4092 1311 4148 Ursin.
1331 4096 1554 4163 ﬂammis
1581 4106 1755 4152 mtuet
1779 4114 1876 4150 on-

272 4165 440 4219 lielani
469 4173 665 4233 pectus,
708 4180 916 4233 spumas
939 4165 1104 4234 jociot
1147 4180 1211 4218 ex
1239 4181 1344 4219 ore.
1375 4166 1668 4220 Salmasius
1696 4168 1746 4221 in
1788 4167 1876 4221 ed.

271 4235 444 4304 Lugd.
470 4237 610 4288 Bat.:
635 4233 885 4289 Scintillae
901 4233 1111 4287 emicent
1132 4236 1404 4304 ﬂammate,
1434 4244 1608 4291 aestuet
1639 4238 1878 4292 anhelum

273 4317 468 4378 partui,
503 4321 688 4372 spunta
731 4305 953 4378 inciotur
1001 4320 1064 4358 ea:
1091 4322 1199 4360 ore.
1249 4307 1515 4378 Meursius
1551 4308 1776 4378 jactetur
1819 4325 1881 4362 ex

272 4394 378 4431 ore.
412 4376 674 4446 Equidem
723 4375 925 4429 nullam
973 4390 1191 4430 causam
1246 4377 1406 4431 video
1451 4375 1879 4436 cur'deserenda

2064 2116 2148 2172 Ex
2173 2115 2334 2171 verbis
2358 2111 2651 2167 ardentibus
2677 2110 2933 2164 labrorum
2951 2107 3155 2163 siccitas
3189 2108 3490 2164 inolbescot.
3524 2106 3607 2162 Ita

1991 2189 2259 2244 Lactant..
2292 2186 2358 2239 dc
2388 2184 2468 2238 Ira
2502 2184 2613 2249 Dei,
2643 2197 2759 2252 i-ap.
2792 2180 2843 2246 5,
2874 2181 2944 2235 de
2967 2180 3182 2234 homine
3209 2179 3350 2233 irato
3376 2199 3387 2232 :
3414 2179 3607 2232 Ardes-

1991 2269 2112 2313 cunt
2139 2258 2294 2317 oculi,
2325 2271 2379 2310 os
2399 2255 2585 2317 tremit,
2617 2253 2793 2322 lingua
2822 2253 3020 2322 titubat,
3055 2252 3229 2306 dentes
3264 2259 3599 2322 concrepant,

1991 2330 2204 2384 alternis
2231 2329 2424 2382 vultum
2447 2325 2659 2378 maculis
2689 2320 2821 2375 nunc
2847 2321 3075 2388 sit/fusas
3113 2322 3290 2384 rubor,
3324 2338 3461 2374 nunc
3487 2320 3603 2389 pal-

1991 2402 2070 2455 lor
2104 2401 2362 2453 albescens
2389 2400 2578 2466 signat.
2615 2394 2874 2448 Similiter
2902 2393 3077 2447 locum
3107 2392 3310 2462 Virgilii
3344 2391 3474 2466 Ajln.
3508 2407 3596 2466 tv,

1991 2473 2118 2537 499,
2141 2471 2206 2524 de
2238 2462 2467 2534 Didone',
2503 2467 2669 2537 pallor
2709 2466 2858 2537 simul
2890 2473 3104 2537 occupat
3134 2480 3258 2524 ora,
3301 2462 3598 2537 maliin‘de

1996 2545 2072 2596 lra
2104 2531 2356 2594 'Didonis
2396 2531 2460 2591 in'
2487 2531 2716 2591 IEneam
2758 2535 2938 2589 vultus
2995 2534 3195 2600 pallore
3224 2550 3283 2588 se
3337 2531 3595 2588 manifes-

1993 2622 2162 2675 taute,
2187 2627 2343 2680 quam
2373 2625 2493 2663 cum
2525 2609 2712 2661 Servio
2742 2616 2797 2680 et
2818 2605 3024 2680 lleynio
3053 2605 3121 2658 de
3151 2604 3478 2680 conscientia
3500 2619 3596 2680 c_o-

1991 2686 2170 2755 gitatac
2207 2675 2436 2755 mortis
2462 2677 2821 2755 inteilpretari.
2873 2678 2948 2731 De
2974 2690 3162 2745 spuma
3192 2675 3390 2744 accipit
3428 2675 3594 2729 verba

1989 2747 2213 2810 anobii
2248 2750 2525 2806 lleraldns.
2559 2747 2713 2802 Male.
2746 2751 2943 2800 URELL.

2062 2823 2246 2879 XVIII.
2280 2821 2462 2876 -Ubi
2522 2820 2693 2887 passio
2760 2823 2854 2870 sita
2910 2826 3020 2872 est.
3055 2857 3067 2870 .
3099 2857 3111 2870 .
3146 2858 3158 2872 .
3186 2855 3199 2869 .
3254 2814 3596 2885 perturbatio-

1987 2913 2118 2962 nem,
2151 2896 2235 2949 ubi
2267 2889 2696 2962 perturbatio,ribi
2725 2889 2871 2962 dolor
2897 2901 2940 2942 et
2964 2887 3234 2962 _wgritudo
3256 2897 3348 2944 est.
3395 2887 3591 2962 Sequi-

1991 2978 2075 3021 tur
2105 2957 2370 3020 Arnobius
2403 2966 2451 3017 in
2484 2963 2566 3015 his
2593 2961 2932 3013 delinitioucs
2959 2957 3283 3017 Stoicorum.
3315 2958 3408 3027 qui
3470 2957 3595 3011 dis-

1911 3050 1956 3112 ρ
1991 3039 2234 3112 tinguunt
2258 3034 2516 3112 affectum.
2547 3031 2854 3112 passionem,
2881 3028 3322 3112 perturbationem.
3347 3029 3589 3110 Seneca,

1991 3099 2192 3174 de‘lra,
2226 3099 2431 3175 ti,"cap.
2465 3104 2500 3157 Ξ
2530 3099 2551 3156 ;⁷
2581 3100 2645 3156 Ut
2674 3103 2838 3175 scias“,
2867 3102 3290 3175 quemadmodum
3341 3099 3593 3169 incipiant

1991 3169 2222 3244 allectus,
2258 3188 2346 3230 aut
2376 3169 2620 3236 crescant,
2646 3183 2730 3224 aut
2761 3169 3184 3244 eﬂerontur._Est
3208 3171 3400 3239 primus
3421 3180 3593 3244 uictus

1990 3239 2091 3303 non
2118 3250 2462 3308 uoluntarius,
2487 3245 2630 3311 quasi
2661 3244 2968 3312 praeparatio
3009 3239 3253 3308 alfectus,
3285 3250 3330 3294 et
3351 3241 3594 3312 quaedam

1988 3320 2339 3374 comminatio.
2388 3308 2527 3371 Alter
2555 3308 2671 3368 cuni
2697 3308 2956 3368 voluntate
2985 3330 3086 3366 non
3125 3308 3426 3365 contumaci.
3456 3308 3591 3364 Ter-

1987 3391 2087 3444 tius
2128 3400 2290 3444 motus
2318 3399 2389 3442 est
2406 3391 2520 3457 jam
2549 3387 2799 3452 impotens
2818 3426 2832 3444 .
2862 3385 2948 3454 qui
2987 3383 3237 3457 rationem
3276 3383 3440 3436 evicit.
3463 3381 3595 3457 _P_ri~

1987 3477 2132 3515 mum
2191 3462 2368 3530 itaque
2406 3453 2578 3511 animi
2625 3466 2828 3530 motum
2860 3453 3190 3530 appellat_li.
3220 3454 3259 3508 l.
3315 3453 3590 3530 Arnobius

1987 3531 2249 3598 affectum,
2283 3524 2445 3584 sensu
2479 3524 3215 3598 augustissimo,Asecundum
3247 3524 3587 3598 passionem;

1988 3594 2201 3656 tertium
2233 3594 2678 3671 perturbationem.
2817 3595 3044 3671 J._Li_ps.
3080 3595 3284 3671 Introd.
3313 3595 3382 3649 ad
3411 3594 3588 3650 Stoic.

1991 3665 2336 3737 Ριιιιοςηῖιιι.
2373 3687 2447 3734 ιιι,
2475 3671 2692 3724 DiSScrt.
2724 3669 2778 3736 7,
2801 3683 2855 3740 p.
2880 3667 2982 3722 ’ἴθι
3015 3682 3134 3737 sqq.
3161 3665 3325 3736 0pp.,
3350 3674 3478 3720 tom.
3502 3680 3586 3729 iv,

1986 3745 2073 3799 ed.
2109 3743 2292 3799 Vesal.
2323 3741 2526 3797 ORELL.

2062 3814 2158 3869 Ubi
2190 3815 2339 3868 dolor
2363 3822 2410 3866 et
2438 3813 2686 3883 (egritudo
2715 3819 2808 3883 est,
2840 3809 2909 3883 ibi
2931 3807 3343 3883 intminut_ioni_el
3369 3823 3592 3876 corrup-

1987 3887 2113 3940 tioni
2147 3887 2260 3957 jam
2281 3885 2421 3939 locus
2447 3879 2537 3938 est.
2573 3881 2830 3957 Similiter
2861 3881 2996 3957 libro
3023 3895 3060 3957 rt
3091 3897 3104 3932 :
3141 3879 3293 3945 Quod
3314 3889 3483 3957 autem
3508 3889 3591 3932 est

1986 3949 2281 4025 promptum
2324 3968 2478 4024 atque
2504 3952 2790 4025 expositum
2827 3949 3430 4025 pa_ssioni,gcorruptibi_le
3477 3965 3594 4004 esse

1983 4020 2100 4094 ipso
2121 4020 2458 4098 possibilitate
2482 4020 2838 4098 interveniente
2865 4022 3233 4098 denunciatur;
3261 4029 3316 4076 et.
3464 4034 3539 4074 vn
3573 4039 3589 4075 :

1989 4090 2245 4168 Quicauid
2265 4098 2399 4151 enim
2419 4105 2636 4168 vexatur
2649 4095 2721 4148 rei
2741 4093 2960 4168 alicujus
2982 4108 3008 4145 c
3029 4102 3186 4168 metu,
3215 4090 3454 4168 possibile
3475 4107 3592 4144 esse

1981 4162 2178 4223 constat
2205 4180 2249 4223 et
2272 4166 2475 4239 fragile,
2501 4164 2636 4235 quod
2660 4165 2884 4239 passioni
2911 4162 3278 4239 fragilitatique
3301 4162 3592 4228 subiectum

1982 4249 2074 4300 est.
2105 4241 2158 4293 id
2190 4235 2386 4293 necesse
2412 4247 2482 4291 est
2515 4252 2620 4291 esse
2647 4235 2882 4290 mortale.
2921 4235 3161 4288 ELIBNH.

2057 4310 2200 4365 XIX.
2248 4339 2317 4350 —
2354 4307 2641 4376 quuitatis
2692 4305 2770 4359 vel
2826 4306 3039 4365 modica:
3117 4304 3317 4358 nullam
3374 4319 3592 4369 prorsus

1983 4382 2206 4436 obtinere
2229 4382 2498 4434 rationem.
2532 4377 2681 4432 Ratio
2710 4378 2763 4428 li.
2795 4376 2832 4430 l.
2867 4394 2962 4445 pro
2988 4377 3238 4446 portione,
3271 4385 3589 4446 rata_porte.

273 4447 344 4502 sit
392 4438 607 4516 antiqua
658 4446 837 4511 lectio,
879 4446 1103 4514 ﬂamma:
1148 4458 1365 4502 mtuant
1397 4449 1532 4504 bene
1572 4456 1638 4505 de
1682 4452 1879 4503 irarum
1909 4438 1960 4499 D
1986 4451 2108 4506 Vill.
2153 4451 2404 4515 Gesner.,
2455 4448 2575 4503 Ind.
2605 4447 2670 4502 ad
2700 4438 3003 4513 Scriptores
3035 4445 3129 4500 Rei
3184 4438 3317 4501 rust.
3371 4438 3503 4499 Hinc
3528 4457 3591 4502 et

271 4519 536 4582 ﬂammis,
565 4533 682 4588 quas
713 4529 868 4571 antea
913 4529 1130 4585 pectore
1169 4517 1382 4574 fuerunt
1419 4521 1663 4585 inclusm,
1697 4536 1881 4574 eruni-

274 4590 524 4658 pentibus
547 4589 656 4657 jam
686 4601 740 4643 et
784 4589 1227 4644 estestuantibus.
1259 4589 1368 4645 Nec
1402 4593 1580 4645 minus
1611 4591 1750 4646 bene
1787 4591 1882 4645 ha-

272 4661 403 4716 bent
432 4661 710 4734 sequentia
757 4659 920 4734 verb_a
948 4677 960 4710 :
995 4661 1239 4734 anhelum
1270 4672 1441 4728 pectus
1482 4663 1694 4729 spiritus
1715 4663 1882 4734 jaciat

272 4748 335 4786 ex
365 4747 471 4784 ore.
507 4729 578 4784 lta
610 4731 845 4794 Seneca,
877 4729 1035 4800 Trag.
1066 4731 1276 4800 Medea,
1306 4748 1387 4787 vs.
1415 4735 1541 4801 387,
1572 4749 1654 4804 sq.
1688 4751 1701 4787 :

524 4843 657 4908 flfalis
678 4851 902 4895 recursat
920 4847 1036 4908 huc,
1065 4853 1117 4894 et
1137 4852 1271 4895 motu
1295 4845 1453 4896 ell‘ero

523 4906 721 4980 liuroris
739 4915 987 4980 oreﬁstgua
1007 4906 1228 4980 limpbati
1247 4921 1435 4980 gerens

533 4968 802 5018 Flatnmata
827 4968 980 5019 facies
1002 4968 1230 5033 Spiritum
1250 4968 1314 5020 ex
1338 4969 1438 5020 alto
1457 4971 1593 5021 citat.

274 5075 358 5131 Cl.
389 5073 602 5144 Virgil.,
632 5073 758 5128 .1En.
783 5090 883 5141 xu,
906 5090 984 5128 vs.
1018 5075 1114 5129 101
1147 5092 1230 5143 sq.
1259 5092 1273 5140 ;
1307 5074 1517 5131 Lucret.
1554 5092 1627 5140 ιιι,
1663 5077 1798 5140 290;
1820 5085 1872 5131 et

273 5150 503 5209 Seneca,
520 5148 586 5200 de
605 5145 708 5207 Ira.
729 5147 819 5218 liti.
840 5162 877 5208 ι,
898 5160 1016 5216 cap.
1046 5147 1096 5211 l,
1113 5147 1352 5218 spiritum
1368 5157 1600 5200 coactum
1622 5150 1758 5202 inter
1776 5149 1870 5203 ira}

277 5221 428 5288 signa
467 5226 732 5270 recenset.
762 5216 967 5271 Οιιειι..
1001 5247 1072 5257 -
1101 5216 1368 5273 Caeterum
1404 5219 1454 5272 in
1479 5219 1722 5273 eamdem
1748 5233 1871 5273 sen-

275 5287 497 5360 tentiain
521 5288 916 5360 elegantissime
943 5287 1250 5344 Lactantius
1268 5289 1359 5360 (de
1383 5289 1461 5343 Ira
1487 5289 1609 5352 Dei,
1638 5304 1757 5359 cap.
1787 5291 1865 5357 i):

277 5358 427 5423 Quod
465 5360 508 5412 si
539 5358 791 5430 hominem
812 5399 825 5422 ,
855 5361 941 5425 qui
967 5360 1117 5413 modo
1157 5361 1221 5414 sit
1247 5358 1451 5430 sapiens
1479 5370 1526 5415 et
1553 5358 1723 5430 grauis
1746 5403 1760 5426 ,
1790 5361 1868 5414 ira

275 5447 376 5484 non
401 5432 594 5493 deceat,
617 5429 885 5497 siquidem,
909 5445 1024 5483 cum
1048 5431 1101 5483 in
1123 5429 1352 5484 animum
1372 5429 1644 5500 cujusdam
1665 5431 1864 5499 incidit,

272 5502 408 5555 velut
438 5518 570 5555 sorva
616 5510 886 5574 tempestas
929 5510 1095 5554 tantos
1121 5504 1302 5574 excitet
1332 5501 1552 5574 ﬂuctus,
1585 5514 1638 5556 ut
1676 5512 1866 5556 statum

273 5574 457 5627 mentis
485 5575 730 5635 imnmtet,
767 5570 1036 5625 ordescant
1063 5572 1199 5645 oculi
1220 5614 1236 5640 ,
1260 5589 1317 5628 os
1332 5570 1528 5627 tremat
1547 5614 1562 5638 ,
1591 5575 1766 5645 lingua
1797 5575 1862 5626 ti-

273 5646 408 5698 tubet
426 5687 439 5710 ,
472 5645 644 5698 dentes
672 5651 974 5714 concrepant
991 5683 1019 5714 ,7
1038 5643 1248 5714 alternis
1269 5646 1465 5698 vultum
1489 5643 1707 5698 maculet
1729 5660 1865 5699 nunc

271 5714 497 5787 snﬂ'usus
543 5717 718 5787 rubor,
760 5712 896 5769 nunc
933 5713 1106 5787 pallor
1139 5712 1435 5787 albescens,
1465 5725 1654 5783 quanto
1699 5716 1863 5787 magis

272 5786 438 5843 Deum
467 5802 568 5840 non
595 5785 766 5841 deceat
798 5795 900 5841 tam
923 5785 1060 5858 [mdo
1085 5786 1346 5841 mutatio?
1367 5787 1605 5843 HEIALD.

1987 4521 2237 4578 Germani
2269 4522 2351 4575 die
2383 4521 2590 4576 Ration.
2619 4518 2820 4573 Οιιειι..

2063 4593 2284 4646 Ιιιιιοίεὶα
2339 4592 2618 4646 dilacerare
2663 4594 2941 4661 frumenta.
2989 4587 3146 4657 Conj.
3200 4585 3588 4661 Cannegifter.

1987 4664 2183 4718 rectius
2219 4663 2396 4717 forsan
2425 4663 2524 4732 legi
2553 4655 2800 4716 armenta.
2824 4660 2928 4716 Sed
2961 4662 3032 4715 nil
3052 4655 3403 4732 mutandum.
3420 4655 3590 4732 Lace-

1983 4751 2100 4789 rare
2119 4735 2261 4788 enim
2295 4741 2348 4787 et
2370 4729 2653 4786 dilacerare
2676 4747 2782 4786 non
2807 4741 3009 4786 tantum
3031 4730 3100 4784 de
3127 4731 3366 4785 vestibus
3393 4729 3591 4785 scissis

1983 4814 2039 4860 et
2067 4804 2301 4858 ferarum
2347 4802 2565 4865 laniatu,
2595 4802 2687 4856 sed
2719 4811 2773 4856 et
2799 4803 2867 4858 de
2896 4802 3017 4856 aliis
3043 4801 3206 4856 rebus
3230 4801 3590 4870 quibuscum-

2021 4891 2085 4930 ue
2129 4875 2268 4931 llssis
2289 4916 2304 4940 ,
2338 4874 2649 4942 dircmptis,
2682 4875 2929 4929 contritis
2953 4872 3206 4927 dixerunt
3226 4869 3474 4942 veteres.
3503 4869 3591 4942 Ita

2017 4962 2048 5001 e
2078 4946 2262 5001 Sicilia
2297 4955 2454 4999 terra:
2497 4955 2641 4998 mntn
2667 4955 2714 4999 et
2750 4947 2914 4998 maris
2961 4941 3166 4998 inlluxu
3206 4941 3473 5012 dirempta
3511 4941 3590 4996 ab

1979 5015 2125 5072 Italia
2158 5017 2321 5073 Silius
2344 5015 2530 5073 Punic.
2564 5031 2671 5081 XIV,
2701 5031 2778 5070 vs.
2812 5017 2879 5071 l4
2914 5032 2928 5066 :

2101 5109 2324 5172 Namque
2352 5121 2441 5172 per
2462 5107 2708 5172 occultum
2730 5120 2860 5158 caeca
2885 5109 2932 5172 vi
2958 5106 3189 5157 turbines
3207 5103 3326 5154 olim

2099 5170 2373 5284 meagtpm
2395 5171 2603 5235 pelagus
2626 5171 2854 5221 lacerata:
2881 5170 3071 5220 viscera
3095 5175 3245 5218 terra:

2149 5248 2235 5284 isci
2271 5249 2286 5283 ι
2316 5271 2326 5282 .

2149 5248 2307 5284 ιοοιαιι
2316 5271 2326 5282 .

1973 5337 2043 5408 Et
2085 5341 2305 5408 propius
2347 5336 2413 5391 ad
2455 5345 2698 5393 nostrum
2739 5335 3056 5402 Columella,
3097 5334 3190 5391 lib.
3226 5349 3260 5388 v
3301 5331 3372 5389 de
3412 5329 3586 5389 Cultu

1956 5407 2274 5475 hortorum,
2301 5423 2385 5463 vs.
2417 5408 2486 5465 70
2515 5426 2527 5460 :

2096 5499 2279 5549 Pellite
2304 5511 2433 5549 nunc
2455 5512 2649 5549 somnos
2669 5504 2721 5549 et
2746 5499 2882 5550 curvi
2909 5511 3110 5551 vomere
3134 5498 3300 5548 dentis

2093 5561 2202 5611 Iam
2225 5563 2408 5612 virides
2427 5561 2638 5612 lacerate
2661 5575 2823 5612 comas

1967 5643 2164 5728 Quidni
2197 5648 2377 5728 itaque
2399 5644 2582 5728 [roges
2601 5646 2866 5728 gfandine
2903 5647 3084 5728 tracta:
3110 5653 3166 5728 e‘t
3199 5644 3413 5701 collisa:
3435 5653 3592 5728 recte

1964 5715 2212 5772 dicantur
2233 5735 2265 5771 o
2286 5714 2384 5774 diis
2407 5714 2624 5773 lacerari
2637 5717 2661 5770 1'
2677 5717 2934 5774 Meursius
2960 5718 3243 5788 legendum
3267 5727 3490 5774 censet:
3511 5714 3592 5770 Us

1955 5787 2493 5846 'innoxia'dilocerarc
2517 5792 2774 5858 frumenta
2793 5830 2808 5859 ,
2843 5787 3090 5847 homines
3118 5788 3345 5848 scilicet.
3371 5788 3590 5846 ORELL.
