3850 6362
157 339 254 399 7H

1513 335 1718 400 LIBER
1761 338 2034 400 PRIMUS.

3354 347 3463 404 τις

153 472 346 514 nomen
385 455 600 527 odisse,
645 461 700 516 et
740 456 1037 530 dispendiis
1082 457 1334 520 omnibus
1375 470 1503 513 suos
1546 457 1750 515 labela-
1775 463 1828 525 Α
1855 458 2180 525 dignationis
2210 458 2421 528 signum
2444 501 2458 524 ,
2515 472 2609 529 per
2636 457 2778 530 quod
2810 471 2933 516 esse
2964 458 3222 530 liquidum
3246 463 3458 519 cunctis

154 560 299 604 ctare
323 550 597 606 cultores?

220 640 340 696 XX.
375 643 456 698 An
487 641 742 714 numquid
775 641 978 698 idcirco
1005 642 1057 697 in
1089 657 1187 698 vos
1211 641 1372 698 etiam
1394 641 1625 697 szeviunt
1649 683 1664 708 ,
1694 650 1752 696 ut

153 735 422 791 intestinis
471 735 784 791 vulneribus
832 737 1083 792 concitati
1132 737 1183 790 in
1225 736 1488 793 ultionem
1527 748 1752 790 consur-

144 829 283 898 gatis
321 829 582 884 illorum?
613 829 752 900 Ergo
780 827 1016 882 humana
1047 827 1344 898 patrocinia
1373 826 1445 881 dii
1477 834 1746 897 quaerunt,

152 931 202 978 et
241 921 342 976 nisi
375 932 557 977 vestra
591 921 787 976 fuerint
816 921 1116 977 assertione
1147 922 1416 991 protecti,
1444 921 1618 974 idonei
1644 933 1749 974 non

151 1023 273 1069 sunt
314 1014 462 1083 ipsi,
517 1017 607 1085 qui
653 1014 1005 1085 propulsare,
1048 1012 1344 1070 defendere
1383 1027 1510 1068 suas
1537 1013 1752 1067 valeant

151 1107 526 1163 contumelias.
571 1108 880 1176 Quinimmo
929 1108 974 1162 si
1023 1123 1205 1163 verum
1257 1116 1341 1162 est
1390 1106 1582 1162 ardere
1632 1105 1752 1160 illos

153 1199 259 1264 ira,
312 1199 614 1268 permittite
661 1199 766 1253 illis
815 1201 1142 1269 potestatem'
1186 1199 1308 1264 sui,
1358 1195 1652 1251 defendant
1690 1212 1751 1252 se

151 1290 244 1361 ipsi
291 1309 302 1341 :
339 1303 506 1362 atque
545 1291 597 1346 in
635 1292 892 1346 ultionem
936 1291 1235 1361 majestatis
1271 1289 1490 1344 oﬂ'ensa:
1531 1289 1744 1343 intesti-

151 1396 242 1436 nas
271 1393 522 1449 exerant,
553 1385 1003 1453 experiamurque
1027 1391 1052 1420 ⁸
1079 1382 1324 1470 virtutes.
1353 1383 1586 1438 Possunt
1615 1395 1711 1435 nos
1729 1422 1744 1447 ,

150 1475 190 1528 si
239 1475 557 1542 voluerint,
601 1484 774 1542 testu,
824 1473 1474 1546 possunt'noceutissimo
1525 1472 1743 1543 frigore,

151 1577 369 1635 possunt
392 1568 544 1622 aeris
571 1567 888 1636 pestilibus,
935 1575 1163 1636 possunt
1202 1565 1512 1622 morborum
1553 1564 1747 1619 obscu-

145 1659 367 1714 rissimis
406 1661 586 1715 causis
612 1675 868 1724 enecare,
899 1673 1218 1714 consumere
1234 1657 1287 1720 ι),
1314 1668 1472 1726 atque
1500 1656 1568 1710 ab
1598 1656 1744 1709 omni

145 1752 352 1821 penitus
379 1763 530 1808 coetu
553 1750 917 1808 exterminare
939 1749 1245 1805 mortalium
1267 1759 1312 1816 π,
1348 1756 1438 1802 aut
1466 1747 1510 1801 si
1541 1747 1740 1800 malum

142 1816 419 1899 consilium
455 1854 542 1900 est
579 1842 798 1916 aggredi
843 1858 942 1898 nos
969 1843 1060 1911 vi,
1099 1840 1393 1899 emittanv1
1416 1840 1630 1910 aliquod
1661 1816 1824 1893 ἱη-’Β

1861 554 2052 622 possit,
2085 553 2420 607 invitissimis
2449 567 2545 608 nos
2571 555 2652 609 eis
2680 554 2925 609 habitare
2951 554 3051 609 sub
3081 555 3240 610 C(elo.

1929 644 2076 700 XXI.
2122 645 2290 701 Vobis
2338 645 2603 700 secundas
2654 645 2891 700 tribuant
2938 646 3277 702 valetudines
3308 665 3321 702 :
3357 647 3456 703 ad-

1855 751 2041 792 versas
2080 737 2266 804 nobis,
2300 753 2363 792 ac
2389 738 2670 806 pessimas.
2699 737 3030 808 Opportunis
3066 739 3329 797 imbribus
3365 758 3456 798 ve-

1854 837 1967 883 stra
1994 829 2219 898 irrigent
2240 844 2362 884 rura
2399 847 2411 883 :
2446 831 2749 900 pluviarum
2781 831 3100 901 quicumque
3130 842 3252 888 sunt
3281 849 3455 903 rores,

1855 920 2054 974 nostris
2081 921 2148 976 ab
2190 921 2434 990 agellulis
2485 921 2725 992 abigant.
2778 923 2985 980 Lanilia
3031 933 3222 980 curent
3273 937 3455 982 vestra

1855 1013 2160 1068 numerosis
2201 1013 2419 1070 fcrlibus
2461 1015 2852 1081 multiplicari,
2887 1016 3225 1072 sterilitatem
3276 1017 3455 1074 infau-

1853 1117 1990 1160 stam
2030 1107 2226 1160 nostris
2256 1106 2522 1176 pecuariis
2551 1106 2804 1161 inferant.
2858 1107 2934 1161 Ex
2966 1107 3121 1161 olivis
3151 1109 3344 1166 vestris
3375 1118 3458 1163 at-

1853 1213 1961 1269 que
1997 1197 2190 1252 vinetis
2230 1199 2442 1268 plenam
2491 1197 2683 1252 faciant
2732 1199 3140 1252 autumnitatem
3181 1198 3330 1254 fttttdi
3359 1218 3370 1254 :
3401 1209 3459 1254 at

1856 1305 1921 1345 ex
1947 1291 2144 1343 nostris
2163 1291 2388 1359 exprimi
2410 1307 2574 1345 unum
2593 1291 2916 1360 prohibeant
2933 1292 3165 1360 palmitis
3183 1308 3361 1348 rorem
3390 1302 3413 1330 θ
3429 1333 3442 1348 .

1859 1380 1939 1434 Ad
1969 1389 2268 1436 extremum
2308 1393 2361 1436 et
2401 1382 2643 1438 ultimtnn
2667 1425 2681 1448 ,
2715 1384 2768 1436 in
2792 1391 2984 1449 vestro
3015 1399 3109 1438 ore
3141 1384 3458 1454 prtecipiant

1857 1488 2010 1528 suam
2056 1472 2236 1542 fruges
2284 1475 2520 1530 retinere
2563 1485 2808 1529 naturam
2843 1492 2856 1527 :
2891 1484 2944 1528 at
2985 1490 3112 1529 vero
3161 1476 3211 1530 in
3266 1487 3454 1532 nOSIro

1858 1568 1962 1621 mel
1995 1581 2235 1621 amarum
2269 1565 2286 1604 ί
2322 1568 2436 1622 lieri
2458 1609 2472 1631 ,
2504 1568 2742 1622 olearum
2783 1569 2980 1623 ﬂuenta
3024 1582 3374 1635 rancescere,
3403 1578 3459 1624 et

1856 1659 1958 1713 Sub
1989 1661 2120 1729 ipsis
2170 1667 2354 1729 potum
2382 1660 2555 1716 labris
2600 1661 2652 1715 in
2683 1669 2708 1709 8
2733 1661 2908 1716 acoris
2948 1661 3228 1732 perfidiam
3269 1662 3454 1718 viuum

1855 1758 2080 1820 repente
2111 1750 2326 1804 mutari.

1394 1929 1785 1988 LECTIONES
1822 1920 2255 1985 VARIANTES.’

194 2050 223 2149 ς.
261 2049 642 2149 agreste
678 2048 820 2101 παιυο

197 2111 223 2149 ἓν
264 2111 409 2164 Abest
458 2111 508 2164 in
538 2111 631 2164 ms.

197 2177 218 2248 ξ
253 2173 756 2248 ζέᾳλῗκιυ.“ιίρω1ἰε
779 2169 925 2226 male.
968 2172 1086 2224 Sab.

195 2234 223 2276 ιι
253 2237 466 2288 Ilittaut.
497 2234 641 2288 Fulv.

1913 2045 1937 2074 θ
1977 2042 2287 2092 Ullum.......
2322 2053 2487 2091 rorem
2510 2039 2651 2091 Fulv.

1910 2104 1930 2144 ί
1982 2104 2216 2155 Oleorum
2234 2101 2307 2154 vel
2330 2103 2440 2153 olivi
2467 2101 2608 2154 Fulv.

1909 2169 1934 2209 8
1960 2167 2062 2218 Sub
2082 2168 2233 2230 ipsius
2256 2174 2371 2229 potu
2389 2166 2569 2216 laboris
2591 2164 2755 2218 vitiose
2772 2163 2892 2216 Sab.

1517 2338 2084 2398 COMMENTARIUS.

206 2437 554 2493 Christianum
598 2455 778 2492 nomen
807 2437 973 2491 odisse
1001 2445 1045 2490 et
1070 2437 1307 2490 cultores.
1334 2435 1480 2490 Idem
1521 2433 1732 2490 Canne-

145 2508 320 2577 gieter.
358 2509 573 2580 legend.
627 2518 809 2564 censet
854 2508 1184 2580 christianum
1224 2524 1451 2580 numen,
1509 2505 1731 2580 dicens,

148 2594 196 2633 v.
226 2577 440 2633 cultores
468 2595 575 2634 nou
608 2597 817 2642 nomen,
843 2578 935 2633 sed
988 2590 1169 2632 numen
1217 2577 1474 2642 ﬂagitare.
1507 2579 1573 2630 At
1600 2578 1735 2631 bene

147 2648 292 2704 habet
332 2653 546 2720 vulgata
583 2653 742 2705 lectio
781 2651 996 2702 cultores
1023 2666 1140 2703 suos
1159 2691 1174 2714 ,
1199 2650 1315 2704 scil.
1345 2645 1563 2710 Christi,
1593 2656 1735 2720 quod

148 2719 457 2776 eliciendum
491 2736 560 2775 ex
591 2720 913 2788 przccedent.
937 2720 1284 2773 Christianum
1317 2736 1518 2776 nomen.
1549 2721 1659 2783 vel,
1694 2719 1736 2771 si

182 2790 261 2843 uid
286 2793 630 2854 mutandum,
660 2792 838 2844 malim
870 2794 1048 2860 legere
1075 2788 1262 2845 Christi
1284 2806 1464 2842 nomen
1498 2791 1740 2860 pro_ipso

189 2860 372 2926 hristo,
407 2873 462 2914 ιιι
516 2878 697 2915 nomen
753 2861 846 2916 Dei
877 2858 972 2924 pro
1005 2861 1134 2916 Deo.
1170 2861 1302 2915 Vide
1332 2860 1540 2920 Suicer,
1592 2858 1739 2914 The-

152 2945 283 2985 saur.
309 2931 521 2986 Eccles.
543 2933 594 2986 iit
623 2931 809 2986 Patres
835 2933 1009 2986 Gram.
1036 2949 1084 3004 v.
1104 2926 1256 3004 ὄνομα
1280 2930 1628 3004 Christianum
1651 2947 1742 3004 no:

150 3017 254 3054 men
282 3004 543 3127 suntoipsi
589 3003 899 3067 christiani,
936 3013 993 3056 tit
1023 3001 1427 3058 observavimus
1453 3011 1630 3070 ‘supra
1675 3001 1741 3055 ad

155 3086 263 3127 can.
293 3089 343 3126 v.
443 3089 603 3127 ιιειι.

155 3086 263 3141 cap.
293 3089 343 3126 v.
391 3086 603 3128 URELL.

225 3107 833 3213 lliitmtquid.
865 3142 1009 3207 Scio,
1063 3136 1136 3198 ab
1177 3141 1418 3198 Ar‘iiobio
1466 3155 1735 3195 nonuum-
1769 3107 1814 3170 Ο

150 3228 293 3282 quam
326 3216 580 3284 coniungi
623 3230 781 3268 voces
827 3223 882 3268 et
928 3217 1196 3283 prmcipue
1241 3213 1497 3267 adverbia
1535 3220 1591 3284 et
1610 3226 1732 3278 par-

153 3285 326 3339 ticulas
349 3283 590 3350 similes;
618 3285 811 3338 similia
833 3297 1011 3339 autem
1035 3295 1160 3338 sunt
1179 3301 1246 3337 an
1267 3294 1320 3338 et
1347 3283 1612 3352 numquid.
1635 3283 1739 3337 Sed

150 3368 321 3409 carere
351 3356 535 3409 licebit
567 3356 656 3408 illa
685 3358 1078 3417 nltservatione,
1112 3357 1154 3409 si
1189 3355 1248 3408 At
1279 3355 1521 3424 numquid
1554 3353 1740 3408 scribi-

153 3440 278 3490 mus,
301 3425 541 3480 littet-ula
571 3443 672 3479 una
707 3426 1013 3481 sollicitata.
1051 3429 1129 3478 Au
1177 3427 1316 3480 itletn
1347 3425 1634 3479 dicendum
1672 3425 1740 3478 de

153 3495 259 3549 loeti
287 3496 376 3550 lib.
415 3514 447 3550 ll
469 3539 484 3557 ,
516 3512 565 3550 c.
598 3513 652 3548 v.
687 3495 768 3549 An
788 3497 1036 3563 nuntquid
1067 3496 1174 3549 ltazc
1205 3497 1315 3563 fieri
1338 3496 1528 3564 passim
1555 3505 1601 3547 et
1623 3512 1737 3548 tua-

152 3566 268 3619 niter
292 3569 537 3621 creditis?
560 3566 845 3635 Numquid,
889 3568 1132 3621 detracto
1158 3584 1245 3626 an,
1273 3566 1544 3624 ert-brum.
1575 3565 1666 3619 lib.
1699 3581 1737 3627 l,

154 3650 194 3689 c.
218 3636 276 3702 2;
302 3638 392 3692 lib.
429 3653 484 3703 v,
512 3653 562 3692 c.
591 3639 694 3698 2i;
727 3639 820 3692 lib.
853 3653 948 3703 vu,
981 3654 1031 3693 c.
1064 3638 1119 3692 9.
1153 3637 1543 3704 (caussctersn
1565 3637 1616 3690 in
1645 3653 1740 3690 itan

158 3704 320 3780 Haben
352 3707 439 3764 0t.
480 3706 687 3780 Litter.)

219 3777 280 3832 Ut
313 3779 570 3832 intestinis
613 3777 901 3832 vulneribus
943 3779 1197 3832 concitati.
1243 3778 1300 3834 Id
1340 3788 1424 3833 est
1471 3777 1729 3848 propriis,

155 3849 333 3912 ὁικιίοις
364 3855 446 3906 καὶ
467 3849 632 3910 ἰδίοις.
664 3849 774 3906 Vox
806 3860 887 3905 est
917 3849 1258 3910 Lucretiana,
1278 3850 1370 3904 lib.
1400 3865 1457 3914 tt,
1476 3845 1698 3904 V5390
1724 3865 1736 3899 :

500 3963 604 4013 Sed
625 3975 690 4012 ne
714 3976 799 4012 res
818 3965 918 4026 ipsa
945 3973 1204 4011 necessum

265 4024 556 4077 lntestiuum
584 4027 764 4075 habeat
785 4024 975 4074 cunctis
998 4028 1048 4074 in
1073 4028 1224 4074 rebus
1246 4025 1472 4086 agendis.

158 4128 214 4182 Et
236 4133 422 4201 smpius
450 4131 722 4187 Arnobius
743 4133 901 4202 paulo
931 4137 1048 4200 past
1082 4149 1092 4183 :
1121 4129 1406 4202 ‘lntestinas
1433 4138 1640 4202 emerant
1661 4145 1741 4184 ea:-

159 4199 500 4272 periatiturque
542 4199 767 4272 virtutes,
825 4208 879 4256 et
929 4199 1084 4262 inira,
1140 4217 1258 4267 Cap.
1292 4201 1394 4256 36:
1433 4199 1601 4255 Venus
1645 4202 1740 4254 viri

158 4271 528 4342 materfamilias
557 4271 751 4339 Troici,
777 4276 923 4343 atauo
949 4273 1172 4327 intestini
1191 4273 1384 4327 decoris
1407 4273 1736 4341 publicalrix,

157 4353 201 4394 et
235 4341 319 4397 lib.
354 4361 387 4398 ll
422 4365 432 4398 :
465 4345 679 4414 fierique
712 4361 794 4398 vos
819 4341 951 4397 deos
988 4355 1149 4398 vestro
1195 4343 1354 4413 ﬁditis
1403 4346 1740 4412 intestinoque

159 4426 348 4478 conatu,
377 4425 431 4470 et
457 4417 676 4482 passim.
712 4415 953 4469 lIanLn.

1833 2430 2051 2497 γεμί..
2075 2429 2142 2484 de
2166 2431 2245 2486 Re
2277 2431 2454 2493 milit.,
2483 2431 2577 2485 lib.
2603 2447 2684 2491 tu,
2704 2445 2753 2485 c.
2779 2431 2870 2492 il.
2905 2447 2955 2494 [ι.
2988 2430 3117 2498 260,
3141 2431 3226 2485 ed.
3257 2432 3440 2490 Vesal.

1837 2501 2045 2558 Gut-21.1..
2066 2532 2136 2542 —
2160 2501 2240 2556 Cf.
2272 2502 2414 2571 Lips.
2447 2501 2574 2554 Var.
2609 2502 2778 2556 Leott.
2813 2517 2869 2566 ll,
2904 2501 2994 2554 22.
3015 2503 3300 2558 'Ocnsxsn.

1914 2576 2012 2626 Aut
2045 2574 2086 2626 si
2117 2572 2308 2626 malum
2340 2573 2607 2625 consilium
2647 2582 2738 2626 est.
2783 2573 3161 2643 Cattnegieler.
3197 2577 3308 2627 vult
3341 2592 3450 2630 ma-

1845 2646 1947 2698 lunt
1983 2660 2087 2696 non
2117 2643 2552 2714 coniungendum
2587 2660 2708 2698 cum
2744 2659 2874 2696 voce
2902 2645 3205 2709 conctiium,
3236 2645 3331 2699 Sed
3365 2648 3449 2700 iu-

1848 2715 2217 2783 tet-jectionetn
2273 2730 2395 2767 es-e
2449 2715 2778 2784 indignantis
2834 2724 2925 2768 attt
2979 2715 3448 2784 reprehendentis.

1847 2786 1941 2841 Cui
1975 2785 2321 2854 cxplicationi
2347 2786 2597 2853 equidem
2626 2788 2788 2838 nolim
2813 2785 3092 2839 accedere.
3120 2786 3251 2840 Nam
3276 2791 3448 2841 Arno-

1851 2858 1972 2910 bius
2014 2872 2120 2910 non
2151 2866 2234 2910 est
2265 2857 2335 2908 ita
2368 2866 2547 2909 tersus
2579 2866 2633 2908 et
2665 2857 2880 2908 limatus
2912 2857 3165 2922 scriptor.
3198 2860 3281 2912 cui
3314 2858 3451 2914 nihil

1853 2929 2011 2996 plane
2053 2929 2178 2981 insit
2219 2926 2376 2981 otiosi
2421 2936 2476 2980 et
2518 2927 2859 2993 supervacui.
2906 2926 3055 2980 Fulv.
3101 2927 3330 2982 Ursinus
3370 2929 3448 2984 le-

1850 2998 2014 3067 gentl.
2058 3000 2202 3068 conj.
2248 2999 2328 3068 sin
2367 2997 2474 3068 alia
2514 2997 2788 3050 consilium
2829 3007 2899 3068 est
2953 2999 3164 3068 aggredi
3204 3016 3295 3053 nos
3331 3003 3447 3067 uia,

1852 3066 2029 3140 Quod,
2068 3069 2118 3140 si
2159 3067 2383 3140 Ctt‘dicis
2413 3067 2518 3121 ﬁde
2565 3069 2843 3131 niteretur,
2877 3066 2930 3120 in
2965 3066 3166 3123 testum
3197 3066 3446 3140 recipere

1850 3154 1955 3192 non
1991 3138 2314 3191 dubitarem.
2350 3139 2553 3191 URELL.

1921 3207 2329 3283 Indignationis._
2349 3208 2499 3283 Fulv.
2529 3207 2713 3283 _Ursin_.
2745 3219 3004 3278 sequente
3031 3211 3242 3266 editore
3273 3212 3442 3283 Lugd.

1849 3279 1967 3333 Bal.
1994 3279 2210 3334 euwud.
2240 3279 2588 3344 indicationis;
2613 3279 2707 3333 sed
2733 3283 2937 3349 signum
2962 3290 3014 3334 et
3042 3282 3309 3350 indicium,
3334 3279 3448 3340 sive

1846 3351 2093 3403 iudicatio
2125 3350 2262 3403 idem
2296 3353 2453 3417 plane
2490 3359 2630 3402 sunt.
2676 3354 2856 3416 Quare
2887 3368 2992 3405 non
3027 3353 3183 3408 video
3209 3370 3307 3408 cur
3335 3372 3448 3409 tnu-

1845 3422 2002 3474 L‘tutla
2037 3421 2106 3474 sit
2136 3420 2352 3489 antiqua
2385 3421 2562 3474 lectio.
2590 3419 2793 3475 ORELL.

1921 3491 2063 3566 XXI.
2111 3520 2183 3566 —_—-
2212 3491 2656 3566 ⁸Αιιιιιιηηὶζςιιεξηι.
2698 3491 3057 3566 _Vt:cabulum
3111 3495 3346 3566 antiqua:
3391 3507 3449 3553 et

1844 3563 2087 3632 probatae
2134 3563 2435 3616 latiuitalis.
2480 3560 2645 3626 Cato,
2677 3563 2747 3617 de
2787 3563 2866 3619 Re
2920 3565 3148 3630 rustica,
3192 3560 3257 3620 cf
3302 3569 3444 3624 155:

1843 3631 2029 3686 Prima
2058 3633 2428 3696 autuntnitate,
2462 3649 2576 3685 cum
2610 3635 2810 3701 pluvius
2839 3645 2932 3698 est,
2979 3645 3084 3688 tum
3125 3642 3346 3691 maxime
3385 3640 3445 3693 ab

1844 3720 1977 3774 aqua
1999 3702 2283 3776 periculum
2304 3714 2396 3776 est.
2422 3702 2531 3776 Hoc
2556 3703 2676 3776 loco
2699 3717 2877 3759 autem
2900 3709 3293 3762 auttmtnitatem
3317 3709 3447 3764 dicit

1845 3774 2118 3829 Arnobius
2138 3774 2368 3827 autumni
2395 3775 2509 3828 sive
2537 3775 2829 3829 vinmarum
2856 3788 3194 3838 proventum.
3237 3777 3444 3834 Eodem

1843 3861 2006 3901 sensu
2031 3845 2378 3899 Mamertinus
2403 3843 2553 3899 Grat.
2587 3845 2707 3900 Act.
2739 3847 2804 3900 ad
2833 3845 3058 3911 Julian.,
3087 3863 3136 3901 c.
3167 3847 3264 3912 22,
3294 3850 3444 3906 olivi-

1845 3925 1999 3971 tatem
2043 3918 2174 3971 diett
2203 3931 2301 3985 pro
2345 3925 2606 3984 proventu
2649 3917 2786 3978 oli-i,
2826 3917 2916 3973 ubi
2956 3919 3063 3972 vid.
3107 3918 3442 3984 Livinaeum,

1850 4004 1972 4056 pag.
2020 3987 2311 4058 185,7vol.
2347 4003 2382 4041 tt
2425 3987 2692 4058 Panegyr.
2726 3987 2880 4054 Vet.,
2914 3988 3001 4042 ed.
3043 3988 3237 4058 Jzeger.
3282 3990 3442 4048 Plura

1843 4061 2116 4128 congessit
2141 4057 2435 4118 Meursius,
2464 4057 2515 4110 in
2539 4057 2734 4112 Critieo
2769 4061 2997 4120 Arnob.,
3029 4075 3082 4129 p.
3114 4057 3203 4114 {6.
3231 4060 3436 4118 Οιιειι..

1916 4131 1981 4182 At
2013 4145 2074 4182 ea:
2104 4129 2290 4182 nostris
2318 4129 2535 4194 exprimi
2574 4145 2732 4182 unum
2763 4129 3062 4191 prohibeant
3095 4133 3321 4199 palmitis
3352 4151 3439 4188 ro-

1843 4217 1971 4255 rem.
2004 4199 2176 4253 Variis
2207 4201 2381 4253 locum
2412 4199 2553 4253 hunc
2582 4199 2922 4254 sanissimum
2951 4202 3279 4270 conjecturis
3305 4203 3444 4259 ollu-

1844 4270 2038 4325 deruut
2066 4273 2403 4338 interpretes.
2440 4270 2544 4323 Alii
2578 4271 2759 4339 legunt
2789 4271 3052 4338 palmites,
3081 4272 3255 4328 editor
3285 4275 3436 4331 Leid.

1843 4340 2160 4411 palmitibus,
2181 4340 2463 4411 ’Steweclt.
2494 4340 2636 4409 conj.
2669 4342 2838 4394 vinum
2865 4383 2876 4396 .
2903 4381 2916 4395 .
2942 4381 2954 4396 .
2980 4381 2995 4397 .
3019 4359 3213 4410 rorem,
3245 4345 3436 4400 eodem

1845 4410 2009 4466 Settsu
2038 4427 2146 4481 quo
2170 4411 2350 4465 dicunt
2381 4410 2556 4465 Latini
2589 4413 2697 4466 dies
2728 4423 3022 4479 autumnos,
3051 4414 3104 4468 id
3131 4425 3211 4469 est
3235 4429 3439 4470 autunt~

223 4482 352 4553 Ergo
378 4487 604 4558 humana
637 4488 920 4558 patrocinia
942 4485 1015 4558 dii
1037 4493 1289 4558 quierunt.
1329 4483 1592 4558 Similiter
1628 4489 1735 4538 "ar-
1760 4497 1814 4558 υ
1845 4484 2018 4558 nales,
2053 4499 2228 4558 serunt
2261 4499 2447 4558 l_ttct_i:eiil
2481 4498 2576 4552 pro
2603 4485 3098 4558 masculino,_t_terba
3128 4486 3313 4558 obliuia
3343 4503 3438 4556 pro

158 4565 478 4621 gumeutatur
507 4556 834 4617 Lactantius.
869 4556 1038 4610 lnstit.
1072 4556 1146 4610 lib
1171 4571 1226 4622 ιι,
1259 4571 1308 4609 c.
1333 4557 1368 4610 5
1399 4575 1410 4608 :
1446 4555 1552 4610 Sed
1578 4572 1733 4624 quum

160 4627 353 4688 puniunt
393 4628 734 4698 deprehensos
763 4629 814 4680 in
840 4626 1125 4696 sacrilegio,
1160 4627 1257 4683 insi
1285 4627 1347 4679 de
1390 4627 1596 4679 deorum
1637 4646 1732 4698 pa-

159 4701 313 4748 testate
337 4697 604 4764 difﬁdunt.
644 4696 745 4750 Cur
780 4699 912 4751 enim
938 4698 1054 4750 illis
1083 4697 1397 4765 potissimum
1441 4713 1541 4750 non
1571 4696 1730 4751 relin-

159 4776 296 4838 quant
319 4768 598 4822 ulciscendi
619 4773 694 4822 sui
716 4769 901 4826 locum.
926 4769 968 4820 si
990 4785 1071 4822 eos
1089 4784 1235 4838 posse
1254 4767 1450 4835 aliquid
1479 4767 1733 4822 arbitran-

162 4837 272 4908 tur!
319 4841 451 4904 Quid
504 4838 646 4908 quod
705 4839 846 4905 ipSOS
893 4839 1023 4892 alias
1063 4840 1288 4903 gentiles
1345 4841 1414 4892 ita
1470 4840 1725 4903 sensisse,

161 4901 291 4972 leges
334 4901 544 4963 illorum
572 4901 963 4967 demonstrant.
994 4901 1184 4978 quibus
1217 4911 1267 4963 itt
1295 4910 1535 4976 perjuros
1568 4901 1729 4964 nulltc

164 4988 315 5055 tuente
343 4981 669 5055 constitutae,
703 4981 745 5033 si
793 4995 887 5046 per
915 4979 1046 5034 deos
1076 4980 1470 5049 pejoraverant;
1506 4994 1688 5035 contra
1713 5024 1726 5044 ,

161 5052 200 5120 gi
226 5061 310 5120 per
355 5052 730 5119 Imperatores,
758 5066 928 5120 pinnae
953 5061 1210 5120 promptze
1240 5063 1293 5105 et
1324 5062 1522 5118 parata:
1552 5062 1726 5108 erant.

161 5112 300 5201 Cotti.
329 5112 472 5201 l.xt'2
502 5139 555 5201 c_.
574 5123 654 5201 tle_
670 5112 847 5176 Rebus
864 5112 1123 5201 creditis:
1139 5124 1301 5176 Deum
1325 5112 1484 5201 igitur
1506 5125 1729 5201 perjurti

1838 4554 2106 4628 oblivioso.
2131 4553 2306 4628 Nicol.
2335 4553 2542 4617 Heins.,
2574 4556 2888 4628 Adversum
2917 4556 3010 4628 lib.
3039 4572 3087 4621 ι,
3115 4575 3164 4610 c.
3193 4557 3283 4616 10,
3314 4553 3433 4628 pag.

1839 4624 1976 4690 102,
2005 4625 2287 4694 legendum
2321 4635 2507 4679 censet
2533 4626 2692 4678 udum
2718 4641 2905 4680 rorem.
2938 4626 3070 4691 Quae
3109 4624 3433 4694 conjectura:

1838 4694 1951 4749 fere
1979 4711 2170 4750 oinnes
2202 4696 2470 4750 fluxerunt
2501 4712 2531 4749 e
2557 4712 2688 4751 voce
2730 4714 2896 4751 rorem
2927 4699 3068 4752 male
3103 4697 3372 4754 intellecta
3403 4717 3431 4754 a

1835 4766 1968 4820 viris
1998 4768 2189 4838 doctis.
2228 4766 2332 4820 Ras
2362 4770 2503 4822 enim
2539 4767 2641 4823 hoc
2673 4769 2792 4822 loco
2824 4783 2929 4822 uoo
2961 4778 3037 4822 eSI
3075 4768 3267 4823 lututor
3300 4770 3390 4826 ille
3415 4814 3430 4838 ,

1825 4839 1926 4913 qui
1958 4837 2174 4913 serenis
2216 4841 2467 4913 noctibus
2488 4839 2753 4913 colligitur
2780 4840 2831 4894 in
2857 4840 3050 4909 plantis
3081 4840 3237 4911 (nam
3269 4842 3311 4895 is
3337 4837 3435 4896 de-

1837 4910 2082 4980 tergitur,
2113 4924 2216 4960 non
2238 4911 2610 4980 inprimitur),
2639 4909 2732 4963 sed
2761 4913 2876 4980 ipse
2902 4909 3098 4966 succus
3126 4913 3428 4980 palmitum.

1833 4977 2200 5054 Nattl_ros_ap.
2237 4977 2456 5033 Latinos
2486 4980 2554 5033 de
2586 4977 3045 5054 quovisvliquul‘e,
3080 4977 3246 5054 aqua,
3281 4985 3428 5052 Viuo,

1833 5064 1940 5123 etc.
1971 5049 2044 5104 lla
2089 5049 2301 5114 Sidon,
2331 5067 2500 5103 cartn.
2519 5067 2638 5123 iniu
2658 5093 2678 5123 ,_
2708 5068 2758 5105 v.
2797 5049 2883 5114 25,
2907 5070 2992 5106 ros
3021 5049 3146 5108 meri
3170 5071 3264 5123 pro
3290 5049 3426 5110 vino.

1837 5119 2011 5191 Unum
2061 5138 2228 5174 rorem
2269 5123 2446 5191 itaque
2497 5122 2626 5176 dicit
2655 5121 2926 5178 Arnobius
2979 5140 3140 5179 unam
3170 5119 3300 5180 vvini
3345 5129 3430 5183 vel

164 5187 367 5263 ultorem
389 5193 788 5253 existimabant;
817 5204 870 5246 et
888 5206 988 5263 eos
1016 5193 1237 5259 idcirco,
1267 5187 1728 5263 qttijttt-is]ttraitdi

163 5258 454 5334 religionem
483 5264 835 5329 violaverant,
868 5262 1090 5317 deorum
1117 5258 1316 5330 judicio
1347 5258 1726 5334 relinquendos

164 5332 448 5406 censebant.
481 5334 702 5406 Qeornm
723 5336 856 5406 enim
880 5334 1096 5402 injurias
1117 5335 1216 5389 diis
1251 5349 1407 5399 cura,
1441 5332 1612 5406 inquit
1638 5336 1729 5390 Ti-

164 5394 326 5474 borius
341 5406 472 5474 apud
502 5404 768 5460 Tacitum.
803 5394 1042 5460 “enim.

227 5469 546 5548 P_r0pulsare,
577 5474 868 5547 defendere.
902 5475 1196 5548 Sterwech.
1237 5476 1303 5548 fro
1332 5476 1604 5548 defendere
1632 5474 1726 5531 de-

165 5536 357 5622 lendum
391 5536 876 5622 cifttsettarn-‘iuaui
912 5547 1195 5615 glossema.
1235 5547 1367 5601 Male
1385 5536 1408 5613 ;’
1430 5549 1548 5622 talia
1581 5552 1724 5622 enim

169 5613 376 5690 ggillteta
400 5613 1076 5690 ideutrsiguiﬂcautiaiautat
1093 5632 1411 5690 eoacervare
1434 5617 1722 5690 Arnobius.

169 5676 286 5756 Yide
309 5703 460 5755 supra
490 5689 554 5742 atl
583 5676 703 5756 cap.
729 5689 969 5752 x1,iuit.,
993 5697 1170 5741 notant
1198 5688 1430 5743 Heraldi.
1457 5687 1723 5745 Caeterum

171 5750 408 5829 defendere
452 5762 550 5814 hoc
578 5750 720 5826 loco,
773 5750 912 5814 idem
958 5750 1103 5829 quod
1152 5775 1350 5827 arcere,
1386 5760 1722 5829 prapulsare,

170 5825 290 5890 Quod
315 5829 542 5897 pluribus
577 5825 844 5902 exemplis
871 5825 1102 5886 illustrat
1142 5829 1286 5887 idem
1330 5825 1624 5902 Stewécln,
1657 5832 1723 5888 ad

1832 5190 2000 5246 mllin
2044 5203 2270 5262 guttam.
2315 5190 2519 5247 omne.
2555 5223 2625 5232 —
2667 5195 2791 5247 Mihi
2840 5198 3161 5251 cooclnnius
3211 5197 3426 5253 videtur

1831 5263 2085 5317 Salmasii
2139 5265 2465 5332 palmitibus,
2511 5263 2651 5332 quod
2702 5264 2964 5320 lleraldus
3003 5269 3167 5323 etiam
3210 5279 3428 5324 secutus

1831 5337 2206 5407 est,'ipsaque
2235 5336 2523 5389 verborum
2556 5336 2843 5391 collocatio
2877 5338 3035 5407 plane
3076 5339 3422 5395 Aruobiaua:

1831 5402 1916 5459 Ea:
1944 5407 2091 5477 olivis
2121 5402 2298 5464 uestris
2328 5417 2476 5476 atque
2504 5408 2680 5460 vinetis
2706 5445 2718 5458 .
2747 5447 2758 5459 .
2789 5447 2802 5460 .
2826 5402 2891 5461 αι’
2921 5425 2984 5462 ea:
3011 5412 3194 5463 nostris
3237 5409 3427 5477 palmi-

1829 5476 1979 5530 tibus.
2029 5476 2128 5543 Qui
2170 5478 2403 5549 palmites
2444 5478 2765 5544 voluerunt,
2812 5479 3064 5534 videntur
3102 5476 3424 5549 quzeSivisse

1829 5549 2218 5602 nominativum
2248 5547 2312 5602 ad
2343 5550 2563 5602 verbum
2591 5549 2926 5617 prohibeant,
2953 5552 3038 5619 qui
3069 5547 3426 5619 responderet

1828 5620 2090 5686 superiori
2117 5622 2360 5674 membro
2384 5620 2531 5685 fundi
2553 5621 2766 5691 faciant,
2791 5621 2931 5690 quod
2953 5621 3168 5690 quidem
3194 5637 3297 5675 uou
3322 5637 3420 5677 ne-

1827 5705 1982 5745 cesse
2027 5698 2145 5754 est,
2197 5707 2319 5745 cum
2363 5692 2503 5744 idem
2538 5693 2898 5745 nominativus
2930 5692 3084 5747 facile
3113 5693 3180 5746 ad
3218 5703 3426 5748 utrum-

1825 5763 2262 5833 queutembrum
2295 5761 2574 5833 pertineat.
2605 5763 2875 5818 Ocususn.

1903 5831 1971 5887 Et
2000 5835 2094 5888 sub
2123 5835 2248 5904 ipsis
2279 5844 2455 5904 potum
2483 5832 2638 5890 labris
2667 5835 2718 5888 in
2749 5836 2914 5888 acoris
2945 5833 3216 5904 perﬁdiam
3248 5835 3420 5891 vinum
