3850 6356
403 324 507 387 745

1491 326 1772 386 ARNOBII
1808 325 1848 385 Α
1862 324 2178 388 DVERSUS
2214 325 2485 386 GENTES

3609 322 3710 383 πι

469 445 636 505 XXII.
684 445 839 515 Quod
893 459 1017 502 cum
1077 445 1299 504 minime
1344 447 1461 503 ﬁeri
1505 449 1861 503 testiﬁcantur
1912 463 1999 504 res
2028 452 2074 510 Α
2103 448 2341 520 pientem
2374 449 2520 504 illam
2547 445 2772 504 credere
2798 443 3278 519 beatissimamque
3303 455 3562 503 naturam
3596 463 3711 503 ma-

398 538 528 609 ipsm
548 577 565 601 .
600 553 776 609 neque
799 539 977 594 minus
1013 538 1081 595 ad
1111 554 1209 594 nos
1237 540 1528 610 quicquam
1554 580 1567 604 ,
1594 556 1769 607 neque
1793 542 1861 595 ad
1900 556 1993 595 vos

397 630 684 701 plurimum
734 629 1043 688 redundare
1088 631 1336 685 vitalibus
1366 646 1433 685 ex
1462 631 1736 687 beneﬁciis
1760 642 1991 701 constet,

398 721 721 791 libidoqute
754 732 900 777 tanta
930 733 1014 777 est
1042 721 1290 776 inimicos
1310 730 1472 791 atque
1500 721 1688 777 hostes
1714 723 1845 778 deos
1872 739 1997 781 esse

394 813 724 873 contendere
749 813 1080 876 cbristia'nis.
1111 828 1250 884 quos
1271 814 1324 869 in
1346 816 1508 870 rebus
1538 815 1882 881 tristissimis.
1915 826 1997 872 at-

396 920 502 976 que
530 906 670 963 Ιτιιιὶε
704 905 831 961 nihil
856 905 952 960 abs
973 914 1025 959 te
1045 904 1233 965 videas
1262 906 1472 962 ratione
1501 907 1553 961 in
1582 906 1759 975 aliqua
1793 908 1998 965 discre-

398 1001 561 1069 pare?
589 997 643 1051 Si
677 1011 857 1051 verum
886 996 1039 1051 vobis
1066 996 1395 1066 permittitis,
1418 1012 1481 1052 ac
1509 999 1627 1053 sine
1655 998 1777 1053 ullis
1803 1015 1994 1055 assen-

398 1088 691 1145 tatiouibus
715 1087 821 1143 dici
851 1105 865 1142 :
898 1088 1060 1143 verba
1114 1098 1241 1145 sunt
1289 1088 1441 1155 haec,
1497 1090 1663 1145 verba
1710 1100 1857 1156 sunt,
1908 1104 1995 1146 res

396 1180 563 1235 immo
593 1195 687 1247 per
715 1178 1012 1236 calumnias
1039 1180 1263 1236 creditae
1285 1220 1301 1249 ,
1335 1194 1441 1236 non
1473 1181 1798 1254 cognitionis
1825 1182 1996 1237 alicu-

385 1272 477 1343 jus
498 1273 805 1328 testimonio
829 1272 1210 1344 comprobatae.

464 1362 659 1421 XXIII.
704 1363 971 1421 Caeterum
1000 1365 1075 1419 dii
1102 1365 1239 1429 veri.
1271 1375 1327 1420 et
1352 1366 1444 1435 qui
1478 1366 1697 1433 habere.
1726 1368 1814 1438 qui
1844 1371 1988 1423 ferre

398 1457 635 1513 nominis
660 1457 823 1525 hujus
848 1458 1195 1513 antoritatem
1223 1458 1475 1528 condigni
1498 1469 1643 1525 sunt,
1667 1474 1841 1530 neque
1861 1460 1996 1515 iras-

394 1558 611 1615 cuntur.
640 1566 813 1621 neque
838 1550 1205 1620 indignantur,
1231 1564 1407 1621 neque
1431 1551 1572 1621 quod
1599 1553 1754 1607 alteri
1783 1561 1993 1619 noceat,

396 1641 672 1698 insidiosis
700 1641 1190 1697 machinationibus
1213 1650 1552 1697 construunt.
1573 1644 1784 1698 Etenim
1808 1659 1997 1700 revera

2097 558 2264 612 gnum
2284 541 2485 611 aliquid
2516 548 2703 612 putare
2721 580 2736 605 .
2764 539 2812 595 si
2836 555 2896 595 se
2926 539 3031 594 sibi
3057 539 3253 609 aliquis
3272 540 3578 596 adulatoria
3610 540 3713 596 hu-

2099 633 2327 690 militate
2355 632 2631 689 submittat
2653 648 2665 684 :
2687 641 2741 685 et
2762 632 2805 685 si
2830 629 2993 686 fuerit
3010 645 3118 685 non
3146 629 3371 695 factum.
3391 631 3711 703 despectant

2098 739 2161 780 se
2203 723 2452 788 credere,
2484 731 2537 777 et
2573 722 2642 778 ab
2670 724 2866 777 summi
2896 720 3147 778 culminis
3170 721 3440 779 decidisse
3470 724 3708 795 fastigio.

2102 814 2344 878 Puerile.
2388 814 2640 885 pusillum
2692 822 2811 880 est.
2857 822 2911 868 et
2958 813 3130 875 exile.
3178 814 3268 870 vix
3296 826 3352 870 et
3370 813 3479 869 illis
3507 830 3711 872 conve-

2102 907 2289 968 niens.
2343 922 2479 977 quos
2515 904 2833 973 jamdudum
2877 904 3213 974 experientia
3257 904 3538 961 doctorum
3590 907 3711 963 da-

2099 1012 2289 1053 monas
2312 999 2551 1068 appellat
2579 1009 2634 1053 et
2662 996 2891 1062 heroas.
2933 1010 3042 1051 non
3069 1010 3232 1052 nosse
3255 997 3495 1053 celestis
3514 1039 3530 1065 ,
3560 1006 3627 1054 et
3659 999 3711 1055 in

2101 1089 2202 1147 bac
2231 1105 2414 1146 rerum
2448 1090 2674 1146 materia
2701 1088 2969 1145 crassiore
2994 1088 3325 1145 conditionis
3342 1103 3456 1145 suae
3484 1098 3710 1147 exortes

2101 1182 2330 1237 versari.

2172 1273 2367 1330 XXIV.
2414 1273 2605 1330 Vestra
2649 1280 2776 1329 sunt
2820 1272 2974 1339 haec.
3029 1282 3209 1329 vestra
3249 1283 3377 1330 sunt
3401 1274 3708 1346 irreligioso

2102 1366 2340 1436 opinata,
2371 1374 2427 1421 et
2452 1364 2803 1435 irreligiosius
2826 1364 3053 1420 credita.
3083 1363 3414 1433 Quinimmo,
3442 1374 3499 1421 ut
3520 1368 3707 1424 verius

2097 1457 2409 1528 proloquar.
2431 1454 2747 1525 haruspices
2778 1454 2874 1510 bas
2897 1454 3124 1521 tabulas,
3140 1455 3498 1524 conjectures.
3513 1456 3703 1526 arioli.

2101 1559 2268 1616 vates,
2293 1556 2351 1605 et
2388 1562 2678 1619 numquam
2708 1562 2814 1601 non
2842 1547 2971 1604 vani
2995 1547 3387 1604 concinnavere
3434 1546 3662 1604 fanatici
3688 1566 3702 1605 :

2102 1644 2191 1714 qui
2212 1684 2229 1709 ,
2260 1660 2328 1698 ne
2349 1657 2461 1698 suae
2483 1652 2631 1698 artes
2649 1642 2937 1705 intereant,
2960 1655 3025 1697 ac
3044 1657 3112 1697 ne
3138 1642 3311 1713 stipes
3329 1644 3547 1715 exiguas
3566 1659 3703 1700 con-

391 1742 476 1789 cst
506 1732 723 1805 impium
744 1774 761 1802 ,
790 1743 846 1790 et
871 1733 1154 1805 sacrilegia
1206 1741 1397 1790 cuncta
1450 1737 1838 1793 transcenderis
1857 1781 1871 1805 ,
1900 1752 1991 1793 sa-
2021 1724 2070 1785 Β
2098 1736 2391 1793 sultoribus
2441 1736 2719 1793 excutiant
2760 1736 2871 1808 jam
2921 1736 3089 1804 raris,
3121 1735 3172 1793 si
3199 1736 3417 1807 quando
3440 1751 3534 1793 vos
3558 1737 3703 1796 velle

1780 1870 2341 1930 COMMENTARIUS.

393 2020 595 2083 repente
620 2011 827 2065 mutari.
863 2010 1081 2083 Petunt,
1111 2009 1253 2083 quod
1286 2024 1386 2083 pro
1408 2009 1597 2083 vitiosa
1629 2009 1860 2083 lectione
1890 2024 1985 2065 an-

393 2080 535 2153 tiqua
566 2092 689 2153 potu
721 2084 957 2136 restituit
987 2080 1275 2139 Gelenius.
1304 2080 1485 2153 editor
1507 2080 1677 2153 Lugd.
1718 2081 1834 2153 Bat.
1869 2096 1985 2153 niu-

393 2150 527 2223 tavit
553 2150 605 2206 in
638 2153 877 2223 positum.
917 2166 1018 2221 qua
1046 2166 1228 2223 causa,
1263 2151 1578 2223 nonvidco.
1600 2150 1811 2223 ’Acoris.
1841 2151 1981 2223 idem

390 2222 532 2292 quod
558 2222 717 2287 aceti.
747 2222 1015 2292 perﬁdiam
1042 2222 1315 2285 eleganter
1341 2222 1474 2292 dixit
1500 2222 1790 2283 Arnobius,
1822 2222 1981 2292 per/i-

390 2291 486 2345 dus
513 2292 656 2347 enim
688 2290 755 2345 et
774 2293 991 2361 perﬁdia
1019 2291 1214 2346 dicitur
1240 2308 1327 2357 ap.
1361 2290 1582 2346 Latinos
1619 2290 1886 2359 exiluisitc
1910 2291 1979 2347 de

390 2362 525 2417 cibis
554 2362 715 2417 etiam
747 2374 801 2416 et
836 2364 1173 2430 potionibus.
1206 2376 1327 2429 qua:
1358 2377 1507 2430 spem
1538 2363 1803 2431 gustantis
1830 2362 1977 2417 l‘rus-

391 2441 623 2487 trautur.
648 2431 722 2485 Ita
765 2431 1017 2487 Martialis
1039 2431 1131 2487 lib.
1159 2447 1235 2486 xit
1256 2472 1272 2500 ,
1305 2433 1445 2502 epig.
1472 2432 1563 2499 48,
1589 2432 1679 2502 qui
1710 2434 1862 2488 locus
1891 2447 1989 2488 uo—

390 2514 504 2558 5tro
530 2502 836 2558 simillimus
862 2522 875 2558 :

513 2593 733 2656 Imputet
756 2596 861 2655 ipse
891 2593 1027 2645 Deus
1050 2600 1220 2644 nectar
1246 2595 1381 2655 mihi,
1409 2595 1493 2645 liet
1517 2602 1713 2645 acetum

642 2654 705 2707 Et
727 2656 946 2706 Vaticani
973 2657 1170 2720 persida
1190 2669 1342 2729 vappa
1368 2654 1494 2707 cadi.

390 2737 597 2795 Eodem
641 2755 802 2796 sensu
846 2740 1066 2810 nequitia
1108 2756 1194 2810 ap.
1229 2740 1393 2801 Plin..
1428 2740 1563 2796 Hist.
1594 2739 1712 2795 Nat.
1747 2742 1856 2809 xlv,
1886 2740 1979 2810 20.

389 2812 516 2865 aceti
547 2812 783 2879 nequitia:
809 2812 937 2866 inest
968 2811 1126 2866 uirtus
1152 2812 1220 2881 ad
1259 2828 1470 2881 magnos
1499 2828 1637 2866 usus.
1668 2810 1751 2866 Cl.
1787 2812 1849 2866 N.
1886 2812 1981 2866 Bi-

388 2883 609 2953 galtiutn
653 2882 717 2937 ad
760 2883 1083 2953 Artemiitlnr.
1129 2880 1475 2947 Oneirocrit..
1520 2883 1614 2936 lib.
1659 2898 1705 2947 ι,
1732 2897 1855 2953 pag.
1887 2882 1981 2952 45,

393 2952 499 3006 vol.
530 2968 564 3006 ιι
620 2952 708 3007 ed.
744 2953 899 3007 Reid.
928 2952 1133 3007 Οιιιιιι.

464 3022 628 3078 XXII.
659 3052 730 3064 —
757 3021 938 3093 Neque
992 3024 1059 3076 ad
1091 3037 1176 3075 vos
1207 3022 1499 3091 plurimum.
1550 3020 1841 3093 Plurimum
1887 3038 1985 3093 pro

392 3093 533 3163 plus.
591 3095 680 3150 Sic
736 3092 870 3148 infra
929 3094 1021 3147 lib.
1077 3108 1135 3157 Il,
1170 3108 1288 3157 cap.
1343 3094 1431 3158 II,
1470 3094 1606 3146 init:
1660 3092 1722 3145 Et
1757 3092 1990 3163 quid’est

386 3162 522 3233 quod
557 3165 611 3219 in
640 3166 738 3219 hac
769 3173 910 3234 parte
936 3174 1025 3217 aut
1054 3178 1140 3217 vos
1170 3162 1446 3234 plurimum
1471 3233 1474 3234 ν
1501 3164 1728 3217 habeatis
1766 3162 1856 3218 aut
1897 3181 1989 3219 nos

392 3236 596 3289 minus?
649 3233 779 3290 Vide
842 3234 1245 3289 annotationem
1320 3233 1539 3289 Heraldi
1590 3235 1657 3288 ad
1705 3235 1987 3305 sequentia

390 3307 570 3361 verba.
601 3305 803 3361 Οιιειι.

464 3378 603 3443 Quos
629 3380 681 3430 in
708 3378 853 3431 rebus
893 3374 1196 3430 tristissimis
1223 3382 1373 3445 atque
1400 3374 1553 3428 iretis.
1601 3374 1855 3430 Solemne
1901 3386 1987 3430 est

387 3445 626 3502 Arnobio
656 3457 711 3501 et
746 3447 1013 3515 plet-isque
1050 3445 1299 3515 tinnitibus
1338 3445 1479 3499 illius
1505 3445 1602 3515 aevi
1632 3446 1983 3513 scriptoribus

390 3526 599 3572 mutare
645 3514 1060 3587 comparationis
1096 3514 1313 3582 gradus.
1340 3525 1394 3568 et
1423 3514 1805 3585 Superlativuui
1835 3517 1981 3571 acci-

390 3603 515 3673 pere
539 3590 1023 3673 pro_positivo,__ut
1051 3587 1341 3673 loquuntur
1381 3588 1427 3642 oi
1472 3595 1985 3673 τῶνλγραμματιξῷν

386 3658 591 3733 παῖδας,
638 3660 789 3733 Unde
828 3670 881 3713 el
923 3658 1195 3733 Menandri
1224 3672 1502 3733 ⁵γρνειιιιιι
1550 3658 1836 3733 φθέίρᾳυσιν

388 3731 820 3806 χρηστὰ-ὁμιλίαι
849 3732 1017 3791 κακαί,
1043 3730 1118 3806 ita
1148 3726 1409 3806 redditum
1440 3726 1579 3796 apud
1614 3726 1867 3806 antiquos
1894 3731 1983 3784 Ec-

385 3796 565 3856 clesiae
590 3796 841 3855 do'ctOres
882 3797 1228 3869 reperitnus_:
1260 3796 1601 3869 Corrumpunt
1622 3800 1829 3869 ingenia
1849 3801 1983 3853 bona

387 3871 825 3941 confabulationes
880 3873 1130 3937 pessume.
1178 3866 1325 3921 Talia
1355 3870 1492 3938 apud
1536 3866 1830 3938 scriptorcs
1862 3871 1980 3926 illos

387 3941 613 3996 inlinita.
642 3941 880 3996 Herum.

456 4011 645 4067 XXIII.
678 4043 747 4052 —
778 4011 860 4064 Dii
890 4011 1015 4065 veri.
1065 4009 1189 4063 Ilaec
1229 4018 1311 4065 est
1361 4009 1617 4079 palmaria
1673 4011 1980 4066 emendatio

386 4083 544 4138 Fulv.
593 4082 790 4147 Ursini,
851 4083 1041 4137 merito
1094 4082 1145 4134 in
1194 4090 1397 4135 textum
1431 4088 1644 4149 recepta
1700 4082 1767 4135 ab
1810 4083 1979 4137 Ober-

387 4154 584 4208 tburio.
638 4154 768 4209 Nam
795 4151 1215 4222 quotusquisque
1241 4161 1321 4205 est
1347 4152 1621 4221 gentilium
1658 4152 1833 4220 Deus,
1886 4153 1977 4222 qui

386 4224 640 4279 immunis
666 4224 822 4280 fuerit
851 4225 1060 4278 illorum
1085 4222 1331 4276 vitiorum
1364 4231 1418 4276 ct
1437 4222 1741 4275 allectuuin.
1766 4239 1901 4290 quos
1924 4228 1976 4278 in

386 4297 734 4365 sequentibus
765 4306 1013 4350 recenset
1040 4293 1351 4348 Arnobius?
1389 4293 1561 4347 Antea
1593 4292 1867 4362 legebatur
1904 4294 1978 4347 dii

386 4367 556 4421 uestri.
587 4365 791 4421 Οιιειι.

461 4436 521 4518 _Si
548 4454 602 4491 se
620 4438 716 4518 sibi
741 4438 927 4518 aliquis
951 4437 1238 4518 adulatoria
1262 4435 1551 4517 lmmilitate
1574 4436 1853 4518 submittat.
1885 4435 1975 4491 Sic
2001 4459 2053 4518 υ

384 4509 527 4561 enim
572 4508 748 4579 siglent
785 4509 1086 4579 adulatores
1112 4516 1166 4561 et
1186 4508 1275 4579 qui
1320 4521 1563 4579 magnam
1617 4507 1975 4579 abjectionem

386 4579 575 4633 restari
624 4576 829 4634 volunt.
886 4578 1077 4633 Noster
1134 4577 1267 4631 intra
1323 4577 1413 4634 lib.
1442 4594 1533 4643 vn,
1567 4592 1685 4635 can.
1721 4578 1820 4631 l3:
1849 4576 1979 4629 Tum

387 4648 571 4704 deinde
613 4667 636 4703 s
658 4650 797 4703 .latet
835 4650 1045 4703 acclinis
1066 4691 1079 4711 .
1106 4648 1309 4702 ancilla?
1334 4658 1424 4701 aut
1444 4649 1630 4703 servuli
1662 4649 1979 4715 pavibundas

388 4721 748 4789 trepidationes
783 4722 1027 4775 imitatus.
1065 4718 1174 4773 Hoc
1201 4719 1474 4788 eleganter
1504 4721 1734 4788 appellat
1764 4718 1979 4772 Tertul—

388 4788 564 4845 lianus
604 4792 887 4846 decrescere
925 4792 1060 4845 libro
1088 4790 1154 4843 de
1189 4790 1517 4844 Poenitcntia
1540 4832 1553 4854 ,
1603 4806 1720 4859 cap.
1753 4790 1813 4843 Il
1856 4807 1869 4843 :
1902 4788 1979 4841 Ad

388 4877 588 4915 omnem
632 4878 893 4916 occursu..t
928 4862 1137 4932 majoris
1184 4863 1427 4932 cujusque
1483 4877 1728 4927 personae
1780 4862 1981 4913 decres-

384 4942 568 4986 εεηιεε.
611 4935 983 4990 Ταπεινουσθαι
1008 4931 1188 4987 Graeci
1223 4931 1322 4985 boc
1343 4933 1559 4995 dicunt.
1592 4934 1897 4986 ὑποπίπτειν
1928 4939 1983 4984 et

385 5003 730 5077 ὖποκὺῖςτεινζ
762 5006 955 5075 quibus
1000 5005 1221 5073 opponit
1262 5002 1521 5057 Diodorus
1556 5003 1771 5058 Siculus
1795 5004 1981 5077 ὑπερέ-

387 5094 517 5144 χειν.
549 5073 749 5129 Οιιειι.

463 5146 602 5210 Quos
626 5147 739 5215 jam
761 5146 955 5199 dudum
976 5144 1288 5214 experientia
1313 5144 1579 5199 doctorum
1599 5145 1859 5199 dtemonas
1886 5161 1979 5211 ap-

390 5216 545 5284 pellat
571 5226 616 5267 et
643 5218 839 5272 heroas.
879 5217 1049 5270 Variis
1078 5216 1218 5270 hunc
1248 5217 1419 5270 locum
1450 5216 1772 5285 Cuujecturis
1805 5224 1981 5268 lenta-

390 5297 513 5338 runt
571 5286 903 5356 interpretes.
960 5287 1094 5340 Cod.
1126 5302 1226 5340 tus.
1256 5300 1308 5340 et
1336 5287 1500 5341 editio
1532 5302 1748 5340 romana
1782 5285 1981 5339 habent

389 5356 614 5425 appellat
636 5373 848 5422 errores,
879 5358 1021 5427 quod
1065 5358 1348 5411 manifesta
1378 5360 1623 5411 vitiosum
1650 5356 1839 5412 Gelen.
1864 5372 1980 5411 mu-

389 5429 521 5480 tavit
548 5429 597 5480 in
629 5439 675 5481 et
704 5429 825 5489 Icos.
855 5445 1010 5498 quem
1044 5429 1369 5493 posteriores
1398 5429 1629 5482 editores
1658 5429 1825 5483 secuti
1854 5435 1979 5481 sunt

390 5514 559 5567 usque
587 5499 651 5552 ad
686 5498 895 5553 Hcruld.
934 5499 1119 5551 Bebol.
1174 5501 1502 5567 Apophoret.
1540 5500 1630 5554 lib.
1665 5515 1741 5563 tu,
1776 5514 1894 5564 cap.
1922 5500 1977 5561 8.

391 5571 494 5639 leg.
524 5580 708 5625 censet
735 5580 781 5623 et
800 5586 942 5638 quos,
974 5581 1027 5623 et
1054 5569 1104 5623 in
1130 5571 1473 5638 sequentibus
1494 5572 1587 5623 scit
1611 5571 1816 5623 versari.
1844 5570 1982 5622 Pon-

392 5650 545 5695 tanus
579 5640 715 5711 apud
749 5640 1033 5695 Meursium
1087 5650 1362 5695 terrestres.
1414 5640 1683 5695 Stewvcb.
1735 5655 1977 5705 errones,

392 5714 564 5791 quod,
596 5714 809 5793 proprie
839 5712 904 5766 de
928 5712 1103 5793 servis
1157 5712 1395 5793 fugitivis
1439 5724 1747 5793 usurpatum
1769 5753 1783 5775 .
1847 5712 1981 5793 bene

393 5782 548 5837 ctiam
577 5784 679 5836 dici
709 5792 882 5855 potest
910 5781 977 5836 de
1002 5782 1335 5836 dxmzinibus
1386 5782 1437 5835 in
1469 5781 1621 5839 terris
1668 5782 1980 5853 vagantibus

2097 2018 2152 2065 et
2185 2008 2762 2075 circumvolitantibus.
2788 2022 2963 2079 neque
2994 2021 3214 2079 prorsus
3242 2007 3591 2079 rejiciendum
3623 2010 3700 2066 vi-

2088 2080 2269 2135 detur.
2302 2081 2466 2150 Sequi
2497 2079 2868 2150 tainen_malui
2899 2078 3331 2135 emendationem
3380 2078 3531 2134 Fulv.
3596 2079 3698 2136 Ur-

2088 2152 2190 2204 sini
2240 2148 2518 2219 probatam
2565 2150 2633 2206 ab
2662 2148 2917 2213 Heraldo,
2946 2159 2997 2203 et
3025 2150 3208 2203 heroas
3226 2192 3241 2210 .
3270 2150 3362 2219 qni
3400 2151 3697 2219 sa'pissime

2084 2220 2484 2289 coniunguntur
2512 2234 2635 2275 cum
2662 2220 3033 2285 daemonibus,
3090 2220 3238 2275 verbi
3288 2235 3450 2275 sarisa
3488 2221 3556 2275 ab
3585 2224 3695 2278 Au-

2082 2296 2297 2359 gustino
2319 2333 2335 2353 .
2385 2292 2452 2344 de
2476 2290 2634 2345 Civit.
2678 2290 2805 2349 Dei.
2838 2290 2931 2345 lib.
2965 2306 3029 2356 x,
3072 2304 3191 2360 cap.
3224 2290 3289 2345 ει
3316 2311 3330 2347 :
3365 2290 3550 2345 Volunt
3581 2308 3693 2347 cum

2082 2361 2397 2415 daemonibus
2426 2360 2607 2415 heroas
2636 2361 2895 2423 habitare.
2924 2377 3024 2431 quo
3054 2362 3259 2415 nomine
3285 2362 3546 2431 appellant
3592 2364 3691 2417 ali-

2087 2434 2235 2501 cujus
2248 2433 2426 2503 _meriti
2452 2432 2651 2485 animos
2678 2431 3057 2503 defunctorum.
3103 2431 3189 2487 Cl'.
3232 2431 3415 2503 intpp.
3458 2432 3523 2503 ad
3544 2432 3691 2488 Gno-

2086 2516 2203 2556 mas
2246 2501 2751 2626 Pétlitigoreorum,
2790 2502 2909 2557 init.
2955 2501 3114 2557 Plura
3158 2502 3278 2559 vide
3322 2501 3413 2573 ap.
3454 2502 3685 2574 Meum,

2086 2587 2139 2626 ι).
2174 2573 2258 2626 17.
2338 2588 2494 2626 κειι..

2128 2614 2139 2624 .
2174 2588 2196 2626 ‘l
2215 2588 2258 2625 Ι.
2290 2588 2494 2628 υκειι..

2128 2614 2139 2624 .
2174 2587 2258 2626 ιι.
2484 2612 2494 2624 .

2086 2587 2120 2716 Ρ
2159 2587 2761 2716 Νοιιιέἓὲειὲῳιεσιξᾳεί.
2786 2658 2835 2699 e.
2861 2657 2967 2698 non
2987 2660 3107 2708 usu,
3126 2643 3460 2716 experientia
3473 2647 3686 2716 cognita

2086 2712 2284 2769 habere
2310 2714 2571 2770 ctelestia.
2624 2713 2757 2769 Vide
2786 2729 2945 2784 supra
2974 2730 3093 2784 cap.
3126 2714 3212 2780 l7,
3266 2716 3332 2769 ad
3379 2712 3687 2773 verba'Hoc

2084 2799 2204 2854 ergo
2235 2784 2322 2837 Dii
2347 2786 2519 2854 magni
2545 2795 2731 2838 norant
2758 2794 2938 2838 notam
2970 2785 3208 2841 Hcraldi.
3236 2785 3442 2842 Οιιειι.

2159 2854 2350 2911 XXIV.
2368 2853 2759 2925 —Haruspices
2783 2860 2875 2909 has
2902 2856 3128 2925 fabulas.
3149 2858 3481 2926 conjectures,
3510 2860 3683 2925 arioli.

2086 2937 2342 2993 vates....,
2370 2926 2603 2994 fanatici.
2641 2926 2805 2998 Iidem
2820 2927 3219 2998 coniunguntur
3242 2937 3299 2983 et
3325 2928 3685 2992 exitlotluntur

2085 2999 2246 3051 etiam
2279 3013 2308 3051 a
2341 2998 2596 3053 Cicerone
2628 2998 2695 3050 de
2725 2996 2848 3051 Nat.
2884 2996 3063 3061 Deorl,
3091 3013 3129 3063 I,
3161 2997 3254 3060 ΞΟ.
3281 2999 3370 3052 ubi
3402 2999 3633 3054 Velleius
3664 3019 3677 3056 :

2015 3071 2060 3133 C
2096 3066 2337 3137 Sequitur
2365 3074 2573 3139 μαντική
2596 3079 2828 3121 vestra...
2859 3083 2958 3135 qua
2987 3079 3129 3122 tanta
3150 3068 3490 3125 imbuercmur
3509 3086 3683 3139 super-

2092 3140 2317 3209 stitione,
2356 3141 2400 3192 si
2423 3156 2507 3193 vos
2537 3140 2719 3192 audire
2745 3139 3004 3201 vellemus,
3041 3148 3097 3192 ut
3126 3144 3408 3209 aruspices.
3440 3157 3678 3209 augures.

2094 3207 2304 3268 harioli.
2338 3221 2474 3263 vates
2511 3218 2554 3262 et
2584 3210 2891 3273 coniectores
2932 3210 3076 3263 nobis
3128 3207 3294 3264 essent
3338 3207 3555 3265 colendi.
3609 3213 3681 3268 De

2092 3276 2464 3347 haruspicibus
2496 3294 2583 3333 res
2604 3290 2749 3333 nota.
2778 3278 3432 3350 Conjectorestlicebantnr
3461 3282 3678 3347 κατ-’ἔξο-

2092 3354 2195 3427 χήν
2239 3351 2552 3427 ξρςηηὶοζιιηι
2592 3350 2909 3427 interpretes.
2959 3352 3316 3427 _6vs_tpoxp_tmt'.
3349 3351 3488 3427 _Vi_d.
3532 3352 3673 3408 Fest.

2090 3424 2147 3473 ti.
2174 3436 2223 3473 v.
2247 3420 2428 3489 ibique
2451 3420 2637 3473 Dacer.
2671 3420 2823 3474 arioli
2846 3421 2971 3474 dicti
3011 3420 3081 3477 ab
3118 3420 3245 3485 aiis.
3271 3422 3363 3485 qui
3390 3423 3528 3477 circa
3558 3439 3676 3479 aras

2089 3499 2406 3557 versantur,
2468 3498 2797 3561 precantur,
2852 3492 3227 3546 vnticinnntur.
3280 3491 3401 3547 Vid.
3452 3493 3670 3561 Isidor.,

2088 3561 2233 3630 Orig.
2260 3603 2272 3622 .
2310 3560 2402 3615 lib.
2438 3560 2531 3614 vin
2556 3603 2571 3624 ,
2614 3577 2662 3612 c.
2693 3561 2746 3615 9.
2779 3560 3015 3617 Donatus
3055 3566 3120 3615 ad
3165 3561 3386 3618 Terent.
3438 3560 3670 3632 Phorm,

2086 3643 2190 3712 act.
2223 3646 2479 3714 ivLscen:
2512 3632 2546 3686 4
2570 3672 2585 3694 .
2615 3632 2683 3685 ab
2708 3632 2841 3696 hari,
2870 3632 3035 3714 verba
3059 3633 3280 3714 antiquo
3309 3648 3407 3714 pro
3437 3636 3552 3714 fari,
3582 3634 3673 3690 de-

2087 3702 2369 3783 rivat;sz
2425 3702 2781 3783 Havercamp.
2801 3702 2916 3783 mall
2971 3702 3291 3783 Tertulliani.
3314 3702 3319 3703 “
3345 3702 3621 3783 Apologet.
3648 3748 3666 3773 ,

2090 3789 2139 3852 p.
2169 3772 2305 3852 2‘37,
2341 3773 2553 3852 fanatici
2580 3788 2606 3823 a
2639 3770 3024 3852 Ianis(Glo_ss:e
3057 3790 3071 3827 :
3101 3776 3375 3843 fanaticus.

2086 3843 2367 3917 ἱερόδουλος
2391 3848 2406 3909 )
2426 3884 2441 3908 ,
2474 3852 2617 3896 erant
2643 3844 2770 3917 tales
2790 3843 2811 3901 .“
2829 3847 2917 3913 qui
2940 3860 3157 3917 semper‘
3171 3843 3591 3917 conversabantar
3616 3849 3669 3900 in

2085 3914 2305 3983 teinplis,
2328 3927 2379 3967 ut
2408 3918 2583 3983 futura
2611 3914 2963 3981 praedicerent.
2991 3914 3178 3971 VideJ.
3207 3914 3428 3972 Firntic.
3451 3916 3664 3972 Mathes.

2086 3984 2240 4040 liber.
2275 4001 2355 4050 ιιι,
2378 4000 2427 4039 c.
2454 3985 2541 4040 15.
2568 3985 2818 4052 litasignat
2842 3995 3022 4039 autem
3050 3985 3135 4041 bis
3164 3986 3387 4043 vocibus
3408 3987 3664 4043 Arnobius

2084 4057 2273 4122 planos
2298 4066 2353 4112 et
2372 4067 2587 4127 agyrtas
2615 4056 2668 4109 in
2697 4054 2829 4127 locis
2856 4056 3102 4125 publicis,
3131 4057 3368 4126 templis,
3405 4058 3530 4112 loris
3560 4060 3662 4126 pla-

2086 4126 2185 4181 teis
2204 4125 2484 4182 versantes
2505 4135 2559 4181 et
2586 4125 2843 4181 vaticiniis
2870 4127 3097 4197 aliisque
3118 4125 3445 4182 vanitatibus
3458 4129 3661 4183 mulier-

2081 4197 2229 4270 cnlas
2257 4210 2309 4254 et
2338 4198 2472 4270 alios
2494 4197 2773 4270 imperitos
2799 4198 3485 4270 bomiuesaggredienteset
3508 4202 3660 4269 stipes

2081 4267 2295 4323 illorum
2335 4268 2636 4324 credulitati
2692 4267 3365 4337 extorquentesillsnscn.
3392 4280 3447 4325 et
3467 4267 3655 4325 Οιιειι.

2152 4340 2231 4411 Ac,
2253 4357 2315 4394 ne
2337 4342 2490 4410 stipes
2516 4341 2728 4411 exiguas
2752 4340 3122 4395 consultoribus
3152 4342 3417 4395 acutiaut
3432 4342 3542 4408 jam
3580 4357 3658 4411 ra:

2080 4412 2169 4465 ris.
2203 4410 2580 4481 Cannegieter.
2606 4409 2725 4480 leg.
2767 4422 2949 4465 censet
2978 4412 3133 4480 stipes
3164 4428 3266 4466 non
3304 4413 3529 4482 exiguas.
3558 4409 3657 4482 Sed

2082 4482 2243 4545 verba
2290 4480 2663 4536 consultoribus
2697 4483 2811 4550 jam
2840 4482 2973 4534 raris
3013 4492 3198 4550 aperte
3228 4480 3468 4537 iudicant
3490 4524 3504 4545 .
3536 4480 3654 4535 illud

2084 4568 2186 4604 non
2242 4553 2417 4607 locum
2465 4552 2664 4607 habere
2701 4551 3009 4612 neutiquam
3052 4568 3229 4620 posse.
3307 4556 3511 4609 Sensus
3539 4562 3651 4608 est:

2098 4621 2365 4685 Vereutes.
2395 4640 2456 4676 ne
2490 4625 2646 4689 stipes
2659 4627 2771 4689 jam
2802 4624 2998 4692 exigua:
3019 4623 3082 4677 ob
3110 4625 3460 4679 consultorum
3485 4624 3653 4677 raritao

2086 4701 2183 4747 tem
2214 4696 2413 4762 penitus
2439 4693 2748 4762 dispereunt.
2782 4692 2987 4749 OnELL.

2158 4786 2221 4840 Si
2245 4789 2448 4856 quando
2492 4804 2576 4841 vos
2615 4788 2742 4841 velle
2783 4804 2888 4841 rem
2919 4788 3085 4841 venire
3117 4789 3169 4841 in
3197 4789 3440 4844 invidiam
3466 4804 3650 4856 compc-

2085 4870 2280 4930 rerunt.
2333 4858 2429 4911 llic
2469 4858 2618 4911 locus
2657 4858 2941 4930 admodum
2973 4859 3127 4913 torsit
3157 4860 3475 4930 interpretes
3504 4860 3649 4914 variis

2085 4928 2408 4995 coniecturis
2431 4930 2529 4993 ipsi
2559 4928 2820 4983 medelam
2843 4928 3036 4984 aderre
3061 4928 3315 4985 conatosI
3336 4932 3508 4986 Editio
3524 4944 3644 4985 rom.

2087 4999 2247 5053 liabet
2272 5016 2363 5053 nos
2386 5000 2530 5063 velle,
2566 5010 2695 5063 εις..
2722 4998 2863 5069 quod
2888 5000 3129 5055 delendit
3148 5000 3251 5055 Th.
3280 5002 3549 5064 Canterus.
3567 5016 3650 5055 ex-

2088 5070 2289 5138 plicans
2322 5085 2453 5135 nos.
2496 5070 2613 5124 scil.
2655 5070 2997 5136 christianos,
3041 5072 3114 5125 ira
3149 5073 3399 5128 incensos
3439 5074 3489 5127 in
3520 5072 3645 5135 illos,

2086 5141 2285 5195 arinlos
2314 5142 2432 5197 scil.
2460 5184 2472 5200 ,
2505 5152 2652 5195 vates
2677 5184 2691 5206 ,
2722 5152 2851 5205 etc.,
2882 5142 3019 5195 velle
3050 5157 3161 5196 rem
3190 5158 3375 5197 earnm
3408 5146 3576 5199 venire
3596 5141 3643 5194 in

2087 5212 2360 5265 invidiam.
2395 5212 2664 5267 Sto-wecli.
2703 5212 2803 5281 leg.
2835 5220 3020 5267 censet
3049 5229 3060 5263 :
3095 5213 3156 5266 Si
3180 5215 3384 5283 quando
3426 5232 3510 5267 nos
3536 5211 3647 5265 belle

2086 5285 2343 5351 provenire
2367 5284 3017 5354 compererunt,invidenl,
3051 5284 3401 5354 indignantur.
3433 5283 3646 5354 dccltuui-

2087 5366 2325 5423 tantque:
2350 5354 2691 5425 Negliguntur
2724 5353 2813 5407 Dii
2829 5395 2851 5425 ,ν
2876 5365 2978 5408 etc.
3013 5352 3354 5425 Justhips”
3388 5352 3640 5424 EpiSlttllC.

2084 5426 2310 5491 ῥηιδίη
2358 5424 2447 5479 lib.
2482 5440 2533 5487 I,
2589 5424 2753 5491 Epist.
2796 5424 2866 5477 20
2896 5443 2906 5476 :
2941 5424 3001 5479 Si
3038 5424 3259 5493 quando,
3293 5443 3382 5479 nos
3426 5426 3642 5478 bellorum

2086 5497 2249 5549 venire
2270 5499 2321 5549 in
2348 5496 2612 5560 invidiam,
2633 5506 2764 5559 elc.,
2787 5496 3086 5564 intelligens
3103 5495 3168 5548 de
3202 5496 3456 5549 bellorum
3484 5504 3532 5548 et
3556 5508 3641 5564 pu-

2086 5567 2237 5619 blica:
2271 5567 2592 5621 ealauiilatis
2630 5566 2827 5637 invidia
2871 5567 2922 5619 in
2963 5561 3288 5619 christianos
3328 5561 3638 5637 conllatiab

2087 5638 2202 5691 istis
2231 5637 2565 5693 sacrilicnlis.
2609 5635 2981 5707 Cauni-gieter.
3016 5653 3129 5698 eos.
3155 5637 3273 5693 scil.
3314 5635 3638 5707 sacriﬁculos.

2086 5710 2154 5762 At
2182 5707 2231 5761 hi
2274 5725 2378 5763 non
2404 5709 2607 5772 volunt,
2654 5704 2849 5777 alioqui
2888 5723 2991 5763 non
3024 5708 3388 5763 consulerent.
3422 5706 3535 5761 Mihi
3566 5704 3637 5757 vi-

2087 5778 2241 5835 detur
2268 5781 2417 5837 locus
2443 5778 2776 5836 sanissimus.
2806 5780 3007 5836 Sensus
3032 5788 3115 5834 est
3152 5797 3165 5833 :
3211 5780 3269 5833 Si
3296 5780 3492 5849 quando
3515 5790 3635 5830 com-
