3850 6340
422 349 526 406 765

1556 352 1831 410 ARNOBII
1860 351 2224 410 ADVERSUS
2262 348 2536 409 GENTES
3601 356 3677 409 ῑσι

415 468 525 540 jus,
558 468 630 532 id,
650 469 802 553 ,quod
830 471 930 528 sibi
957 487 1275 530 concessum
1298 480 1405 537 est;
1435 470 1697 542 impertiri
1731 471 1884 528 alteri
1914 486 2007 526 no.
2040 473 2092 534 Α
2116 471 2469 526 consimiliter
2487 471 2606 526 aliis
2628 469 2831 526 licitum
2861 483 2983 526 esse
3007 471 3212 525 nolitis.

420 552 577 616 Iunt?
621 561 743 618 ilch
779 574 859 618 est
887 563 1093 636 iustitia
1139 564 1423 622 caelitum?
1461 563 1564 620 hoc
1607 563 1831 619 deorum
1869 564 2019 635 judio

420 656 561 710 cium
593 657 876 712 sanctum?
905 657 1094 713 Ncone
1137 659 1277 714 istud
1313 657 1497 712 livoris
1525 667 1610 713 est
1639 669 1802 730 atque
1838 661 2022 712 avari—

423 748 510 803 tite
551 764 756 818 genus,
803 768 905 804 non
951 752 1553 822 obtrectatio'qnmdam
1587 752 1814 806 sordens
1840 792 1854 814 ,
1897 767 2022 805 suas

421 841 664 897 eminere
720 845 1094 899 tautummodo
1138 846 1277 899 velle
1325 843 1594 909 fortunas,
1647 845 1875 899 aliorum
1930 859 2019 899 res

424 937 613 1006 premi,
647 947 698 990 ιιι
721 937 772 991 ίιι
795 946 1100 1001 cmtlemplu
1136 936 1438 990 humilitate
1470 936 1715 990 calcari?

497 1029 758 1084 XXXVII.
815 1029 1005 1083 Natum
1051 1029 1322 1084 hominem
1364 1031 1611 1084 enlimus.
1664 1029 1801 1098 Quid
1844 1030 2014 1096 enim,

423 1136 518 1175 vos
550 1121 820 1175 hominem
866 1121 1067 1176 nullum
1109 1123 1284 1178 colitis
1321 1124 1546 1178 natum?
1585 1123 1701 1177 Non
1733 1140 1895 1178 unum
1919 1168 1934 1189 ,
1964 1134 2019 1181 et

422 1213 620 1266 alium?
653 1229 758 1266 non
803 1213 1117 1270 innumeros
1151 1214 1323 1269 alios?
1368 1216 1610 1284 quinimo
1651 1231 1755 1270 non
1784 1233 1973 1272 nunties
2001 1258 2016 1281 ,

421 1321 558 1375 quos
583 1306 692 1374 jam
725 1306 936 1375 templis
970 1306 1178 1360 habetis
1212 1306 1442 1372 vestris,
1483 1308 1789 1362 mortalium
1833 1317 2014 1361 sustu-

423 1396 562 1452 listis
591 1413 655 1452 ex
689 1413 944 1463 nurnero,
976 1408 1030 1453 et
1074 1399 1214 1454 caelo
1240 1399 1615 1470 sideribusque
1646 1388 1929 1454 donastis?
1959 1398 2015 1456 Si

423 1490 568 1545 enim
602 1489 738 1545 forte
769 1506 864 1544 viis
895 1489 1063 1561 fugit,
1106 1494 1268 1546 Sortis
1297 1509 1389 1546 eos
1418 1494 1664 1547 humanae
1686 1535 1700 1557 ,
1745 1505 1796 1546 et
1829 1493 2018 1547 condi-

424 1584 582 1636 tionis
615 1581 780 1638 fuisse
807 1583 1139 1638 communis:
1161 1585 1418 1653 replicate
1437 1584 1838 1651 antiquissimus
1867 1585 2016 1638 litte-

423 1689 546 1740 ras,
591 1684 645 1729 et
686 1691 870 1729 eorum
913 1678 1110 1746 scripta
1147 1679 1474 1745 percnrrite,
1519 1678 1605 1746 qui
1646 1680 1896 1732 vetustati
1941 1677 2019 1731 \‘i-

422 1769 570 1834 cini,
621 1770 736 1822 Sine
785 1769 907 1823 ullis
947 1771 1402 1825 asserit-itionibus
1446 1781 1638 1826 cuncta
1691 1772 1916 1827 veritate
1963 1773 2016 1826 in

2195 561 2482 619 XXXVIII.
2543 563 2648 617 Sed
2699 562 3102 629 concedamus,
3165 562 3433 619 interdum
3493 582 3669 619 manuni

2125 654 2318 710 vestris
2348 655 2751 724 Opinationibus
2789 655 3008 718 dantes,
3044 671 3206 708 unum
3247 655 3514 710 Christum
3546 659 3680 714 fuisse

2126 747 2194 803 de
2221 749 2376 804 nobis
2403 791 2417 813 ,
2442 750 2639 803 mentis
2665 790 2678 808 .
2709 752 2901 803 anima:
2927 792 2941 816 ,
2976 750 3217 818 corporis
3241 792 3255 815 ,
3290 749 3575 820 fragilitatis
3597 794 3609 818 ,
3637 764 3679 808 et

2125 843 2447 897 conditionis
2487 845 2641 897 unius
2674 865 2688 900 :
2724 860 2903 898 nnnne
2943 845 3187 915 dignusa
3232 845 3388 900 nobis
3414 856 3492 900 o-st
3533 857 3677 901 tanto-

2123 951 2239 988 rum
2272 935 2341 988 ob
2380 951 2661 990 munerum
2697 939 2921 1005 gratiam
2956 939 3095 993 Deus
3134 938 3273 1003 dici,
3313 939 3546 1008 Deusipie
3581 959 3677 996 sen-

2123 1028 2256 1083 tiri?
2298 1027 2353 1082 Si
2397 1028 2539 1083 enim
2588 1011 2683 1082 vos
2729 1029 3006 1096 Libet-uin,
3054 1032 3196 1102 quod
3253 1035 3680 1104 uSnm‘repererit

2121 1122 2250 1186 viui,
2279 1122 2344 1186 si,
2371 1124 2509 1191 quod
2546 1125 2728 1192 panis,
2762 1123 3013 1180 Cererem
3036 1167 3050 1190 ,
3076 1128 3118 1178 si
3143 1125 3535 1195 Esculapium,
3564 1129 3678 1196 quod

2123 1214 2442 1282 herbarum,
2486 1216 2528 1270 si
2573 1215 2897 1282 Minervam,
2947 1218 3089 1287 quod
3135 1219 3305 1284 olem,
3353 1220 3398 1273 si
3447 1219 3677 1287 Triptole-

2124 1325 2268 1364 mum
2297 1308 2348 1376 δ,
2383 1311 2523 1380 quod
2551 1311 2712 1365 aratri
2741 1353 2754 1373 ,
2799 1312 2841 1365 si
2868 1310 3100 1380 denique
3131 1310 3436 1375 Herculem,
3463 1313 3589 1381 quod
3618 1311 3682 1366 lc-

2123 1413 2214 1455 ras
2241 1442 2254 1463 ,
2288 1401 2432 1470 quod
2476 1402 2616 1456 iures
2639 1443 2654 1469 ,
2700 1401 2839 1471 quod
2873 1402 3247 1470 multiplicium
3287 1404 3510 1471 capitum
3549 1419 3681 1472 supe-

2123 1494 2261 1548 ravit
2298 1497 2736 1564 compescuitque
2769 1496 3001 1549 natrices
3026 1537 3039 1557 ,
3089 1496 3334 1549 divorum
3378 1497 3614 1551 retulistis
3639 1499 3682 1550 in

2122 1588 2316 1642 costum
2345 1607 2356 1640 :
2392 1588 2685 1643 honoribus
2709 1591 2918 1659 quantis
2946 1589 3262 1645 afﬁciendus
3292 1603 3374 1645 est
3408 1592 3548 1644 nobis
3567 1633 3580 1656 ,
3607 1592 3682 1660 qui

2121 1679 2188 1733 ab
2212 1681 2487 1735 erroribus
2519 1697 2616 1736 nos
2642 1683 2847 1751 magnis
2881 1683 3143 1736 insinuata
3175 1684 3400 1738 veritate
3439 1684 3680 1737 traduxit:

2123 1773 2211 1840 qui
2239 1774 2384 1828 velut
2414 1789 2586 1828 ett-cos
2613 1776 2838 1845 pas~im,
2861 1790 2923 1829 ac
2951 1777 3066 1829 sine
3095 1775 3204 1829 ullo
3231 1788 3440 1831 rectore
3465 1777 3680 1847 gradien-

421 1858 620 1929 liquida
672 1859 1041 1930 prodiderunt.
1088 1860 1206 1916 Jam
1249 1852 1491 1931 profecto
1531 1862 1770 1931 discetis,
1819 1865 2013 1934 quibus
2045 1874 2090 1933 Β
2121 1875 2199 1921 tes
2224 1909 2237 1928 .
2271 1867 2339 1921 ab
2365 1866 2605 1931 deruptis
2631 1910 2642 1928 .
2673 1869 2740 1922 ab
2769 1868 2941 1924 deviis
2968 1912 2979 1930 ,
3009 1869 3143 1924 lucis
3168 1870 3498 1938 planioribus
3525 1871 3681 1926 reddi-

420 1954 621 2026 singuli
647 1957 885 2022 patribus
912 1997 927 2021 ,
969 1956 1165 2024 quibus
1198 1958 1461 2010 matribus
1492 1956 1689 2012 fuerint
1725 1959 2015 2026 procreati,

421 2063 525 2119 qua
553 2049 604 2101 in
640 2048 750 2101 nati
784 2048 1002 2115 regione
1029 2089 1044 2114 ,
1075 2065 1178 2116 qua
1204 2059 1363 2118 gente
1383 2090 1397 2114 ,
1441 2065 1559 2118 qua:
1591 2046 1845 2115 fecerint,
1895 2061 2021 2120 ege-

423 2143 553 2207 rint,
587 2142 926 2211 pertulerint,
957 2140 1230 2196 ac1itarint
1253 2149 1298 2207 ³,
1320 2156 1452 2212 quas
1485 2143 1535 2194 in
1569 2142 1730 2196 rebus
1759 2142 2020 2197 obeundis

420 2237 773 2292 adversorum
828 2237 1139 2299 senserint,
1187 2237 1706 2306 secundantiutnque
1754 2235 2014 2292 fortunas.

422 2331 515 2387 Sin
547 2333 726 2385 autem
755 2330 994 2385 scientes
1033 2331 1200 2384 uteris
1229 2338 1350 2385 esse
1375 2340 1614 2401 gestatus
1637 2371 1650 2393 .
1685 2340 1739 2385 et
1775 2329 2022 2400 frugibus

419 2440 517 2479 eos
547 2426 818 2479 vietitasse
850 2425 1102 2490 terrenis,
1138 2422 1484 2478 nihilominus
1513 2433 1686 2477 tamen
1721 2423 1834 2478 nati
1865 2424 2020 2479 nobis

419 2517 654 2572 hominis
689 2517 975 2588 objectatis
1015 2517 1217 2572 cultum
1252 2535 1264 2571 :
1299 2515 1388 2571 res
1415 2518 1573 2588 agitis
1601 2518 1733 2572 Satis
1765 2517 2012 2587 injustas,

418 2622 473 2666 ut
499 2610 553 2665 id
587 2611 638 2665 in
667 2611 821 2664 nobis
847 2609 1189 2665 constituatis
1227 2625 1349 2664 esse
1385 2609 1690 2666 damnabile
1715 2653 1730 2675 ,
1776 2611 1922 2680 quod
1957 2621 2014 2665 et

414 2706 515 2777 ipsi
544 2721 639 2760 Vos
668 2687 922 2760 factitatis
954 2723 965 2758 :
995 2715 1124 2769 aut,
1149 2720 1268 2777 qua:
1300 2705 1452 2760 vbbis
1477 2704 1642 2760 licere
1672 2704 2010 2776 permittitis,

2125 1961 2205 2016 dit
2237 1982 2249 2017 :
2276 1963 2366 2032 qui
2387 2006 2399 2025 ,
2428 1965 2570 2034 quod
2601 1963 2921 2035 frugiferum
2955 1968 3127 2029 primo
3162 1978 3323 2034 atque
3363 1967 3581 2021 humano
3607 1984 3682 2036 ge-

2130 2056 2241 2108 neri
2267 2055 2533 2120 salutare,
2572 2057 2709 2111 Deus
2752 2060 3071 2112 monstravit
3097 2058 3222 2128 quid
3254 2062 3347 2125 sit,
3383 2061 3516 2129 quis,
3543 2076 3683 2129 quan-

2129 2160 2212 2203 ttts
2233 2192 2247 2216 ,
2287 2160 2340 2204 et
2370 2151 2545 2219 qualis
2583 2170 2597 2206 :
2625 2153 2712 2219 qui
2747 2152 3038 2221 profundus
3068 2154 3185 2222 ejus
3209 2163 3372 2222 atque
3397 2155 3689 2207 inenarrabi-

2129 2240 2207 2295 les
2240 2242 2583 2307 altitudines,
2619 2255 2877 2313 quantum
2921 2255 3101 2299 nostra
3141 2247 3319 2314 quivit
3357 2247 3687 2310 mediocritas,

2128 2349 2322 2403 capere
2347 2345 2399 2389 et
2430 2337 2729 2406 intelligere
2760 2337 2999 2404 permisit
3026 2349 3078 2393 et
3103 2339 3284 2392 docuit
3312 2357 3325 2394 :
3352 2341 3461 2409 qui,
3484 2356 3579 2409 quo
3603 2355 3686 2393 au-

2125 2432 2261 2490 tore,
2294 2440 2400 2495 quo
2437 2437 2586 2496 patre
2613 2428 2843 2483 mundus
2870 2428 2971 2483 iste
3017 2430 3086 2482 sit
3112 2431 3437 2485 constitutus
3459 2441 3510 2486 et
3535 2431 3693 2484 eundi-

2126 2532 2243 2582 tus,
2304 2521 2432 2575 iecit
2479 2521 2866 2592 benignissime
2921 2523 3046 2578 sciri
3081 2542 3094 2576 :
3127 2523 3216 2593 qui
3268 2525 3551 2578 nativitatis
3593 2525 3690 2592 ejus

2125 2614 2457 2680 exprompsit
2503 2628 2708 2683 genus,
2756 2622 2810 2668 et
2852 2616 3052 2669 nullius
3099 2616 3396 2686 aliquando
3426 2617 3695 2687 cognitione

2119 2715 2502 2776 przesuinptam
2533 2708 2809 2762 materiam
2831 2717 2853 2747 ε
2881 2708 3042 2764 illius.
3067 2708 3221 2765 Unde
3250 2710 3460 2780 ignibus
3487 2709 3603 2764 solis
3617 2724 3691 2779 ge-

1657 2817 2040 2876 LECTIONES
2080 2818 2494 2875 VARIANTES.

479 2939 505 3000 ξι
541 2937 666 2998 Quid
690 2939 731 2987 si
758 2950 814 2987 ac
840 2937 1137 3000 tolerarint?
1169 2935 1412 3000 Wopkens
1434 2934 1485 2987 in
1511 2936 1652 2988 Misc.

477 2996 506 3038 δ
539 2996 921 3064 Neoptolemum
963 2997 1110 3052 Male.
1164 3013 1257 3050 ms.

2189 2937 2212 2967 °
2252 2937 2471 2987 Materia.
2499 2934 2646 2987 Male.
2673 2935 2791 2987 Sub.

1769 3101 2338 3162 COMMENTARIUS.

486 3229 644 3284 Cuius
663 3228 736 3292 id,
760 3227 892 3298 quod
921 3227 1014 3281 sibi
1042 3242 1338 3298 concessum
1357 3235 1448 3278 est.
1488 3224 1647 3298 Cuius
1677 3239 1771 3291 pro
1802 3223 1865 3298 de
1904 3241 2005 3292 qua
2032 3225 2077 3287 C
2110 3223 2388 3280 actilarint.
2429 3225 2534 3282 Sed
2580 3227 2701 3283 talis
2754 3227 3014 3285 orationis
3059 3227 3391 3285 abundantia
3439 3229 3691 3285 familiaris

416 3300 696 3356 Geuitivus
733 3295 1030 3369 partitivus,
1061 3296 1574 3354 Fraut-o-Gallurttm
1607 3296 1750 3349 dant.
1799 3295 2003 3369 OneLL.

493 3371 678 3425 Nonne
704 3371 838 3424 istud
868 3370 1040 3424 livoris
1069 3380 1218 3434 atque
1242 3369 1474 3421 avaritia:
1518 3384 1676 3438 genus
1707 3368 1821 3420 est?
1850 3368 1903 3421 ld
1934 3377 2018 3422 est

415 3445 687 3510 πλεονεξία.
737 3442 850 3496 Non
900 3443 1069 3506 putuit
1121 3455 1304 3494 vocem
1345 3455 1573 3510 grzecain
1625 3439 1784 3510 latina
1819 3454 1920 3492 una
1964 3450 2018 3494 et

419 3509 630 3585 propria
665 3515 970 3578 exprimere
1004 3531 1016 3567 :
1045 3512 1244 3567 idcirco
1269 3512 1510 3581 pluribus
1536 3509 1862 3566 dictionibus
1887 3524 2018 3565 usus

452 3597 519 3641 st.
557 3586 800 3641 llsnstn.

452 3597 519 3641 st.
557 3587 572 3640 Ι
623 3629 634 3641 .
787 3625 800 3639 .

417 3604 448 3642 c
495 3587 950 3712 Naitniiitii-Jectatio
1000 3656 1233 3723 quadam
1266 3655 1496 3708 sordens.
1546 3652 1786 3721 Proprie.
1832 3651 2012 3707 Gloss.

423 3729 750 3796 Obtrectatio,
807 3729 1105 3794 ζηλοτυπία.
1143 3725 1408 3802 ΔλοιδορίαιΪ
1466 3724 1690 3802 διαϐολὴ.
1722 3726 2018 3802 γαᾳκοθὲᾎσια.

421 3802 488 3855 Μ.
536 3795 764 3864 Ἰ“ιιΙΙίιι‹,
812 3804 965 3852 ‘Insc
1005 3814 1058 3851 tv
1091 3817 1102 3852 :
1131 3798 1222 3851 Est
1253 3795 1510 3851 minutalia
1549 3795 1818 3865 (egritudo.
1866 3799 1908 3848 si
1939 3813 2019 3861 eo,

420 3874 556 3944 quod
596 3872 931 3938 concupierit,
963 3871 1096 3923 alius
1147 3872 1391 3944 potiatur,
1424 3871 1532 3944 ipse
1562 3878 1752 3944 careat.
1782 3867 2020 3944 _0btrec_-

420 3939 547 3998 latio
576 3960 746 3998 autem
763 3957 934 4006 estea,
963 3959 1114 4009 quant
1140 3941 1359 4010 intelligi
1381 3939 1688 4010 zelotypiam
1714 3940 1843 3996 toto.
1869 3941 2022 4008 (egri-

422 4016 543 4068 tudo
587 4033 649 4069 ex
687 4034 764 4073 eo,
799 4012 934 4083 quod
965 4014 1094 4066 alter
1141 4027 1338 4081 quoque
1367 4012 1594 4078 potiatur
1640 4027 1719 4076 eo,
1761 4013 1897 4080 quod
1937 4011 2026 4064 ille

419 4089 529 4157 ipse
555 4087 916 4154 concupiverit.
951 4085 1190 4140 lienam.

497 4153 728 4212 Aliorum
774 4175 853 4211 res
885 4159 1076 4224 premi,
1107 4167 1154 4210 et
1185 4159 1238 4209 in
1268 4165 1558 4224 contempta
1587 4153 1875 4208 humilitate
1915 4155 2027 4207 cal-

420 4233 548 4286 cari.
586 4230 798 4299 Virgil.,
828 4226 1100 4283 x1.£n.:

547 4323 623 4372 Ne
641 4337 779 4372 cessa
805 4325 1003 4373 turbare
1029 4329 1183 4384 metu,
1207 4327 1358 4384 atque
1385 4318 1782 4384 extollere_.vires

550 4385 724 4435 Gentis
739 4387 817 4436 bis
845 4389 999 4443 victze,
1026 4381 1190 4436 contra
1221 4381 1452 4446 premere
1474 4394 1606 4431 arma
1634 4381 1812 4431 Latini.

424 4471 518 4526 llis
547 4479 725 4526 autem
759 4472 936 4524 verbis
964 4473 1014 4522 in
1047 4479 1332 4540 contempta
1378 4466 1668 4540 humilitate
1706 4465 1899 4518 calcari
1933 4483 2028 4521 ex-

423 4545 607 4621 primit
649 4545 866 4595 verbum
891 4542 1159 4621 _Gr:ccutn
1204 4536 1582 4621 cunctatiﬁclim.
1618 4536 1752 4621 Nam
1803 4542 2028 4621 ἱῳπεινὸς
2057 4560 2108 4621 D

423 4608 572 4738 quiti
603 4616 855 4676 πατεινός.
888 4615 977 4670 Sic
1006 4614 1332 4683 contemptim
1367 4622 1625 4665 conterere
1651 4608 1781 4663 dicit
1807 4609 2028 4666 Plautus

425 4688 477 4738 in
546 4690 767 4738 mutila:

425 4688 477 4739 in
500 4688 767 4740 Ρωιιιιιι);

424 4777 525 4842 Sed
545 4787 712 4842 tamen
739 4778 1210 4842 quomodocumque.
1225 4790 1517 4840 quamquam
1541 4779 1694 4828 simus
1719 4779 2026 4842 pauperculi,

421 4841 508 4891 Est
525 4841 651 4890 domi
677 4841 806 4902 quod
823 4841 1014 4891 edimus
1039 4855 1100 4890 ne
1126 4853 1215 4890 nos
1234 4849 1329 4889 tam
1353 4843 1691 4906 comtemptitn
1715 4841 1962 4892 eonteras.

1667 4927 1909 4983 ΗειιΑιι).

496 5017 764 5074 XXXVII.
808 5051 880 5061 —
914 5019 1033 5074 Non
1067 5037 1223 5072 nnunt
1273 5028 1320 5071 et
1358 5019 1560 5072 alium?
1597 5037 1696 5072 non
1735 5021 2029 5075 innumeros

424 5092 571 5145 alios.
611 5091 762 5146 Fulv.
797 5091 976 5148 Ursin.
1001 5093 1126 5160 leg,
1151 5108 1271 5145 num
1301 5107 1456 5144 unum
1484 5103 1569 5144 aut
1591 5093 1771 5155 alium,
1804 5102 1858 5148 ct
1883 5094 2027 5148 delet

425 5165 577 5216 alios.
609 5164 720 5216 Non
757 5165 914 5218 male.
947 5163 1149 5219 ORELL.

504 5255 691 5308 Eorum
721 5258 910 5325 scripta
943 5258 1248 5323 percui-rite,
1275 5267 1369 5310 etc.
1406 5255 1640 5322 Respicit
1667 5258 1930 5312 Arnobius
1960 5258 2024 5312 ad

426 5328 623 5396 seripta
679 5330 992 5390 Evbo-ineri,
1041 5340 1093 5381 et
1141 5339 1363 5394 eorum,
1418 5343 1554 5398 quos
1600 5327 1736 5383 infra
1788 5331 2028 5386 nominat

449 5400 520 5452 ili.
560 5415 629 5463 ιν,
664 5415 712 5453 c.
738 5399 827 5452 29.
853 5402 1056 5454 OnELL.

501 5471 614 5535 Qua
654 5475 704 5524 in
746 5475 850 5524 nati
897 5476 1117 5542 regione.
1155 5472 1293 5524 tiavn
1331 5473 1475 5540 legas
1520 5472 1684 5524 innati
1732 5489 1834 5527 una
1868 5490 2021 5529 voce.

427 5542 551 5615 llaec
585 5545 727 5615 enim
776 5546 1212 5613 praeposuiuuum
1247 5544 1492 5615 trajectio
1537 5543 1815 5599 familiaris
1847 5547 2023 5601 Arno-

425 5613 530 5666 bio.
559 5614 761 5670 ORELL.

500 5685 627 5752 Quae
671 5688 906 5758 fecerint,
942 5692 1168 5758 egerint;
1214 5689 1535 5754 pertulerint,
1568 5691 1850 5743 actitarint.
1879 5688 2022 5744 Can-

426 5759 709 5819 riegiutor..
745 5762 793 5812 in
826 5760 980 5812 (luris
1011 5761 1264 5812 sernmlis
1289 5760 1354 5812 ad
1390 5766 1602 5823 Avian”
1639 5761 1772 5816 Fab.
1807 5777 1860 5822 tt,
1888 5778 1937 5814 ν.
1966 5763 2018 5825 6,

427 5826 477 5878 iu
520 5829 812 5883 illiw-ellum
847 5834 977 5882 Uiis.
1022 5831 1180 5894 Crit.,
1214 5832 1319 5882 vol.
1353 5849 1444 5896 vn,
1482 5849 1600 5902 pag.
1634 5831 1761 5896 200.
1809 5834 2019 5902 lrgcnd.

428 5909 611 5953 censet
646 5920 656 5953 :
689 5919 802 5971 quat
844 5902 1072 5970 fecerint,
1121 5903 1330 5966 egerint,
1383 5921 1441 5955 ac
1491 5903 1810 5969 pertulerint,
1845 5905 2025 5959 deleto

2124 3298 2387 3350 Arunliio.
2420 3299 2622 3353 URELL.

2196 3367 2486 3424 XXXVIII.
2533 3401 2604 3412 —-
2635 3369 2745 3424 Sed
2796 3372 3135 3426 concedamus
3188 3373 3468 3436 interdum,
3520 3389 3698 3425 manum

2125 3441 2302 3514 uestris
2345 3443 2726 3514 opinationjbns
2773 3443 2973 3498 dantes.
3029 3443 3298 3496 Interdum
3353 3460 3449 3514 pro
3496 3446 3692 3510 interim,

2123 3512 2331 3565 interea.
2368 3511 2439 3565 lla
2471 3513 2568 3569 Sil.
2599 3513 2761 3580 Pun.,
2791 3530 2862 3577 Iv,
2889 3531 2967 3568 vs.
3006 3516 3131 3581 491,
3163 3516 3230 3570 de
3259 3511 3550 3570 Hannibale
3579 3535 3591 3570 :

2283 3602 2536 3666 interdum
2559 3613 2692 3666 rapta
2719 3608 2889 3656 vicinis
2905 3607 3115 3656 saltibus
3137 3606 3250 3657 alno

2283 3665 2587 3716 Flumineam
2610 3665 2754 3726 texit,
2783 3683 2876 3732 qua
2903 3671 3186 3720 transvehat
3207 3673 3419 3734 agmina,
3447 3672 3651 3723 classem.

2126 3774 2196 3828 cf.
2234 3791 2311 3847 vi,
2345 3776 2434 3836 30.
2469 3777 2648 3843 ibique
2686 3776 3090 3832 Drakenborch.
3119 3778 3467 3846 Oudendorp.
3504 3779 3552 3832 in
3583 3780 3700 3847 Apu-

2130 3847 2219 3900 lei.
2263 3846 2504 3911 Mclaut.,
2553 3848 2648 3902 lib.
2693 3865 2766 3910 III,
2821 3863 2939 3916 pag.
2989 3849 3090 3902 175
3134 3859 3190 3904 et
3232 3849 3279 3902 ,Ι-
3333 3850 3421 3903 Fr.
3469 3850 3701 3911 Granum,

2128 3917 2268 3972 Obss
2318 3918 2382 3971 ad
2414 3920 2707 3981 scriptores
2735 3921 3156 3985 ecclesiasticos,
3189 3937 3309 3989 rap.
3346 3937 3483 3985 uti,
3527 3940 3572 3988 p.
3597 3919 3700 3974 illi.

2130 3989 2283 4056 Quod
2321 4006 2499 4043 autem
2544 3993 2618 4042 ait
2667 4008 2872 4043 manum
2918 3993 3060 4051 dare.
3095 4003 3171 4045 est
3224 4009 3320 4058 pro
3373 4009 3546 4045 manus
3584 3993 3702 4051 dare,

2130 4062 2272 4127 quod
2303 4073 2382 4116 est
2415 4061 2682 4117 usitatius.
2714 4062 2843 4116 Nata
2877 4062 3076 4116 loculin
3109 4065 3174 4117 :ib
3207 4065 3292 4119 iis.
3328 4066 3417 4128 qui
3452 4067 3610 4118 victus
3638 4063 3701 4115 la-

2137 4142 2314 4186 teutur
2356 4150 2435 4196 se,
2464 4149 2518 4187 et
2563 4135 2854 4187 vietoribus
2899 4151 3092 4188 manus
3130 4137 3445 4188 vinciendas
3475 4136 3701 4205 pra-bent.

2137 4205 2270 4258 llinc
2302 4220 2397 4273 per
2425 4206 2794 4274 metaphoram
2825 4207 3145 4260 submittere
3175 4221 3236 4262 se
3264 4207 3488 4275 alicujus
3517 4215 3703 4260 senten-

2136 4277 2244 4342 ῑὶςιι,
2284 4279 2480 4330 victum
2515 4291 2574 4330 se
2612 4275 2768 4331 fateri
2812 4278 3060 4332 oratione
3103 4278 3346 4334 alterius.
3376 4278 3451 4332 Ita
3495 4280 3703 4339 Lucret.,

2134 4349 2227 4403 lib.
2259 4364 2314 4414 ιι,
2350 4364 2430 4402 vs.
2459 4347 2597 4402 1οη
2628 4365 2641 4401 :

2731 4442 2784 4493 Si
2810 4443 2895 4493 tibi
2917 4455 3036 4493 vera
3058 4443 3273 4506 videtur,

2319 4504 2464 4555 Dede
2489 4518 2678 4556 manus.

2134 4611 2223 4664 tibi
2265 4611 2371 4665 viil.
2406 4611 2652 4665 Lambin.
2682 4609 2872 4666 Cicero
2901 4614 3032 4664 ιω..
3057 4626 3106 4664 c.
3139 4610 3232 4665 9.6.
3271 4610 3380 4664 Nec
3410 4611 3538 4664 enim
3575 4609 3704 4680 facil-

2135 4683 2251 4736 lime
2272 4686 2567 4753 agnoscitur
2591 4680 2906 4754 (adulator),
2930 4683 3119 4752 quippe
3139 4684 3225 4752 qni
3248 4689 3401 4736 etiam
3422 4679 3705 4734 adversando

2133 4770 2267 4824 stupe
2315 4765 2625 4812 assentetur.
2675 4765 2722 4808 et
2767 4756 2971 4824 litigare
3017 4771 3070 4807 se
3117 4755 3370 4808 simulans
3424 4756 3704 4810 blandintur,

2134 4837 2285 4893 atque
2327 4827 2394 4878 ad
2439 4837 2719 4879 extremum
2759 4827 2840 4878 det
2873 4843 3077 4892 manus,
3109 4826 3345 4896 vincique
3394 4842 3446 4880 se
3487 4826 3703 4895 patiatur.

2136 4898 2356 4953 Ηειυιω)
2387 4909 2440 4952 et
2467 4900 2672 4953 URELL.

2207 4968 2456 5024 Dirorum
2510 4970 2757 5024 retulistis
2807 4969 2859 5021 in
2905 4970 3106 5024 cwlam.
3163 4969 3258 5021 Ms.
3314 4985 3426 5038 reg.
3478 4967 3622 5020 habet
3664 4964 3706 5014 in

2135 5057 2357 5095 censum.
2387 5042 2839 5096 fortassemelius.
2865 5040 2955 5096 Sic
2980 5042 3112 5095 infra
3133 5040 3230 5095 lib.
3255 5056 3328 5105 tv,
3347 5057 3396 5094 c.
3422 5042 3472 5096 l.
3495 5041 3701 5093 "anno.

2134 5124 2187 5167 et
2219 5116 2507 5169 Srswacn.

2206 5185 2281 5238 Ab
2325 5186 2553 5255 deruptis
2581 5203 2640 5238 ac
2667 5184 2843 5238 deviis.
2876 5182 3110 5252 Derupta
3141 5185 3255 5237 loca
3285 5201 3392 5237 non
3435 5181 3564 5235 aliud
3602 5187 3706 5255 sunt

2134 5273 2292 5326 quam
2340 5252 2653 5325 pra-ripitia.
2701 5256 2773 5310 lla
2824 5256 3130 5321 Lucretius,
3177 5271 3252 5309 γι.
3288 5256 3413 5311 538.
3459 5255 3515 5307 lu
3545 5252 3704 5326 gremio

2134 5322 2309 5399 gerere
2340 5322 2385 5382 et
2417 5322 2588 5393 rupeis
2615 5330 2930 5396 deruptaque
2968 5343 3116 5381 saxa.
3167 5327 3458 5389 Μεωιδιυδ,
3495 5342 3523 5393 p
3544 5339 3601 5394 ιε.
3627 5322 3700 5374 25.

2212 5401 2273 5454 Et
2323 5401 2515 5454 nullius
2562 5400 2839 5465 aliquando
2886 5400 3177 5465 cognitione
3221 5412 3578 5468 praesumptam
3617 5410 3704 5445 ma-

2136 5474 2316 5526 teriam
2371 5473 2528 5525 illins.
2597 5472 2812 5524 Materia
2877 5471 3012 5536 Dei,
3074 5474 3174 5523 hoc
3238 5482 3320 5525 est
3379 5472 3492 5538 ejus
3547 5477 3705 5538 natura

2133 5550 2473 5618 πνευματική.
2507 5543 2773 5618 Ᾱνιόυιιιιχ
2799 5534 3007 5618 ειιιιθιπ
3037 5543 3309 5618 Arnobius
3361 5534 3613 5618 riiscipete
3652 5534 3705 5618 ad

2135 5609 2295 5672 νει-υἷι
2345 5617 2457 5671 Utt‘i
2501 5614 2710 5670 Soteris
2747 5613 2868 5670 σιμὴ.
2924 5630 2997 5680 ιν,
3047 5629 3123 5668 vs.
3176 5614 3271 5678 24,
3315 5609 3700 5738 sanandam;-

3375 5701 3521 5738 KELL-

3375 5701 3521 5738 KELL-

2210 5757 2406 5813 Fervor
2433 5760 2753 5813 adsciscitur.
2791 5759 2864 5811 Ita
2895 5767 2986 5810 aut
3014 5758 3288 5811 arcessitur
3313 5759 3582 5824 legendum
3608 5764 3704 5804 r558

2135 5846 2236 5900 pro
2265 5833 2513 5891 adscitur,
2545 5833 2684 5898 quod
2727 5832 2994 5885 editiones
3036 5829 3271 5891 habent,
3321 5830 3476 5882 dot-ct
3518 5825 3702 5882 Ouden—

2139 5906 2320 5971 dorp.,
2355 5903 2421 5958 ad
2452 5905 2661 5973 Apulei.
2694 5904 2816 5956 Met.
2851 5918 2920 5971 tv,
2955 5917 3074 5970 pag.
3097 5902 3222 5955 5l‘2.
3253 5902 3455 5954 Οιιιειι..
