3850 6406
187 432 285 490 809

1503 432 1708 494 131812ιῖ
1748 438 2135 497 SECUNDUS.

3401 456 3507 512 810

186 542 361 600 missio
388 544 719 605 audientium
748 545 1027 604 turbarent
1052 556 1282 616 mentes,
1310 559 1365 606 et
1393 549 1768 606 credulitatem
1798 560 1853 620 Α
1876 567 1997 609 esse
2030 570 2153 626 spes
2183 569 2309 610 suas
2329 597 2343 622 ,
2373 570 2506 628 quas
2527 556 2847 628 jamdudum
2892 572 3216 633 acceperant
3257 564 3328 622 de
3372 570 3494 621 aui-

185 636 414 694 l'acerent
440 642 694 697 haesitare
723 659 734 695 :
770 641 1030 698 virtutum
1056 645 1296 699 omnium
1320 644 1593 709 dominus,
1617 656 1779 716 atque

186 730 343 802 ipsius
388 736 578 793 mortis
625 739 893 793 extinctor
950 737 1225 794 hominem
1272 754 1427 794 suum
1480 739 1784 810 permiserit

182 822 400 882 interﬁci
418 869 434 895 ,
462 836 523 884 ut
550 844 620 885 ex
647 830 808 887 rebus
832 832 1292 903 consequentibus
1321 832 1524 887 scirent
1563 834 1614 886 iu
1668 840 1783 887 tuto

1891 662 2098 702 marum
2126 648 2329 714 salute,
2364 664 2465 706 inec
2504 642 2802 721 perieulum
2851 656 3042 712 mortis
3085 658 3191 713 alia
3230 675 3289 715 se
3333 676 3495 731 posse

1892 741 2103 798 ratione
2125 742 2311 798 vitare.

1557 949 2122 1007 COMMENTARIUS.

184 1060 459 1142 praevium
474 1060 703 1142 ἐχθρᾳρς
801 1062 997 1142 Scaevoia
1014 1068 1060 1119 ἐν
1072 1072 1179 1142 Διξοῑς
1198 1052 1367 1141 ἔργοις
1383 1073 1491 1127 τοῖς
1506 1072 1725 1142 τιςονηροῖ
1728 1086 1774 1127 ς,

182 1134 282 1213 ἴυγξ
323 1128 375 1213 δέ
404 1121 812 1213 ᾲποξαίτήλλαξεν
842 1138 893 1190 ἐν
919 1122 993 1209 τῷ
1037 1121 1247 1213 σῲματξ
1265 1121 1360 1198 ἶτῆς
1389 1138 1579 1213 σαρκὸς
1614 1121 1776 1192 ἀύτοῦ

182 1196 259 1281 δ’ιᾷ
284 1207 374 1281 τοῦ
408 1204 648 1281 Was,
692 1196 1034 1281 παραστῆσίαι
1062 1196 1197 1281 ὑμᾶς
1227 1208 1403 1281 ἁγίους·
1430 1196 1510 1264 niti.
1534 1211 1780 1281 ἀμώμους

183 1275 261 1325 καὶ
283 1273 619 1347 ἁνιγκλήτους
646 1273 956 1333 κατένώπιον
979 1273 1162 1334 uocas.
1190 1273 1395 1335 UR'ELL.

1960 1063 2234 1119 Hominem
2264 1081 2429 1144 suum.
2468 1065 2523 1121 ΙιΙ
2549 1074 2634 1119 est
2662 1066 2943 1144 hominem
2965 1111 2978 1133 ,
3022 1088 3181 1138 quem
3216 1074 3500 1144 induerat,

1888 1135 2419 1207 assumpseratﬂide
2448 1146 2604 1191 notas
2630 1138 2695 1192 ad
2728 1156 2849 1207 cap.
2886 1141 2974 1196 δὲ.
3008 1135 3213 1200 Οιιειι.

1966 1204 2049 1261 Ex
2074 1204 2223 1263 rebus
2260 1208 2702 1279 consequentibus.
2728 1204 2897 1267 ld'cst
2930 1217 3337 1341 NBSUrt'e-Ctionc
3385 1233 3503 1276 sua.

3012 1302 3157 1341 nm.

3012 1302 3157 1353 nam.

179 1432 3447 1475 η...Ἥῆ

1099 1562 1589 1674 LIBER
1662 1505 2298 1673 SECUND
2323 1566 2531 1675 US.

1568 1968 1778 2026 INDEX
1815 1966 2146 2027 CAPITUM.

179 2150 248 2206 Ab
270 2152 479 2208 ethnicis
506 2152 720 2221 inquirit
747 2152 1001 2207 Arnobius
1022 2167 1115 2207 cur
1136 2152 1341 2206 demum
1359 2150 1623 2207 Christum
1653 2149 1774 2204 nul—
1802 2151 1849 2211 B

247 2248 343 2302 lius
372 2250 422 2303 in
453 2265 539 2305 eos
568 2250 763 2320 peccati
789 2265 933 2303 reum
958 2248 1034 2301 ita
1062 2248 1293 2312 oderint,
1337 2255 1391 2300 ut
1425 2243 1506 2300 vel
1536 2245 1648 2316 ejus
1678 2260 1776 2298 no-

246 2342 374 2396 mine
395 2342 575 2396 audito
608 2324 689 2396 ira
715 2342 949 2413 protinus
974 2344 1351 2397 excandescant
1396 2358 1410 2393 :
1443 2340 1532 2413 qui
1574 2352 1779 2402 tamen,

256 2434 404 2488 etiam
433 2435 477 2489 si
504 2436 593 2488 cui
613 2435 852 2489 credatur
872 2435 1062 2506 dignus
1085 2451 1186 2488 non
1206 2442 1352 2495 esset,
1392 2448 1449 2487 eo
1471 2433 1654 2487 saltem
1681 2446 1784 2485 non

243 2526 601 2595 aspernandus
622 2536 752 2592 erat,
787 2526 925 2596 quod
956 2527 1157 2580 cunctis
1174 2526 1310 2579 viam
1339 2526 1408 2579 ad
1426 2524 1610 2580 caelum
1633 2540 1784 2578 mon-

248 2619 445 2674 stravit.
1562 2616 1695 2689 Cap.
1727 2619 1783 2674 1.

184 2708 409 2765 Occurrit
426 2721 611 2767 auctor
638 2712 911 2785 gentilibus
928 2714 1357 2780 respondentibus
1375 2755 1389 2780 ,
1410 2729 1610 2768 summo
1637 2713 1785 2766 illum

242 2804 357 2858 odio
398 2821 453 2859 se
492 2815 769 2876 propterea
812 2808 1083 2877 prosequi,
1131 2807 1256 2878 quia
1304 2822 1507 2861 omnem
1569 2805 1783 2861 deorum

250 2901 438 2952 cultum
464 2900 668 2955 evertit.
1485 2900 1615 2971 Cap.
1640 2900 1694 2967 2,
1726 2902 1778 2957 5.

187 2990 409 3048 Ostendit
438 2994 673 3049 ethnicos
700 3012 913 3065 prorsus
944 2997 1197 3051 innuerito
1227 2996 1417 3052 Christi
1440 2997 1591 3051 dictis
1620 3012 1752 3066 prop
1770 3024 1783 3035 -

254 3097 385 3140 terea
420 3104 523 3142 non
572 3088 803 3154 credere,
837 3090 974 3158 quod
1004 3107 1083 3153 ea,
1120 3106 1236 3156 qua:
1267 3090 1559 3160 pollicetur,
1594 3105 1647 3142 se
1673 3105 1785 3141 um-

242 3192 392 3247 quam
406 3179 581 3249 reipsa
599 3179 837 3232 daturum
859 3195 951 3233 nos
966 3196 1066 3233 non
1084 3178 1427 3235 convincit.Si
1442 3178 1644 3248 quidem
1663 3178 1785 3248 plu-

244 3270 373 3324 rima
396 3281 686 3340 suppetunt
722 3288 898 3326 eorum
927 3288 1042 3343 quae
1069 3271 1301 3326 Cltristus
1328 3272 1562 3343 promisit
1586 3312 1602 3338 ,
1634 3270 1781 3324 haud

247 3367 452 3419 omnino
502 3366 705 3421 incerta
762 3383 933 3421 rerum
988 3378 1293 3438 argumenta
1354 3382 1524 3437 :qua.’
1580 3366 1788 3435 quidem

243 3475 393 3527 quum
420 3459 475 3512 in
501 3467 751 3527 promptu
779 3459 906 3524 sint,
936 3459 999 3513 de
1028 3459 1251 3512 aliorum
1273 3475 1472 3529 quoque
1492 3458 1553 3512 ab
1578 3475 1638 3512 eo
1661 3475 1782 3529 pro-

255 3554 527 3607 missorum
546 3564 731 3607 eventu
755 3552 1027 3606 dubitandi
1055 3552 1201 3606 nulla
1226 3553 1358 3606 ratio
1379 3561 1473 3607 est.
1496 3550 1623 3623 Cap.
1648 3552 1702 3615 4,
1722 3553 1778 3609 5.
1809 3532 1856 3595 C

184 3642 511 3701 Ethnicorum
529 3645 849 3717 jactantiam
896 3645 1158 3709 retundit,
1190 3645 1378 3715 quippe
1418 3646 1507 3715 qui
1549 3660 1603 3699 se
1644 3645 1785 3699 solos

246 3739 500 3808 sapientia
531 3748 581 3793 et
608 3739 823 3792 scientia
855 3748 1065 3792 ornatos
1118 3739 1498 3809 gloriarentur,
1569 3747 1780 3792 ceeteros

252 3844 398 3896 vero,
432 3832 521 3901 qui
551 3847 645 3901 per
677 3840 838 3884 totum
870 3840 1121 3884 terrarum
1164 3829 1337 3884 orbem
1360 3828 1565 3884 Christo
1597 3848 1784 3886 nomen

245 3922 506 3977 dederunt
529 3964 544 3988 ,
592 3938 783 3993 magno
809 3922 961 3976 etiam
988 3922 1195 3992 ingenio
1224 3921 1470 3992 praeditos
1492 3962 1508 3988 ,
1542 3922 1745 3978 obtusas
1764 3968 1779 3991 ,

245 4013 440 4069 hebetes
468 4031 530 4069 ac
562 4014 741 4084 fatuos
770 4014 1144 4070 existimarent.
1471 4012 1601 4085 Cap.
1635 4016 1688 4080 6,
1725 4016 1780 4070 7.

182 4103 341 4161 Nulla
372 4110 534 4181 igitur
554 4110 760 4162 ratione
781 4107 902 4162 aliis
925 4124 1027 4162 non
1052 4108 1303 4163 doctiores
1333 4108 1522 4162 ethnici
1546 4108 1786 4164 christia-

243 4217 331 4255 nos
365 4202 539 4256 divino
566 4201 819 4272 magistro
847 4217 939 4255 suo
970 4202 1231 4255 credentes
1253 4200 1633 4270 vituperabant.
1662 4201 1787 4257 Sine

244 4296 431 4367 prtevia
462 4312 688 4367 namque
715 4295 817 4363 ﬁde
848 4296 1048 4349 nullum
1080 4298 1312 4367 profecto
1341 4298 1600 4367 negotium
1622 4298 1785 4351 susci-

243 4390 393 4456 pitur.
418 4389 636 4462 Ipsintet
653 4391 870 4462 gentiles
887 4390 1215 4459 opinionibus
1250 4390 1521 4445 credebant
1553 4391 1783 4461 philoso-

243 4485 492 4552 phorum,
527 4483 617 4553 qui
647 4483 711 4536 de
737 4484 919 4551 primis
951 4493 1117 4537 tamen
1142 4499 1312 4537 rerum
1344 4482 1613 4552 principiis
1642 4483 1787 4538 aliis-

242 4595 337 4645 que
362 4579 426 4632 de
470 4579 625 4635 rebus
657 4577 792 4631 nihil
838 4577 960 4632 certi
1016 4576 1375 4648 exploratiqne
1407 4577 1678 4646 proferunt
1726 4592 1788 4629 ac

244 4687 438 4742 semper
466 4673 604 4725 inter
630 4686 686 4724 se
715 4669 1093 4740 digladiantur.
1353 4667 1484 4738 Cap.
1518 4668 1572 4733 8,
1603 4670 1660 4732 9,
1693 4667 1782 4722 10.

182 4757 305 4816 Inde
331 4761 529 4833 colligit
553 4760 815 4815 Arnobius
841 4761 1035 4832 sequius
1063 4777 1173 4817 esse
1202 4762 1408 4816 credere
1436 4758 1663 4834 Christo,
1696 4760 1788 4830 qui

248 4859 398 4912 tantis
438 4856 711 4910 miraculis
754 4856 1046 4909 doctrinam
1100 4872 1248 4909 suam
1294 4854 1576 4921 stabilivit,
1627 4871 1785 4925 quam

1952 2166 2130 2205 manes
2161 2161 2307 2206 erant
2337 2169 2453 2207 cum
2491 2156 2920 2226 philosOphorum
2954 2162 3243 2232 coryphteis
3271 2164 3334 2218 de
3359 2164 3471 2220 Deo
3490 2208 3506 2233 ,

1960 2242 2023 2298 ile
2046 2262 2324 2313 corporum
2365 2250 2739 2305 resurrectione
2789 2254 2852 2306 de
2880 2254 3045 2310 salute
3079 2258 3405 2322 auimamm,
3454 2272 3501 2314 et

1964 2337 2155 2407 futuris
2201 2339 2481 2406 impiorum
2508 2342 2673 2409 poenis
2704 2345 3007 2411 sententiae,
3051 2350 3283 2417 quamvis
3331 2350 3397 2404 ab
3429 2351 3510 2405 Itis

1957 2428 2109 2483 aliter
2133 2441 2285 2498 atque
2308 2445 2338 2481 a
2375 2428 2685 2486 Christianis
2714 2434 3058 2504 explicentur.
3126 2434 3256 2508 Cap.
3294 2440 3384 2504 15,
3418 2441 3507 2497 14.

1886 2518 2026 2574 Hinc
2072 2522 2395 2575 occasionem
2443 2533 2617 2593 captat
2659 2526 2915 2580 Arnobius
2962 2528 3316 2598 edisserendi,
3352 2533 3506 2602 cujus

1958 2624 2163 2668 natura:
2185 2615 2251 2669 sit
2274 2614 2447 2668 anima
2479 2626 2675 2681 nostra,
2710 2634 2810 2687 quo
2842 2635 2905 2673 ex
2932 2623 3075 2689 [ante
3101 2622 3315 2691 prodeat
3344 2634 3391 2677 et
3417 2640 3514 2677 cur

1958 2712 2114 2765 variis
2142 2710 2413 2777 aﬂectibus
2455 2724 2505 2768 et
2533 2714 2665 2768 vitiis
2706 2716 2797 2784 ﬁat
2842 2718 3087 2773 obnoxia.
3138 2718 3271 2774 Illos
3324 2720 3511 2777 deinde

1959 2804 2152 2871 refutat
2176 2846 2191 2871 ,
2219 2805 2307 2874 qui
2334 2816 2563 2859 nostram
2592 2808 2823 2862 animam
2867 2811 3100 2880 ejusdem
3127 2828 3242 2865 cum
3272 2811 3382 2868 Deo
3403 2814 3504 2867 im-

1957 2896 2288 2951 mortalitatis
2338 2908 2385 2952 et
2427 2908 2630 2954 natum
2672 2903 2978 2974 participem
3023 2920 3131 2958 esse
3198 2908 3509 2974 pronuntia-

1963 2988 2106 3043 bant.
3017 2996 3149 3065 Cap.
3174 2998 3261 3063 M,
3299 2998 3388 3063 15,
3417 3000 3506 3054 16.

1885 3081 1950 3134 At
1980 3081 2155 3137 divina
2186 3095 2259 3139 est
2280 3126 2293 3147 ,
2328 3086 2621 3156 inquiebant
2641 3129 2653 3149 ,
2688 3089 2864 3141 anima
2896 3079 3159 3154 hominis,
3190 3094 3276 3160 qui
3296 3095 3500 3147 ratione

1961 3176 2159 3229 cwteris
2190 3185 2395 3245 praestat
2422 3178 2752 3233 animalibus.
2789 3171 2995 3249 Optime
3020 3180 3264 3250 quidem,
3297 3184 3508 3251 reponit

1958 3270 2214 3325 Arnobius
2236 3313 2250 3337 ,
2280 3272 2324 3325 si
2352 3271 2504 3326 homo
2530 3274 2628 3327 hac
2666 3290 2761 3327 sua
2785 3276 2989 3328 ratione
3019 3276 3141 3329 bene
3163 3293 3366 3345 semper
3392 3286 3508 3331 ute-

1956 3372 2114 3417 retur.
2142 3363 2338 3418 Deinde
2360 3366 2627 3419 nonnullis
2641 3383 2916 3421 occurrens
2940 3368 3200 3423 instantiis
3228 3370 3367 3441 vulgi
3388 3373 3507 3440 opi-

1958 3456 2189 3510 natiOncs
2228 3457 2290 3508 de
2332 3457 2521 3511 anima:
2568 3458 2808 3512 humana:
2855 3463 3158 3527 prazstantia
3187 3464 3396 3531 exponit
3445 3480 3506 3518 ac

1964 3547 2135 3603 diluit.
3116 3553 3246 3622 Cap.
3287 3556 3376 3622 17,
3406 3556 3497 3623 18,

1890 3637 2070 3711 Pergit
2093 3657 2246 3711 porro
2277 3642 2654 3709 dentonstrare,
2702 3643 2956 3699 Immanas
2984 3646 3183 3700 animas
3226 3664 3388 3719 neque
3419 3651 3507 3703 di-

1963 3734 2106 3787 vinas
2157 3750 2265 3788 esse
2312 3751 2474 3805 neque
2512 3736 2741 3789 omnium
2791 3738 3003 3791 scicntia
3026 3740 3254 3793 eruditas
3278 3742 3331 3793 in
3366 3741 3506 3797 hunc

1962 3827 2211 3881 mundum
2240 3844 2267 3880 e
2295 3828 2421 3882 caelo
2450 3828 2720 3883 advolasse
2740 3870 2755 3893 ,
2786 3839 2939 3899 atque
2966 3831 3089 3885 inde
3128 3834 3229 3884 ruit
3257 3832 3506 3903 placitum

1960 3918 2093 3973 illud
2119 3918 2462 3988 quorumdam
2506 3919 2932 3991 philosOphorum
2952 3963 2968 3989 ,
3007 3939 3108 3991 quo
3136 3939 3194 3976 ea
3218 3940 3333 3991 qua:
3354 3926 3511 3980 disci-

1962 4026 2076 4064 mus
2103 4011 2515 4065 reminiscentius
2544 4028 2652 4065 esse
2678 4014 3023 4067 so'mttiabanl.
3246 4016 3378 4086 Cap.
3416 4019 3505 4073 19.

1894 4101 1960 4156 Et
1988 4104 2121 4158 hanc
2148 4104 2353 4175 quidem
2381 4104 2807 4173 conjeclationem
2835 4106 3021 4175 falsam
3053 4124 3161 4161 esse
3192 4110 3309 4162 aliis
3332 4110 3505 4165 adhuc

1961 4198 2220 4251 rationum
2248 4200 2519 4253 momentis
2546 4200 2728 4252 evincit
2758 4216 2769 4251 :
2802 4200 3052 4269 imprimis
3084 4216 3200 4253 vero
3232 4204 3503 4271 proposita

1962 4292 2232 4361 hypothesi
2258 4293 2423 4361 pueri,
2441 4292 2492 4344 in
2508 4292 2851 4345 desertissima
2869 4301 2915 4345 et
2935 4293 3194 4347 inaccessa
3220 4296 3505 4351 solitudine

1960 4384 2067 4438 nati
2087 4394 2235 4453 atque
2265 4383 2453 4438 ibidem
2483 4401 2684 4438 summo
2714 4386 2767 4438 in
2795 4386 3001 4439 silentio
3048 4402 3080 4439 a
3128 4396 3271 4441 muta
3300 4389 3499 4444 nutrice

1960 4478 2184 4532 educati.
3128 4481 3257 4552 Cap.
3285 4483 3377 4549 2t),
3406 4484 3470 4540 2|
3488 4526 3503 4541 .

1892 4570 2031 4626 Hinc
2051 4571 2308 4626 evidenter
2329 4571 2626 4639 concludit,
2672 4574 2955 4627 humanam
2983 4576 3214 4629 animam
3258 4578 3311 4631 in
3344 4595 3499 4633 mun-

1962 4664 2085 4717 dum
2109 4680 2208 4717 non
2238 4664 2432 4719 venisse
2452 4665 2680 4719 omnium
2707 4666 2922 4719 scientia
2948 4668 3278 4721 instructam.

3116 4759 3246 4832 Cap.
3279 4763 3371 4829 22,
3404 4766 3497 4823 25.

1892 4847 2097 4903 Exinde
2122 4848 2379 4902 Arnobius
2411 4849 2727 4903 contrarium
2760 4848 3003 4906 Platonis
3032 4864 3392 4924 argumentum
3437 4875 3503 4913 ea:

247 4948 566 5019 philosophis
608 4945 984 5017 quantumlibet
1011 4946 1073 4999 ob
1103 4962 1303 5000 morum
1332 4947 1680 5017 integritatem
1706 4955 1785 4999 at-
1816 4927 1870 4986 D
1970 4956 2128 5013 puero
2156 4940 2221 4993 de
2264 4941 2490 4996 numeris
2522 4941 2835 5013 interrogato
2868 4944 3080 5011 petitum
3111 4946 3394 5002 luculenter
3418 4949 3502 5003 di-

245 5060 335 5114 que
378 5042 699 5112 sapientiam
750 5040 1066 5104 laudandis,
1110 5040 1198 5110 qui
1223 5040 1355 5095 nihil
1396 5039 1475 5092 vel
1518 5040 1789 5093 minimum

246 5138 364 5203 quid
392 5138 472 5192 his
499 5136 675 5192 simile
702 5150 944 5205 umquam
974 5142 1273 5205 potuerunt.
1528 5130 1661 5203 Cap.
1696 5132 1784 5187 11.

184 5229 247 5287 Et
272 5245 400 5289 certe
441 5234 487 5287 si
533 5228 778 5287 Christus
806 5229 1049 5281 humanis
1079 5238 1279 5282 tantum
1323 5227 1645 5299 argumentis
1667 5243 1790 5282 usus

248 5326 448 5393 fuisset,
480 5340 632 5383 nemo
659 5323 706 5378 ei
725 5321 883 5389 ﬁdem
912 5320 1264 5387 adhibuisset,
1293 5336 1447 5388 quant
1478 5332 1649 5374 tamen
1682 5320 1789 5389 ple-

248 5420 385 5489 rique
410 5418 539 5474 dare
565 5415 736 5472 coacti
756 5425 875 5469 sunt
898 5415 959 5469 ob
987 5414 1126 5469 edita
1154 5413 1217 5468 ab
1247 5413 1359 5485 ipso
1390 5414 1604 5484 ejusque
1629 5413 1788 5468 disci-

252 5516 381 5582 pulis
411 5512 708 5575 miracula;
739 5510 877 5565 edita
900 5551 914 5572 ,
939 5511 1149 5579 inquam
1173 5550 1187 5573 ,
1217 5508 1406 5577 ubique
1425 5506 1478 5561 in
1510 5506 1718 5561 Oriente
1742 5515 1790 5561 et

253 5594 525 5662 Occidente
556 5616 605 5661 et
645 5604 972 5677 potissimum
1007 5602 1189 5658 Roma:
1209 5644 1225 5670 ,
1257 5602 1342 5657 ubi
1391 5601 1575 5658 Simon
1608 5618 1789 5673 magus

250 5715 280 5752 a
306 5698 460 5755 Petro
487 5716 553 5755 ex
596 5697 805 5753 sublimi
832 5712 934 5752 tere
963 5696 1016 5751 in
1045 5705 1238 5751 terram
1275 5695 1505 5765 deiectus
1550 5695 1789 5766 perhibe-

256 5798 351 5846 tur.
1538 5786 1665 5857 Cap.
1695 5786 1782 5841 l2.

192 5881 319 5949 Quid
365 5884 561 5952 plura?
612 5881 738 5938 Non
777 5882 1017 5939 vexantia
1048 5891 1218 5951 certe,
1247 5883 1337 5939 sed
1361 5882 1478 5938 ideo
1522 5880 1791 5936 laudanda

254 5984 355 6032 erat
381 5978 444 6032 ab
470 5975 693 6033 ethnicis
723 5974 1123 6031 christiauoram
1158 5973 1288 6045 ﬁdes
1308 6016 1324 6045 ,
1360 5974 1483 6047 quia
1503 5965 1609 6030 illis
1644 5988 1790 6027 com-

757 6068 1038 6132 ΡΑτιιοι.
1072 6066 1152 6130 ν.

1967 5035 2081 5089 luit.
3119 5037 3248 5109 Cap.
3278 5040 3371 5103 24,
3403 5041 3500 5098 25.

1897 5128 2089 5184 Eorum
2115 5128 2449 5199 objectionem
2492 5128 2723 5183 dissolvit
2747 5170 2760 5192 ,
2794 5129 2881 5198 qui
2919 5129 3093 5183 dicunt
3124 5131 3350 5185 animum
3370 5175 3385 5200 ,
3414 5136 3503 5190 ubi

1966 5221 2174 5290 corpori
2219 5220 2571 5289 conjungitur,
2631 5220 2863 5288 priorum
2936 5220 3165 5275 oblivisci
3216 5232 3407 5291 atque,
3453 5238 3510 5281 ut

1962 5315 2140 5381 aiunt,
2174 5329 2239 5368 ea:
2256 5313 2408 5366 docta
2431 5312 2817 5367 elementariam
2845 5312 2979 5381 ﬁeri.
3118 5312 3249 5384 Cap.
3284 5316 3377 5383 26,
3406 5316 3499 5373 27.

1897 5407 2046 5463 Idem
2074 5416 2434 5478 argumentum
2464 5413 2763 5475 pertractat.
3241 5406 3371 5477 Cap.
3405 5409 3500 5467 28.

1896 5499 1984 5555 Ea:
2009 5499 2284 5570 disputatis
2320 5497 2515 5569 colligit
2544 5507 2725 5559 auctor
2750 5497 3004 5551 hominem
3054 5499 3391 5569 proletarium
3444 5520 3506 5567 ac

1970 5612 2180 5667 prorsus
2204 5594 2410 5665 inopem
2435 5590 2605 5647 ordini
2629 5592 2796 5662 primo
2823 5593 2876 5645 h.
2915 5608 2961 5645 e.
2999 5592 3172 5646 divino
3198 5610 3300 5647 non
3338 5598 3504 5651 ascri.

1967 5688 2189 5744 bendum
2229 5703 2322 5743 nec
2378 5686 2424 5741 ei
2476 5684 2710 5740 eamdem
2738 5694 2894 5755 atque
2923 5682 3030 5738 Deo
3058 5685 3504 5744 immortalitatem

1972 5780 2318 5835 tribuendam.
3131 5775 3261 5847 Cap.
3289 5778 3383 5846 29,
3412 5781 3506 5836 50.

1904 5873 2103 5931 Eadem
2131 5874 2331 5929 ratione
2353 5872 2622 5944 impugnat
2661 5869 2917 5925 Arnobius
2949 5870 3261 5925 contrariam
3289 5870 3508 5943 Epicuri

1974 5967 2300 6039 opinionem,
2350 5965 2439 6037 qui
2490 5964 2718 6020 animum
2761 5964 3043 6017 humanam
3090 5962 3357 6015 mortalem
3406 5981 3515 6021 esse

2866 6057 2946 6118 26
