3850 6364
377 350 478 408 8H

446 461 722 536 garriebat.
746 457 946 514 Deinde
973 455 1149 512 statuit
1175 459 1354 506 auctor
1383 459 1574 516 noster,
1609 450 1835 504 animam
1866 463 1968 501 me-
2000 448 2052 507 Α

447 557 548 611 dite
587 553 859 624 cujusdam
886 549 1152 605 mortalem
1193 546 1326 599 inter
1371 553 1418 598 et
1461 543 1690 597 divinam
1739 551 1976 595 naturam

448 664 557 703 esse
579 645 897 702 substantiae.
1544 633 1675 702 Cap.
1710 633 1780 688 50
1795 661 1866 672 —
1883 631 1974 686 54.

377 743 696 800 lnstantibus
745 755 860 793 vero
908 735 1154 796 ethnicis,
1186 747 1285 801 quo
1318 739 1467 802 pacto
1525 726 1832 780 immortalis
1864 725 1979 793 fieri

449 835 609 906 possit
637 833 845 896 anima,
871 829 936 890 ,si
982 828 1161 882 media:
1204 825 1346 878 illius
1377 821 1647 892 qualitatis.
1686 819 1789 883 sit,
1847 819 1976 891 facit

447 928 572 980 satis
599 923 872 978 Arnobius.
1599 911 1726 983 Cap.
1759 912 1850 978 55,
1885 911 1975 967 56.

377 1018 577 1074 Deinde
605 1018 831 1070 animam
859 1024 1088 1068 nostram
1118 1029 1148 1064 a
1177 1020 1435 1080 postrema
1462 1008 1684 1077 quadam
1732 1013 1982 1076 potestate

449 1112 608 1182 fuisse
636 1109 839 1180 quidem
871 1118 1131 1173 creatam,
1169 1105 1257 1158 sed
1287 1119 1448 1172 neque
1478 1102 1666 1156 divina:
1698 1098 1858 1169 prolis
1887 1115 1978 1152 ne-

446 1219 544 1272 que
569 1202 753 1256 summi
787 1197 882 1252 Dei
931 1200 1096 1266 ﬁliam
1142 1213 1247 1250 esse
1290 1196 1624 1248 demonstrat.
1653 1190 1764 1245 Nec
1789 1194 1980 1259 patitur

446 1306 625 1349 auctor
653 1295 749 1349 sibi
779 1293 962 1364 objici,
994 1291 1242 1344 mundum
1275 1290 1386 1343 sine
1409 1289 1614 1342 ho‘mine
1652 1301 1759 1340 esse
1785 1285 1978 1354 imper-

451 1394 671 1461 fectum;
695 1388 922 1458 adeoque
962 1386 1126 1439 Deum
1165 1385 1570 1453 uniuscujusque
1594 1380 1822 1434 animam
1848 1395 1909 1434 ea:
1929 1395 1982 1433 se

450 1484 562 1552 ipso
584 1481 811 1554 genitam
837 1481 890 1533 in
921 1480 1200 1532 humanum
1231 1492 1417 1546 corpus
1448 1474 1664 1529 misisse.

1480 1563 1610 1634 Cap.
1644 1564 1733 1630 36,
1763 1564 1854 1628 37,
1886 1561 1978 1617 58.

375 1668 555 1740 Longa
603 1678 776 1721 autem
806 1661 1102 1720 inductione
1133 1671 1348 1716 conatur
1377 1658 1639 1713 ostendere
1660 1699 1674 1721 ,
1725 1657 1982 1710 hominem

444 1778 545 1815 non
574 1761 642 1812 ad
665 1759 1023 1829 perfectionem
1047 1756 1243 1820 mundi,
1273 1754 1360 1822 qui
1386 1753 1587 1822 quidem
1616 1752 1725 1804 sine
1753 1750 1845 1803 illo
1872 1765 1981 1803 esse

443 1860 676 1922 poterat,
734 1850 823 1904 sed
869 1850 935 1902 ad
971 1849 1222 1917 privatam
1266 1846 1528 1912 ipsiusmet
1569 1843 1789 1896 hominis
1826 1829 1969 1894 utili-
2009 1832 2051 1890 Β

446 1956 599 1998 tatem
630 1959 735 1997 esse
758 1952 1002 1996 creatum.
1036 1941 1201 2010 Atque
1229 1955 1292 1992 ex
1325 1939 1402 1991 his
1428 1937 1688 1991 concludit
1711 1978 1724 2001 ,
1752 1935 1980 1988 divinam

446 2054 549 2092 non
573 2053 680 2090 esse
708 2037 934 2090 animam
953 2078 966 2101 ,
995 2050 1111 2105 qua:
1141 2033 1466 2103 postmodum
1490 2033 1540 2085 in
1564 2048 1748 2100 corpus
1770 2030 1980 2099 aliquod

436 2146 468 2181 a
495 2129 598 2182 Deo
632 2129 786 2182 missa
817 2128 990 2195 fuerit.
1515 2121 1647 2192 Cap.
1683 2123 1751 2178 '59
1787 2153 1854 2161 --
1883 2124 1974 2176 45.

370 2227 584 2290 Atsua,
618 2226 888 2294 inquiunt,
945 2224 1229 2286 voluntate,
1283 2238 1386 2275 non
1431 2219 1524 2274 Dei
1565 2221 1717 2291 jussu
1747 2220 1877 2272 venit
1924 2219 1979 2271 in

441 2320 705 2372 mundum.
741 2316 835 2370 Cui
863 2315 1069 2384 quidem
1099 2315 1360 2367 instantia:
1390 2313 1615 2366 occurrit
1643 2311 1917 2365 Arnobius.

1527 2403 1654 2471 Cap.
1686 2401 1756 2456 44
1785 2431 1856 2441 -
1881 2399 1975 2454 46.

374 2503 635 2575 Urgebant
659 2501 847 2555 ethnici
877 2541 890 2563 ,
946 2500 1080 2552 unde
1106 2498 1263 2569 igitur
1293 2497 1466 2549 anima
1496 2496 1765 2565 progenita
1795 2494 1859 2546 sit
1888 2501 1977 2544 aut

442 2594 646 2664 prolata
677 2593 1007 2660 inquirentes.
1045 2587 1240 2654 Quibus
1265 2587 1536 2656 respondet
1568 2585 1825 2638 Arnobius
1847 2625 1862 2649 ,
1906 2584 1976 2638 il-

440 2687 530 2741 lud
557 2687 778 2756 primum
807 2684 950 2736 nobis
979 2698 1085 2736 esse
1109 2690 1448 2749 compertum,
1466 2679 1612 2732 illam
1635 2694 1725 2732 nec
1747 2677 1974 2730 divinam

440 2796 530 2833 nec
565 2779 658 2832 Dei
701 2794 813 2831 esse
843 2777 1136 2846 progeniem
1164 2791 1181 2828 :
1211 2774 1340 2827 nihil
1372 2774 1506 2827 enim
1556 2791 1586 2824 a
1635 2771 1744 2825 Deo
1775 2787 1974 2824 summo

441 2872 552 2940 fieri
603 2885 841 2940 umquam
874 2869 1120 2936 potuisse,
1157 2867 1255 2919 nisi
1301 2865 1532 2918 omnibus
1562 2865 1786 2916 numeris
1817 2863 1970 2916 abso-

444 2964 629 3016 lutum.
665 2961 864 3014 Deinde
913 2961 1120 3025 subdit,
1166 2958 1300 3012 illud
1331 2974 1423 3012 nos
1463 2967 1601 3011 certo
1629 2972 1934 3027 cognoscere
1957 2996 1972 3020 ,

440 3056 667 3108 homines
713 3051 845 3105 nihil
871 3067 977 3106 esse
1018 3051 1164 3104 aliud
1192 3051 1289 3103 nisi
1318 3052 1521 3103 animas
1549 3050 1755 3119 corpori
1784 3049 1975 3118 alliga-

439 3157 517 3200 tas
535 3187 548 3210 ,
578 3160 694 3214 qua:
719 3145 857 3197 omni
883 3143 1122 3197 vitiorum
1149 3158 1328 3214 genere
1365 3153 1786 3211 corrumpuntur.

1592 3233 1721 3302 Cap.
1753 3234 1843 3300 s7,
1877 3233 1967 3288 is.
1998 3212 2043 3275 C

367 3331 502 3387 Sunt
529 3330 734 3401 quidem
766 3329 1004 3382 nonnulli
1051 3328 1260 3397 optimis
1303 3326 1528 3380 moribus
1581 3342 1593 3378 :
1644 3335 1696 3378 at
1745 3326 1798 3378 hi
1848 3342 1971 3379 sane

436 3422 732 3494 paucissimi
759 3432 898 3476 sunt.
931 3419 1215 3492 Ecquinam
1250 3437 1364 3473 vero
1405 3419 1616 3490 perfecti
1647 3430 1763 3473 sunt
1790 3419 1960 3473 homi-

437 3519 566 3572 nes?
599 3516 720 3571 Non
749 3517 905 3588 igitur
931 3515 1101 3569 divina
1132 3524 1204 3569 est
1228 3515 1403 3568 anima
1433 3517 1677 3568 humana.

1596 3607 1722 3676 Cap.
1756 3606 1847 3671 49,
1877 3607 1966 3661 50.

366 3699 548 3770 Neque
574 3715 690 3755 vero
721 3709 789 3752 est
818 3699 954 3768 quod
984 3699 1184 3752 rideant
1216 3698 1433 3761 ethnici,
1467 3700 1510 3752 si
1550 3716 1791 3769 negemus
1822 3699 1967 3752 nobis

436 3809 544 3847 esse
568 3801 883 3861 compertum
904 3832 917 3857 ,
965 3807 1064 3861 quo
1093 3790 1244 3843 modo
1274 3790 1368 3843 illa
1414 3791 1478 3844 sit
1520 3801 1712 3844 creata.
1750 3791 1809 3846 Si
1838 3793 1971 3846 enim

433 3897 568 3939 reete
594 3902 626 3938 a
659 3883 878 3937 Platone
919 3891 1168 3936 assertum
1216 3892 1433 3954 putant,
1481 3883 1597 3936 illas
1625 3901 1726 3937 non
1779 3901 1810 3936 a
1863 3883 1970 3940 Deo

437 3980 668 4050 summa},
703 3980 796 4033 sed
821 3996 850 4031 a
874 3979 1158 4031 minoribus
1185 3978 1487 4046 quibusdam
1515 3981 1844 4049 potestatibus
1865 3999 1973 4038 esse

435 4081 634 4126 creatas
668 4089 679 4124 :
713 4088 805 4125 cur
832 4071 974 4125 nobis
1006 4088 1104 4124 non
1134 4071 1301 4124 licebit
1327 4073 1467 4141 ipsas
1495 4089 1603 4127 esse
1633 4076 1815 4129 medice
1841 4093 1971 4144 qua-

428 4166 586 4219 litatis
631 4167 780 4235 longe
810 4169 994 4219 certius
1027 4182 1283 4234 asserere,
1330 4183 1444 4237 qua:
1475 4178 1643 4222 tamen
1677 4187 1707 4222 a
1740 4171 1847 4226 Deo
1877 4174 1971 4226 im-

437 4263 748 4316 mortalitate
779 4262 1076 4315 donentur?
1470 4263 1596 4335 Cap.
1631 4267 1722 4330 51,
1754 4267 1844 4335 52,
1877 4271 1966 4324 55.

367 4355 549 4426 Neque
574 4356 796 4418 dixeris,
830 4355 959 4408 nihil
1011 4357 1212 4425 penitus
1242 4359 1350 4416 sine
1393 4357 1490 4411 Dei
1534 4361 1791 4415 voluntate
1819 4365 1966 4430 ﬁeri,

434 4467 596 4520 neque
624 4449 779 4502 etiam
821 4450 1075 4502 curiosius
1103 4451 1333 4519 inquiras
1353 4493 1367 4513 ,
1391 4451 1528 4505 unde
1555 4454 1691 4506 mala
1734 4456 1970 4510 oriantur

431 4553 479 4597 et
504 4560 593 4595 cur
621 4559 678 4596 ea
724 4540 864 4596 Deus
908 4543 1189 4611 permittat.
1238 4541 1352 4596 Hoc
1395 4559 1550 4597 unum
1583 4563 1676 4614 pro
1707 4558 1841 4601 certo
1874 4549 1966 4603 ha-

435 4635 684 4700 bendum,
720 4633 850 4687 nihil
878 4653 907 4687 a
940 4650 1054 4688 vero
1097 4632 1208 4688 Deo
1252 4635 1363 4702 fieri
1392 4636 1620 4702 malum,
1655 4639 1890 4693 vitiosum
1921 4651 1964 4694 et
1998 4609 2049 4668 Ι)

437 4727 647 4780 noxium
696 4725 930 4795 quodque
983 4725 1216 4778 omnibus
1271 4742 1372 4779 non
1425 4728 1491 4780 sit
1543 4728 1772 4782 salutare
1818 4740 1967 4801 atque

438 4818 621 4871 amoris
645 4817 1014 4885 plenissimum.
1589 4817 1719 4890 Cap.
1750 4822 1841 4886 54,
1869 4823 1960 4877 55.

363 4911 575 4966 Nemini
604 4926 721 4963 vero
750 4911 882 4963 mira
913 4909 1072 4963 videri
1101 4910 1246 4963 debet
1277 4922 1452 4964 nostra
1480 4911 1541 4963 de
1571 4923 1641 4966 tot
1670 4915 1787 4969 aliis
1815 4916 1965 4971 rebus

432 5006 706 5078 ignoratio.
746 5004 874 5069 Quis
920 5005 1054 5058 enim
1103 5005 1264 5058 nescit
1322 5013 1489 5059 tantas
1538 5024 1643 5063 esse
1696 5010 1960 5065 hominum

432 5100 495 5153 de
521 5116 575 5153 re
601 5098 826 5168 qualibet
862 5098 1242 5163 contentiones,
1276 5108 1330 5152 ut
1364 5099 1495 5153 nihil
1526 5117 1557 5154 a
1586 5118 1840 5173 quoquam
1868 5123 1954 5159 as-

1518 331 1797 392 ARNOBll
1833 327 2200 389 ADVERSUS
2229 326 2506 388 GENTES

3575 320 3683 376 812

2147 455 2364 514 seratur,
2411 441 2547 515 quod
2604 439 2666 495 ab
2717 437 2821 494 alio
2860 433 3034 492 statim
3089 436 3283 493 destrui
3312 451 3416 491 non
3483 434 3684 504 possit?

3249 531 3384 600 Cap.
3461 529 3552 594 56,
3587 528 3680 582 57.

2085 638 2328 704 Quamvis
2366 651 2486 707 ergo
2532 634 2830 704 ignorarent
2879 626 3194 693 Christiani,
3237 641 3271 679 a
3314 641 3417 695 quo
3460 633 3509 678 et
3547 621 3684 677 unde

2152 740 2320 786 creata
2347 731 2411 785 sit
2440 729 2614 789 anima
2644 727 2868 780 humana
2895 741 2912 779 :
2941 721 3069 777 nihil
3115 719 3235 774 inde
3285 718 3534 772 adversus
3561 714 3683 768 illos

2153 825 2355 894 efﬁcere
2394 830 2626 892 poterant
2679 818 2904 884 ethnici,
2960 815 3143 888 quibus
3172 813 3334 867 multo
3383 811 3536 882 plura
3563 817 3684 864 sunt

2153 919 2491 987 incomperta.
3255 903 3386 973 Cap.
3464 904 3555 966 58,
3589 902 3680 957 59.

2083 1012 2236 1066 Recte
2263 1013 2432 1082 itaque
2459 1008 2692 1064 Christus
2715 1050 2727 1072 ,
2752 1023 2899 1062 verus
2929 1003 3071 1058 Deus
3091 1045 3106 1069 ,
3138 1003 3231 1056 sub
3262 999 3484 1054 hominis
3516 1000 3683 1068 forma

2156 1106 2356 1160 locutus
2398 1103 2548 1176 jubet
2596 1119 2720 1168 nos,
2769 1100 2963 1154 relictis
3005 1097 3241 1152 omnibus
3285 1093 3680 1164 questionibus,

2153 1198 2220 1251 ad
2249 1215 2419 1252 rerum
2450 1196 2805 1250 universarum
2834 1192 3109 1246 Dominum
3139 1199 3244 1243 tota
3271 1198 3437 1242 mente
3481 1184 3682 1248 attolli;

2153 1290 2241 1361 qui
2271 1290 2473 1343 tametsi
2501 1284 2865 1356 comprehendi
2904 1290 3120 1354 nequeat
3144 1322 3160 1347 ,
3194 1280 3371 1334 nullus
3395 1288 3561 1332 tamen
3587 1276 3683 1330 nisi

2153 1399 2324 1437 amens
2354 1382 2503 1436 illum
2548 1379 2717 1434 solum
2766 1393 2875 1432 esse
2925 1374 3092 1430 Deum
3144 1372 3375 1443 ambigit.
3438 1369 3684 1423 Ethnicos

2151 1476 2330 1546 igitur,
2362 1473 2448 1544 qui
2479 1489 2594 1526 eum
2641 1486 2744 1525 non
2786 1477 3104 1540 agnoscunt,
3155 1473 3361 1518 manent
3407 1462 3528 1516 stevi
3570 1469 3683 1531 post

2155 1576 2365 1621 mortem
2393 1565 2672 1620 cruciatus.
3130 1561 3135 1565 ’
3177 1555 3310 1625 Cap.
3350 1555 3437 1619 60,
3471 1553 3559 1619 6|,
3592 1552 3679 1607 62.

2087 1658 2398 1730 Urgentibus
2453 1657 2699 1720 ethnicis,
2750 1653 2877 1724 quid
2922 1667 3042 1721 ergo
3077 1658 3248 1702 actum
3293 1647 3358 1701 sit
3405 1645 3470 1698 de
3511 1659 3682 1698 eorum

2154 1753 2424 1809 animabus
2444 1791 2460 1818 ,
2503 1752 2589 1819 qui
2619 1761 2736 1804 ante
2765 1747 2958 1803 Christi
2998 1745 3270 1797 adventum
3311 1741 3501 1793 mortui
3530 1748 3678 1804 sunt,

2152 1857 2200 1901 et
2241 1863 2330 1900 cur
2374 1861 2546 1899 omnes
2585 1843 2771 1896 anima:
2817 1857 2918 1894 non
2962 1841 3063 1892 sint
3109 1833 3296 1906 wquali
3341 1833 3682 1899 muniﬁcentia

2102 1998 2104 2000 τ
2156 1941 2362 1994 άοηαιω
2393 1958 2410 1995 :
2441 1940 2710 2009 respondet
2743 1937 2964 2006 primum
2997 1933 3252 1986 Arnobius
3273 1973 3287 1998 ,
3317 1931 3582 2001 tequaliter
3635 1930 3682 1981 in

2160 2047 2335 2086 omnes
2368 2031 2542 2084 divina
2568 2029 2806 2096 beniﬁcia
2840 2027 3000 2098 fuisse
3027 2023 3254 2091 diffusa;
3288 2022 3489 2087 deinde,
3515 2034 3680 2074 omnes

2156 2123 2321 2177 Deum
2364 2123 2623 2192 aequaliter
2663 2137 2843 2174 vocare
2887 2117 3220 2188 omnibusque
3258 2117 3326 2168 ad
3373 2132 3426 2168 se
3453 2112 3681 2167 veniendi

2153 2225 2464 2288 potestatem
2507 2215 2715 2286 fecisse,
2770 2215 2858 2268 sed
2905 2213 3037 2267 nulli
3081 2205 3432 2266 necessitatem
3479 2207 3677 2274 afferre.

3299 2304 3430 2367 Cap.
3474 2302 3563 2367 65,
3591 2300 3676 2354 64.

2082 2401 2276 2461 Docet.
2309 2419 2398 2454 cur
2428 2396 2566 2456 Deus
2611 2418 2711 2456 non
2761 2401 2952 2469 faciat,
2988 2409 3044 2453 ut
3089 2399 3235 2452 inviti
3263 2397 3494 2450 homines
3526 2396 3676 2463 ipsius

2151 2497 2358 2550 credant
2387 2497 2684 2563 promissis;
2712 2494 2917 2557 deinde,
2950 2493 3084 2562 quod
3115 2493 3214 2546 soli
3238 2489 3518 2545 Christiani
3539 2486 3675 2541 salu-

2152 2602 2246 2644 tem
2279 2598 2653 2655 consequantur
2704 2604 2798 2657 ope
2825 2587 3014 2640 Christi
3067 2596 3218 2655 atque
3261 2584 3481 2651 auxilio,
3530 2581 3612 2633 cui
3647 2594 3675 2632 α

2151 2682 2260 2738 Deo
2293 2693 2439 2753 patre
2476 2682 2696 2750 facultas
2717 2682 2814 2734 ista
2849 2694 3109 2733 concessa.
3431 2675 3557 2744 Cap.
3589 2673 3670 2729 65.

2078 2774 2290 2828 Transit
2318 2775 2386 2828 ad
2410 2785 2625 2828 veterem
2656 2774 2972 2827 ethnicorum
2999 2770 3392 2839 querimoniam,
3438 2785 3538 2838 qua
3583 2783 3671 2821 no-

2148 2869 2330 2922 vellam
2363 2884 2468 2922 esse
2502 2867 2835 2921 'christiantun
2864 2863 3160 2934 religionem
3189 2872 3340 2932 atque
3367 2862 3597 2928 antiquos
3631 2868 3673 2915 et

2150 2962 2343 3028 patrios
2370 2961 2500 3013 ritus
2529 2960 2581 3012 in
2613 2958 2858 3012 barbaros
2883 2973 2941 3010 ac
2971 2957 3268 3026 peregrinos
3299 2973 3402 3009 non
3438 2972 3540 3008 esse
3567 2971 3670 3006 mu-

2150 3053 2333 3107 tandos
2374 3052 2783 3122 expostulabant.
3171 3048 3300 3119 Cap.
3351 3049 3440 3113 66,
3469 3048 3551 3110 67,
3582 3047 3666 3102 68.

2079 3143 2298 3199 Tametsi
2329 3144 2607 3199 christiana
2635 3143 2814 3213 religio
2851 3158 3023 3196 recens
3054 3150 3179 3194 esset
3208 3141 3472 3204 instituta,
3514 3153 3671 3192 nonne

2148 3255 2228 3293 res
2282 3255 2454 3291 omnes
2510 3239 2779 3303 humanae,
2839 3245 3006 3288 nonne
3064 3236 3118 3288 in
3171 3234 3384 3303 primis,
3435 3232 3509 3286 vel
3548 3231 3669 3301 ipsis

2065 3329 2072 3336 ’
2150 3331 2424 3400 fatentibus
2488 3330 2738 3395 ethnicis,
2797 3344 2972 3382 eorum
3027 3324 3117 3379 Dii
3190 3342 3299 3380 esse
3372 3321 3670 3394 creperum?

3299 3416 3426 3488 Cap.
3465 3418 3547 3479 69,
3583 3414 3665 3470 70.

2018 3528 2020 3530 ’
2078 3518 2140 3575 Si
2184 3535 2301 3590 ergo
2351 3527 2466 3573 ante
2511 3517 2912 3589 quadringentos
2957 3531 3118 3568 annos
3163 3511 3459 3568 Christiana
3499 3511 3669 3578 religio

2149 3628 2251 3666 non
2291 3621 2430 3676 erat,
2481 3627 2640 3680 neque
2688 3611 2838 3663 etiam
2889 3616 3008 3660 ante
3057 3607 3159 3660 duo
3219 3621 3471 3658 annorum
3517 3602 3668 3654 millia

2151 3704 2320 3758 nullos
2373 3704 2492 3756 deos
2541 3719 2659 3756 suos
2720 3702 2878 3772 fuisse
2922 3715 3108 3771 negare
3157 3715 3262 3752 non
3321 3705 3564 3767 poterant.
3605 3694 3667 3748 At

2149 3797 2352 3851 demum
2393 3796 2657 3866 religionis
2695 3795 2974 3848 auctoritas
3001 3810 3103 3846 non
3154 3802 3228 3846 est
3274 3802 3500 3860 tempore
3539 3787 3664 3843 anti-

2149 3891 2340 3945 mando
2361 3932 2373 3954 ,
2405 3892 2490 3944 sed
2519 3891 2744 3943 numine.
3436 3883 3554 3952 Cap.
3580 3880 3661 3936 71.

2081 3986 2426 4057 Objectionem
2478 3985 2623 4038 illam
2677 3984 2916 4052 deinceps
2970 3982 3207 4053 infringit
3265 3979 3665 4044 Arnobius,qua

2150 4079 2335 4131 ethnici
2389 4077 2756 4143 obtendebant,
2805 4093 2977 4130 eorum
3031 4076 3330 4145 religionem
3363 4075 3515 4126 multo
3537 4079 3663 4123 vetu-

2147 4175 2352 4228 stiorem
2380 4173 2662 4226 christiana
2680 4189 2788 4226 esse
2808 4173 3035 4238 (idecque
3053 4170 3321 4223 veriorem.
3347 4166 3470 4236 Cap.
3491 4162 3656 4227 72,75.

2078 4271 2373 4340 Respondet
2416 4269 2796 4338 postulantibus
2828 4269 2954 4336 ipsis
2982 4265 3199 4320 ethnicis
3225 4307 3238 4331 ,
3284 4282 3377 4319 cur
3425 4274 3521 4316 tarn
3560 4273 3662 4314 sero

2146 4364 2381 4419 Christus
2408 4381 2437 4416 a
2469 4363 2575 4416 Deo
2605 4363 2787 4416 missus
2811 4362 2983 4432 fuerit.
3323 4356 3450 4428 Cap.
3476 4357 3556 4419 74,
3574 4353 3656 4407 75.

2077 4458 2218 4512 Satis
2247 4457 2426 4510 iisdem
2455 4456 2577 4525 facit
2623 4453 2993 4523 inquirentibus
3019 4495 3032 4517 ,
3077 4469 3167 4505 cur
3200 4450 3371 4517 Deus,
3415 4451 3494 4504 cui
3525 4446 3658 4500 Chri-

2147 4552 2298 4604 stiani
2314 4549 2617 4612 serviebant,
2638 4551 2866 4616 patiatur
2896 4547 3014 4601 illos
3036 4548 3172 4599 omni
3203 4545 3588 4615 persecutionum
3601 4555 3659 4592 ac

2150 4662 2413 4715 plenarum
2430 4625 2620 4714 genere
2647 4642 2819 4696 vexari
2852 4651 2896 4695 et
2923 4641 3166 4712 apprimi.
3186 4637 3319 4708 Cap.
3344 4638 3430 4702 76,
3469 4637 3546 4703 77,
3575 4635 3655 4689 78.

2142 4827 2181 4882 l.
2218 4827 2329 4882 Hoc
2355 4826 2407 4879 in
2441 4826 2559 4880 loco
2591 4824 2749 4878 tribui
2774 4823 2820 4878 si
2844 4823 2951 4878 ulla
2984 4822 3214 4879 facultas
3244 4832 3458 4893 posset,
3480 4806 3656 4875 vellem

2065 4938 2186 4978 cum
2222 4923 2304 4975 his
2332 4921 2603 4986 omnibus,
2633 4918 2826 4988 quibus
2859 4933 3056 4972 nomen
3086 4917 3321 4973 invisum
3350 4927 3432 4974 est
3456 4912 3653 4978 Chrisﬁ,

2066 5019 2132 5071 ul)
2162 5016 2401 5069 iuslilula
2439 5011 2805 5083 principaliter
2837 5010 3154 5066 defensioue
3202 5010 3513 5066 diverticulo
3540 5021 3655 5076 pau-

2065 5111 2229 5180 lisper
2253 5109 2414 5174 facto,
2450 5107 2573 5161 talia
2599 5105 2765 5161 verba
2797 5105 3048 5161 miscere.
3081 5103 3134 5160 Si
3161 5104 3362 5160 nullam
3386 5119 3500 5160 esse
3521 5099 3654 5156 duci-

1716 5241 2280 5306 COMMENTARIUS.

431 5396 469 5451 l.
517 5428 590 5437 ——
639 5397 697 5451 Si
757 5395 949 5448 nullam
1000 5413 1103 5450 esse
1177 5399 1361 5451 ducitis
1428 5402 1784 5455 contumeliam
1850 5422 1957 5460 res-

357 5470 581 5537 pondere
635 5468 830 5532 aliquid
880 5469 1231 5536 interrogatos.
1284 5470 1468 5539 Neque
1514 5473 1655 5526 enim
1691 5476 1818 5528 stilis
1861 5476 1956 5531 lto-

359 5551 569 5616 nestum
619 5540 835 5616 videtur
866 5541 1173 5616 superiores
1217 5552 1262 5592 cl
1313 5541 1558 5595 dominos
1601 5543 1950 5616 inierrngnrc.

359 5610 636 5665 Salvianus
661 5653 672 5669 .
728 5612 886 5672 ciust.
936 5626 988 5662 Ill
1025 5627 1037 5662 :
1071 5610 1316 5665 Parentes
1347 5615 1668 5676 charissimi;
1706 5610 1953 5673 Parentes

357 5684 783 5753 reverendissimi,
855 5683 1160 5752 interrogari
1230 5699 1314 5736 vos
1386 5700 1702 5753 quassamus,
1781 5689 1949 5744 liceat.

359 5752 555 5832 Contra
589 5755 803 5832 superbi
854 5765 906 5807 et
956 5753 1094 5806 fastu
1131 5755 1320 5832 tumidi
1346 5752 1668 5832 rouuctauter
1699 5770 1787 5812 aut
1819 5761 1950 5815 nihil

360 5825 576 5877 omnino
633 5825 877 5879 solebant
931 5824 1277 5893 respondere.
1339 5824 1530 5880 Cicero
1582 5829 1646 5882 ad
1705 5829 1948 5902 Trclml.,

2064 5408 2156 5462 Iili.
2209 5425 2314 5470 γη,
2355 5410 2513 5474 epist.
2567 5410 2632 5463 16
2665 5427 2675 5462 :
2711 5409 2811 5477 Qui
2858 5411 3044 5465 isthinc
3099 5412 3336 5478 veniunt,
3388 5410 3649 5479 superbiam

2065 5491 2204 5532 tuam
2261 5492 2534 5545 accusant,
2577 5482 2710 5548 quod
2755 5492 2969 5552 negent.
3021 5495 3066 5534 te
3110 5485 3540 5553 percunctantibus
3575 5495 3649 5532 re-

2063 5553 2332 5617 spondere.
2375 5554 2538 5614 ltlcui,
2571 5553 2632 5605 Τ.
2657 5567 2758 5612 sc..
2795 5569 2827 5616 l,
2865 5570 2914 5607 ο.
2947 5554 2979 5608 8
3011 5571 3022 5608 :
3059 5555 3127 5608 M.
3163 5555 3342 5621 Quid?
3365 5557 3408 5608 si
3437 5565 3479 5608 te
3509 5568 3642 5621 roga-

2062 5637 2174 5675 vero
2193 5623 2408 5693 aliquid,
2438 5641 2603 5676 nonne
2626 5626 2949 5693 respondebis
2965 5626 3058 5677 ?—-—
3076 5627 3138 5679 A.
3163 5627 3451 5692 Superbum
3469 5626 3515 5677 id
3539 5621 3645 5692 qui-

2060 5694 2172 5748 dem
2200 5706 2330 5749 esset
2361 5695 2490 5750 :sed
2541 5696 2642 5752 nisi
2688 5696 2810 5764 quid
2862 5713 3063 5751 necesse
3091 5700 3216 5761 erit,
3254 5700 3388 5752 malo
3415 5714 3472 5750 ne
3495 5708 3642 5763 roges.

2995 5768 3235 5825 ιιειιΑιυ.
3271 5780 3324 5827 cl
3354 5769 3572 5825 Emesa.
