3850 6364
152 376 264 431 3‘25

1465 364 1671 422 LIBER
1715 360 2097 420 SECUNDUS.

3394 352 3503 410 8'26

148 492 377 564 igniunr
417 489 865 549 conversionibus
909 486 1066 544 ﬁeri?
1114 482 1468 542 concretione
1514 495 1776 553 aquarum
1806 486 1855 544 Λ
1886 477 2043 533 nobis
2071 486 2125 532 et
2155 475 2308 531 vobis
2338 488 2502 530 unum
2536 485 2591 530 et
2621 473 2828 529 socium
2858 471 3087 528 credere
3118 488 3129 525 :
3167 470 3322 525 vobis
3361 470 3501 526 veli-

149 582 407 639 Tliaies?
439 582 780 656 Pythagoras
803 595 1027 635 numero
1049 578 1237 635 exire?
1268 575 1637 646 incorporales
1667 571 1778 627 lor-

148 689 270 731 tnas
306 675 514 731 Plato?
547 672 941 729 individuorum
976 670 1314 727 Democritus
1356 664 1781 723 concursiones?

149 778 247 830 aut
278 770 389 831 illi,
426 769 518 840 qui
549 777 828 823 autumant
876 766 1005 821 nihil
1057 780 1218 837 posse
1265 764 1487 818 omnino
1532 774 1778 827 compre-

150 860 352 929 hendi,
389 878 460 916 an
492 861 559 915 sit
590 876 774 917 verum
796 860 937 929 quod
970 858 1175 922 dicunt,
1205 856 1385 911 sciunt
1412 872 1423 907 :
1456 861 1549 908 aut
1576 852 1775 921 ipsum,

146 955 301 1027 quod
334 954 609 1009 deﬁniunt
635 995 650 1019 ,
696 952 942 1009 veritatis
979 966 1101 1007 esse
1134 949 1437 1019 intelligunt
1468 943 1780 1016 pronuntia-

147 1048 312 1103 tum?
345 1046 486 1103 Cum
521 1046 683 1119 igitur
712 1045 976 1116 comperti
1023 1044 1158 1099 nihil
1192 1043 1429 1098 habeatis
1458 1052 1512 1097 et
1553 1040 1775 1112 cogniti,

146 1140 457 1210 omniaque
485 1140 596 1202 illa,
622 1155 742 1209 quae
770 1138 1029 1202 scribitis,
1054 1148 1108 1191 et
1140 1135 1399 1192 librorum
1426 1132 1782 1203 i-Oiuprehen-

146 1232 281 1289 ditis
311 1218 577 1297 niillibus,
609 1232 944 1291 credulitate.
968 1232 1294 1285 asseveratis
1318 1229 1453 1283 duce
1482 1245 1495 1281 :
1525 1240 1776 1297 quietiam

147 1325 272 1381 haec
300 1336 393 1381 est
419 1325 681 1396 iudicatio
712 1334 818 1378 tam
851 1324 1077 1393 injusla,
1126 1332 1181 1375 ut
1214 1333 1451 1376 nostrain
1483 1318 1778 1375 derideatis

147 1418 346 1486 ﬁdem,
381 1434 546 1490 quam
580 1432 674 1471 vos
706 1417 907 1471 habere
937 1414 1251 1483 conspicitis
1284 1426 1465 1467 nostra
1494 1413 1545 1465 in
1576 1410 1774 1467 credu-

146 1510 307 1567 litate
333 1509 730 1565 communem?
756 1508 861 1564 Sed
886 1507 1223 1577 sapientibus
1247 1520 1341 1559 vos
1367 1504 1496 1558 vitis
1523 1503 1775 1558 omnibus

151 1605 453 1660 instructis
489 1603 899 1674 disciplinarum
946 1599 1233 1671 generibus
1272 1597 1535 1654 creditis?
1582 1609 1776 1665 nempe

146 1696 280 1765 illis,
316 1698 415 1768 qui
461 1697 592 1751 nihil
640 1697 901 1758 sciscunt,
932 1707 1035 1748 nec
1066 1692 1414 1764 pronuntiant
1444 1704 1648 1753 unum;
1682 1689 1772 1758 qui

143 1805 250 1861 pro
300 1792 423 1846 suis
467 1790 755 1846 sententiis
789 1788 933 1844 bella
972 1801 1095 1842 cum
1140 1784 1551 1841 adversantibus
1577 1798 1771 1838 conse-

1886 572 1953 626 iis
1984 570 2131 635 dari,
2167 568 2310 640 quod
2342 568 2416 623 ita
2446 566 2515 622 ab
2538 566 2646 622 illis
2673 566 2918 631 dicatur,
2959 564 3244 635 accipere;
3274 577 3373 618 vos
3400 577 3497 628 ea,

1882 679 2003 735 qua:
2038 661 2387 731 proferuntur
2424 676 2454 715 a
2493 658 2734 725 Christo,
2765 657 2957 714 audire
2987 667 3043 713 et
3071 665 3321 728 spectare
3352 654 3498 711 noli-

1884 757 1986 813 tis?
2016 757 2179 827 Atqui
2210 757 2254 809 si
2287 771 2480 810 causas
2519 755 2700 810 causis
2721 795 2736 821 ,
2769 765 2954 824 partes
2982 753 3224 825 partibus
3258 750 3497 807 volueri—

1884 865 2002 902 ntus
2027 864 2243 919 aequare
2274 866 2286 901 :
2321 847 2492 918 magis
2523 862 2623 901 nos
2654 846 2898 901 valemus
2928 845 3224 900 ostendere
3268 844 3395 914 quid
3440 843 3494 898 in

1881 942 2101 998 Christo
2132 942 2394 997 fuerimus
2434 943 2643 1004 secuti,
2689 957 2850 1012 quam
2904 942 2958 994 in
3002 939 3339 1011 philosophis
3365 939 3495 1011 quid

1884 1049 1999 1089 vos.
2032 1035 2109 1089 Ac
2140 1050 2239 1089 nos
2265 1034 2480 1105 quidem
2513 1035 2564 1088 in
2594 1033 2685 1087 illo
2716 1033 2890 1089 secuti
2922 1032 3039 1086 ha-c
3066 1047 3253 1087 sumus
3281 1048 3296 1085 :
3328 1046 3495 1102 opera

1881 1129 1971 1184 illa
2010 1130 2315 1199 magniﬁca,
2344 1128 2859 1197 potentissimusque
2884 1126 3133 1191 virtutes,
3167 1140 3304 1197 quas
3333 1126 3497 1181 variis

1881 1222 2053 1278 edidit
2077 1221 2433 1291 exhibuitquc
2461 1220 2755 1285 miraculis,
2788 1218 2982 1288 quibus
3012 1221 3186 1288 quivis
3215 1228 3398 1288 posset
3427 1217 3495 1272 ad

1880 1316 2261 1373 necessitatem
2306 1314 2645 1370 credulitatis
2686 1312 2915 1375 adduci,
2958 1312 3284 1381 et‘jndiCare
3313 1310 3493 1367 ﬁdeli-

1881 1422 1981 1479 ter,
2011 1428 2118 1467 non
2147 1424 2269 1466 esse
2298 1424 2417 1477 qua:
2449 1410 2640 1463 tierent
2671 1406 2929 1471 hominis,
2960 1405 3055 1461 sed
3086 1406 3283 1460 divina:
3309 1405 3483 1460 alicu-

1874 1507 1965 1578 jus
2017 1515 2179 1577 atque
2226 1504 2515 1573 incognita:
2568 1502 2873 1574 poteStatis.
2910 1500 3022 1556 Vos
3053 1501 3105 1555 in
3155 1498 3494 1571 philosophis

1881 1600 2113 1654 virtutes
2141 1598 2310 1652 secuti
2338 1611 2471 1667 quas
2498 1599 2650 1659 estis,
2677 1606 2735 1649 ut
2764 1594 2934 1664 magis
2957 1610 3051 1649 vos
3081 1593 3184 1648 illis
3205 1609 3365 1663 quant
3390 1608 3491 1649 nos

1877 1692 2095 1748 Christo
2134 1690 2433 1761 oportuerit
2474 1689 2733 1745 credere?
2770 1689 3103 1755 Quisnamne
3136 1671 3350 1743 illorum
3398 1686 3496 1742 ali-

1877 1785 2092 1857 quando
2117 1786 2279 1840 verbo
2304 1799 2411 1839 uno
2436 1784 2630 1855 potuit,
2658 1792 2752 1838 aut
2776 1783 2933 1838 unius
2962 1782 3170 1853 imperii
3194 1781 3442 1852 jussioue
3472 1799 3487 1835 :

146 1893 281 1938 runt
307 1925 323 1946 .
361 1892 421 1938 et
450 1881 752 1953 pervicacia
781 1895 999 1950 semper
1027 1878 1392 1947 digladientur
1423 1876 1639 1940 hostili;
1673 1875 1762 1945 qui
1801 1883 1847 1944 Β
1878 1894 1982 1934 non
2038 1879 2214 1933 dicant
2274 1878 2437 1932 maris
2492 1876 2763 1941 insanias,
2823 1884 2916 1929 aut
2975 1884 3352 1942 tempestatum
3408 1875 3494 1928 lu-

144 1989 275 2031 cum
307 1975 451 2030 alter
476 1975 698 2029 alterius
730 1972 1074 2036 labefactant,
1101 1970 1411 2034 destrunnt,
1436 1968 1770 2023 convellunt-

144 2081 255 2138 que
284 2068 534 2129 decreta,
567 2076 759 2122 cuncta
793 2067 996 2122 incerta
1039 2064 1303 2125 fecerunt,
1339 2078 1440 2118 nec
1475 2076 1632 2132 posse
1664 2061 1768 2117 ali-

144 2158 279 2229 quid
310 2160 443 2214 sciri
472 2174 540 2214 ex
579 2159 690 2228 ipsa
718 2158 1061 2213 dissensione
1089 2165 1478 2215 monstrarunt.

219 2248 316 2305 XI.
353 2249 463 2305 Sed
510 2250 745 2305 alliciant
776 2249 895 2304 haec
930 2249 1101 2313 nihil,
1156 2249 1396 2317 nihilque
1428 2247 1762 2318 impediant;

143 2344 453 2423 plurimum
484 2358 593 2415 quo
624 2344 803 2399 minus
850 2344 929 2399 eis
976 2343 1202 2400 credere
1251 2353 1414 2413 atque
1462 2341 1771 2397 auscultare

143 2435 425 2495 debeatis.
463 2437 531 2494 Et
559 2438 684 2507 quid
718 2447 834 2507 est,
891 2437 1033 2510 quod
1089 2438 1141 2493 in
1190 2438 1289 2493 hac
1337 2448 1520 2508 parte,
1553 2447 1645 2492 aut
1671 2450 1770 2492 vos

147 2530 451 2599 plurimum
499 2529 741 2586 habeatis
767 2574 779 2595 ,
823 2540 915 2585 aut
957 2546 1054 2587 nos
1107 2532 1326 2587 minus?
1363 2531 1473 2587 Vos
1514 2530 1764 2602 Platoni,

144 2638 242 2679 vos
268 2624 516 2691 Cronio,
552 2640 647 2681 vos
675 2624 975 2690 Numenio,
1009 2629 1093 2679 vel
1123 2625 1207 2679 cui
1255 2626 1475 2681 libuerit
1503 2628 1727 2684 creditis
1752 2646 1766 2683 :

146 2729 250 2771 nos
273 2718 581 2784 credimus,
607 2726 663 2772 et
686 2718 1083 2786 acquiescimus
1103 2716 1341 2771 Christo.
1364 2717 1625 2789 lniquitas
1655 2720 1772 2776 haec

145 2820 353 2879 quanta
378 2821 487 2880 est,
517 2821 570 2867 ut
602 2827 725 2868 cum
757 2812 970 2885 utrique
998 2812 1311 2868 auctoribus
1339 2821 1568 2883 stemus,
1594 2818 1770 2887 sitque

1876 1987 2030 2029 rores
2069 1970 2386 2042 prohibere,
2420 1985 2771 2039 compescere
2808 1988 2820 2023 :
2852 1984 2958 2024 non
2997 1968 3157 2023 caecis
3201 1968 3490 2023 restituere

1875 2067 2077 2122 lumina
2107 2076 2200 2120 aut
2230 2066 2346 2120 sine
2376 2050 2671 2121 luminibus
2705 2066 2845 2118 natis
2872 2063 3003 2118 dare
3036 2082 3048 2117 :
3081 2078 3188 2117 non
3226 2061 3294 2117 ad
3327 2062 3489 2117 vitam

1874 2176 2133 2219 revocare
2163 2160 2446 2216 defunctos
2486 2177 2497 2213 :
2532 2174 2637 2215 non
2680 2172 2918 2213 annosas
2949 2156 3251 2213 dissolvere
3280 2157 3490 2224 passio-

1875 2270 1973 2310 nes
2000 2274 2012 2309 :
2046 2252 2142 2309 sed
2173 2255 2316 2324 quod
2348 2253 2681 2308 levissimum
2722 2251 2895 2307 multo
2923 2262 3035 2316 est,
3070 2250 3448 2307 fervunculum
3472 2294 3488 2321 ,

1875 2350 2112 2406 scabiem
2135 2391 2151 2415 ,
2192 2359 2283 2402 aut
2314 2348 2668 2403 inhaerentem
2700 2347 2967 2418 spinulam
2999 2347 3138 2403 callo
3182 2363 3286 2402 una
3319 2347 3489 2403 inter-

1876 2442 2114 2499 dictione
2141 2442 2369 2497 sanare?
2400 2441 2514 2497 Non
2546 2456 2656 2513 quo
2686 2441 2809 2496 illos
2838 2456 3120 2512 negemus,
3154 2450 3247 2496 aut
3275 2456 3488 2497 morum

1874 2535 2184 2606 integritate
2228 2532 2524 2589 laudabiles
2546 2576 2561 2601 ,
2592 2543 2686 2589 aut
2730 2548 2835 2589 non
2868 2534 3015 2589 omni
3057 2548 3259 2604 genere
3285 2531 3493 2589 studio-

1879 2643 1997 2681 rum
2029 2636 2083 2681 et
2110 2624 2521 2695 disciplinarum
2553 2626 2755 2695 peritos
2796 2640 2809 2678 :
2845 2640 2967 2680 nam
2996 2635 3050 2681 et
3083 2625 3260 2680 verbis
3288 2639 3384 2680 eos
3412 2625 3493 2681 lu-

1880 2720 2271 2776 culentissimis
2302 2720 2504 2774 scimus
2535 2718 2678 2790 loqui
2710 2729 2765 2773 et
2812 2718 3293 2789 compositionibus
3322 2718 3495 2775 ﬂuere

1879 2814 2165 2886 levigatis;
2199 2812 2527 2869 concludere
2575 2812 2890 2869 acutissime
2932 2800 3315 2886 syllogismos;
3347 2812 3493 2869 ordi—

1522 2975 2087 3034 COMMENTARIUS.

221 3116 564 3188 Pythagoras
594 3132 804 3169 nuniero
835 3116 993 3188 exire:
1028 3114 1227 3188 Recepi
1264 3115 1315 3168 in
1350 3126 1555 3169 textum
1590 3131 1775 3171 emcn-
1804 3118 1847 3179 C
1884 3126 2033 3172 tctus
2074 3117 2178 3187 leg.
2213 3126 2399 3171 censet
2435 3114 2678 3171 Protonio
2710 3117 2821 3171 sive
2866 3115 3171 3180 Prothoum,
3198 3119 3353 3188 cujus
3383 3135 3495 3174 me.

146 3185 431 3244 dationetn
484 3190 797 3255 palntariant
842 3187 893 3242 J.
948 3186 1039 3240 Fr.
1092 3185 1352 3242 Gronovii
1402 3189 1666 3249 prolatam
1722 3189 1773 3242 in

148 3261 402 3333 EpiStola
453 3261 518 3313 ad
566 3259 825 3333 Salinas,
873 3258 999 3333 289,
1046 3259 1097 3333 iii
1154 3259 1373 3333 Sylloge
1419 3259 1592 3333 Epist.
1640 3259 1777 3313 Bur—

148 3329 364 3393 niaiin.,
396 3342 528 3385 tom.
550 3347 608 3396 ii,
640 3347 692 3398 p.
724 3331 849 3384 5‘29.
880 3330 1056 3384 Antea
1084 3329 1369 3399 legebatur
1445 3330 1776 3400 Pythagoras

148 3420 400 3458 numeros
428 3403 619 3456 scivit?
648 3401 793 3471 quod
826 3402 1176 3456 lalsissinnnn
1200 3416 1213 3463 ;
1243 3402 1467 3455 omnino
1496 3403 1641 3455 enim
1672 3419 1773 3456 nu-

149 3491 334 3530 meres
364 3476 573 3529 sciebat
601 3473 958 3543 Pythagoras.
978 3472 1071 3526 sed
1093 3488 1197 3526 non
1220 3473 1441 3526 numeris
1460 3476 1603 3526 exire
1627 3489 1776 3527 mun-

148 3549 295 3601 dam.
327 3546 577 3599 Herald.:
609 3560 848 3597 numeros
871 3546 1027 3598 coire.
1059 3543 1324 3597 Meursnts
1349 3562 1363 3598 :
1392 3560 1633 3598 numeros
1654 3546 1775 3598 scit-

148 3620 247 3673 ne?
297 3618 403 3672 Ed.
452 3616 621 3684 Lugd.
671 3616 811 3670 Bat.:
858 3631 1099 3668 numeros
1139 3615 1231 3668 ire.
1263 3614 1368 3671 Sed
1399 3615 1555 3670 unice
1585 3631 1773 3671 verum

150 3706 371 3745 numero
403 3689 543 3742 exire
564 3688 682 3741 SCIi.
709 3704 810 3740 res.
840 3685 1043 3742 Οιιειι..

220 3762 430 3816 Nostra
482 3766 535 3813 in
585 3758 895 3813 credulitate
944 3774 1281 3811 communem.
1324 3757 1605 3830 Stcwecli.
1662 3760 1765 3830 leg.

148 3844 379 3895 censet;
411 3841 589 3884 nostra
615 3847 729 3883 cum
760 3832 1083 3883 credulitate.
1113 3831 1217 3884 Sed
1252 3828 1407 3883 valde
1443 3832 1613 3895 placet
1642 3828 1772 3885 eon-

143 3904 363 3973 jecnira
413 3902 627 3957 lleraldi
672 3904 721 3953 in
755 3900 910 3955 Curis
954 3901 1207 3956 secundis
1250 3901 1477 3967 legentis
1510 3912 1673 3973 vestra
1719 3904 1772 3956 in

148 3971 491 4038 credulitate,
528 3974 577 4028 id
620 3984 705 4027 est
735 3990 856 4027 cuni
903 3976 1080 4026 omnia
1119 3973 1207 4025 illa
1255 3973 1527 4038 credatis,
1560 3971 1771 4029 habetis

149 4047 315 4102 ﬁdem
348 4060 696 4101 communem
730 4045 1010 4099 nobiscum
1058 4048 1261 4098 UltELL.

218 4117 319 4173 XI.
348 4118 547 4171 -—-Scd
595 4117 815 4185 officiant
868 4117 973 4170 lavi;
1018 4117 1150 4168 nihil
1188 4116 1415 4184 nihilque
1462 4117 1765 4186 impediant.

146 4187 280 4245 Haec
336 4198 423 4243 est
467 4190 777 4241 emendatio
832 4188 1114 4241 verissima
1171 4187 1259 4242 ιο.
1304 4187 1519 4241 Metusii
1576 4192 1769 4243 merito

146 4263 212 4317 ab
262 4260 481 4316 eilitore
513 4259 679 4325 Lugd.
738 4260 855 4312 Ι].ιι.
921 4260 970 4311 in
1035 4269 1240 4313 textum
1298 4270 1533 4322 recepta.
1584 4260 1767 4314 (Index

146 4349 250 4389 ms.
283 4333 446 4386 habet
472 4349 485 4385 :
514 4332 618 4384 Sed
641 4331 855 4402 r/ﬁriant
874 4331 981 4383 laet:
1002 4331 1232 4402 nihilque
1253 4332 1553 4397 impediant.
1578 4334 1770 4387 vitiose

145 4416 196 4459 et
228 4408 356 4460 sine
387 4418 573 4458 sensu.
604 4400 863 4457 Gelenius
890 4400 1058 4456 edidit
1085 4420 1096 4455 :
1130 4402 1236 4456 Sid
1261 4407 1517 4473 fat't’a'satit
1541 4406 1649 4456 liwt:
1684 4405 1766 4456 tti-

147 4477 329 4544 Iiil4ue
348 4475 653 4542 impediant.
678 4474 941 4528 lleraldns
969 4477 1113 4531 enni.
1146 4491 1158 4527 :
1186 4476 1291 4528 Sed
1313 4474 1527 4543 r/ﬁriiint
1558 4478 1665 4528 lia’c
1692 4477 1769 4527 ni-

1886 3188 2045 3243 minit
2088 3188 2369 3257 Apuleius.
2416 3188 2484 3241 de
2532 3188 2642 3242 Deo
2680 3188 2938 3243 Socratis.
2978 3189 3275 3248 Meursius.
3311 3207 3363 3259 p.
3397 3192 3491 3258 53,

1883 3260 2168 3328 legendum
2197 3268 2384 3313 censet
2416 3258 2648 3330 Stratoni
2677 3261 2852 3315 citatis
2885 3262 3243 3330 Augustinum
3272 3258 3339 3315 de
3374 3261 3489 3316 Civ.

1883 3331 1999 3397 Dei,
2030 3331 2124 3401 lib.
2154 3348 2227 3391 Vl,
2251 3346 2370 3401 can.
2402 3329 2496 3391 10;
2522 3329 2846 3395 Scriverius,
2878 3329 3017 3401 apud
3045 3334 3293 3387 eumdem
3320 3332 3491 3387 Meur-

1879 3404 2016 3456 siuin
2047 3400 2276 3455 Cratoni.
2314 3400 2608 3455 Numenius
2637 3400 2991 3470 Apameensis
3023 3403 3211 3473 Syruis,
3251 3403 3491 3469 philoso-

1885 3474 2024 3540 phus
2056 3473 2360 3540 platonicns
2384 3484 2437 3526 et
2468 3475 2871 3543 pythagoricus,
2897 3476 3060 3529 variis
3091 3475 3308 3543 scriptis
3342 3477 3494 3530 nobi-

1880 3546 2085 3609 litatus,
2118 3561 2181 3599 ex
2224 3546 2421 3604 quibus
2465 3546 2616 3612 plura
2651 3548 2949 3614 fragmenta
2979 3558 3186 3600 cxsmnt
3213 3546 3353 3614 apud
3387 3547 3495 3601 Eu-

1877 3618 2086 3670 sebium
2134 3617 2201 3670 de
2244 3615 2641 3685 Prirpiratimie
2669 3618 3004 3686 evangeliea,
3048 3617 3142 3671 lib.
3178 3634 3227 3670 xi
3271 3629 3325 3672 et
3372 3635 3488 3673 xm.

1877 3688 1959 3740 (ll.
1992 3687 2209 3749 Suiilas,
2236 3696 2289 3741 et
2321 3688 2555 3758 llesych.
2581 3687 2748 3741 Miles.
2783 3689 2834 3741 in
2867 3689 2983 3759 ejus
3015 3692 3141 3741 vita.
3174 3689 3381 3743 URELL.

1955 3759 2021 3814 L’t
2046 3776 2161 3812 cum
2185 3760 2383 3826 utrique
2410 3759 2704 3830 auctoribus
2733 3770 2941 3813 stemus.
2980 3759 3107 3814 Hinc
3132 3769 3213 3814 est
3250 3762 3493 3830 Sagacis-

1878 3828 2013 3884 siina
2055 3830 2367 3884 emendatio
2404 3829 2635 3885 Gelenii.
2678 3831 2810 3885 Cod.
2859 3845 2959 3884 ms.
3007 3842 3059 3885 et
3104 3830 3192 3885 ed.
3224 3828 3360 3886 rom.
3392 3851 3405 3885 :
3439 3844 3493 3887 ut

1879 3920 1993 3956 cum
2021 3903 2245 3967 utris/mc
2275 3903 2570 3956 auctoribus
2594 3914 2812 3972 tempus,
2847 3903 3027 3971 inepte
3054 3914 3109 4027 (ὃ
3134 3903 3281 3955 nullo
3304 3919 3490 3958 sensu.

3115 3990 3272 4027 ιιιιι..

3115 3990 3272 4027 ΚΕΗ..

1964 4044 2112 4098 Vobis
2141 4045 2304 4098 velitis
2336 4044 2469 4108 dari,
2502 4043 2638 4114 quod
2666 4044 2737 4096 ita
2763 4044 2825 4097 ab
2854 4046 2958 4098 illis
2986 4046 3196 4109 dicitur,
3231 4048 3490 4115 accipere,

1876 4134 1962 4169 eos
2004 4134 2085 4178 ea,
2129 4134 2243 4184 qmr
2288 4118 2620 4183 proferuntur
2649 4134 2679 4167 a
2711 4116 2934 4180 Christo,
2978 4118 3225 4169 audii-ert
3264 4130 3495 4185 spectare

1877 4188 2351 4265 nolitis._Stt'\veclt
2386 4191 2529 4265 conj.
2560 4205 2571 4241 :
2602 4188 2752 4241 vobis
2776 4189 2952 4241 velitis
2974 4187 3110 4244 dati.
3142 4188 3400 4265 quidquid
3425 4190 3493 4243 ab

1878 4260 1986 4313 illis
2038 4260 2269 4317 dicatur,
2320 4260 2563 4327 arripere
2613 4274 2707 4311 nos
2754 4276 2849 4321 ea;
2898 4274 3017 4327 qua!
3062 4260 3413 4327 proli-ruinur
3462 4277 3491 4313 a

1875 4332 2097 4384 Christo
2123 4334 2311 4383 audire
2343 4341 2390 4384 et
2430 4343 2677 4400 speetare
2710 4331 2912 4385 nolitis.
2964 4330 3225 4389 Equidem
3271 4331 3492 4398 propius

1873 4404 1938 4455 ad
1976 4403 2137 4455 verba
2160 4402 2383 4456 Arnobii
2416 4402 2695 4469 legendum
2716 4418 2914 4457 censeo
2942 4421 2952 4455 :
2990 4400 3139 4454 Voltis
3170 4403 3330 4455 velitis
3353 4404 3489 4463 dari.

1874 4475 2013 4543 quod
2042 4474 2105 4526 ab
2137 4474 2240 4527 illis
2271 4476 2491 4539 dicatur,
2523 4476 2755 4539 accipere
2788 4492 2899 4535 nos;
2936 4490 2991 4526 ea
3015 4489 3129 4541 qua:
3160 4478 3492 4543 proferuntur

146 4550 243 4610 ltil,
272 4546 505 4610 nihilque
526 4546 809 4615 impediant
834 4562 851 4597 :
874 4546 1005 4597 nihil
1030 4546 1247 4615 efﬁciunt
1272 4546 1547 4611 exiilicans
1574 4543 1771 4600 l'rtistra
1802 4546 1855 4605 D
1880 4563 1911 4598 (ι
1944 4544 2170 4613 Clit-isto,
2207 4545 2389 4597 audire
2411 4555 2457 4596 et
2479 4557 2709 4614 spectare
2726 4547 2917 4609 nolitis,
2939 4544 3097 4597 Certe
3124 4560 3174 4595 v.
3193 4545 3265 4598 ita
3293 4546 3493 4615 impor-

146 4621 297 4683 sint,
335 4619 531 4673 ellectu
582 4626 805 4671 careant
857 4616 1019 4684 (Vide
1069 4617 1129 4669 (ἶ.
1184 4616 1395 4680 Bartb.,
1447 4617 1767 4684 AdverSar.,

147 4691 242 4746 lib.
303 4706 489 4746 xxviii.
537 4705 657 4760 cap.
705 4689 759 4751 9,
808 4700 863 4742 et
913 4688 1228 4753 [lultnken.,
1280 4690 1344 4741 ad
1391 4688 1555 4742 Rutil.
1606 4688 1768 4759 Lttp.,

146 4762 243 4817 lib.
278 4779 311 4816 ιι
347 4776 398 4832 p.
429 4760 579 4832 120).
612 4763 784 4832 Quam
817 4770 993 4814 tamen
1018 4760 1388 4832 conjecturam
1428 4762 1541 4830 ipse
1577 4761 1768 4816 llcral-

148 4835 252 4888 dus
284 4831 546 4888 retractat
567 4836 618 4888 in
648 4831 809 4887 Curis
840 4831 1112 4886 secundis.
1150 4837 1354 4895 υιιεμη

234 4904 338 4959 Vos
371 4904 603 4967 Platoni,
647 4920 735 4959 vos
780 4902 990 4966 Cronio.
1035 4919 1121 4957 vos
1167 4903 1447 4958 Numenio.
1495 4903 1586 4959 Sic
1626 4904 1768 4960 edidi

148 4992 274 5031 cum
306 4975 517 5031 editore
548 4974 1051 5044 Lugdune-Batavo
1081 4992 1147 5029 ex
1184 4976 1569 5030 emendatione
1610 4975 1764 5030 Fulv.

149 5047 352 5105 Ursini.
384 5044 565 5102 Codex
602 5063 703 5101 ins.
736 5046 898 5100 habet
923 5045 1187 5110 Crotonio.
1211 5047 1363 5116 cujus
1386 5048 1524 5115 apud
1558 5058 1770 5103 veteres

154 5121 305 5174 nulla
337 5120 561 5173 mentio.
599 5120 847 5174 liel’endit
880 5130 1058 5171 tamen
1102 5118 1238 5185 Hug.
1279 5118 1498 5173 Grotius
1528 5118 1592 5172 ad
1624 5119 1769 5172 Mar-

150 5189 561 5267 cianaCapelln
599 5190 694 5244 lib.
731 5208 801 5257 vi,
845 5188 1046 5267 p.209,
1084 5203 1446 5267 putansesse
1469 5186 1770 5267 ignoscimus;

150 5263 360 5340 gentile
388 5282 414 5340 τι
449 5265 668 5340 Κρότων,
706 5272 844 5340 teste
869 5260 1169 5340 Stephano,
1198 5263 1469 5340 _c_t‘imttti_
1493 5260 1563 5317 tib
1588 5270 1769 5340 ,ιδ-Πιοο

150 5335 242 5391 bio
290 5332 677 5405 Pythagoram.
722 5334 939 5389 Cronius
970 5342 1149 5386 autem
1196 5332 1559 5403 Philosophus
1588 5333 1772 5389 Plato-

152 5404 650 5471 nicus,’lauiiliaris
698 5406 980 5467 Numenii,
1030 5415 1362 5459 memoratur
1397 5407 1465 5459 ab
1516 5406 1766 5466 Eusebio.

152 5477 292 5533 llist.
327 5478 554 5540 eccles.,
580 5478 674 5531 lib.
712 5495 783 5541 vi,
814 5494 934 5545 cap.
972 5476 1056 5531 19.
1095 5476 1354 5531 Gelenius
1386 5477 1568 5547 (quem
1597 5478 1772 5532 secuti

154 5549 397 5620 plerique
428 5550 693 5618 editores)
726 5552 795 5602 ita
832 5550 1059 5602 mutavit
1087 5565 1098 5601 :
1132 5565 1217 5601 eos
1244 5547 1473 5611 Platoni,
1510 5547 1768 5620 vosﬂPlo-

154 5624 280 5687 tino,
313 5619 398 5677 eos
433 5620 716 5686 Numenio,
743 5633 798 5674 et
831 5620 926 5672 lius
959 5631 1067 5673 tres
1090 5622 1364 5688 coniungit
1400 5622 1561 5672 etiam
1593 5619 1771 5675 Tha-0-

155 5693 394 5755 duretos.
425 5708 595 5746 SPrllt.
629 5709 685 5746 ιι.
720 5693 786 5748 de
815 5692 1120 5757 Principiis,
1158 5710 1207 5761 p.
1243 5694 1344 5746 ὅδε
1379 5695 1564 5759 Αῴτίκα
1603 5696 1771 5747 τοίνυν

156 5770 240 5822 τήν
280 5767 539 5827 Πλάτωνος
570 5764 787 5821 diductam
815 5766 1231 5827 ἀναπτύσσοντες
1261 5769 1340 5819 καὶ
1366 5764 1391 5819 ὁ
1422 5766 1665 5825 Πλωτῖνος
1693 5770 1772 5821 καὶ

157 5843 441 5909 Μυςλήνιος.
473 5838 722 5893 Plotinus
747 5839 999 5909 princeps
1029 5836 1566 5909 Neoplatouicornm.
1604 5837 1771 5909 notis-

160 5906 318 5967 simus
346 5925 379 5965 e
407 5910 518 5965 vita
542 5925 572 5965 a
600 5909 907 5982 Porphyrio
938 5907 1206 5979 discipulo
1240 5909 1462 5977 scripta.
1496 5906 1599 5963 Th.
1627 5907 1773 5963 Can-

1881 4626 2069 4671 tunum
2102 4616 2202 4671 hoc
2232 4617 2349 4669 loco
2377 4627 2428 4668 et
2465 4616 2619 4682 plane
2651 4616 2963 4671 delendum.
2992 4617 3195 4670 URELL.

1953 4688 2015 4742 lit
2030 4690 2271 4758 judicare
2295 4687 2532 4749 ﬁdeliter.
2556 4687 2703 4743 Neve
2722 4689 2940 4754 [idaliter
2961 4688 3095 4741 dixit
3126 4704 3221 4755 pro
3240 4702 3326 4748 eo,
3346 4690 3489 4755 quod

1875 4770 1958 4815 cst
1986 4760 2202 4827 ﬁdenter
2230 4770 2281 4813 et
2316 4764 2578 4830 audacter.
2610 4758 2931 4814 Prudentius
2956 4768 3168 4829 quoque
3201 4759 3369 4823 ﬁdelis
3394 4775 3492 4830 pro

1876 4831 2237 4957 fredibiliioet
2289 4829 2396 4884 lide
2464 4828 2627 4901 digno
2680 4828 2983 4901 usurpavit,
3022 4828 3142 4907 περὶ
3196 4828 3485 4906 meavel»,

1898 4920 2078 4957 ivinno
2196 4922 2208 4957 :

1898 4920 2078 4975 iyinno
2102 4905 2208 4959 1οε

2064 5014 2183 5065 Hmc
2207 5017 2246 5065 si
2273 5018 2384 5078 quis
2409 5030 2578 5066 amens
2604 5017 2819 5067 fabulosa
2847 5026 3115 5078 existimat,

2063 5078 2157 5143 Yel
2186 5082 2291 5139 ipse
2319 5088 2425 5129 tute
2451 5081 2491 5127 si
2519 5096 2687 5143 parum
2715 5082 2875 5129 lldelia

2064 5140 2261 5190 Rebare
2291 5145 2501 5205 pridem,
2522 5140 2647 5193 't'era
2671 5155 2941 5204 cognoscas
2962 5144 3092 5193 licet.

2912 5226 3143 5295 MEL’RS.,
3173 5245 3225 5297 p.
3257 5228 3346 5284 54.

1951 5334 2353 5391 Fervuiiculum.
2380 5338 2455 5393 lta
2494 5338 2669 5393 rditor
2710 5334 2881 5405 Ludg.
2910 5334 3051 5399 Bat.,
3078 5343 3133 5405 nt
3162 5333 3393 5400 videtur,
3426 5352 3489 5391 cx

1878 5423 1979 5461 ms.
2014 5408 2136 5463 cnd.
2189 5408 2518 5473 ferviinculus
2563 5427 2589 5463 a
2640 5404 2875 5463 l'ervoic.
2920 5405 3026 5458 vid.
3073 5404 3160 5459 Fl.
3202 5406 3381 5475 Caper
3426 5410 3492 5460 de

1876 5479 2073 5534 Verbis
2101 5480 2281 5535 dubiis
2314 5498 2433 5551 pag.
2462 5482 2625 5544 22i8,
2662 5482 2713 5533 in
2743 5477 3362 5551 Callet-tionePulscbii.
3386 5479 3489 5531 Alii

1878 5551 2060 5618 legunt
2106 5546 2459 5619 furunculum,
2502 5554 2643 5624 quod
2691 5552 2829 5605 idem
2888 5560 3010 5624 es‘t._
3043 5546 3387 5624 Furunculus
3419 5558 3492 5603 est

1877 5624 2195 5678 tuberculum
2215 5637 2416 5678 acutum
2436 5619 2548 5677 cum
2570 5624 2833 5694 inﬂatione
2857 5632 2901 5675 rt
2922 5621 3123 5673 dolore.
3145 5619 3311 5683 (1015.,
3335 5619 3490 5685 lib.v,

1876 5709 1999 5767 cap.
2033 5695 2131 5750 ult.
2158 5696 2436 5751 (Nostrum
2471 5698 2655 5767 disse.)
2687 5694 2889 5748 Οιιειι..

1952 5760 2417 5839 Compositionibtis
2454 5769 2612 5838 ﬂuere
2637 5760 2894 5836 'levigatis.
2930 5762 3288 5839 uulgare..."
3320 5760 3495 5839 (quem

1878 5848 1925 5911 et
1950 5832 2154 5911 (equum
2185 5843 2375 5911 facere,
2401 5832 2527 5911 glatt
2559 5832 3091 5911 niaclieii,_verebnen,
3117 5834 3329 5911 919,181}:
3360 5832 3495 5889 Vide

1874 5902 2255 5981 Oudendorp,
2279 5913 2328 5964 in
2360 5902 2591 5982 Apulcii.
2625 5910 2750 5965 Met.
2775 5902 2863 5963 lib.
2903 5922 2956 5972 tt,
2986 5902 3261 5976 pagf236.
3283 5902 3488 5960 Οιιειιρ.
