3850 6354
155 392 264 448 829

1494 388 1700 444 LIBER
1742 387 2123 445 SECUNDUS.

3379 381 3484 438 850

155 507 228 562 ab
255 506 463 563 eisdem
495 507 861 562 metuentibus
902 502 1200 573 proditum,
1235 502 1476 574 pondere
1515 501 1764 573 praecipi-
1790 507 1846 567 Α
1870 516 1976 572 que
1999 501 2115 556 illas
2139 509 2318 571 partes
2351 498 2666 570 opinionum
2706 496 3022 554 diversitate
3045 495 3314 551 fecerunt.
3351 493 3483 561 Vos,

155 608 324 654 talum
351 615 469 667 suo,
505 599 756 655 cruribus
780 596 1014 668 jacuisse
1053 595 1369 665 perfractis;
1415 605 1535 664 post
1567 592 1764 648 deinde

156 694 426 762 perlatum
447 691 754 754 Brundam,
781 690 1109 746 cruciatibus
1129 731 1143 755 ,
1169 699 1219 744 et
1246 689 1447 766 pudore
1468 685 1762 748 defossum,

155 805 222 844 ex
270 788 555 843 altissimis
595 786 848 840 culminis
871 801 929 839 se
957 799 1167 838 rursum
1190 782 1565 851 prmcipitasse
1614 776 1765 832 lasti-

152 885 261 955 gio.
294 863 428 950 Quae
457 881 635 936 omnia
659 896 753 934 vos
797 889 942 950 gesta
977 894 1151 948 neque
1194 877 1365 938 scitis,
1411 889 1584 943 neque
1629 873 1768 926 scire

158 975 412 1031 voluistis
439 1016 452 1035 .
497 990 672 1044 neque
708 988 959 1042 umquam
1004 972 1156 1024 vobis
1197 967 1502 1024 necessaria
1533 965 1770 1035 judicas-

153 1067 261 1132 tis;
295 1082 358 1120 ac
405 1067 530 1120 dum
563 1069 758 1119 vestris
791 1064 955 1118 liditis
993 1063 1271 1125 cordibus,
1305 1069 1359 1114 et
1389 1058 1530 1128 quod
1577 1056 1771 1126 typhus

153 1171 238 1216 est
281 1160 608 1231 sapientiam
657 1158 899 1221 vocatis,
948 1155 1172 1213 dedistis
1211 1148 1772 1220 circumscriptoribus

153 1251 363 1316 locum,
401 1251 508 1305 illis
553 1253 768 1320 inquam
802 1247 1004 1309 noxiis,
1039 1246 1267 1316 quorum
1312 1259 1510 1298 nomen
1546 1242 1774 1294 interest

153 1345 466 1400 obsoleﬁeri
493 1343 881 1407 Christianum,
925 1338 1350 1410 snperiundendi
1379 1336 1655 1406 caligines,
1687 1343 1771 1385 at-

154 1455 264 1508 que
297 1438 740 1494 obscurandires
771 1448 962 1500 tantas,
989 1433 1283 1504 eripienda:
1309 1433 1461 1485 vobis
1486 1430 1628 1494 Iidei,
1655 1428 1777 1481 sub-

148 1533 494 1604 jiciendique
525 1540 868 1600 contemptus
900 1549 913 1585 :
945 1539 1002 1584 nt
1029 1531 1152 1598 quia
1183 1527 1282 1582 sibi
1322 1524 1677 1597 prtesentiunt
1717 1520 1776 1575 li-

156 1642 286 1681 nem
321 1641 416 1694 pro
444 1623 650 1678 meritis
675 1622 981 1687 imminere,
1001 1622 1152 1677 vobis
1181 1635 1394 1691 quoque
1422 1619 1778 1672 immitterent

149 1731 378 1772 causam
401 1758 416 1782 ,
446 1731 542 1782 per
568 1730 730 1785 quam
775 1713 1072 1784 periculum
1125 1713 1276 1768 adire
1303 1711 1534 1782 possetis
1556 1750 1572 1777 ,
1617 1719 1672 1764 et
1701 1709 1778 1761 vi-

150 1810 312 1865 duari
349 1809 680 1879 benignitate
709 1808 913 1862 divina.

226 1901 373 1957 XIII.
421 1900 631 1955 Interea
681 1910 951 1964 tamen,o
996 1897 1119 1963 isti,
1161 1899 1249 1969 qui
1279 1896 1641 1963 admiramini,
1686 1896 1773 1966 qui

155 1995 394 2066 stupetis
429 1993 713 2049 doctorum
745 2005 800 2050 et
832 1992 1186 2064 philosophia:
1212 1993 1344 2047 scita
1380 2009 1392 2044 :
1426 1991 1497 2046 ita
1545 2007 1649 2044 non
1696 1991 1776 2043 in-

146 2086 516 2159 justissimum
573 2085 772 2141 ducitis
827 2084 1166 2156 inequitare,
1215 2083 1443 2138 illudere
1503 2091 1773 2151 tamquam

152 2181 322 2236 stulta
373 2179 530 2234 nobis
580 2189 634 2234 et
669 2179 822 2233 bruta
855 2178 1207 2234 dicentibus:
1242 2193 1364 2232 cuin
1411 2176 1496 2230 vel
1547 2191 1642 2239 ea,
1695 2175 1775 2228 vel

155 2274 290 2328 talia
323 2271 674 2343 reperiamini
703 2282 757 2326 et
805 2287 903 2326 vos
931 2272 1115 2327 dicere
1135 2313 1149 2338 ,
1177 2287 1298 2341 quae
1331 2271 1489 2326 nobis
1518 2269 1622 2324 dici
1653 2285 1777 2339 pro-

156 2366 514 2437 nuntiarique
545 2367 774 2422 ridetis?
813 2368 919 2421 Nec
965 2366 1094 2420 mihi
1139 2381 1262 2421 cum
1294 2367 1378 2420 his
1431 2380 1612 2420 seruio
1661 2373 1779 2430 est,

159 2461 251 2532 qui
279 2475 372 2530 per
404 2460 551 2514 varia
601 2470 870 2516 sectarum
898 2459 1212 2516 diverticula
1257 2460 1503 2528 dissipati
1529 2501 1543 2524 ,
1579 2458 1677 2512 bas
1705 2469 1781 2513 at~

1873 609 1967 648 vos
1998 594 2241 664 appello,
2273 595 2361 664 qui
2392 591 2712 647 Mercurium
2733 637 2757 659 ,.
2798 594 2886 662 qui
2922 592 3226 651 Platonem,
3275 586 3482 660 Pytha-

1871 703 2166 757 goramque
2188 687 2470 742 sectamini
2500 706 2512 739 :
2544 701 2748 756 vosque
2773 696 3023 749 creteros,
3050 685 3141 755 qui
3171 685 3302 738 estis
3328 683 3487 736 unius

1875 782 2070 836 mentis
2091 825 2104 844 ,
2135 791 2184 836 et
2219 797 2314 851 per
2345 780 2560 836 easdem
2592 780 2705 833 vias
2735 779 3054 848 placitorum
3083 775 3338 831 incediiis
3365 775 3486 828 uni-

1877 886 2005 929 tate.
2039 873 2258 928 Audetis
2297 873 2473 928 ridere
2511 888 2631 934 nos,
2657 874 2744 942 qui
2779 879 2985 941 patrem
3017 884 3197 924 rerum
3229 882 3291 921 ac
3318 867 3484 921 Deum

1875 981 2201 1020 veneramur
2221 973 2274 1019 et
2304 965 2531 1020 colimus
2563 983 2575 1026 ;
2611 963 2863 1034 quodque
2891 963 2964 1016 illi
2997 960 3260 1014 dedamus
3285 970 3338 1013 et
3366 973 3488 1027 per-

1875 1061 2150 1113 mittamus
2199 1073 2322 1126 spes
2351 1059 2604 1111 nostras?
2632 1056 2768 1124 Quid
2803 1056 2951 1108 Plato
2993 1062 3171 1108 vester
3200 1053 3251 1106 in
3299 1050 3492 1105 Theae-

1879 1162 2007 1217 teto,
2041 1161 2098 1206 ut
2126 1167 2246 1206 eum
2283 1151 2616 1220 potissimum
2650 1150 2947 1215 nominem,
2984 1164 3162 1201 nonne
3192 1147 3374 1199 animo
3414 1147 3492 1198 lu-

1875 1261 2001 1318 gere
2024 1246 2214 1301 suadet
2241 1262 2272 1297 e
2304 1247 2464 1298 terris
2499 1264 2509 1297 :
2540 1257 2594 1299 et
2619 1245 2757 1298 circa
2785 1244 2933 1296 illiilli
2965 1258 3198 1310 semper,
3231 1249 3488 1308 quantum

1879 1339 1993 1393 lieri
2024 1341 2163 1406 pods
2194 1349 2298 1396 est.
2331 1339 2656 1406 cogitatione
2684 1353 2745 1389 ac
2775 1347 2957 1389 mente
2985 1334 3237 1388 versari?
3269 1333 3494 1386 Audetis

1888 1432 2066 1486 ridere
2091 1447 2209 1497 nos,
2231 1431 2373 1501 quod
2405 1441 2737 1484 mortuorum
2766 1430 3008 1485 dicamus
3042 1427 3492 1482 resurrectionem

1879 1523 2344 1593 luturain?-quam
2393 1524 2608 1592 quidem
2645 1538 2741 1576 nos
2784 1521 2966 1576 dicere
2993 1523 3318 1576 conlilemur
3350 1538 3360 1569 :
3397 1518 3495 1573 sed

1879 1634 1908 1673 a
1934 1619 2084 1672 vobis
2112 1618 2288 1682 aliter,
2337 1632 2496 1686 quam
2544 1619 2861 1680 sentiamus,
2899 1613 3094 1668 audiri.
3131 1612 3270 1680 Quid
3303 1611 3353 1664 in
3384 1611 3492 1664 Po-

1880 1710 2029 1765 Iitico
2078 1709 2220 1763 idem
2283 1709 2482 1764 Plato?
2536 1723 2717 1762 nonne
2774 1723 2894 1762 cuni
2963 1705 3194 1759 mundus
3244 1718 3499 1771 occmpe-

1803 1828 1849 1887 B
1883 1808 1952 1861 rit
1980 1814 2005 1842 ει
2034 1805 2100 1859 ab
2127 1804 2365 1859 occiduis
2390 1804 2628 1872 partibus
2656 1803 2880 1867 exoriri,
2914 1809 2968 1854 et
2997 1800 3048 1853 in
3079 1798 3356 1853 cardinem
3381 1812 3504 1852 ver-

1884 1915 2011 1970 gere
2039 1899 2128 1968 qui
2159 1899 2384 1954 orientis
2412 1906 2496 1952 est
2517 1897 2668 1963 solis,
2700 1909 2887 1950 rursus
2919 1903 3211 1962 erupturos
3255 1892 3505 1945 homines

1887 1993 2094 2046 telluris
2121 2007 2149 2046 e
2172 1993 2378 2061 gremio
2406 1989 2614 2052 scribit,
2649 2003 2827 2054 senes,
2858 1975 3046 2047 canos,
3082 1986 3416 2054 decrepitos,
3448 1993 3508 2038 et

1887 2101 2010 2141 cum
2037 2087 2178 2140 'anni
2211 2084 2480 2155 coeperint
2519 2083 2779 2138 accedere
2828 2079 3120 2150 longiores,
3155 2094 3252 2149 per
3279 2076 3501 2132 eosdem

1886 2179 2105 2249 gradus,
2139 2179 2335 2249 quibus
2369 2177 2527 2232 hodie
2555 2176 2837 2252 crescitur,
2873 2176 2940 2229 ad
2973 2172 3296 2228 incunabula
3325 2172 3505 2226 infan-

1889 2274 1976 2328 tiae
2030 2271 2342 2328 desituros?
2391 2271 2617 2327 Audetis
2641 2271 2818 2325 ridere
2871 2285 3004 2335 nos,
3035 2268 3177 2338 quod
3205 2267 3508 2322 animarum

1891 2374 2202 2420 nostrarum
2253 2363 2636 2433 provideamus
2677 2363 2878 2427 saluti,
2931 2361 2984 2414 id
3031 2371 3117 2415 est
3165 2360 3263 2429 ipsi
3316 2357 3511 2413 nobis?

1895 2460 2033 2526 Quid
2065 2460 2208 2514 enim
2243 2471 2429 2512 sumus
2481 2457 2764 2522 homines,
2799 2456 2901 2510 nisi
2947 2455 3141 2509 animae
3191 2451 3514 2524 corporibus

1411 2572 1801 2632 LECTIUNES
1844 2573 2257 2630 VARIANTES.

249 2673 279 2702 ⁸
303 2670 573 2734 Acceperit
597 2673 691 2722 Ms.
717 2669 862 2721 male.

1544 2753 2108 2811 COMMENTARIUS.

162 2903 210 2948 et
242 2892 464 2956 malleo,
494 2907 648 2944 manu
679 2890 823 2951 liber.
855 2891 943 2946 sed
980 2892 1208 2954 dextera,
1257 2893 1301 2946 si
1341 2892 1487 2946 lectio
1512 2907 1640 2944 sana
1682 2901 1791 2957 est,

162 2975 215 3020 et
260 2964 420 3025 ibid.,
452 2978 572 3029 cap.
608 2963 668 3017 11
707 2981 719 3018 ;
753 2962 1031 3033 Dinoysius
1057 2964 1146 3024 ille
1184 2964 1273 3017 sed
1309 2965 1514 3033 junior.
1556 2964 1760 3016 UBELL.

239 3034 377 3089 Post
402 3035 589 3088 deinde
622 3035 874 3102 perlatum
907 3032 1192 3087 Brundam.
1230 3032 1447 3087 Brunda
1477 3035 1564 3086 vel
1615 3035 1794 3101 potius

162 3096 380 3161 Brenda
410 3096 901 3170 nomen-poeticum
959 3105 1248 3160 Brundisii.
1279 3105 1414 3159 Vide
1448 3105 1592 3158 Fest.
1615 3096 1792 3158 'veibo

163 3178 506 3232 Brundisium
536 3177 711 3245 ibique
744 3177 914 3246 intpp.
960 3175 1258 3245 Egcsippits
1287 3177 1404 3229 Iucai
1435 3177 1652 3228 laudato
1701 3176 1788 3229 Si-

166 3265 391 3304 monem
443 3247 651 3317 Magum
693 3246 886 3301 Aricia:
919 3246 1218 3302 decessisse
1249 3247 1452 3302 sci-ibit.
1485 3249 1544 3301 At
1579 3263 1707 3298 vero
1736 3254 1790 3300 et

1900 2893 1982 2945 nis
2017 2894 2473 2948 resurrecdonem
2521 2901 2851 2947 assererent.
2880 2891 3132 2946 Caecilius
3177 2889 3316 2962 apud
3346 2889 3517 2947 Minu-

1898 2966 2039 3035 cium
2074 2983 2084 3018 :
2119 2965 2199 3017 Ne
2225 2967 2320 3018 hac
2353 2966 2550 3035 furiosa
2594 2966 2835 3031 opinione
2865 2965 3118 3026 contenti,
3152 2964 3315 3016 aniles
3367 2963 3518 3032 fabu-

1899 3034 1977 3088 las
2005 3035 2280 3088 adstruunt
2310 3034 2358 3091 et
2394 3047 2693 3096 annectunt,
2721 3037 2921 3087 renasci
2949 3051 3002 3087 se
3030 3038 3199 3104 ferunt
3233 3044 3346 3101 post
3378 3051 3516 3087 mor-

1898 3116 2028 3166 tem,
2065 3117 2108 3158 et
2141 3109 2337 3160 cineres
2369 3119 2413 3160 et
2448 3107 2674 3177 favillas,
2726 3117 2772 3159 et
2816 3105 2984 3158 nescio
3016 3122 3114 3175 qua
3145 3105 3350 3177 ﬁducia,
3374 3122 3517 3158 meit-

1897 3178 2061 3230 Δια-ἱὶδ
2094 3179 2198 3230 suis
2229 3176 2461 3233 invicem
2495 3179 2708 3230 credunt
2738 3195 2752 3232 :
2785 3187 2926 3246 putes
2965 3178 3080 3246 jam
3122 3193 3204 3229 eos
3249 3176 3511 3230 revixisse.

1896 3247 2116 3316 Origen.
2149 3291 2160 3309 ,
2194 3260 2380 3303 contra
2412 3250 2665 3309 Celsum,
2699 3250 2791 3304 1ῑ1).
2827 3265 2883 3313 t,
2921 3263 2971 3315 p.
3004 3249 3033 3296 7
3072 3267 3082 3298 :
3116 3251 3205 3301 Καὶ
3231 3252 3318 3318 μὲν
3343 3251 3514 3307 νοηθὲν

172 3323 261 3404 hic
291 3311 565 3399 diVers:ttii
613 3318 970 3406 ιέὶπιιιίιξιιιιίξιὲι
1006 3321 1250 3387 sequitur
1284 3319 1575 3374 Arnobius.
1613 3318 1787 3371 Meur—

1989 3324 2098 3394 περὶ
2123 3332 2214 3382 τῆς
2238 3324 2574 3380 ἀναστάσεως
2593 3327 2901 3397 μυστήριον,
2921 3321 3212 3395 θρυλλεῑται
3232 3320 3515 3391 γελώμενον

167 3394 285 3446 sius
311 3390 538 3458 corrigit
570 3408 580 3440 :
616 3387 894 3442 Bretttlam.
929 3389 1134 3444 Οιιειιι.

245 3461 672 3531 Superfundendi
736 3462 1000 3530 caligines.
1049 3461 1392 3516 (lonstrttctio
1443 3470 1528 3514 est
1573 3481 1584 3514 :

167 3536 265 3589 stis
298 3533 470 3586 locum
497 3533 902 3603 superfundeudi
928 3535 1192 3602 caligines.
1221 3532 1424 3587 ORELL.

243 3603 817 3671 XIIl.—-Inequitare.
868 3605 979 3658 IIoc
1017 3606 1179 3658 verba
1229 3608 1367 3656 pauit
1418 3604 1584 3656 semel
1635 3605 1798 3658 utitur

171 3677 453 3732 Arnobius
475 3690 570 3743 pro
599 3676 838 3728 insectari
873 3687 926 3728 et
959 3676 1210 3745 persequi.
1237 3675 1529 3729 Novanius.
1553 3675 1796 3743 Sequens

169 3749 394 3802 illudere
419 3747 601 3799 delent
629 3747 716 3799 alii
752 3748 910 3801 male.
945 3746 1148 3802 ORELL.

251 3817 535 3872 Fecerunt.
587 3817 682 3870 Ms.
731 3828 996 3879 secet-unt,
1031 3819 1172 3886 quod
1223 3816 1467 3872 defendit
1516 3817 1786 3872 Stewech.

174 3899 457 3956 tamquam
495 3889 824 3956 prmlel‘itttttt
878 3891 1022 3944 voibi
1071 3890 1273 3959 antiqui
1306 3905 1454 3952 δορυ,
1504 3905 1618 3951 ere,
1651 3891 1790 3943 idem

176 3960 322 4031 quod
365 3975 584 4025 secare,
631 3961 770 4013 unde
799 3978 940 4014 secus
959 4003 971 4021 ,
1008 3978 1101 4021 pro
1130 3979 1282 4024 sexu,
1312 3963 1541 4013 seculunt
1561 4003 1574 4019 ,
1605 3966 1792 4025 secius,

173 4048 323 4099 etc.,
377 4032 668 4084 derivanda
701 4032 971 4086 videntur.
1009 4032 1126 4085 V'id.
1159 4034 1242 4086 .lo.
1293 4031 1495 4085 Mt-lleri
1543 4031 1794 4086 Palinci'ii

177 4101 473 4172 Spicilegia
504 4105 554 4155 in
577 4103 745 4156 Plaut.
768 4145 782 4169 ,
807 4103 1116 4158 Milit.Glur.
1139 4107 1186 4156 in
1207 4103 1536 4173 Lamp.Ctit.
1555 4105 1793 4168 Grutcri,

175 4177 288 4228 vol.
325 4191 399 4236 iv,
430 4190 480 4242 p.
514 4174 640 4228 676.
686 4174 790 4229 Sed
824 4175 954 4228 nihil
989 4177 1325 4229 mntaiidnm.
1363 4174 1547 4228 Partes
1591 4177 1794 4246 facere,

176 4247 327 4301 idem
357 4247 500 4314 quod
534 4255 700 4314 partes
728 4258 891 4299 sectas
919 4248 1244 4300 constituere.
1275 4247 1480 4301 OnELL.

257 4316 363 4381 Qui
395 4316 844 4370 Mercurium
890 4319 1175 4371 sectamini.
1215 4319 1512 4373 Mercurius
1541 4329 1624 4371 cst
1670 4317 1801 4371 IIcr«

177 4405 299 4443 mcs
332 4388 422 4440 ille
461 4387 847 4456 Ti-istncgistus
869 4431 882 4453 ,
913 4391 1012 4442 sub
1038 4390 1191 4459 cujus
1233 4391 1449 4444 nomine
1497 4389 1636 4442 vaiia
1668 4388 1800 4443 scri-

179 4471 298 4534 pta,
349 4459 710 4534 verlii‘Caiisa,
761 4461 1096 4534 Poeniandcr
1125 4473 1177 4515 et
1205 4461 1487 4534 Asclepins
1650 4460 1797 4526 Apti-

180 4527 292 4586 icio
323 4527 533 4601 \'t2l'§t|~)
559 4571 573 4592 ,
609 4530 717 4597 jam
754 4532 976 4585 Arnobii
1023 4543 1182 4587 artate
1213 4527 1548 4601 legebantur.
1592 4532 1796 4586 Οιιειιι.

261 4601 404 4665 Quid
429 4599 580 4654 Pluto
600 4611 759 4673 vester
781 4605 829 4654 in
854 4602 1176 4658 'l'lu'teleto...
1213 4644 1226 4656 .
1250 4599 1418 4658 nonne
1434 4607 1603 4657 animo
1628 4607 1805 4673 fugere

1637 3460 1794 3516 Dedi-

1902 3393 2002 3445 ὑπὸ
2030 3393 2129 3446 τῶν
2159 3396 2406 3448 ἀπίστων.
2450 3395 2688 3446 llttnslb.

1979 3463 2146 3529 Quam
2195 3465 2401 3532 quidem
2456 3481 2546 3517 nos
2579 3465 2748 3516 dicere
2796 3462 3138 3530 conﬁtemur,
3170 3462 3260 3514 sed
3306 3477 3336 3513 a
3377 3462 3517 3516 vobis

1903 3534 2054 3586 aliter
2084 3551 2234 3603 quam
2261 3537 2571 3594 sentiamus,
2602 3535 2795 3588 audiri.
2832 3534 2945 3588 Iluc
2990 3533 3193 3586 idcirco
3225 3535 3408 3586 dicere
3435 3535 3516 3586 vi-

1902 3604 2083 3662 detur.
2118 3606 2258 3674 quod
2293 3609 2623 3660 existimavit
2649 3650 2661 3670 ,
2698 3624 2801 3657 non
2833 3605 3021 3660 eadem
3061 3619 3289 3671 c0rpora
3340 3619 3514 3657 resur-

1904 3692 2052 3740 gere,
2088 3693 2208 3746 qua:
2261 3677 2358 3731 fuit
2403 3679 2632 3732 aliorum
2684 3677 3066 3730 nonnullorum
3116 3677 3404 3734 sententia,
3463 3686 3520 3730 ut

1903 3748 2153 3814 Origenis
2175 3792 2188 3810 ,
2231 3766 2388 3817 quam
2423 3750 2535 3818 ipso
2565 3749 2794 3816 CXIllll‘ﬂl
2827 3749 2964 3801 libro
2987 3756 3170 3800 contra
3195 3747 3436 3810 Celsum,
3461 3763 3514 3801 ν.

1896 3819 1964 3873 Et
1993 3821 2078 3872 hic
2110 3819 2381 3875 Arnobius
2415 3824 2482 3873 ita
2512 3832 2617 3890 agit
2647 3823 2714 3874 de
2763 3822 3180 3875 resurrectione.
3214 3831 3263 3869 ut
3295 3819 3363 3872 de
3405 3819 3518 3872 anio

1900 3907 2110 3944 morum
2155 3892 2560 3946 immortalitate
2600 3900 2804 3944 tantum
2834 3893 3109 3957 disputare
3146 3890 3410 3953 videatur,
3446 3898 3519 3943 al-

1899 3979 2003 4028 que
2021 3963 2085 4014 ad
2109 3962 2392 4016 Marcionis
2408 3965 2728 4016 sententiam
2751 3963 3204 4014 I‘BSlll‘l't'Cllt'HIClll
3223 3976 3307 4014 col
3326 3975 3516 4028 porum

1901 4038 2151 4104 negantis
2198 4037 2376 4104 aliquo
2429 4035 2588 4087 modo
2635 4035 2895 4088 accedere
2945 4031 3178 4092 videtur,
3231 4031 3316 4104 vel
3367 4042 3518 4104 certe

1904 4103 2034 4157 nihil
2068 4107 2200 4158 certi
2234 4101 2332 4158 nec
2361 4105 2643 4158 conatituti
2675 4105 2742 4158 de
2786 4104 3029 4158 doctrina
3065 4105 3162 4156 ista
3195 4102 3371 4156 adhuc
3421 4101 3519 4155 lia-

1904 4175 2055 4232 bere;
2077 4177 2216 4244 quod
2245 4193 2351 4230 non
2371 4193 2436 4231 eo
2459 4177 2711 4240 dicimus,
2735 4178 2885 4246 quasi
2909 4174 3208 4230 Arnobinm
3231 4173 3519 4238 Marcionis

1908 4256 2230 4301 sectatorem
2253 4248 2416 4302 fuisse
2435 4250 2829 4308 existimemus,
2849 4247 2941 4300 sed
2965 4259 3018 4299 nt
3050 4246 3303 4299 observet
3328 4246 3515 4310 lector,

1909 4319 2132 4375 Arnoliii
2152 4336 2367 4374 errores
2392 4335 2513 4374 esse
2536 4319 3008 4375 errores-hominis
3025 4317 3078 4371 in
3098 4313 3519 4371 lide‘christiana

1910 4388 2146 4460 nondum
2171 4391 2299 4444 satis
2319 4392 2570 4454 instituti,
2588 4402 2640 4446 et
2661 4390 2891 4445 naturali
2910 4388 3118 4442 ratione
3139 4389 3337 4456 potius,
3356 4403 3520 4455 quam

1908 4470 2233 4538 πνευματικῇ·
2269 4463 2520 4538 doetrina
2565 4461 2802 4538 subnixi.
2831 4460 3232 4538 .Variasantein
3274 4467 3520 4516 veterum

1909 4531 1976 4584 de
2006 4531 2403 4586 resurrectione
2435 4533 2717 4602 opiniones
2757 4531 2876 4585 vidc
2906 4531 3045 4600 apud
3077 4531 3475 4602 Athenagoram
3505 4572 3521 4597 ,

1910 4601 2327 4668 Tcrtnllianum,
2359 4615 2412 4658 et
2443 4601 2598 4658 alios.
2650 4606 2891 4660 llEBALD.
2917 4634 2989 4643 —
3017 4602 3230 4667 Audiri,
3268 4601 3371 4656 hoc
3404 4601 3526 4657 loco

184 4651 370 4728 suriilet
397 4689 424 4725 e
451 4673 620 4725 teri-is.
667 4672 840 4728 Locus
893 4675 1130 4728 Platonis
1160 4676 1354 4744 legitur
1384 4677 1433 4727 in
1481 4651 1802 4740 Theaiteito,
1832 4651 1885 4712 D
1912 4673 2052 4728 idem
2084 4677 2226 4743 quod
2256 4651 2513 4743 inlelligi';

185 4761 313 4813 pag.
345 4744 484 4814 175,
519 4745 604 4796 ed.
642 4745 705 4796 ll.
743 4747 934 4813 Steph.
968 4746 1112 4814 (pag.
1157 4746 1290 4807 H6,
1341 4750 1448 4797 vol.
1485 4763 1554 4803 il.
1585 4746 1672 4798 ed.
1719 4746 1808 4799 Bi-

185 4813 431 4890 pOntiii.)
467 4815 649 4890 εΪΛλλὰ
677 4826 749 4890 τῷ
780 4814 887 4872 ὄντι
917 4820 974 4890 [τὸ
997 4813 1344 4890 ῖσῶμαᾲμρνον
1373 4821 1423 4873 ἐν
1451 4827 1515 4889 τῇ
1543 4818 1683 4872 πόλει
1703 4827 1809 4872 κεῖ·

184 4911 277 4944 ται
299 4888 463 4940 αὐτοῦ
490 4885 696 4959 (σοφοῦ)
712 4885 797 4941 διαὶ
824 4885 1141 4960 ἕπιδημεῐίὴ
1165 4885 1216 4945 δί
1236 4888 1431 4944 διάνοια
1455 4885 1621 4944 rut-irai
1641 4891 1810 4944 πάντα

186 4959 487 5033 ἡγησαμένη
523 4958 726 5033 σμικρὰ
756 4964 836 5012 καὶ
859 4958 1005 5014 οὐδὲν
1034 4963 1359 5033 ἀτιμάσασα,
1391 4969 1642 5032 πανταχῆ
1664 4963 1810 5033 φέρε-

166 5031 295 5094 κτὰι,
319 5031 453 5088 κατὰ
475 5031 737 5110 Πίνδαρον,
765 5032 829 5084 τά
848 5053 904 5085 τε
933 5038 1030 5102 γᾶς
1058 5031 1297 5110 ὐτὲἑνιρθε
1326 5036 1412 5086 καὶ
1438 5035 1504 5087 τὰ
1535 5031 1814 5106 ἐφύπὲρθεν

187 5103 824 5181 γεωμετρᾳῦσαεούρανοῖξ
845 5124 898 5157 τε
925 5103 1612 5181 ὕπερηάστρῆνομοῦσαικαί
1635 5103 1814 5159 πᾶσαν

189 5173 357 5231 πάντη
389 5173 542 5244 φῦσιν
573 5173 591 5224 ἐ
631 5173 882 5244 εννωμένη
909 5185 1012 5230 τῶν
1029 5173 1201 5230 ’ὄντων
1229 5173 1448 5230 ἑκάστου
1478 5174 1615 5234 ὅλου.
1661 5175 1732 5237 εἴς
1758 5197 1812 5231 τε

191 5252 295 5299 τῶν
325 5247 482 5300 ἐγγὺς
535 5191 679 5300 maga»
722 5248 876 5300 αὐτὴν
911 5250 1276 5300 συνκαθιείσα.
1314 5246 1579 5300 Similiter
1605 5247 1812 5300 Macro-

191 5252 295 5320 [τῷν
325 5247 482 5317 ἐγγὺς
535 5245 876 5320 οὐδέν-αὐτήν
911 5250 1276 5320 σνογκαθιιίσᾳ.
1314 5246 1579 5320 Similiter
1605 5247 1812 5320 Macro-

191 5315 314 5390 bius
338 5315 366 5378 ,⁷
389 5315 439 5368 in
471 5329 649 5390 sunto.
679 5317 823 5390 Scip.
846 5359 862 5384 ,
912 5315 1005 5374 libi
1039 5336 1086 5382 ι,
1136 5335 1185 5372 c.
1219 5317 1253 5372 8
1276 5336 1299 5370 ει
1322 5319 1580 5373 Secundae
1610 5319 1812 5390 (vtrtn«

195 5387 326 5462 tes),
354 5402 484 5456 quas
503 5387 854 5462 ‘purgato‘rius
894 5400 1095 5449 vocant,
1147 5391 1367 5462 hominis
1407 5402 1556 5454 sunt,
1601 5387 1688 5462 qui
1728 5393 1806 5444 di-

194 5458 301 5534 vini
329 5473 500 5534 capax
528 5469 596 5511 est
621 5474 640 5522 ;
670 5458 937 5534 solumque
975 5462 1205 5514 animum
1234 5461 1342 5530 ejus
1384 5458 1692 5530 expediunt,
1726 5463 1815 5534 qui

197 5529 421 5604 decreuit
466 5546 520 5582 se
572 5545 602 5581 α
651 5533 882 5597 corporis
927 5529 1527 5603 contagioneIpurgare,
1578 5544 1622 5586 et
1688 5529 1816 5604 qua-

199 5602 319 5672 dam
349 5601 691 5654 humanorum
716 5605 840 5672 fuga
863 5605 984 5658 solis
1016 5622 1068 5656 se
1083 5601 1315 5658 inserere
1341 5601 1545 5657 diuinis.
1577 5604 1676 5660 Ubi
1701 5601 1810 5658 vid.

199 5670 270 5726 Is.
306 5672 533 5725 Pontan.
571 5670 775 5728 (lnELL.

271 5743 492 5797 Audetis
525 5746 694 5798 ridere
722 5761 841 5810 nos.
867 5745 1006 5812 quod
1035 5757 1352 5803 mortuarum
1383 5747 1611 5800 dicamus
1640 5765 1809 5801 resur-

199 5819 474 5888 rectionem
506 5819 761 5886 l'qturaiii.
796 5816 1051 5888 Snlemnc
1078 5818 1416 5888 pllllOstiplllS
1444 5831 1495 5872 et
1522 5821 1814 5888 gentilibus

202 5886 405 5944 facetiis
447 5887 789 5958 jocularibus
819 5886 1144 5947 christianOS
1179 5886 1454 5948 Iaucinare
1475 5933 1489 5960 ,
1521 5886 1665 5961 quod
1697 5907 1816 5946 car-

1927 4806 1934 4812 .
1987 4744 2123 4818 Quid
2165 4747 2216 4800 in
2257 4748 2474 4800 l’olitico
2531 4749 2662 4800 idem
2699 4744 2905 4801 Plato?
2934 4758 3040 4800 etc.
3072 4746 3248 4800 Locus
3275 4745 3526 4801 Platonis

1913 4816 2109 4886 legitur
2139 4818 2191 4872 in
2218 4818 2464 4883 l’olitico,
2497 4834 2551 4889 p.
2581 4819 2710 4881 270,
2745 4821 2834 4873 ed.
2869 4818 2933 4871 II.
2965 4818 3226 4887 Stephani
3258 4817 3412 4887 (pag.
3457 4819 3521 4872 51

1914 4904 2029 4956 ει-ιι.
2062 4889 2170 4942 vol.
2223 4905 2304 4956 vi,
2331 4891 2416 4944 ed.
2455 4891 2597 4960 Bip.)
2633 4929 2647 4943 .
2681 4895 2882 4945 tlnsLL.

1991 4961 2192 5015 Rursus
2235 4959 2531 5030 erupturos
2573 4963 2826 5016 homines.
2885 4960 3162 5017 Stewech.
3235 4959 3525 5029 legendum

1917 5031 2136 5099 co=jicit
2191 5051 2203 5085 :
2257 5050 2437 5088 rursus
2493 5051 2548 5086 se
2600 5046 2895 5103 erupturos,
2951 5049 3104 5088 inore
3153 5032 3524 5100 antiquorum,

1920 5103 2127 5167 Plauti,
2181 5104 2460 5171 Terentii,
2513 5117 2655 5170 etc.,
2691 5117 2744 5158 et
2795 5121 2982 5160 eorum
3031 5105 3119 5173 qui
3177 5103 3530 5159 imitabantur

1917 5179 2188 5242 antiquo-,
2224 5177 2468 5242 Apuleii,
2500 5187 2554 5230 et
2581 5179 2801 5232 Arnoltii
2831 5177 3015 5230 etiam.
3046 5177 3253 5230 OBELL'.

1991 5245 2072 5300 Ad
2099 5248 2412 5301 incunabula
2452 5250 2690 5318 infantia:
2718 5249 2997 5304 desituros.
3046 5249 3218 5300 Proba
3263 5246 3424 5307 lectio
3449 5317 3452 5318 ν
3477 5255 3533 5302 et

1920 5334 2026 5372 non
2071 5319 2324 5374 tentanda
2345 5361 2360 5384 ,
2390 5317 2624 5373 desinere
2646 5322 2922 5389 eleganter
2949 5332 2999 5374 et
3019 5319 3277 5379 δεικτικῶς
3309 5319 3377 5371 de
3425 5317 3490 5370 iis
3513 5359 3527 5381 ,

1917 5405 2038 5458 quae
2067 5393 2271 5444 sensim
2318 5393 2628 5457 sensimque
2679 5391 3036 5455 decrescunt,
3068 5405 3189 5460 qua:
3239 5406 3269 5444 e
3321 5389 3532 5459 magnis

1919 5464 2130 5514 minora
2161 5462 2490 5529 minimaque
2514 5461 2651 5516 Iacta
2679 5463 2892 5516 tandem
2921 5477 3145 5532 prorsus
3166 5469 3526 5532 evanescunt.

1921 5532 2193 5587 Stewech.
2224 5532 2508 5601 deﬁturos;
2539 5534 2625 5587 ed.
2656 5533 2830 5604 Lugd.
2876 5530 2994 5591 nan.
3019 5576 3034 5601 ,
3068 5535 3314 5588 exituros.
3369 5530 3528 5586 Male.

3222 5604 3428 5659 OBELL.

1996 5674 2134 5740 Quid
2159 5677 2294 5728 enim
2325 5687 2442 5729 sunt
2473 5675 2707 5730 homines
2729 5719 2742 5739 ,
2767 5677 2866 5729 nisi
2890 5675 3077 5728 animm
3100 5717 3112 5735 ,
3139 5685 3243 5728 etc.
3269 5675 3532 5740 Marcion,

1920 5745 2204 5805 Basilides.
2260 5746 2543 5816 Origenes,
2596 5764 2732 5817 quos
2777 5748 2865 5801 hic
2924 5746 3168 5814 sequitur
3225 5745 3527 5808 Arnobius,

1920 5819 2324 5886 distinguebant
2353 5819 2628 5873 honinem
2662 5823 2710 5872 in
2745 5818 3072 5872 extollorcm
3103 5829 3154 5871 et
3190 5818 3531 5882 interiorem,

1919 5901 2080 5959 atque
2113 5891 2452 5962 interiorem,
2489 5893 2540 5947 id
2573 5904 2687 5956 est,
2730 5891 2990 5960 animam,
3025 5905 3212 5945 verum
3256 5886 3536 5942 hominem
