3850 6366
394 336 492 393 831
816 371 817 374 η
1508 333 1787 391 ARNOBII
1827 333 1999 391 ADVE

2121 331 2192 391 US
2229 333 2507 392 GENTES
3605 331 3688 388 839

392 448 627 505 clauste?
662 448 768 506 Vos
795 450 940 506 enim
969 463 1079 506 non
1109 465 1298 508 omnes
1330 465 1427 521 pro
1459 451 1670 506 illarum
1701 453 1887 522 geritis
1913 451 1997 505 in-
2028 454 2076 515 Α
2110 466 2267 521 posse
2293 451 2535 508 dolorem
2577 450 2900 508 admittere?
2928 449 3073 523 quod
3122 461 3307 508 autem
3341 451 3540 506 sentiat
3568 448 3689 504 dolo-

393 541 798 602 columitatibus
821 557 1002 607 curas,
1037 559 1142 600 non
1171 543 1313 615 quod
1342 543 1484 598 vitiis
1507 545 1792 610 omnibus,
1826 552 1883 599 et
1909 559 2002 600 cu-
2110 561 2246 612 rem,
2282 545 2736 601 immortalitatem
2779 544 2980 600 habere
3020 559 3128 599 non
3154 544 3364 614 posse?
3404 541 3512 597 Nec
3541 550 3690 597 tamen

392 632 708 705 piditatibus
757 635 1076 692 abstineatis
1103 647 1129 674 θ
1164 655 1179 694 :
1207 646 1379 692 metus
1429 637 1518 691 ille
1548 651 1646 691 vos
1695 637 1878 700 habet,
1935 653 2004 693 ne
2105 636 2226 707 ejus
2253 638 2548 692 auctoritas
2574 636 2863 707 plurimum
2896 651 2926 690 a
2969 635 3198 692 veritate
3229 624 3490 691 declinat.
3519 634 3691 702 Quam—

392 726 545 784 velut
587 727 881 785 trabalibus
930 729 1095 784 clavis
1141 725 1318 793 afﬁxi,
1370 729 1688 798 corporibus
1729 728 2000 784 lmreatis.
2107 730 2185 784 vis
2215 731 2356 785 enim
2389 730 2470 784 vir
2498 728 2664 795 lenis,
2707 739 2761 785 et
2803 729 3080 785 benevola
3121 728 3419 805 voluntatis
3464 725 3691 780 inhuma-

399 818 536 888 Quid
569 818 646 874 illi
679 819 778 875 sibi
833 821 1019 875 volunt
1042 834 1370 875 setretarum
1401 823 1593 875 artium
1626 821 1778 887 ritus,
1810 821 2004 890 quibus
2108 837 2234 876 num
2264 835 2384 876 esse
2415 820 2728 888 crediderit,
2757 820 2978 890 capitali
3023 821 3234 874 animas
3269 819 3540 875 sententia
3575 831 3688 871 eon-

394 910 637 966 ali‘amini
666 913 852 967 nescio
883 927 1017 982 quas
1049 921 1364 982 potestates,
1398 923 1454 967 ut
1498 913 1606 969 sint
1635 914 1788 969 vobis
1831 913 2001 974 placi-
2107 914 2351 971 demnari
2386 931 2398 968 :
2434 929 2539 968 non
2568 923 2651 968 est
2680 926 2858 969 tamen
2891 918 3094 968 absone
3131 913 3443 981 suspicatus
3485 911 3583 983 jaci
3619 924 3693 966 eas

395 1003 518 1066 dae.
571 1018 748 1074 neque
775 1004 840 1057 ad
873 1002 1034 1060 sedes
1075 1004 1440 1060 remeantibus
1489 1006 1685 1076 patrias
1728 1006 2004 1062 obstacula
2107 1010 2160 1064 in
2192 1008 2415 1064 ﬂumina
2455 1008 2719 1074 torrentia
2762 1009 3100 1062 ﬂammarum
3142 1005 3352 1077 globis,
3383 1016 3438 1060 et
3483 1005 3691 1058 emnosis

394 1095 758 1161 imttediliollis
782 1098 1099 1168 opponant?
2106 1100 2455 1171 voraginibus
2485 1109 2641 1154 tetra.
2675 1099 2957 1154 Jaciuntur
2981 1098 3124 1154 enim
3144 1139 3159 1164 ,
3191 1106 3246 1155 et
3280 1096 3347 1152 ad
3379 1095 3597 1150 nihilum
3624 1112 3692 1152 re.

467 1188 608 1245 XIV.
640 1190 866 1247 Andetis
901 1192 1080 1250 ridere
1119 1207 1247 1259 nos,
1291 1208 1412 1248 cum
1452 1195 1730 1265 gehennas
1752 1194 2001 1260 dicimus,
2107 1196 2312 1262 dactze,
2339 1195 2661 1250 iuteritionis
2691 1204 2968 1264 perpetuae
3000 1192 3355 1248 frustratione
3397 1199 3691 1246 vanescunt.

393 1289 450 1337 et
502 1283 946 1354 inextinguibiles
991 1286 1254 1354 quosdam
1302 1286 1484 1355 ignes,
1527 1288 1579 1342 in
1611 1303 1748 1358 quos
1798 1288 2004 1341 animas
2111 1288 2248 1345 Sunt
2293 1287 2436 1343 enim
2479 1286 2670 1341 medi-.e
2719 1286 3024 1354 qualitatis.
3068 1285 3206 1339 sicut
3236 1282 3458 1338 Christo
3504 1292 3697 1337 auctore

393 1372 555 1442 dejici
586 1374 654 1428 ab
683 1389 868 1430 earum
901 1377 1168 1440 hostibus,
1219 1361 1564 1449 inimicisque
1609 1379 2004 1450 cognovimus?
2108 1386 2446 1439 compertum
2477 1386 2593 1442 est,
2642 1385 2695 1431 et
2727 1377 2950 1431 interire
2997 1391 3118 1446 quae
3167 1375 3409 1444 possint,
3460 1376 3620 1431 Deum
3655 1372 3690 1428 si

391 1466 577 1534 Quid?
626 1468 779 1524 Plato
826 1470 965 1524 idem
999 1480 1180 1526 vester
1227 1471 1280 1525 in
1321 1487 1386 1527 eo
1432 1471 1744 1537 volumine,
1773 1471 1917 1542 quod
1939 1471 2006 1526 de
2110 1468 2521 1546 ignoraverint,
2565 1468 2686 1522 vitae
2723 1478 2776 1522 et
2815 1468 2884 1522 ab
2934 1468 3098 1522 exitio
3125 1466 3371 1533 liberari,
3420 1469 3464 1520 si
3492 1467 3552 1520 ad
3599 1467 3696 1535 ejus

393 1562 592 1617 anima:
644 1563 1051 1620 immortalitate
1089 1567 1422 1636 composuit,
1475 1580 1579 1621 non
1611 1566 2004 1629 Acheruntem,
2109 1577 2168 1617 se
2209 1563 2400 1625 minas,
2436 1572 2598 1631 atque
2627 1559 2988 1630 indulgentias
3020 1560 3362 1630 applicarint.
3395 1558 3465 1613 Et
3495 1570 3548 1614 ut
3571 1558 3693 1628 quod

396 1670 506 1710 non
540 1653 762 1727 Stygem
784 1699 799 1722 ,
838 1672 947 1712 non
984 1657 1250 1729 Cocytum
1298 1658 1524 1724 ﬂuvios,
1559 1667 1614 1712 et
1651 1656 2005 1729 Pyriphlege-
2111 1653 2352 1724 ignotum
2391 1663 2474 1707 est
2503 1660 2702 1720 pateat,
2732 1650 2849 1705 ιιωο
2872 1661 2954 1706 est
2986 1651 3221 1704 hominis
3250 1665 3399 1705 mors
3428 1667 3570 1714 vera.
3597 1651 3696 1705 huic

396 1745 644 1803 thontem
678 1748 943 1812 nominat,
972 1750 1026 1804 in
1057 1751 1254 1824 quibus
1292 1749 1501 1804 animas
1527 1761 1803 1805 asseverat
1823 1750 1964 1805 volvi
1987 1792 2002 1817 ,

2113 1747 2249 1802 nihil
2273 1731 2552 1800 residuum
2582 1744 2806 1799 faciens.
2831 1743 2965 1798 Nam
2998 1743 3109 1806 illa,
3154 1759 3274 1814 qum
3297 1743 3398 1798 sub
3419 1744 3581 1798 oculis
3599 1759 3700 1798 cer-

393 1839 587 1911 tnergi,
613 1841 805 1895 exuri?
830 1841 894 1896 Et
924 1843 1085 1896 homo
1112 1843 1414 1913 prudentia:
1440 1857 1546 1896 non
1575 1856 1776 1912 pravae,
1805 1852 1858 1898 et
1884 1858 2009 1896 exa-
2039 1853 2088 1912 Β
2121 1837 2286 1903 nitur,
2320 1836 2619 1891 animarum
2646 1844 2729 1890 est
2753 1850 2781 1889 a
2810 1834 3129 1904 corporibus
3153 1831 3435 1905 dijugatio,
3469 1850 3564 1888 non
3595 1832 3696 1887 linis

393 1934 558 1989 minis
585 1934 881 2006 jndiciique
903 1937 1154 2006 perpensi
1183 1952 1296 1993 rem
1324 1936 1718 1992 inenodabiletn
1747 1934 1999 2006 suscipit:

394 2036 456 2081 ut
477 2041 600 2082 cuin
637 2027 846 2084 animas
875 2028 1021 2084 dicat
1052 2029 1418 2096 immortales,
1447 2037 1736 2100 perpetuas
1757 2069 1774 2094 ,
1797 2039 1850 2084 et
1876 2042 2000 2082 cor-

397 2117 574 2188 porali
603 2119 875 2175 soliditate
905 2121 1172 2190 privatas,
1196 2121 1371 2190 puniri
1400 2135 1493 2176 eas
1528 2120 1673 2175 dicat
1703 2129 1913 2183 tamen,
1945 2126 2000 2173 et

393 2211 676 2266 doloribus
706 2212 904 2269 alliciat
929 2229 1207 2269 sensuum.
1229 2216 1359 2282 Quis
1381 2225 1560 2271 autem
1587 2213 1863 2269 hominum
1891 2225 1998 2266 non

393 2302 542 2360 videt
587 2303 730 2375 quod
780 2305 851 2360 sit
897 2305 1237 2374 immortale,
1277 2307 1421 2377 quod
1471 2308 1734 2378 simplex,
1785 2303 1994 2359 nullum

2111 1930 2430 1985 abolitionis
2458 1939 2756 1984 extremus.
2788 1927 2933 1994 Haec,
2961 1928 3200 1995 inquam,
3224 1942 3300 1981 est
3323 1927 3552 1982 hominis
3575 1940 3698 1980 mors

2109 2038 2258 2089 vera,
2301 2039 2424 2078 cum
2469 2023 2666 2077 animae
2721 2020 3025 2076 nescientes
3067 2020 3235 2076 Deum
3283 2035 3384 2091 per
3429 2017 3696 2088 longissimi

2108 2116 2366 2187 temporis
2415 2113 2714 2169 cruciatum
2761 2121 3156 2168 consumuntur
3203 2112 3311 2183 igni
3369 2111 3510 2166 ferro
3537 2108 3598 2175 δ,
3653 2111 3694 2163 in

2107 2222 2268 2278 quem
2313 2206 2429 2260 illas
2469 2204 2674 2275 jacient
2716 2203 2937 2274 quidam
2981 2201 3274 2258 crudeliter
3295 2202 3448 2268 saevi,
3491 2209 3542 2256 et
3588 2208 3696 2255 ante

2105 2297 2378 2355 Christum
2413 2296 2688 2368 incogniti,
2721 2305 2776 2352 et
2797 2297 2866 2353 ab
2892 2295 3011 2352 solo
3040 2296 3247 2352 sciente
3277 2294 3497 2351 detecti.

1623 2421 2003 2482 LECTIONES
2046 2417 2470 2477 VARIANTES.

454 2521 484 2553 ⁸
524 2519 800 2574 Abstineas
817 2520 959 2574 Fulv.

2160 2510 2192 2550 δ
2239 2510 2475 2574 lgnil'ero,
2503 2524 2598 2562 una
2618 2523 2731 2564 voce
2753 2511 2873 2562 Sub.
2915 2509 3059 2561 nutle.

1753 2597 2325 2660 COMMENTARIUS.

389 2724 610 2852 prOprie
651 2739 775 2780 esse
801 2724 1086 2792 dicebant,
1113 2736 1301 2782 contra
1347 2741 1481 2798 quos
1512 2725 1751 2796 disputat
1779 2724 1995 2779 Tertul-

415 2796 590 2852 ianus.
626 2795 765 2852 libro
794 2798 861 2852 de
884 2798 1304 2852 Resnrrectioue
1331 2799 1530 2852 carnis.
1558 2814 1607 2852 c.
1632 2797 1718 2852 40.
1749 2797 1990 2852 llr-mam.

415 2796 590 2866 ianus.
626 2795 765 2853 libro
794 2798 861 2866 de
884 2798 1304 2853 Resnrrectioue
1331 2795 1530 2864 carnis,
1558 2795 1611 2853 c.
1632 2797 1718 2852 40.
1749 2797 1990 2852 “EBALD.

463 2865 771 2940 Trabalibus
809 2865 968 2924 clavis
1013 2869 1171 2940 afﬁxi.
1208 2867 1348 2924 Clavi
1380 2870 1619 2934 trabales,
1652 2871 1771 2922 scil.
1803 2868 1999 2939 quibus

391 2939 576 2992 trabes
593 2939 785 2993 aedium
805 2939 1304 3010 conipingebantur.
1333 2957 1525 3008 graves
1551 2942 1685 2994 adeo
1706 2953 1758 2994 et
1783 2949 1999 3004 porten-

393 3016 528 3082 toea:
561 3011 978 3082 magnitudinis:
1002 3011 1126 3066 hinc
1156 3027 1249 3082 per
1277 3011 1639 3077 Metaphoram
1669 3010 1737 3064 de
1767 3011 1851 3075 iis,
1882 3023 2002 3082 qua:

393 3079 746 3134 immutabilis
782 3092 928 3145 sunt,
972 3097 1092 3149 qua:
1127 3079 1265 3137 adeo
1298 3085 1506 3137 evitare
1552 3099 1659 3137 non
1706 3083 1848 3136 licet.
1898 3080 2006 3133 Ho-

393 3161 531 3214 rat.,
581 3152 634 3209 in
679 3155 962 3208 notissimo
1006 3153 1098 3207 illo
1141 3154 1291 3219 loco,
1338 3170 1375 3218 ι,
1421 3153 1522 3208 0d.
1571 3155 1672 3219 35,
1726 3169 1864 3208 vers.
1914 3152 2002 3218 l5,

392 3235 546 3294 seqq.
594 3239 608 3277 :

649 3337 722 3401 Te.
743 3352 944 3401 semper
967 3341 1127 3390 anteit
1154 3352 1282 3390 saeva
1308 3338 1594 3389 NeCessitas

645 3400 816 3452 Clavos
837 3400 1053 3452 trabales
1076 3411 1128 3452 et
1150 3415 1338 3452 cuneos
1361 3414 1502 3451 manu

645 3462 857 3514 Gestans
886 3466 1064 3516 ahena.

396 3569 499 3626 Ubi
528 3571 636 3626 vid.
663 3573 826 3641 Cruq.
853 3581 906 3627 et
933 3571 1313 3627 Mitscherlich.
1351 3571 1594 3635 Petron.,
1614 3585 1662 3624 c.
1692 3571 1789 3624 75:
1827 3569 2000 3634 Nosti,

393 3645 534 3710 quod
561 3643 717 3696 semel
743 3643 1010 3710 destinavi,
1041 3645 1186 3698 clavo
1214 3642 1396 3696 trabali
1427 3643 1592 3709 ﬁxum
1638 3652 1730 3707 est,
1769 3643 1854 3696 ubi
1888 3643 1999 3695 vid.

394 3711 569 3784 intpp.
601 3714 804 3770 ORBLL.

474 3784 654 3853 Neque
678 3786 745 3838 ad
771 3786 917 3840 sedes
944 3787 1284 3839 remeantibus
1316 3788 1509 3853 patrias
1547 3784 1810 3839 obstacula
1837 3786 2003 3855 impe-

395 3856 608 3910 ditiom’s
639 3868 920 3926 opponant.
958 3857 1346 3911 ExiStimabant
1373 3858 1538 3919 enim,
1590 3858 1864 3909 daemonas
1893 3858 2005 3910 sive

396 3928 587 3993 genios
617 3928 841 3998 singulis
871 3927 1178 3983 hominibus
1232 3930 1281 3981 in
1318 3927 1454 3982 hanc
1482 3929 1656 3982 lucem
1688 3927 2002 3996 prodeunti-

395 3998 498 4054 bus
536 3999 686 4065 quasi
732 4000 987 4054 cnStodes
1015 4011 1067 4052 et
1116 4000 1278 4053 totius
1308 3999 1429 4052 vitae
1458 3998 1827 4053 moderatores
1854 3998 2001 4058 dari;

395 4069 727 4140 eosdemque
773 4069 1046 4124 custodias
1088 4085 1231 4134 snas,
1286 4070 1502 4138 quando
1534 4069 1659 4122 hinc
1686 4068 1900 4134 abeant,
1951 4071 2005 4123 in

390 4140 654 4210 judicium
685 4156 912 4210 rapere;
947 4153 1108 4210 atque
1138 4157 1326 4197 eorum
1358 4140 1668 4195 testimonio
1711 4141 1835 4192 l'erri
1866 4156 1892 4193 a
1920 4141 2006 4208 ju-

393 4211 515 4266 dice
542 4215 887 4267 sententiam.
937 4213 1064 4266 Haec
1109 4221 1227 4268 erat
1255 4213 1496 4265 Platonis
1526 4211 1814 4270 sententia.
1845 4226 2007 4280 quam

396 4282 450 4336 in
482 4282 752 4337 Pluedon'e
781 4285 1049 4351 proponit.
1082 4293 1134 4337 ct
1162 4299 1320 4351 quam
1350 4285 1583 4352 explicat
1618 4281 1894 4352 Apuleius,
1943 4283 2007 4335 li-

395 4352 496 4424 bro
521 4353 588 4407 de
619 4354 729 4408 Deo
753 4355 1012 4410 Socratis.
1059 4354 1140 4409 Cl‘.
1189 4351 1495 4424 Augustin.
1532 4354 1624 4408 lib.
1660 4369 1719 4415 χ,
1748 4352 1816 4407 de
1845 4351 2004 4407 Civit.

397 4423 518 4487 Dei,
551 4440 668 4494 cap.
704 4425 766 4486 9;
800 4427 1020 4480 Servius
1046 4427 1110 4480 ad
1145 4423 1306 4481 verba
1341 4425 1572 4494 Virgilii,
1635 4425 1862 4493 Quisque
1887 4442 2006 4478 suos

397 4497 622 4564 patimur
651 4514 825 4550 manes
847 4495 1001 4563 (/En.
1031 4513 1102 4560 vr,
1124 4498 1250 4565 745)
1274 4519 1286 4550 ;
1314 4496 1482 4564 Quum
1505 4498 1784 4561 nascimur,
1813 4497 2001 4564 inquit,

396 4567 529 4622 duos
553 4569 729 4637 genios
755 4569 1014 4622 sortimur.
1050 4567 1197 4623 Unus
1236 4579 1328 4628 est.
1354 4569 1440 4637 qui
1470 4568 1700 4621 hortatur
1741 4570 1808 4620 ad
1835 4569 2001 4629 bona;

395 4638 546 4703 alter,
578 4641 664 4708 qui
695 4643 935 4709 depravat
958 4641 1028 4691 ad
1058 4643 1215 4694 mala.
1276 4640 1471 4705 Quibus
1502 4639 1851 4692 assistentibus
1894 4649 2004 4703 post

395 4721 608 4764 mortem
654 4722 741 4764 aut
797 4712 1073 4763 asserimur
1119 4716 1171 4764 in
1209 4711 1466 4764 meﬁorem
1519 4712 1704 4775 vitam;
1746 4722 1834 4763 aut
1882 4726 2004 4763 con-

397 4782 701 4834 demnamur
729 4785 781 4835 in
812 4783 1108 4835 deteriorem
1162 4800 1180 4837 :
1241 4799 1329 4848 per
1377 4798 1501 4852 quos
1556 4793 1645 4834 aut
1689 4783 2003 4834 vacationem

396 4868 669 4918 meremur,
715 4863 804 4907 aut
848 4854 1066 4908 reditum
1096 4854 1149 4907 in
1179 4870 1416 4922 corpora.
1455 4853 1594 4924 Ergo
1627 4869 1797 4907 manes
1830 4854 2004 4923 genios

396 4923 535 4977 dicit.
567 4941 695 4980 auos
722 4941 837 4977 cum
862 4925 962 4977 vita
991 4927 1253 4980 sortimur.
1290 4925 1528 4979 “anno.

472 4993 613 5049 XIV.
664 5025 734 5035 --
793 4995 930 5061 Quid
971 4995 1124 5050 Plato
1169 4997 1304 5049 idem
1345 5009 1502 5049 vester
1540 4997 1593 5048 in
1630 5012 1686 5048 eo
1726 4996 1998 5061 volumine,

395 5067 534 5138 quod
571 5068 634 5120 de
672 5069 859 5121 animae
891 5068 1278 5122 immortalitate
1321 5068 1650 5135 composuit.
1697 5083 1798 5119 non
1843 5067 2003 5120 Ache—

397 5151 595 5191 rontem
636 5148 738 5193 etc.
770 5139 898 5194 Vide
927 5138 1135 5193 Platon.
1167 5139 1450 5205 Phaedon,
1485 5156 1535 5206 p.
1573 5138 1878 5202 “El—IN,
1911 5139 1998 5192 ed.

399 5209 463 5264 Η.
491 5209 874 5281 Steultan.«(p.
917 5210 1224 5277 ﬁlii—258,
1257 5211 1364 5265 vol.
1402 5227 1438 5274 ι,
1491 5212 1577 5263 ed.
1612 5207 1776 5279 Bip.).
1808 5217 1861 5261 et
1903 5210 2006 5262 Eu-

399 5282 539 5353 seb,
567 5279 621 5353 in
658 5279 947 5349 Praeparat.
975 5285 1248 5353 evangel..
1289 5284 1324 5336 Ι.
1353 5298 1468 5338 xm.
1490 5299 1537 5333 ι’.
1575 5281 1632 5353 >7.
1662 5281 1904 5334 Emesa.
1936 5310 2006 5320 -—

399 5349 556 5422 Conl‘.
582 5351 762 5415 Grot.,
791 5353 856 5404 ad
891 5353 1042 5406 Mart.
1077 5349 1307 5421 (Inpell,
1344 5371 1395 5422 p.
1432 5354 1520 5407 57.
1555 5351 1758 5407 Οιιειι..

479 5421 602 5476 Rem
623 5423 997 5477 inenodabilem
1014 5428 1247 5493 suscipit.
1274 5421 1378 5480 etc.
1403 5427 1624 5480 Animas
1646 5425 1804 5490 igitur
1821 5423 2006 5479 existi.

401 5504 534 5558 mat,
570 5495 614 5548 si
642 5497 747 5566 sint
777 5498 1015 5566 materiae
1044 5509 1313 5566 expertes,
1349 5498 1598 5565 passione
1648 5505 1702 5550 et
1729 5495 2006 5551 doloribus

397 5565 770 5637 corporalibus
801 5565 943 5620 allici
989 5584 1094 5620 non
1120 5565 1307 5636 posse,
1341 5582 1459 5634 quae
1486 5578 1568 5623 est
1597 5569 1763 5636 ipsius
1793 5583 2006 5637 quoque

400 5635 717 5691 Tertulliani
753 5639 1084 5708 (Apuloget.,
1120 5635 1169 5692 c.
1202 5640 1294 5708 48)
1345 5649 1400 5693 et
1440 5641 1666 5694 aliorum
1699 5635 2000 5695 sententiae.

376 5708 578 5780 Quare.
623 5709 935 5777 corporales
982 5712 1188 5764 animas
1235 5711 1353 5779 (sed
1393 5711 1635 5780 corporis
1664 5711 1924 5766 tenuioris
1953 5721 2008 5766 et

404 5779 717 5852 spiritualis,
749 5780 1108 5852 πνενματικσῦ)
1164 5779 1643 5838 θχίδιίιῐιθνίιίουιη
1677 5782 2006 5840 Tertulliano

408 5848 694 5917 Arnobius,
729 5854 818 5922 qui
848 5848 941 5909 eas
969 5848 1261 5910 arbitratus
1286 5861 1371 5912 est
1396 5853 1525 5924 pati.
1562 5855 1801 5910 Hesus.

2033 4538 2084 4597 l)

2176 2712 2239 2770 Et
2264 2715 2525 2770 doloribus
2553 2715 2737 2785 alliciat
2763 2731 3024 2770 sensuum.
3054 2714 3130 2769 Ita
3154 2714 3397 2770 Sabaeus.
3447 2712 3558 2767 cod.
3590 2725 3678 2765 ms.

2101 2788 2293 2852 doloris
2315 2787 2640 2857 nﬁieiseusu,
2671 2787 2790 2841 scil.
2828 2787 2985 2851 dicat,
3011 2785 3154 2852 quod
3185 2788 3370 2840 nescio
3409 2800 3506 2857 qua
3548 2797 3685 2857 causa

2104 2859 2325 2912 mutavit
2344 2855 2519 2913 editor
2539 2858 2707 2926 Lugd.
2733 2858 2847 2912 Bat.
2870 2859 3065 2912 doloris
3087 2858 3276 2928 aﬂiciat
3295 2873 3442 2912 sensu
3469 2855 3682 2910 Elmenlt.

2105 2947 2279 2984 sensus
2311 2946 2425 2984 acc.
2461 2930 2598 2997 plur.
2628 2928 2830 2984 OnELL.

2179 3002 2550 3064 Condemuarc.
2577 3001 2673 3055 Ms.
2708 3001 2811 3054 Alii
2840 3002 3190 3054 condemnari.
3226 2998 3430 3055 ORELL.

2182 3071 2457 3125 Jaciuntur
2499 3074 2652 3138 enim,
2678 3082 2772 3126 etc.
2815 3071 3144 3126 lineamdent
3171 3081 3487 3125 sententiam
3511 3069 3684 3124 Alium:

2033 3135 2077 3195 C
2111 3141 2356 3198 Gazaens
2403 3146 2453 3196 in
2495 3135 2890 3210 'l‘hcophrastu,
2926 3159 2979 3212 p.
3012 3142 3082 3197 52
3110 3140 3263 3213 (edit.
3297 3143 3456 3197 Barth
3487 3146 3499 3207 )
3529 3160 3538 3191 :
3565 3139 3683 3194 Οἱὃέ

2107 3218 2255 3289 κᾳκοί
2278 3217 2348 3289 εἰς
2376 3217 2635 3289 Τάρταρᾳν
2679 3217 3007 3286 ἐμπεσόντες,
3027 3213 3148 3289 ⁸ὅθεν
3180 3212 3367 3289 οἷξποτε
3396 3215 3681 3289 ἐκςήσοντσλ,

2106 3287 2253 3361 aurai
2278 3288 2367 3358 μὲν
2395 3284 2560 3340 oxias-ri
2586 3284 2849 3352 ὀνίνάνται,
2877 3284 3202 3361 παράδειγμα
3226 3286 3280 3340 δὲ
3319 3296 3408 3346 τῆς
3451 3285 3574 3361 δ-ίκης
3612 3303 3684 3353 γε-

2107 3355 2297 3427 νόμενοι
2322 3397 2336 3418 ,
2385 3360 2455 3420 si;
2495 3359 2574 3411 ἀεὶ
2610 3361 2882 3433 κξίσονται.
2936 3355 3256 3433 ἐαύτανγὰίι
3287 3360 3335 3410 ἐν
3380 3355 3575 3411 Φαίδωνι
3618 3358 3684 3406 ναὶ

2108 3432 2301 3526 Puer/iu
2333 3430 2597 3502 Σωκράτης
2632 3427 3011 3526 διῐσχυῆἰζετο.
3045 3427 3248 3482 υιιειιιξ.

2239 3511 2475 3526 unum...”
2533 3500 2785 3526 Qa.........l.
2868 3516 2927 3526 ..η
2985 3515 3248 3526 ...ηιμ-η-..-

2195 3499 2497 3551 Vanescutit.
2533 3499 2948 3565 StechltXli-g.
2979 3510 3303 3552 evanescunt.
3337 3499 3526 3554 Οιιειι..

2184 3570 2320 3624 Sunt
2361 3571 2494 3623 enim
2539 3571 2719 3623 medias
2751 3571 3013 3640 qualitatis
3039 3612 3052 3633 ,
3099 3570 3231 3623 sicut
3273 3569 3471 3625 Christo
3508 3578 3684 3622 auctore

2110 3653 2423 3710 compertum
2451 3650 2542 3704 est,
2591 3651 2636 3694 et
2681 3642 2888 3694 interire
2917 3657 3030 3710 qua:
3062 3642 3282 3710 possint.
3316 3641 3438 3696 llzec
3485 3641 3679 3692 valenti-

2111 3714 2436 3766 nianisntunt
2467 3713 2634 3769 olent.
2675 3724 2732 3766 nt
2759 3712 2918 3765 etiam
2963 3713 3052 3765 alii
3081 3713 3452 3768 adierterunt.
3482 3710 3677 3764 Tertul..

2110 3783 2231 3836 adv.
2264 3783 2501 3844 Valent..
2532 3800 2580 3856 c.
2615 3783 2712 3837 5‘2:
2742 3783 2804 3836 Et
2835 3785 3008 3837 anima
3035 3785 3267 3856 mortalis
3291 3785 3426 3856 apud
3452 3783 3578 3846 illos,
3603 3780 3684 3832 nisi

2109 3870 2225 3922 quas
2245 3857 2460 3908 salutem
2490 3855 2593 3922 [ide
2617 3855 2880 3908 invenerit.
2908 3859 3053 3922 Quos
3082 3855 3263 3922 itaque
3294 3855 3502 3910 secutus
3539 3857 3682 3906 Arno-

2109 3925 2230 3979 bius
2264 3924 2609 3991 existimavit,
2661 3927 2946 3994 impiorum
2979 3926 3191 3980 animus
3228 3928 3386 3990 mori,
3417 3940 3507 3981 nec
3531 3934 3680 3978 autem

2110 4001 2290 4049 statim
2323 3997 2582 4066 extingui.
2617 3998 2710 4051 sed
2744 3997 3041 4064 longissimi
3077 4001 3338 4066 tentporis
3391 3995 3681 4052 cruciatibus

2110 4078 2167 4122 et
2193 4067 2470 4121 doloribus
2501 4068 2768 4121 consumi.
2806 4069 3050 4122 Etuenn.
3085 4078 3138 4121 et
3169 4067 3411 4125 Ηειιιιυ.

2185 4140 2246 4192 Si
2289 4143 2359 4191 ad
2389 4140 2500 4209 ejus
2528 4156 2580 4191 se
2608 4141 2770 4191 minus
2801 4148 2948 4205 atque
2976 4140 3326 4210 indulgentias
3378 4137 3679 4210 applicarittt.

2272 4225 2373 4264 ms.
2399 4206 2441 4263 si
2467 4211 2537 4263 ad
2563 4211 2672 4283 ejus
2695 4211 2910 4272 sentina,
2949 4211 3096 4263 nullo
3125 4206 3290 4265 sensu
3322 4229 3333 4263 :
3360 4206 3573 4283 proquo
3596 4206 3681 4261 Gc-

2112 4280 2284 4336 lenius
2312 4299 2363 4334 se
2395 4283 2578 4343 minus,
2618 4281 2705 4333 alii
2735 4298 2787 4332 se
2814 4282 3243 4346 miscricordiam,
3284 4280 3491 4337 ilerald.
3520 4298 3566 4333 se
3588 4295 3681 4330 tuu-

2112 4353 2214 4423 uin.
2251 4352 2357 4406 Sed
2389 4353 2586 4422 optime
2621 4352 2781 4408 habet
2811 4369 2998 4415 minus,
3049 4355 3318 4423 applicare
3345 4371 3396 4408 se
3435 4355 3496 4406 ad
3544 4352 3679 4402 atinas

2113 4421 2229 4487 Dei,
2285 4424 2336 4477 id
2382 4421 2466 4478 est
2509 4425 2680 4477 minas
2714 4425 2827 4488 Dei,
2859 4421 3284 4493 exitintngquod
3320 4425 3458 4479 lleus
3483 4423 3680 4493 minatur

2112 4493 2392 4566 improbis.
2427 4497 2621 4566 vereri.
2656 4496 2797 4548 Bene
2829 4499 3006 4566 itaque
3047 4491 3199 4550 mina!
3243 4508 3572 4566 opponuntur
3612 4491 3678 4544 in-

2110 4565 2405 4633 dulgentiis.
2430 4565 2634 4620 OaELL.

2181 4638 2381 4690 Anima!
2409 4641 2683 4692 nescientes
2712 4637 2897 4690 Deum.
2943 4637 2998 4691 ld
3047 4648 3130 4692 est
3159 4640 3325 4693 Deum
3359 4639 3566 4709 ejusque
3591 4634 3679 4709 clcf

2110 4709 2368 4778 mentium
2400 4708 2540 4762 Scire
2570 4710 2654 4762 vel
2701 4710 2933 4778 experiri
2966 4710 3232 4765 nolentes.
3269 4704 3404 4766 Vtile
3431 4704 3593 4778 supra,
3621 4704 3672 4757 ad

2110 4777 2201 4834 lib.
2231 4795 2266 4844 ι,
2301 4795 2348 4833 c.
2397 4781 2482 4844 ΓΙ,
2533 4779 2692 4834 verba
2745 4777 2784 4832 ιθ
2821 4778 2934 4834 Hoc
2991 4798 3108 4852 ergo
3161 4784 3235 4835 dii
3285 4786 3456 4908 magni
3496 4777 3672 4834 norunt.

3382 4870 3529 4908 aELL.

3382 4870 3529 4910 ΚΕΗ..

2183 4920 2303 4991 lgni
2329 4926 2458 4992 fero.
2492 4923 2673 4993 Ignem
2705 4927 2866 4996 ferum
2897 4923 3024 4978 dicit
3051 4924 3347 4992 Arnobius,
3381 4922 3677 4996 quemadmo-

2109 4993 2235 5048 dum
2280 5005 2433 5066 vetus
2465 4996 2684 5049 Latinus
2718 4995 3010 5049 Bibliurnin
3043 4997 3310 5065 interpres
3342 4993 3473 5066 feros
3499 4997 3673 5066 fluctus.

2108 5063 2469 5147 graace‘u’qpia
2505 5070 2723 5147 scopam.
2757 5067 3026 5147 Arnobius
3054 5063 3215 5147 supra
3249 5087 3259 5121 :
3285 5063 3678 5147 _Ine.rtin'guibites

2107 5137 2268 5207 ignes.
2301 5137 2417 5194 Lib.
2450 5155 2521 5202 tv.
2552 5137 2964 5206 inextinguibiles
2991 5141 3237 5208 gehennw
3268 5137 3522 5208 ﬂeuimus.
3545 5141 3673 5202 (var.

2108 5209 2174 5262 ad
2213 5209 2563 5268 Demetrian..
2600 5210 2692 5264 fol.
2723 5209 2830 5264 ‘258
2859 5227 2871 5260 :
2901 5213 3162 5263 ardentem
3191 5214 3473 5280 gehennam
3497 5220 3538 5264 et
3565 5208 3676 5260 vira-

2108 5295 2190 5352 ces
2232 5281 2490 5350 ﬂammas.
2547 5281 2864 5336 Tertullian.
2919 5282 3230 5352 Apologet..
3281 5298 3332 5338 c.
3386 5282 3676 5352 "$8:jugettt

2108 5351 2280 5425 ignem
2329 5353 2600 5418 Laetant.,
2629 5354 2720 5407 lib.
2754 5368 2866 5418 Vlll,
2891 5367 2940 5407 c.
2972 5351 3037 5406 21
3082 5367 3094 5404 :
3125 5355 3295 5424 ignem
3325 5351 3668 5425 sempiternum,

2106 5435 2211 5478 etc.
2243 5424 2487 5480 ELIENH.

2181 5494 2249 5548 In
2277 5513 2422 5565 quem
2440 5498 2637 5567 jacient
2684 5497 2801 5549 illos
2829 5496 3038 5564 quidam
3065 5497 3342 5551 crudeliter
3366 5497 3484 5551 strui
3511 5500 3668 5567 elatus

2109 5560 2371 5620 Christum
2399 5560 2796 5639 incognititetc.
2831 5560 2989 5637 Atqui
3014 5569 3336 5635 jamdudum
3365 5579 3482 5622 ante
3509 5560 3675 5639 Christi

2111 5648 2353 5706 tempora
2383 5638 2552 5709 viguit
2579 5639 2632 5693 in
2661 5638 2969 5693 JUdiDOI‘UIII
2995 5649 3156 5709 gente
3198 5641 3383 5709 opinio
3411 5639 3474 5694 de
3502 5638 3674 5709 dtemoo

2111 5711 2268 5765 nibus
2299 5706 2526 5781 corpora
2569 5711 2800 5764 humana
2824 5706 3208 5781 infestantith
3236 5706 3598 5781 malorumque
3635 5706 3672 5758 itt

2111 5782 2321 5838 inferno
2349 5779 2665 5841 tortoribus.
2695 5779 2853 5836 Conf.
2889 5783 3153 5852 imprimis
3183 5782 3429 5839 Weste'n.
3461 5782 3520 5835 ad
3562 5779 3668 5834 Nov.

2110 5853 2284 5920 Test.,
2315 5864 2423 5910 tom
2453 5873 2491 5924 ι,
2527 5874 2580 5929 p.
2608 5854 2716 5910 279
2767 5862 2822 5910 et
2869 5869 3020 5926 seqq.
3075 5855 3317 5911 Similem
3370 5854 3670 5908 .ludaicornm
