3850 6340
185 348 284 406 853

1504 358 1710 415 LIBER
1738 359 2120 420 SECUNDUS.

3380 364 3489 423 35L

187 474 322 529 illam
347 472 580 541 discere,
613 473 708 530 sed
734 474 931 530 docere
966 497 977 527 ;
1014 488 1113 528 nec
1137 488 1202 529 ex
1233 474 1418 543 docta,
1453 484 1510 529 ut
1539 474 1758 538 dicitur,
1790 477 1844 537 Α
1868 475 2035 531 dicari
2068 487 2252 533 natura
2284 493 2407 534 esse
2434 479 2727 550 passivum.
2760 480 2919 548 Quod
2950 489 3133 537 autem
3162 490 3247 537 est
3290 495 3485 552 prom-

187 567 574 624 elementariam
606 566 723 623 ﬁeri
761 586 774 621 :
806 566 901 624 scd
932 568 1257 623 retinentem
1303 584 1388 622 res
1420 583 1545 624 suas
1576 583 1773 639 corpo-

186 659 325 715 ribus
345 668 515 715 semet
534 658 912 730 circumligare
940 660 1193 715 terrenis.
1220 659 1330 715 Nisi
1351 661 1493 716 enim
1526 676 1649 717 sese
1679 664 1774 715 ba-

186 752 351 809 buerit
386 767 471 809 res
496 756 598 818 ita,
629 751 864 807 discerni
910 752 1030 822 quis
1054 752 1283 821 poterit,
1316 764 1565 808 utrumne
1615 752 1771 819 illud,

186 845 321 917 quod
346 845 513 909 audit,
534 844 936 912 reminiscatur,
970 860 1037 897 an
1063 843 1273 899 discat?
1297 861 1419 900 cum
1449 846 1621 901 multo
1648 845 1776 901 faci—

186 938 281 994 lius
326 938 394 992 sit
437 936 691 1001 credere,
726 938 937 993 discere
969 938 1116 995 illam
1156 937 1301 1009 quod
1328 939 1540 995 nesciat
1563 982 1580 1008 ,
1614 954 1775 1010 quam

186 1032 419 1097 oblitam,
449 1029 591 1099 quod
616 1030 778 1101 paulo
806 1041 933 1086 ante
960 1031 1196 1098 sciebat,
1225 1041 1279 1086 et
1304 1034 1555 1103 oppositu
1580 1048 1779 1105 corpo-

186 1126 257 1181 ris
284 1124 454 1178 amitti
485 1123 841 1193 repetentium
868 1129 1132 1194 priorum.
1160 1124 1227 1179 Et
1252 1124 1339 1179 ubi
1367 1134 1449 1179 est
1472 1124 1603 1179 illud
1625 1123 1778 1194 quod

186 1216 372 1272 dicitur
402 1215 753 1285 incorporalis
777 1216 957 1270 anima
987 1215 1343 1271 substantiam
1392 1232 1498 1269 non
1530 1214 1773 1271 habere?

188 1308 332 1378 Quod
361 1308 502 1364 enim
533 1309 731 1364 nullius
760 1319 843 1364 est
872 1308 1118 1380 corporis
1140 1351 1155 1375 ,
1183 1309 1530 1380 oppositione
1555 1310 1781 1365 alterius

192 1419 289 1459 non
320 1403 627 1474 impeditur,
674 1418 775 1459 nec
818 1408 998 1473 potest
1045 1402 1245 1472 aliquid
1286 1402 1501 1456 suaderi
1556 1400 1785 1472 perdere

190 1495 259 1562 id,
286 1494 424 1566 quod
449 1510 553 1549 non
581 1502 753 1564 potest
779 1504 979 1549 tactum
1002 1494 1083 1549 rei
1106 1496 1369 1565 oppositae
1396 1496 1685 1550 sustinere.
1715 1494 1784 1551 Ut

191 1587 328 1642 enim
379 1600 640 1643 numerus
692 1586 745 1641 in
793 1585 1114 1657 corporibus
1153 1587 1502 1651 constitutus,
1537 1587 1784 1656 quamvis

192 1680 331 1735 mille
368 1680 688 1749 corporibus
719 1678 1003 1744 obruatur,
1059 1679 1292 1733 intactus
1344 1688 1399 1734 et
1452 1678 1785 1734 inviolabilis

188 1780 407 1840 constat,
430 1772 499 1826 ita
526 1785 751 1826 necesse
771 1780 856 1826 est
879 1771 1108 1834 animas,
1128 1770 1175 1825 si
1200 1780 1343 1835 sunt,
1365 1779 1422 1824 ut
1446 1771 1783 1841 perhibetur,

1880 578 2027 639 ptum
2075 578 2237 639 atque
2276 571 2584 641 expositum
2638 572 2913 642 passioni,
2956 571 3314 642 corruptibile
3342 585 3490 635 esse.

1875 660 1990 731 ipsa
2014 660 2371 729 passibilitate
2392 663 2808 731 interveniente,
2838 663 3211 719 denuntiatur.
3247 712 3254 716 .

1950 750 2167 806 XXVII.
2198 752 2375 823 Ergo,
2400 755 2443 808 si
2468 764 2523 810 et
2550 756 2743 810 animae
2773 756 3004 824 perdunt
3030 771 3191 813 omne
3222 755 3366 828 quod
3392 771 3493 813 no-

1881 855 2106 913 verant,
2151 847 2526 917 corporalibus
2569 849 2796 904 vinculis
2836 860 3149 921 occupatas,
3208 850 3490 919 patiantur

1879 952 2107 993 necesse
2150 950 2235 993 est
2262 938 2489 1010 aliquid,
2539 939 2682 1011 quod
2713 955 2807 996 eas
2836 938 3038 995 efﬁciat
3069 940 3360 995 oblivionis
3407 940 3491 994 in-
3589 988 3592 992 .

1881 1032 2050 1088 duere
2083 1042 2107 1069 δ
2140 1033 2456 1089 caecitatem.
2504 1033 2689 1103 Neque
2738 1032 2885 1088 enim
2912 1032 3047 1088 nihil
3097 1033 3322 1088 omnino
3374 1047 3498 1103 pcr-

1884 1140 2077 1194 pessze,
2108 1134 2202 1179 aut
2230 1126 2590 1195 integritatem
2623 1134 3015 1180 conservantes
3045 1139 3220 1191 suam,
3255 1133 3484 1195 possunt

1884 1231 2064 1271 rerum
2095 1218 2373 1271 scientiam
2421 1231 2646 1286 ponere,
2696 1226 2789 1271 aut
2831 1218 2883 1273 in
2932 1216 3069 1271 alios
3118 1216 3329 1271 habitus
3377 1216 3495 1269 sine

1884 1307 1969 1362 sui
2000 1306 2354 1362 mutabilitate
2386 1309 2636 1362 transire.
2664 1307 2826 1378 Atqui
2850 1322 2946 1362 nos
2972 1306 3323 1372 arbitramur,
3351 1308 3493 1377 quod

1886 1411 1970 1457 est
2002 1418 2187 1464 unum,
2222 1401 2383 1472 quod,
2410 1401 2742 1467 immortale,
2775 1403 2920 1471 quod
2948 1400 3202 1471 simplex,
3237 1414 3499 1470 quacum-

1886 1511 1992 1566 que
2015 1495 2065 1549 iu
2094 1510 2153 1551 re
2183 1495 2362 1562 fuerit,
2395 1495 2706 1551 necessario
2731 1509 2947 1563 semper
2963 1508 3115 1548 suam
3142 1481 3380 1548 retinere
3402 1505 3469 1544 na
3488 1519 3502 1531 ο

1890 1598 2064 1643 turam
2093 1606 2105 1642 :
2133 1604 2235 1644 nec
2251 1588 2449 1644 debere
2472 1598 2562 1643 aut
2578 1603 2738 1660 posse
2768 1587 2969 1659 aliquid
2994 1587 3242 1658 perpeti,
3269 1584 3317 1640 si
3341 1583 3503 1639 modo

1888 1697 2012 1738 esse
2042 1692 2361 1753 perpetuum
2394 1684 2687 1755 cngitat,ct
2712 1685 2763 1736 iu
2795 1682 2991 1737 finibus
3016 1679 3251 1751 proprias
3278 1680 3504 1734 immor-

1890 1776 2115 1831 talitatis
2162 1777 2393 1831 ba-rcre.
2451 1776 2643 1830 ()mnis
2675 1775 2818 1830 enim
2854 1774 3037 1844 passio
3068 1771 3203 1828 lethi
3232 1782 3397 1841 atque
3425 1771 3509 1825 in~

188 1864 535 1934 incorporeze,
560 1863 892 1919 oblivionem
924 1864 1162 1933 priorum
1191 1864 1394 1918 nullam
1424 1866 1531 1934 pati
1560 1880 1788 1937 :quam-
1818 1875 1867 1936 Β
1897 1869 2089 1923 teritus
2111 1867 2275 1937 janua
2308 1878 2389 1922 est
2417 1910 2431 1932 ,
2462 1866 2528 1922 ad
2560 1878 2791 1922 mortem
2819 1865 3026 1921 ducens
3044 1864 3155 1931 via,
3188 1872 3245 1919 et
3270 1862 3505 1918 inevita-

188 1956 263 2011 vis
292 1970 380 2011 eas
411 1955 756 2011 solidissimis:
801 1971 1091 2025 corpnrum
1142 1957 1637 2026 circumligaverint
1655 1957 1785 2029 jun-

188 2049 407 2104 ctiones.
442 2047 792 2119 Quid?'quod
826 2050 1015 2104 eadem
1053 2049 1191 2103 ratio
1225 2064 1331 2104 non
1365 2058 1571 2105 tantum
1615 2052 1789 2105 incor-

190 2155 375 2210 poreas
430 2139 755 2197 indicateas
804 2156 909 2195 non
956 2156 1101 2205 esse,
1158 2157 1343 2197 verum
1393 2142 1554 2196 etiam
1613 2144 1788 2212 privat

190 2232 589 2287 immortalitate
619 2232 718 2286 bas
759 2230 943 2299 omni,
992 2242 1050 2287 et
1073 2231 1141 2287 ad
1188 2236 1323 2288 lines
1367 2234 1633 2303 applicat,
1668 2235 1789 2305 qui-

188 2325 279 2379 bus
301 2325 406 2378 vita
431 2332 693 2379 consueta
719 2334 802 2380 est
827 2324 1126 2379 terminari.
1159 2324 1598 2395 Quidquid'enim
1621 2341 1785 2382 causa

190 2417 462 2489 ingruente
493 2418 754 2472 nonnulla
787 2418 859 2471 ita
887 2426 1146 2483 mutatur,
1182 2428 1237 2473 et
1265 2416 1511 2487 vertitur,
1554 2429 1615 2475 ut
1642 2421 1783 2476 inte-

188 2511 426 2581 gritatem
456 2526 609 2567 suam
638 2514 873 2569 retinere
902 2527 1009 2567 non
1038 2512 1208 2583 possit
1231 2530 1243 2567 :
1265 2512 1317 2567 id
1345 2528 1569 2569 necesse
1594 2524 1679 2570 est
1702 2515 1784 2579 ju-

1897 1963 2062 2019 bilcm
2095 1964 2257 2019 rebus
2300 1962 2532 2019 aﬂerens
2576 1962 2909 2019 functioncm
2940 1980 2953 2015 :
2986 1976 3147 2031 quam
3192 1958 3240 2014 si
3266 1956 3511 2013 sentiunt

1896 2059 2115 2125 animae,
2150 2066 2204 2111 et
2252 2059 2414 2112 tactui
2454 2058 2572 2126 ejus
2618 2065 2781 2126 atque
2832 2054 3234 2111 incursionibus
3285 2048 3508 2115 cedunt,

1898 2165 1999 2206 usu
2031 2161 2086 2206 et
2110 2150 2216 2206 illis
2261 2162 2344 2207 cst
2376 2152 2481 2206 vita
2530 2166 2635 2206 non
2669 2150 2947 2230 mancipio.
2974 2148 3205 2212 tradita,
3260 2143 3511 2216 quamvis

1897 2244 2059 2299 aliter
2088 2244 2306 2315 quidam
2335 2243 2571 2300 inferant
2592 2287 2606 2312 ,
2635 2252 2693 2300 et
2721 2246 2801 2300 rei
2833 2251 2995 2297 tanta:
3025 2240 3186 2296 fidem
3218 2239 3334 2294 suis
3357 2238 3411 2293 in
3434 2251 3514 2292 ar-

1894 2337 2395 2405 gumentationibus
2426 2346 2652 2407 ponant.

1971 2426 2210 2485 XXVIII.
2255 2428 2335 2484 Ac
2376 2445 2445 2485 ne
2496 2441 2675 2484 tamen
2720 2426 2971 2483 instructi
3020 2440 3127 2480 non
3153 2423 3365 2495 plenius
3412 2420 3515 2475 ab-

1895 2534 2107 2587 eamus,
2127 2520 2441 2576 audiamusb
2460 2537 2488 2576 a
2510 2516 3152 2592 vobis,quemadmodum
3174 2514 3374 2580 dicitis,
3400 2510 3517 2567 ani-

1396 2625 1783 2686 LECTIONES
1814 2630 2239 2691 VARIANTES.

244 2746 269 2775 ⁸
293 2743 537 2801 Inducere
568 2742 671 2795 alii.

1953 2749 1982 2789 ι)
2020 2750 2207 2805 Audire
2235 2763 2440 2804 avemus
2474 2752 2616 2804 Fule.

1571 2851 2132 2917 COMMENTARIUS.

188 2963 355 3039 Utitur
398 2964 674 3039 Arnobius
714 2963 819 3039 hnc
867 2963 1034 3039 verbo
1076 2978 1452 3039 progenerc,
1503 2964 1692 3039 sobole
1733 2978 1790 3021 et

186 3034 545 3099 multitudine,
568 3051 719 3089 more
744 3035 1085 3089 Lucretiam.
1114 3034 1478 3089 Adi’indlcem
1508 3034 1786 3101 Giphanii.

184 3106 422 3163 Ειιιιιιιιι.
452 3136 529 3147 -—-
559 3106 690 3161 Vide
735 3120 885 3175 supr.
933 3105 999 3160 ad
1040 3106 1135 3161 lib.
1185 3120 1224 3172 ι,
1277 3121 1324 3160 c.
1349 3105 1441 3171 25,
1464 3116 1519 3161 et
1542 3104 1679 3160 infra
1724 3107 1790 3162 ad

184 3177 270 3234 lib.
300 3196 387 3245 vn,
416 3194 465 3233 c.
496 3179 589 3232 25.
623 3180 826 3232 υιιιτιι..

253 3249 651 3304 Elemmtariam
671 3252 801 3315 fieri.
823 3247 879 3303 Id
897 3256 997 3313 est,
1027 3247 1212 3316 primis
1233 3248 1516 3303 elementis
1544 3248 1793 3303 imbuen-

186 3320 322 3374 dam.
362 3320 593 3384 Seneca,
636 3321 795 3387 epist.
841 3336 1021 3374 χχχιι.
1060 3318 1248 3388 Turpis
1280 3333 1323 3374 et
1354 3319 1680 3373 ridiculures
1719 3335 1789 3375 est

184 3392 533 3447 elementarius
559 3408 730 3447 senex.
768 3392 1011 3448 ELIENH.
1044 3398 1102 3446 et
1130 3390 1337 3446 Nomm.
1368 3390 1586 3445 —-Eine
1626 3389 1791 3444 ABG-

188 3463 470 3522 Schulerin.
503 3462 710 3518 Οιιειι.

181 3570 186 3576 -
256 3534 606 3602 Ηφειεηιὶαηι
676 3534 923 3603 priorum.
1000 3532 1205 3587 Glossm
1262 3531 1649 3603 :~Repetentlu.
1721 3563 1795 3575 -—

187 3606 502 3678 ἐπανάληψις.
547 3605 687 3659 Infra
710 3621 831 3676 cap.
861 3604 971 3678 98.7
997 3605 1152 3678 Quod
1193 3606 1325 3657 enini
1363 3605 1513 3658 rebus
1548 3605 1794 3678 ingressis

189 3675 414 3743 priorum
438 3675 788 3746 repetentium
801 3677 1044 3748 detrahit,
1073 3677 1123 3730 id
1151 3685 1238 3731 cst
1265 3678 1561 3748 ἀνάμνησιν.
1587 3675 1793 3732 Lucre-

189 3749 304 3810 tius,
334 3749 428 3803 lib.
452 3764 533 3811 tn,
570 3763 715 3803 vers.
748 3747 872 3815 865,
908 3763 1025 3817 seq.
1054 3764 1068 3803 :

273 3838 737 3903 Interruptaiseuiel
761 3851 871 3903 cum
894 3839 958 3903 sit
982 3841 1268 3903 repetentia
1291 3842 1476 3889 nostra.

271 3900 333 3951 Et
356 3900 485 3952 nunc
506 3902 576 3950 nil
606 3902 667 3951 ad
690 3914 779 3953 nos
797 3902 862 3952 de
884 3902 1027 3950 nobis
1050 3900 1245 3959 attinet,
1270 3907 1387 3951 ante

274 3963 365 4023 Qui
388 3962 591 4015 fuimus.

186 4047 269 4104 Sic
293 4050 567 4104 retinentia
615 4063 829 4118 quoque
876 4048 1014 4115 apud
1062 4048 1403 4104 Lucretium.
1456 4063 1560 4118 qua
1611 4062 1792 4103 rerum

191 4120 573 4187 prteteritarum
606 4120 895 4189 fugientem
920 4122 1236 4173 mmnnriatn
1268 4121 1565 4173 retinemus
1595 4121 1713 4175 scil.
1738 4130 1797 4175 et

188 4193 525 4257 retraltitnus,
560 4192 654 4245 lib.
680 4206 757 4256 ιιι,
789 4206 933 4246 vers.
967 4190 1095 4255 674,
1124 4207 1239 4261 seq.
1270 4209 1283 4244 :

272 4284 391 4347 Nam
412 4286 451 4335 si
477 4292 745 4347 tantopere
770 4285 829 4333 'st
852 4286 996 4347 animi
1024 4290 1208 4333 mutata
1236 4275 1475 4347 potestas,

274 4346 440 4397 Omnis
461 4357 513 4396 ut
534 4346 755 4397 actarum
782 4346 1028 4396 exciderit
1052 4346 1321 4396 retinentia
1340 4359 1528 4395 rerum.
1552 4392 1558 4402 ,

1187 4407 1409 4458 Hanno.
1433 4416 1485 4457 et
1510 4408 1730 4458 Euam.

255 4489 614 4563 Incorporales
646 4494 845 4546 animus
875 4492 1201 4563 substantias
1231 4507 1332 4544 non
1364 4491 1569 4563 habere.
1602 4491 1675 4545 Ita
1701 4490 1789 4547 ed.

1974 2956 2326 3033 Passibililate
2345 2977 2727 3031 interveniente.
2772 2976 3101 3034 Passibilitas
3128 2989 3233 3029 vos
3264 2972 3513 3028 cadentis

1901 3040 2228 3099 Latinitatis.
2254 3046 2369 3099 νξιι.
2396 3046 2575 3111 Voss.,
2599 3046 2668 3101 de
2690 3046 2851 3101 Vitiis
2876 3062 3044 3101 serm.
3066 3054 3121 3101 et
3151 3044 3239 3099 Ol.
3262 3042 3508 3099 Borriclt.

1899 3111 2159 3183 Cogitat.,
2193 3133 2245 3186 p.
2293 3112 2540 3174 189.'Sic
2584 3118 2844 3187 passibilis
2872 3116 3008 3172 infra
3041 3117 3178 3173 libro
3208 3113 3514 3187 vn:_Quic-

1819 3183 1865 3247 C
1896 3187 2022 3255 quid
2064 3183 2205 3241 enim
2240 3201 2465 3261 vexatur
2490 3194 2565 3243 rei
2585 3183 2828 3261 alicujus
2861 3205 2891 3243 e
2927 3199 3088 3255 metu,
3128 3185 3370 3259 possibile
3409 3202 3517 3240 esse

1896 3267 2167 3330 constaret
2196 3260 2401 3330 fragile.
2434 3259 2639 3319 OBELL.

1970 3327 2297 3403 ιιχνιιέ-ξ
2338 3330 2400 3386 Si
2446 3334 2597 3386 modo
2634 3348 2742 3386 esse
2799 3340 3099 3403 perpetuum
3137 3330 3350 3401 cogitat.
3384 3327 3515 3383 Sine

1896 3397 2063 3455 dubio
2112 3401 2397 3471 legendum
2448 3422 2460 3457 :
2512 3420 2623 3463 esse
2667 3420 2721 3458 se
2771 3397 3091 3528 p'erp'etuunb
3116 3397 3329 3471 cogitat.

3096 3490 3253 3528 nELL.

3096 3490 3253 3528 ιιειι..

1974 3542 2153 3617 Un_mis
2178 3546 2311 3599 enim
2341 3545 2511 3617 passio
2539 3546 2659 3600 lethi
2686 3555 2835 3615 atque
2852 3546 3085 3600 interitus
3108 3547 3391 3617 janua_est.
3421 3540 3514 3596 In-

1896 3612 1977 3685 fra
1998 3634 2009 3669 :
2032 3612 2231 3671 Rursus
2256 3612 2373 3669 vero
2400 3617 2443 3669 si
2470 3618 2657 3672 animus
2681 3612 2807 3673 let/ts
2825 3612 3244 3685 adeuntjanuas.
3270 3614 3515 3669 Imitatur

1897 3684 2207 3742 Lucretium
2241 3704 2292 3742 ν.
2326 3688 2429 3743 574
2465 3704 2481 3742 :

2023 3802 2165 3885 IIaud
2190 3805 2344 3867 igitur
2371 3805 2494 3856 letbi
2518 3806 2756 3870 praeclusa
2780 3810 2859 3856 est
2876 3806 3027 3870 janua
3044 3804 3189 3856 ctelo.
3228 3802 3450 3855 Busan.

1972 3909 2324 3966 Ineuitabilem
2361 3912 2510 3966 rebus
2546 3912 2764 3979 aﬂ'erens
2796 3912 3127 3983 functionem.
3162 3909 3514 3983 Functio‘pro

1899 3995 2098 4054 morte,
2132 3994 2186 4036 ut
2213 3983 2361 4054 fungi
2390 3985 2670 4054 proniori,
2704 3980 2903 4054 locutio
2935 3983 3213 4037 familiaris
3246 3980 3508 4037 Arnobin.

1896 4053 1986 4108 Sic
2019 4053 2154 4106 infra
2187 4053 2320 4121 cap.
2348 4055 2437 4108 57.
2476 4053 2576 4107 Hic
2598 4064 2738 4107 retur
2770 4053 3027 4124 (animas)
3061 4069 3168 4107 csse
3214 4063 3511 4121 perpetuas,

1898 4136 1947 4177 et
1964 4141 2226 4197 superesse
2246 4126 2540 4179 mortalium
2550 4122 2827 4197 junctioni.
2850 4122 3109 4197 Ita‘morte
3126 4126 3335 4195 functus
3352 4123 3442 4178 lib.
3474 4140 3511 4189 t,

1898 4210 2017 4265 cap.
2052 4196 2145 4251 ιι.
2177 4194 2312 4250 Vide
2358 4194 2638 4251 Vorstiad
2669 4196 2874 4264 Sulpic.
2922 4194 3138 4259 Seven,
3170 4211 3209 4262 ι,
3257 4210 3378 4264 cap.
3414 4210 3510 4259 vn,

1898 4277 1953 4322 ct
2002 4267 2368 4332 Bunemann.,
2416 4267 2485 4323 ad
2534 4267 2804 4333 Lactant.,
2855 4267 3026 4322 instit.
3081 4282 3177 4333 vn,
3237 4280 3358 4335 cap.
3420 4265 3513 4328 l0,

1900 4353 1962 4407 pa
2008 4379 2020 4391 .
2055 4338 2119 4393 9i
2142 4344 2181 4395 t.
2216 4339 2420 4395 Οιιιιιι..

1966 4353 2083 4464 gius
2122 4422 2169 4465 et
2214 4412 2319 4465 illis
2349 4422 2423 4465 est
2470 4410 2603 4474 vita,
2637 4427 2739 4465 non
2788 4409 3045 4480 mancipio
3080 4409 3292 4464 tradita.
3338 4406 3394 4462 Id
3432 4415 3518 4463 est

1898 4481 2020 4535 data
2064 4493 2147 4536 est
2194 4482 2301 4536 illis
2341 4483 2446 4535 vita
2497 4480 2565 4536 ad
2609 4496 2787 4547 usum,
2840 4496 2945 4535 non
3002 4492 3061 4552 ut
3095 4490 3416 4552 perpetuam
3450 4493 3515 4533 ac

188 4560 347 4632 Lugd.
376 4551 515 4627 It'at.,
550 4580 582 4618 e
610 4566 946 4619 correctione
974 4561 1286 4618 Stewccbti.
1317 4565 1489 4617 Antea
1514 4562 1792 4631 legebatur
1818 4570 1873 4631 ι)
1898 4564 2153 4607 mteran
2188 4568 2308 4608 eam
2340 4553 2594 4609 habeant.
2625 4552 2908 4608 Lucretius
2936 4568 3015 4617 tu.
3043 4551 3150 4608 984
3185 4573 3199 4608 :

186 4634 515 4701 incorpomlis
564 4637 759 4695 (mium,
805 4634 899 4687 sed
935 4634 1348 4702 incorporalisin
1382 4634 1503 4687 cod.
1550 4650 1652 4687 tns.
1703 4642 1788 4689 est

188 4708 515 4761 accusativus
552 4708 775 4776 pluralis
819 4721 913 4773 pro
957 4706 1322 4773 iucorpomles.
1361 4704 1465 4759 Alii
1496 4720 1508 4756 :
1542 4706 1784 4775 incorpo-

188 4780 335 4829 ralem
364 4780 569 4831 auimas
593 4777 946 4830 substantiam.
982 4778 1188 4830 UBELL.

259 4847 494 4903 Suaderi.
519 4848 671 4903 Fnlv.
709 4848 933 4902 Ursinus
960 4848 1063 4916 leg.
1097 4856 1284 4901 censet
1315 4846 1493 4901 videri.
1525 4846 1629 4901 Sed
1655 4846 1786 4901 nihil

190 4918 782 4985 mutandum.Suaderi,
830 4918 1059 4984 perdere,
1086 4918 1137 4971 id
1169 4928 1253 4971 est
1292 4917 1443 4987 affici,
1489 4928 1541 4969 ut
1583 4919 1785 4985 perdat.

192 4989 257 5042 Ita
286 4992 519 5051 suadere,
568 4991 822 5056 imperare
848 4992 1145 5057 Stl‘plSSltllC
1170 4989 1329 5042 etiam
1374 4988 1439 5043 de
1474 4990 1635 5043 rebus
1669 4992 1786 5043 ina-

190 5061 396 5114 nintatis
444 5076 542 5129 pro
587 5060 887 5129 impellere,
940 5060 1254 5115 sollicitare.
1312 5060 1557 5124 Lucret.,
1600 5061 1677 5117 lib
1755 5078 1792 5127 l,

190 5145 323 5186 vers.
354 5133 458 5186 I75
493 5150 507 5189 :

1088 5219 1356 5271 Frumenta
1381 5221 1545 5271 calore

276 5284 435 5334 Viteis
453 5292 693 5335 autumno
718 5281 850 5332 fundi
876 5282 1120 5332 suadente
1148 5283 1384 5332 videmus.

195 5366 276 5422 ubi
308 5377 483 5425 tamen
512 5368 604 5423 alii
643 5367 829 5437 legunt
866 5389 877 5422 :
906 5369 1140 5421 sudante.
1162 5364 1299 5421 Vide
1328 5366 1603 5492 Bambinq
1629 5382 1681 5437 p.
1703 5367 1794 5422 35.

268 5458 269 5461 η
1380 5454 1533 5492 nunc.

268 5458 269 5461 “
1328 5454 1533 5492 υιιειι.

262 5508 324 5566 In
366 5511 687 5582 corporibus.
740 5510 893 5564 It‘ulv.
930 5509 1157 5566 Ursinus
1197 5526 1209 5563 :
1242 5509 1594 5576 incorporeus.
1636 5508 1791 5565 Male.

1336 5582 1537 5636 URELL.

262 5654 710 5725 Corporunt.......
737 5653 1051 5725 junctiones.
1081 5653 1184 5708 Alii
1219 5674 1232 5709 :
1280 5654 1583 5717 vinctioues,
1632 5654 1795 5707 male.

199 5724 458 5782 Arnobius
486 5726 625 5782 infra
653 5724 845 5782 eodem
888 5725 1027 5781 libro
1056 5746 1067 5779 ε
1119 5726 1244 5790 Quis
1275 5736 1454 5778 auctor
1474 5725 1801 5791 junctiouis?

199 5796 306 5868 Lib.
338 5815 390 5853 ιιι
425 5798 824 5853 ε’,ὶιιιιιίιιιάὶηίι
840 5799 1126 5868 junctionis
1150 5793 1442 5868 differentia
1471 5806 1793 5868 conservata.

203 5866 312 5923 Lib.
345 5886 394 5927 rt
432 5890 444 5927 :
480 5866 897 5928 Siuiulucrorum
934 5868 1214 5925 coalescere
1239 5867 1517 5937 junctioni.
1550 5866 1797 5923 Et...£tm.

1990 4666 2207 4730 Vitaque
2232 4668 2489 4731 mancupio
2508 4666 2629 4716 nulli
2652 4667 2817 4727 datur,
2856 4666 3089 4717 omnibus
3112 4680 3223 4717 usu.

1897 4771 2101 4828 Seneca
2162 4770 2335 4840 Epist.
2400 4787 2593 4826 LXXII:
2636 4768 2790 4826 Nihil
2832 4771 2924 4824 dat
2972 4775 3182 4897 foétuna
3228 4772 3508 4845 mancipio.

2460 4876 2463 4879 η
3069 4860 3266 4897 Llnun.

2460 4876 2463 4879 <
3020 4860 3266 4899 διυειιιι.

1975 4936 2218 5001 Quamvis
2246 4936 2393 4989 aliter
2415 4935 2613 5004 quidem
2633 4936 2874 5004 inferant.
2896 4933 2950 4988 Id
2974 4943 3057 4989 est
3069 4946 3509 5006 argumententur,

1901 5009 2229 5063 concludunt.
2279 5006 2502 5060 Locutio
2544 5006 2686 5077 apud
2715 5006 3101 5060 'l‘crtullianum
3134 5018 3190 5061 ct
3220 5006 3509 5076 Apuleium

1904 5081 2043 5133 baud
2078 5079 2409 5148 infrequens;
2454 5078 2548 5131 sed
2586 5080 2747 5132 etiam
2794 5077 3193 5146 prnbzttioribus
3231 5077 3512 5146 scriptori-

1900 5153 2023 5215 bus,
2079 5151 2227 5205 vetbi
2282 5164 2444 5203 causa
2495 5149 2827 5215 Quintiliano
2873 5148 3002 5203 Inst.
3053 5165 3107 5215 v,
3162 5164 3281 5218 cap.
3337 5151 3425 5214 Μ,
3455 5160 3511 5205 et

1902 5224 1992 5279 lib.
2029 5239 2142 5286 Vlll,
2171 5238 2289 5291 cap.
2322 5224 2376 5284 4,
2411 5231 2689 5289 usurpata.
2730 5219 2896 5289 Cujus
2936 5220 3085 5288 plura
3117 5219 3363 5289 exempla
3391 5222 3509 5275 cnl-

1904 5295 2032 5364 legit
2082 5293 2420 5364 Bnnemann,
2475 5291 2548 5350 ad.
2594 5291 2856 5347 Lactantii
2904 5291 3033 5345 Inst.
3087 5305 3183 5358 vn,
3230 5306 3348 5362 cap.
3406 5292 3509 5359 l3,

1904 5363 2022 5437 pag.
2057 5365 2196 5437 792:7,
2216 5379 2330 5434 seq.
2364 5363 2567 5437 Οιιειι..

1976 5435 2216 5493 XXVIII.
2273 5432 2345 5476 -'—
2400 5436 2471 5487 Ac
2524 5451 2587 5489 ne
2643 5443 2811 5487 tanten
2863 5434 3095 5488 instructi
3148 5450 3249 5488 non
3310 5432 3512 5503 plenius

1904 5510 2166 5570 abeamus,
2190 5508 2459 5562 audiamus
2485 5522 2515 5558 a
2540 5505 2699 5566 vobis,
2719 5506 3150 5575 quemadmodum
3171 5506 3363 5569 dicitis,
3396 5505 3510 5557 ani-

1906 5597 2039 5645 mas,
2069 5596 2185 5633 cum
2208 5582 2417 5644 terrenis
2449 5579 2637 5647 fuerint
2662 5578 2959 5644 corporibus
2985 5578 3246 5639 inuoluite,
3278 5578 3507 5647 priorum

1907 5652 2336 5706 reminiscentiam
2380 5666 2479 5703 non
2520 5650 2723 5703 habere.
2752 5648 2825 5704 Ita
2856 5650 3126 5703 editiones
3166 5663 3376 5709 omnes,
3411 5661 3507 5700 ex-

1908 5736 2061 5792 cepta
2093 5724 2263 5787 prima
2286 5731 2342 5776 et
2370 5721 2538 5792 Lugd.
2570 5722 2689 5775 Bat.
2723 5736 2753 5775 e
2782 5721 3122 5776 correctione
3150 5720 3379 5776 Gelenii.
3404 5732 3508 5792 ms.

1910 5788 2157 5849 ct'cditio
2182 5794 2431 5864 princeps
2455 5788 2639 5853 liabet,
2665 5792 2911 5846 abeamus
2938 5808 3000 5847 ne
3022 5792 3329 5846 videamura
3349 5788 3512 5864 uobis:

1914 5866 2056 5923 unde
2074 5863 2337 5922 lleraldus
2360 5863 2412 5921 in
2435 5865 2593 5921 Curis
2618 5865 2877 5923 secundis
2900 5864 3186 5935 legendum
3214 5863 3528 5933 suspicatur
