3850 6356
292 355 400 412 8:15

1439 338 1716 403 ARNOBII
1753 303 2122 396 sovsnsus
2159 333 2433 395 armas

3503 327 3612 388 856

290 485 428 539 mas,
460 483 582 526 cum
618 465 846 524 terrenis
871 463 1070 522 iuerint
1095 459 1413 532 corporibus
1439 457 1719 521 involutae,
1751 451 1892 526 prio-
1922 456 1978 516 Α
1999 451 2309 510 conditione
2330 451 2628 510 mactatas?
2651 463 2817 523 quem
2843 457 3063 506 teneant
3090 450 3146 506 in
3168 447 3336 507 rebus
3356 445 3610 522 gradum,

293 578 413 619 rum
446 560 902 618 reminiscentiam
933 571 1038 614 non
1065 556 1301 620 habere;
1331 569 1454 609 cum
1479 552 1531 607 iu
1561 551 1690 621 ipsis
1710 561 1897 617 corpo-

2002 561 2112 618 quo
2138 547 2248 603 sint
2268 545 2458 602 ordine
2487 559 2516 598 a
2546 544 2660 600 Deo
2685 553 2840 615 patre
2866 542 3120 601 discreta
3140 543 3166 598 τ
3190 545 3259 599 ad
3285 543 3468 599 inflata
3492 541 3612 598 htec

294 656 446 712 ribus
470 656 684 725 pnsik'e,
707 665 764 710 et
790 667 965 725 prope.
982 648 1328 707 insensibiles
1354 661 1543 701 eorum
1565 642 1901 700 conunistio-
2004 639 2190 695 mundi
2217 653 2449 708 quanam
2475 636 2684 693 ratione
2714 636 3104 708 pervenerint?
3130 650 3269 706 quas
3295 650 3365 690 ex
3410 633 3610 706 quibus

295 763 365 805 ne
402 745 684 819 perfectze.
718 745 1066 816 pertinaciter
1093 752 1143 797 et
1179 739 1411 794 ﬁdeliter
1439 745 1659 793 teneant
1686 750 1748 790 ea
1777 747 1899 805 qua!

297 849 424 896 ante
450 853 624 894 annos
655 839 860 908 plures,
891 837 934 890 si
976 835 1113 889 velis
1138 831 1323 888 dicere
1354 830 1440 886 vel
1473 829 1745 898 octoginta
1766 867 1783 892 ,
1811 823 1898 880 vel

297 929 407 986 hoc
435 929 701 1000 amtilius,
742 928 838 982 vel
860 928 1134 991 fecerunt,
1166 923 1252 979 vel
1291 937 1463 994 passa:
1493 929 1648 984 sunt,
1683 918 1765 974 vel
1813 917 1898 973 lo-

300 1034 440 1080 cuta:
468 1034 614 1088 sunt,
641 1021 722 1076 vel
749 1020 1054 1074 audierunt.
1087 1016 1145 1074 Si
1166 1018 1310 1072 enim
1335 1013 1614 1069 obstaculo
1632 1009 1906 1084 perficitur

302 1116 546 1185 corporis
567 1155 582 1180 ,
612 1128 681 1168 ne
711 1113 1056 1167 meminerint
1076 1124 1263 1166 eorum
1287 1151 1300 1172 ,
1334 1122 1455 1178 quae
1475 1103 1820 1177 jamdudum,
1849 1110 1904 1157 et

301 1217 429 1262 ante
456 1205 725 1260 hominem
752 1203 1015 1264 sciebant,
1047 1202 1216 1273 magis
1235 1209 1320 1256 est
1341 1210 1398 1254 ut
1422 1213 1484 1254 ea
1503 1197 1739 1254 debeant
1759 1193 1903 1250 obli-

302 1300 436 1354 visci
467 1314 586 1370 quae
622 1298 894 1353 coiiclusm
923 1296 976 1351 in
1021 1294 1338 1365 corporibus
1377 1293 1714 1356 factitarunt,
1744 1301 1905 1359 quam

304 1407 427 1464 qua:
487 1391 618 1446 foris
673 1389 881 1461 positae,
939 1387 1174 1444 nondum
1224 1385 1528 1442 hominibus
1585 1383 1903 1452 conjugatar.

305 1485 464 1554 Quod
491 1485 634 1540 enim
669 1485 830 1538 rebus
861 1481 1118 1553 ingressis
1151 1479 1389 1550 priorum
1417 1476 1770 1548 repetentiam
1815 1471 1909 1527 de-

303 1581 495 1644 trahit,
531 1590 584 1633 et
617 1579 754 1633 intra
790 1592 850 1632 se
879 1584 1028 1648 gesta
1061 1571 1432 1630 irrecordabili
1453 1570 1616 1627 debet
1649 1569 1912 1624 oblitera-

310 1674 459 1729 tioue
489 1671 806 1744 deperdere.
832 1668 949 1726 Una
968 1668 1110 1725 enim
1129 1682 1289 1724 causa
1311 1681 1402 1721 res
1423 1664 1557 1720 duas
1574 1673 1600 1702 ει
1614 1662 1830 1718 efficere
1852 1676 1918 1717 ac

2004 732 2218 789 circulis
2244 731 2552 803 qualitates,
2583 731 2713 786 dum
2737 729 2792 786 iit
2826 730 2944 786 haec
2972 728 3400 792 localabuntur,
3437 736 3611 782 attra-

2008 823 2223 879 xeriot?
2247 821 2735 892 Quemadmodum,
2770 823 3012 894 inquam,
3041 823 3225 878 sciunt
3266 818 3614 876 doctissimas

2008 935 2068 976 se
2093 918 2278 984 fuisse,
2308 928 2363 976 et
2383 918 2756 975 obstructione
2776 933 3066 990 corporum
3091 916 3347 972 amisisse
3368 928 3490 985 qua
3517 927 3609 969 no-

2011 1012 2236 1068 verant!
2268 1011 2332 1068 Et
2378 1011 2484 1068 hoc
2528 1012 2702 1083 ipsum
2747 1011 2892 1067 enim
2939 1011 3151 1068 nescire
3199 1007 3618 1077 debuerant,si

2011 1103 2213 1174 aliquid
2241 1104 2320 1161 eis
2347 1103 2488 1160 labis
2506 1103 2808 1175 corporalis
2825 1104 3131 1159 invexisset
3152 1101 3456 1173 adiunctio;
3486 1113 3613 1156 nam

2013 1196 2155 1253 scire
2183 1197 2310 1267 quid
2338 1197 2507 1254 fueris
2527 1240 2541 1265 ,
2571 1206 2628 1253 et
2653 1195 2782 1268 quid
2815 1195 2974 1252 hodie
3007 1211 3116 1251 non
3142 1196 3218 1252 sis
3239 1237 3254 1260 ,
3281 1209 3390 1251 non
3418 1205 3504 1251 est
3530 1191 3622 1250 si-

2013 1304 2178 1361 gnum
2205 1288 2479 1346 memori-.e
2506 1290 2756 1362 perditae,
2790 1288 2886 1347 sed
2914 1290 3292 1360 cetnprohatio
3332 1288 3623 1345 indicium-

2014 1400 2120 1456 que
2147 1397 2394 1442 servatur.

2087 1477 2284 1536 XXIX.
2312 1480 2444 1549 Quae
2471 1494 2594 1535 cum
2634 1480 2706 1535 ita
2746 1494 2807 1536 se
2851 1479 3107 1548 habeant,
3128 1479 3386 1546 desinite,
3412 1491 3633 1550 quaeso,

2019 1570 2255 1630 desinite
2283 1587 2372 1629 res
2400 1587 2614 1643 parvas.
2643 1583 2808 1645 atque
2823 1573 3001 1645 exigui
3027 1572 3285 1628 niominis
3309 1570 3637 1628 immanibus

2023 1667 2214 1740 pretiis
2234 1666 2509 1722 :estimare
2535 1685 2548 1722 :
2575 1666 2808 1722 desinite
2830 1665 3127 1732 hominem,
3159 1665 3488 1737 proletarius
3515 1678 3638 1719 cum

309 1764 413 1819 sibi
443 1763 743 1818 contrarias
773 1777 880 1816 non
911 1769 1106 1825 potest,
1151 1768 1208 1813 ut
1243 1759 1474 1812 aliorum
1502 1755 1796 1812 memorias
1826 1768 1917 1810 so.
1949 1789 1997 1850 Β
2025 1759 2118 1823 εει,
2161 1757 2452 1819 classibus,
2494 1766 2551 1813 et
2595 1759 2776 1828 capite
2818 1773 2942 1814 cum
2984 1769 3294 1824 censeatur,
3326 1755 3643 1813 adscribere

320 1857 471 1926 piat,
501 1853 603 1908 alia
635 1852 870 1924 patiatur
917 1851 1120 1907 actoris
1149 1851 1202 1906 in
1234 1850 1663 1906 recordationem
1710 1848 1916 1904 venire.

315 1945 472 2014 Quod
520 1944 568 2001 si
617 1944 835 2009 animae,
885 1957 1022 2014 quas
1051 1943 1279 2009 vocatis,
1334 1941 1704 1997 membrorum
1752 1940 1924 2010 impe-

318 2039 542 2095 diuntur
571 2037 855 2094 obstaculo
874 2077 889 2100 ,
918 2037 1206 2108 quominus
1231 2044 1376 2090 artes
1406 2049 1532 2090 snas
1559 2035 1809 2104 antiquas
1836 2047 1922 2089 re-

317 2133 706 2198 miniscantur;
735 2131 788 2185 in
812 2127 1135 2200 corporibus
1160 2127 1290 2197 ipsis
1311 2123 1767 2198 quemadmodum
1794 2137 1925 2180 con-

321 2227 509 2283 stituta
555 2224 920 2280 meminerunt
971 2233 1025 2278 et
1074 2221 1255 2278 sciunt
1304 2222 1513 2276 animas
1553 2235 1613 2276 se
1657 2233 1817 2286 esse,
1870 2226 1927 2274 et

317 2319 656 2392 corporalem
683 2316 1042 2374 substantiam
1073 2331 1182 2372 non
1214 2313 1416 2371 habere
1439 2355 1454 2381 ,
1502 2313 1924 2370 immortalitatis

2027 1851 2312 1908 ordinibus
2353 1850 2582 1922 primis:
2609 1866 2732 1907 cum
2762 1850 2833 1908 sit
2863 1851 3042 1921 inops,
3077 1864 3282 1920 pauper
3307 1849 3444 1914 lare,
3473 1859 3531 1904 et
3557 1857 3645 1904 ta-

2029 1945 2166 2018 gurii
2187 1944 2458 2016 pauperis,
2476 1959 2576 2001 nec
2600 1943 2839 2015 patricia:
2859 1942 3124 1998 claritatis
3140 1957 3399 2014 umquam
3418 1940 3645 1997 meritus

2030 2039 2353 2102 nuncupari.
2383 2037 2518 2093 Cum
2547 2036 2692 2094 enim
2721 2050 2821 2092 vos
2845 2044 3124 2108 oporteret
3143 2035 3292 2091 viros
3318 2034 3456 2091 recti
3485 2043 3648 2105 atque

2031 2131 2361 2204 integritatis
2419 2140 2690 2196 auctores,
2755 2129 2978 2203 typhum
3008 2137 3065 2185 et
3090 2129 3459 2200 arrogantiam
3507 2126 3652 2182 fran-

2029 2238 2191 2296 gere,
2222 2237 2454 2295 quorum
2486 2223 2640 2278 malis
2684 2222 2863 2279 cuncti
2914 2221 3259 2287 estollimur,
3310 2229 3368 2276 et
3411 2219 3650 2275 inanium

2031 2317 2392 2374 distendimur
2416 2320 2656 2376 vanitate
2689 2337 2703 2377 :
2735 2333 2845 2376 non
2875 2327 3082 2375 tantum
3105 2317 3358 2376 accidere
3385 2316 3529 2373 mala
3550 2317 3649 2373 ista

1538 2408 1923 2468 LECTIONES
1959 2409 2378 2470 VABIANTES.

382 2514 412 2544 ³
446 2511 532 2564 Sic
569 2523 658 2562 ms.
680 2509 782 2560 Res
803 2509 1071 2560 contrarias
1093 2505 1210 2558 Sab.
1236 2504 1362 2557 Alii:
1389 2517 1474 2556 res
1514 2505 1754 2556 diversas.

1688 2587 2257 2669 COMMENTARIUS.

323 2697 398 2752 Ac
427 2711 489 2749 ne
517 2703 686 2746 tamen
706 2688 944 2746 instructi
973 2703 1074 2740 non
1099 2685 1301 2755 plenius
1329 2681 1607 2738 htibeamur
1629 2699 1719 2737 nec
1745 2682 1924 2755 videa-

322 2783 440 2822 mur
465 2783 497 2819 a
524 2764 663 2818 vobis
692 2761 835 2831 (st'il.
872 2775 978 2815 non
1023 2753 1554 2831 pleniusinstructi),
1595 2753 1926 2831 quemadmo-

323 2840 448 2892 dum
476 2835 645 2890 dicitis
673 2825 892 2894 animas,
923 2825 1036 2883 cum
1063 2829 1276 2882 terrenis
1304 2827 1496 2897 fuerint
1517 2825 1816 2897 corporibus
1835 2825 1924 2879 in-

324 2910 530 2971 voluttc,
578 2907 804 2976 priorum
852 2895 1760 2976 reminiscentiamhaberendeleto
1801 2912 1925 2976 non.

328 2978 485 3048 Quod
519 2967 903 3048 falsissimum.
943 2971 1076 3026 Nam
1124 2968 1317 3048 refutat
1361 2967 1632 3048 Arnobius
1672 2982 1795 3034 eos,
1839 2968 1931 3038 qui

331 3038 643 3106 ﬁatnebant
675 3064 687 3100 :
732 3046 1013 3101 hominum
1061 3041 1269 3095 animas
1295 3054 1418 3094 esse
1457 3038 1669 3094 divinas
1699 3048 1754 3094 et
1778 3048 1936 3092 mter-

329 3137 449 3178 nas.
483 3118 729 3187 adeoque
749 3117 987 3187 priorum
1021 3109 1937 3187 reminiscentiamhabituras,nisi

331 3189 580 3261 corporis
632 3178 875 3261 vinculis
916 3183 1346 3261 impedirentur,
1402 3179 1598 3261 quibus
1642 3178 1938 3234 Ostendere

332 3250 449 3318 vnli
478 3280 492 3317 :
523 3265 565 3315 si
608 3267 755 3314 esset
790 3250 1138 3312 animis'vita
1185 3254 1439 3307 huntanze
1486 3250 1610 3304 huic
1652 3260 1935 3316 anteacta,

334 3348 534 3406 corpus
559 3332 667 3406 illis
690 3345 794 3406 non
829 3329 943 3406 [ore
970 3325 1251 3406 obSIaculo
1275 3322 1690 3406 reoiiniscentim
1721 3337 1936 3406 eorum,

337 3392 457 3476 (ιιιὼ
497 3403 792 3459 factitarint
836 3399 966 3454 foris
1005 3398 1198 3476 posita:
1243 3404 1298 3450 et
1345 3393 1582 3476 nondum
1628 3392 1941 3476 hominibus

335 3464 658 3545 eonjogzitae,
687 3483 742 3528 et
771 3464 1036 3543 prchara’t
1083 3469 1332 3522 ita'suam
1379 3464 1900 3545 deinonslratiooem
1924 3504 1938 3527 ,

335 3534 546 3602 animas
573 3534 850 3600 hominum
881 3534 987 3596 non
1014 3554 1135 3596 esse
1161 3546 1392 3592 rrternas
1421 3550 1519 3590 nec
1541 3550 1568 3587 a
1601 3535 1709 3589 Deo
1732 3534 1944 3604 ιιι-υἷες-

340 3630 443 3683 tas,
470 3618 563 3673 sed
596 3633 623 3669 τι
669 3617 874 3670 naltiri~
919 3614 1076 3680 longe
1119 3607 1489 3664 inferioribus.
1539 3605 1729 3660 Eil'ttor
1767 3605 1939 3730 Lugd.

340 3690 457 3730 mi,
494 3689 613 3730 εριιίι
645 3705 655 3716 ο
690 3689 949 3730 abeamus-
982 3685 1113 3730 scire
1133 3696 1357 3730 (ιυινιιηιε.
1389 3677 1530 3730 quod
1560 3675 1750 3730 eodem
1781 3692 1838 3730 rc.
1884 3680 1939 3730 il.

339 3675 460 3745 But.
494 3689 618 3752 legit
645 3705 657 3740 :
690 3689 950 3747 abeamus,
982 3675 1113 3736 scire
1133 3696 1357 3742 avemus,
1389 3675 1750 3752 quod_eodem
1781 3675 1940 3752 redit,

341 3775 451 3832 quo
481 3747 751 3832 audiamus
785 3753 1319 3832 Gelenii.‘hleursius
1353 3747 1486 3832 pag.‘
1506 3747 1596 3810 65,
1623 3747 1768 3832 coiri.
1794 3748 1947 3801 abea-

343 3819 457 3885 ritus
490 3847 507 3884 :
535 3847 596 3883 ne
622 3831 884 3882 rideamur
903 3842 933 3876 a
963 3825 1119 3884 vobis.
1145 3819 1574 3891 quemadmodum
1605 3819 1945 3874 dicitis.......

341 3919 446 3957 non
472 3902 674 3956 habere.
702 3900 906 3954 OusLL.

419 3972 484 4026 Et
528 3987 689 4042 prope
733 3967 1264 4042 insensibiles‘eorum
1307 3962 1645 4042 permiagtione
1670 3964 1944 4042 perfectae.

346 4030 709 4098 Prolia'lec'tio
756 4059 770 4094 :
821 4054 942 4093 nam
987 4037 1073 4106 qui
1116 4030 1387 4102 corrigere
1417 4036 1602 4106 volunt
1630 4030 1825 4106 e/I'ecta:
1871 4037 1954 4099 (ut

345 4114 503 4171 Fulv.
535 4111 823 4236 Ursinus},
877 4105 1152 4164 falluntur.
1205 4107 1296 4160 Sic
1323 4105 1566 4173 per/icere
1594 4105 1948 4186 usurpabant.

346 4184 453 4236 Jul.
489 4184 734 4236 Firtuic..
788 4183 858 4236 ib.
896 4196 984 4234 vu.
1022 4178 1274 4236 Matltes.,
1303 4192 1422 4236 cap.
1453 4175 1540 4231 16.
1579 4173 1823 4229 Mulieres
1853 4191 1948 4230 tur-

346 4184 453 4242 Jul.
489 4184 734 4244 Firmis.
767 4173 858 4236 lib.
896 4196 984 4234 vit.
1022 4178 1274 4242 Matlies.,
1303 4192 1422 4245 cap.
1453 4175 1540 4231 16.
1579 4173 1823 4229 Mulieres
1853 4177 1955 4230 vir-

350 4258 515 4329 gines,
547 4256 842 4324 sterilesque
871 4251 1156 4319 perﬁcient,
1191 4258 1242 4329 et
1275 4248 1512 4329 srepiusq
1536 4246 1740 4329 Queen.

421 4315 709 4393 Quoininus
758 4315 898 4378 'artes
954 4315 1074 4375 suas
1105 4322 1347 4389 antiquas
1379 4318 1802 4371 reminiscantur.
1840 4315 1957 4393 _C_0-

345 4389 459 4455 dei
475 4415 576 4453 ms.
607 4398 874 4464 quominus
913 4404 1047 4446 artes
1083 4409 1202 4464 suas
1257 4393 1501 4464 antiquas
1538 4397 1690 4464 atque
1723 4389 1960 4464 reminis-

353 4481 556 4536 cantur,
581 4460 722 4522 unde
751 4466 1014 4521 Meursius
1041 4463 1184 4536 coni.
1216 4476 1358 4531 teque
1378 4460 1790 4514 rentiuiscantur.
1821 4460 1956 4514 Alii:

353 4551 491 4597 artes
516 4535 635 4594 snas
663 4552 812 4608 atque
835 4537 1066 4608 antiqua.
1090 4535 1291 4588 OBELL.

427 4599 845 4666 Immortaliintis
874 4599 1168 4661 conditione
1211 4612 1480 4658 mactatas.
1543 4599 1674 4656 Vide
1701 4614 1861 4670 supra
1893 4600 1960 4655 ad

353 4685 449 4742 lib.
488 4701 521 4747 ι,
553 4698 670 4752 cap.
705 4682 794 4737 41.
831 4679 1034 4735 Onus.

428 4743 549 4808 Non
581 4743 651 4806 est
676 4754 879 4823 signum
912 4749 1170 4823 "tentoria:
1197 4746 1408 4823 perdita:
1429 4745 1582 4823 ._sed
1616 4743 1963 4823 comprobatio

355 4813 971 4893 indiciumque'servatw.
1020 4813 1256 4893 Joannes
1297 4813 1967 4893 Sclieli‘erusﬁrgentora-

356 4899 527 4953 tensis
549 4897 600 4952 in
620 4886 1082 4949 'Advinsariorum
1113 4889 1269 4948 libro,
1304 4903 1421 4955 Cap.
1455 4886 1546 4948 ‘20.
1567 4887 1725 4939 infert
1756 4887 1960 4939 Miscel.

355 4971 515 5025 Ubss.
545 4967 666 5022 crit.
693 5009 708 5031 ,
741 4966 846 5019 vol.
879 4981 931 5019 ix
952 5005 966 5028 ,
1009 4977 1128 5032 pag.
1162 4959 1282 5014 165.
1319 4958 1635 5032 indiciuma
1660 4957 1961 5032 gltiSsatore

358 5040 630 5108 adjectum
663 5027 836 5107 putat,
882 5027 1237 5108 uiolethmat
1263 5029 1407 5108 enim
1438 5028 1706 5082 Arnobius
1740 5027 1959 5082 nomina

360 5099 694 5176 conjungere
723 5099 864 5163 idem
895 5102 1270 5176 significantia.
1304 5099 1509 5176 03511..

437 5168 628 5236 XXIX.
687 5208 757 5219 —
821 5168 1009 5246 Exigvui
1075 5171 1505 5246 mominis.’_Etsi
1564 5168 1772 5241 vulgata
1844 5169 1958 5246 lec-

362 5256 440 5309 tio
469 5252 688 5306 nonu'nis
750 5242 966 5304 tolerari
1011 5254 1219 5316 potest,
1257 5243 1437 5298 malim
1464 5253 1639 5316 tamen
1687 5257 1808 5296 cum
1837 5242 1960 5316 aliis

362 5325 645 5392 (Meursio)
686 5322 853 5390 exigui
890 5313 1145 5372 mamillis.
1191 5315 1283 5392 Sic
1310 5324 1493 5392 noster
1523 5313 1654 5368 infra
1687 5313 1910 5392 cap._55
1943 5330 1955 5365 :

364 5384 578 5451 Nullius
600 5384 738 5464 apud
756 5384 1310 5464 ip‘rinckipentrmominis
1330 5428 1344 5453 ,
1388 5384 1438 5440 id
1469 5396 1551 5439 est
1581 5386 1832 5464 ηὶιιηὶριιιί
1862 5425 1882 5464 ἱ
1908 5393 1961 5438 οι

360 5468 457 5522 lib.
493 5481 564 5529 Vl,
598 5457 716 5533 cap.
746 5462 836 5515 (ιο.
894 5461 1018 5533 διώ
1046 5463 1155 5529 ipso
1180 5461 1305 5533 [arti
1349 5457 1696 5533 atqueeperis
1728 5457 1967 5533 momine.

365 5528 701 5600 Lucretium,
723 5543 780 5588 ut
807 5547 949 5602 swpe
976 5532 1121 5585 alibi.
1147 5528 1445 5591 allectatus,
1467 5529 1558 5583 lib.
1579 5542 1655 5592 ui,
1680 5542 1820 5584 vers.
1846 5528 1969 5583 189.

490 5631 704 5681 Momine
730 5628 800 5679 uti
828 5637 978 5692 parvo
1003 5623 1190 5688 possint
1214 5621 1419 5692 impulsa
1443 5620 1651 5692 moveri.

1339 5683 1556 5733 Hanno.
1587 5689 1638 5730 et
1664 5679 1906 5731 GALLAND.

441 5778 666 5832 Desinite
689 5776 958 5835 hominem,
977 5768 1282 5842 proletarius
1301 5767 1518 5842 cumnsit,
1541 5764 1790 5842 classicis,
1819 5775 1974 5842 etca-

366 5852 468 5917 pite
503 5865 616 5903 cunt
647 5856 909 5902 censeatur
935 5834 955 5911 ,ν
977 5834 1281 5900 ’(ιάδετὶὺεγε
1323 5835 1584 5893 ordinibus
1622 5835 1820 5907 primis.
1868 5834 1968 5892 Ms.

3410 2684 3648 2744 mleurii

3414 2760 3645 2815 elenius.

2036 2829 2328 2892 Metius.,in
2345 2831 2558 2902 Append
2567 2830 2848 2902 .—Varias
2867 2829 2917 2884 in
2935 2831 3136 2886 classes
3148 2830 3470 2887 distributos
3487 2829 3651 2886 fuisse

2036 2902 2185 2956 cives
2215 2899 2470 2957 romanos
2494 2945 2508 2962 .
2544 2902 2762 2958 tradunt
2789 2899 2983 2956 Levius
3004 2942 3020 2966 ,
3064 2902 3156 2956 lib.
3187 2918 3222 2957 tt
3247 2944 3263 2968 ,
3298 2917 3422 2972 cap.
3453 2903 3527 2958 ss
3548 2943 3565 2968 ,
3599 2911 3650 2958 et

2041 2973 2628 3057 Dionysiusnllalicarn.
2653 3016 2672 3057 ,_
2712 2973 2804 3057 lib.
2838 2972 3231 3057 Lv,_-pag;'22l.
3265 2974 3543 3057 Singulari
3575 2986 3652 3027 ta-

2041 3060 2165 3100 men
2183 3042 2494 3114 'signilicatu
2515 3086 2532 3109 ,
2575 3054 2713 3100 teste
2743 3043 2807 3098 A.
2837 3042 3032 3109 Gellio,
3057 3042 3215 3100 Noct.
3250 3042 3391 3110 Αιιᾲ
3429 3045 3523 3099 lib.
3555 3061 3648 3110 vn,

2042 3131 2162 3180 cap.
2195 3115 2264 3170 l3
2290 3157 2304 3182 ,
2357 3116 2560 3171 classici
2599 3116 2935 3171 vocabantur
2983 3116 3170 3186 primae
3220 3127 3432 3172 tantum
3462 3116 3652 3172 classis

2034 2687 2364 2756 proletarium
2392 2705 2506 2742 cum
2529 2689 2619 2753 sit,
2650 2688 2923 2752 classicus,
2956 2687 3172 2757 inepte;
3215 2703 3338 2744 nam

2033 2768 2190 2830 erant
2217 2758 2351 2813 infra
2379 2761 2602 2815 classes.
2634 2759 2780 2815 Bene
2809 2761 2990 2830 itaque
3021 2760 3335 2814 emendavit

1963 3199 2010 3262 ρ
2044 3187 2292 3262 homines
2319 3227 2333 3247 ,
2381 3188 2471 3262 qui
2502 3195 2734 3262 centum
2753 3197 2809 3242 et
2840 3188 3024 3262 viginti
3074 3187 3313 3254 quinque
3343 3187 3516 3262 millia
3544 3204 3654 3262 am-

2049 3257 2254 3327 pliusve
2297 3258 2442 3313 censi
2485 3266 2661 3313 erant.
2705 3259 2824 3326 Quo
2849 3258 3067 3328 quidem
3108 3273 3273 3315 sensu
3319 3259 3526 3313 classici
3573 3260 3655 3314 hic

2047 3330 2177 3384 dicti
2209 3329 2277 3382 ab
2303 3328 2544 3384 Arnobio
2572 3330 2860 3400 proletariis
2886 3330 3150 3401 oppositi,
3191 3331 3282 3401 qui
3306 3373 3320 3393 ,
3355 3330 3655 3385 tenuissimi

2048 3416 2172 3456 cum
2200 3410 2384 3470 essent
2403 3441 2418 3463 ,
2453 3399 2647 3470 prolem
2676 3399 3051 3455 tantummodo
3080 3399 3392 3468 reipublicze
3421 3402 3658 3457 sufllcie-

2052 3472 2199 3526 bant.
2227 3469 2409 3539 Capite
2429 3469 2557 3526 vero
2581 3473 2740 3537 censi,
2773 3481 2830 3525 ut
2857 3485 2950 3526 eos
2964 3471 3200 3542 appellat
3224 3482 3440 3539 auctor,
3471 3473 3506 3526 ii
3525 3473 3660 3528 dice-

2052 3542 2269 3608 bantur,
2296 3543 2384 3612 qui
2411 3542 2559 3597 nullo
2585 3555 2676 3596 aut
2703 3558 2872 3614 parvo
2901 3559 3012 3598 tere
3036 3543 3424 3609 censebantur,
3450 3560 3512 3614 ac.
3546 3559 3661 3608 par-

2053 3629 2178 3668 vum
2227 3622 2320 3667 aut
2359 3615 2561 3686 nullum
2593 3613 2818 3685 vectigal
2860 3614 3194 3686 pendebant.
3248 3630 3314 3669 ex
3360 3616 3428 3669 Α.
3463 3613 3657 3680 Gellio,

2055 3686 2090 3740 Ι.
2122 3701 2231 3750 xvi,
2261 3701 2311 3740 c.
2340 3685 2420 3740 lo.
2456 3685 2746 3742 Novanius.
2777 3685 2955 3740 -ἶὶσὶ
2981 3687 3050 3742 is.
3075 3686 3302 3740 l’ontan.
3328 3687 3396 3741 ad
3424 3686 3656 3742 κεανοῦ.

2054 3757 2272 3812 Saturn.
2310 3773 2363 3820 i,
2415 3758 2482 3813 l5
2506 3799 2522 3819 ,
2577 3769 2633 3813 et
2670 3757 2709 3812 l.
2741 3757 2803 3813 N.
2838 3757 3129 3814 Funccium
3159 3799 3173 3822 ,
3225 3757 3292 3813 ad
3322 3774 3393 3813 xu
3447 3756 3617 3813 Tabh.
3644 3800 3658 3823 ,

2058 3845 2111 3900 p.
2146 3830 2238 3900 777,
2281 3843 2364 3898 sq.
2391 3827 2597 3884 Οιιειι.

2134 3899 2246 3956 Nec
2292 3902 2522 3970 patricia
2545 3901 2795 3954 claritatis
2829 3917 3068 3970 umquam
3116 3901 3326 3956 meritus
3355 3908 3660 3968 nuncupari.

2060 3973 2526 4039 Claritas'propria
2570 3971 2890 4026 Senatorum
2921 3969 2977 4026 et
3020 3972 3377 4026 Patriciorum
3402 4012 3416 4032 .
3449 3969 3541 4039 qui
3565 3973 3663 4028 sub

2063 4043 2482 4114 loipvratoribus
2523 4044 2616 4096 viri
2661 4042 2933 4096 clarissimi
2984 4041 3332 4114 dicebantur,
3388 4058 3511 4098 cum
3566 4042 3663 4098 ﬂo-

2062 4126 2219 4172 rente
2251 4115 2543 4177 republica,
2577 4114 2676 4167 viri
2703 4121 2907 4168 tantum
2940 4128 3166 4176 summm
3188 4113 3468 4182 dignitatis
3494 4114 3666 4170 isthoc

2064 4189 2282 4242 nomine
2314 4185 2729 4254 insignirentur,
2768 4185 2911 4254 quod
2944 4184 3107 4238 etiam
3141 4185 3354 4238 laudent
3384 4185 3508 4240 boni
3537 4187 3668 4240 civis

2064 4202 2282 4242 nomine
2314 4202 2414 4241 insi
2459 4201 2729 4249 narentur,
2768 4201 2911 4254 quoa
2944 4201 3107 4238 etiam
3141 4201 3354 4238 iauuem
3384 4201 3508 4240 noni
3537 4201 3666 4240 αγις

2064 4259 2389 4314 involvebat.
2419 4201 2555 4312 flinc
2579 4255 2770 4311 Cicero
2798 4256 2863 4310 ad
2893 4254 3080 4319 Attic.,
3113 4254 3203 4309 lib.
3240 4271 3352 4315 xiv.
3381 4258 3542 4324 epist.
3580 4258 3666 4321 ll,

2065 4331 2434 4385 stoniachatnr
2484 4329 2585 4382 hoc
2627 4341 2822 4382 nomen
2853 4327 3054 4382 Czcsziri
3087 4336 3206 4396 post
3236 4337 3469 4382 mortem
3502 4328 3672 4382 tribu-

2067 4412 2180 4456 tum
2233 4402 2301 4454 ab
2351 4400 2588 4454 Antonio
2635 4414 2731 4467 pro
2757 4400 3020 4453 concione
3051 4440 3064 4460 ,
3127 4407 3182 4452 ct
3237 4399 3289 4452 in
3339 4398 3672 4459 orationibus

2067 4488 2250 4533 coram
2280 4483 2470 4528 senatu
2501 4471 2697 4524 habitis
2727 4485 2942 4538 semper
2968 4468 3152 4523 Patres
3183 4469 3513 4537 Conscriptos
3542 4469 3674 4524 allo-

2068 4544 2272 4614 quitur,
2322 4559 2613 4614 numquam
2647 4540 2828 4596 Putres
2853 4537 2952 4595 seu
2978 4541 3116 4614 siros
3145 4540 3481 4614 clarissimos.
3527 4537 3673 4614 Uni-

2069 4611 2259 4670 versus
2310 4611 2529 4669 senatus
2571 4613 2850 4668 dicebatur
2898 4613 3115 4681 quidem
3160 4613 3288 4665 ordo
3333 4611 3671 4674 clarissimus.

2069 4685 2264 4750 singuli
2313 4701 2418 4739 non
2473 4687 2648 4750 item,
2699 4684 2792 4738 sed
2842 4683 3059 4737 demum
3100 4683 3201 4737 sub
3237 4682 3670 4748 imperatoribus.

2071 4756 2207 4812 Vide
2238 4756 2536 4812 Schvvartz.
2561 4795 2576 4819 ,
2624 4755 2689 4808 ad
2723 4755 2878 4809 Plinii
2909 4753 3172 4825 Panagyr.
3195 4795 3210 4818 ,
3255 4767 3378 4822 cap.
3412 4753 3484 4808 90
3507 4767 3556 4809 et
3587 4770 3674 4810 se-

2071 4830 2217 4883 riore
2261 4837 2421 4882 amite
2483 4828 2644 4880 etiam
2701 4825 3670 4894 senatormucoitiugesappellaban-

2074 4909 2160 4954 tttr
2205 4900 2410 4969 femina:
2455 4897 2786 4969 clarissima.
2832 4899 2953 4969 vide
2983 4897 3238 4959 Salinas...
3269 4894 3496 4969 adrtﬁlii
3524 4895 3678 4969 Lam-

2074 4966 2234 5052 ιλιι-ἰαί
2259 4967 2858 5052 lleliogabal.,_Script.
2897 4967 3031 5052 Hist:
3068 4969 3240 5051 Aug.”
3275 4968 3384 5052 vol.
3409 4983 3430 5052 _i
3466 4983 3518 5038 p.
3550 4966 3672 5052 7_97.

2070 5039 2341 5098 Arnobius
2367 5082 2382 5104 ,
2425 5039 2603 5111 itaque
2635 5041 2736 5111 hoc
2767 5039 2887 5094 loco
2917 5039 3190 5094 audaciori
3223 5039 3540 5111 metaphora
3575 5041 3675 5111 bo-

2070 5117 2271 5169 minem
2317 5129 2346 5168 a
2393 5110 2846 5180 Deo'profectum
2886 5120 2939 5164 et
2959 5111 3234 5165 conditum
3279 5110 3405 5165 dicit
3450 5110 3680 5176 patricia:

2068 5186 2339 5240 claritatis.
2387 5183 2504 5239 Non
2538 5183 2697 5253 igitur
2724 5198 2858 5252 opus
2890 5183 3150 5237 habemus
3181 5182 3525 5236 correctione
3563 5181 3681 5235 edi-

2071 5259 2202 5312 toris
2243 5256 2410 5326 Lugd.
2465 5254 2581 5312 Bal.
2624 5269 2712 5326 nec
2760 5253 2918 5321 patris
2945 5255 3072 5306 clari
3096 5296 3112 5320 ,
3152 5254 3306 5326 tantis
3350 5269 3468 5306 cum
3493 5253 3683 5308 meritis

2070 5321 2388 5395 nuncupare.
2426 5326 2526 5381 Ecl.
2562 5325 2812 5395 princeps
2841 5326 3043 5393 patriar,
3065 5337 3170 5379 etc.
3210 5321 3419 5395 0mm.

2153 5393 2384 5469 Quorum
2409 5393 3081 5469 maliscuncti—extollimur.
3126 5396 3197 5450 Ita
3234 5394 3402 5469 editio
3434 5393 3685 5469 princeps

2078 5465 2300 5528 roniana
2332 5481 2388 5526 et
2427 5479 2641 5524 czi-terar
2673 5483 2885 5524 omnes.
2928 5467 3037 5523 Sed
3070 5467 3346 5537 ingeniosa
3371 5465 3686 5532 conjectura

2077 5553 2161 5600 est
2193 5541 2363 5598 Fulvii
2390 5542 2567 5599 Ursini
2595 5560 2608 5596 :
2635 5539 2863 5606 Quorum
2892 5541 2990 5593 alis
3017 5539 3183 5591 cuncti
3204 5538 3520 5598 extollimur,
3555 5548 3613 5592 ut
3635 5548 3689 5594 et

2080 5617 2132 5670 iu
2160 5617 2513 5685 sequentibus
2538 5630 2550 5664 :
2577 5628 2678 5666 non
2703 5622 2904 5685 tantum
2932 5610 3161 5665 accidere
3181 5607 3563 5685 (bescltneideu)
3578 5610 3688 5685 alas

2077 5687 2188 5740 istis
2220 5680 2476 5750 noluistis,
2509 5700 2606 5750 pro
2630 5684 2875 5755 vulgato;
2921 5699 3021 5737 non
3061 5692 3260 5735 tantum
3288 5680 3520 5734 accidere
3551 5682 3689 5735 mala

2081 5759 2180 5813 ista
2210 5759 2443 5812 censetis.
2488 5755 2693 5810 OnsLL.

2153 5827 2398 5887 [nauium
2439 5827 2780 5883 distendimur
2818 5825 3060 5882 vanitate.
3103 5822 3260 5881 Fulv.
3301 5820 3538 5881 Ursinus
3582 5822 3687 5895 leg.
