3850 6344
148 373 258 432 851

1485 368 1692 426 LIBER
1728 366 2111 428 SECUNDUS.

145 491 409 558 censetis.
442 478 655 563 verum,
681 491 824 565 quod
869 489 1086 563 gravius
1125 489 1295 546 multo
1335 498 1437 557 est,
1470 486 1753 543 addidistis
1768 486 1832 550 ,Α
1858 486 2019 542 tionis
2044 494 2282 543 amotum
2310 495 2424 553 est,
2454 484 2609 541 ilicet
2640 482 2895 539 omnibus
2934 480 3207 539 ambiatur
3248 481 3488 540 ﬂammis

145 598 370 651 causas.
399 587 595 659 quibus
641 597 698 644 et
732 585 858 642 vilia
900 592 1230 648 crescerent,
1254 590 1310 639 et
1355 580 1763 638 inemendabilis

146 681 398 748 nequitia
423 669 791 751 permaneret.
815 680 948 749 Quis
970 689 1053 734 est
1077 677 1219 732 enim
1250 676 1551 733 hominum.
1576 689 1761 745 quam-

146 772 239 829 vis
267 772 361 829 ille
399 774 471 829 sit
506 773 705 829 indolis
744 772 1018 828 inl‘amtam
1042 779 1069 807 λ
1102 784 1317 835 semper
1344 776 1505 838 atque
1535 767 1765 838 ignomi—

151 866 313 921 niosa
341 866 617 938 fugientis,
633 866 744 934 qui,
762 882 883 921 cttm
906 864 1010 919 dici
1031 861 1285 919 exaudiat
1307 862 1439 916 viris
1460 860 1527 915 ab
1549 862 1767 929 sapien-

150 957 303 1013 tibus
348 959 583 1013 maxime
624 956 958 1013 immortales
985 956 1196 1010 animas
1233 968 1377 1019 esse,
1408 967 1506 1008 nec
1533 952 1765 1007 latorum

144 1064 283 1108 esse
309 1050 571 1106 obnoxias
596 1050 828 1122 legibus,
863 1064 972 1105 non
999 1049 1051 1102 in
1083 1047 1264 1103 omnia
1294 1046 1491 1117 ﬂagitia
1526 1062 1768 1117 pmceps

145 1156 216 1200 se
245 1152 388 1208 ruat,
420 1158 525 1198 non
556 1141 855 1213 intrepidus
875 1141 903 1180 δ
938 1159 1025 1197 res
1051 1141 1212 1196 obeat
1238 1150 1400 1211 atque
1427 1141 1769 1209 aggrediatur

147 1234 410 1289 illicitas?
442 1251 548 1290 nun
577 1234 810 1301 denique
852 1234 1032 1288 omnia
1078 1233 1191 1287 suis
1238 1231 1624 1302 cupiditatibus
1662 1232 1768 1287 lar-

145 1326 365 1399 giatur,
413 1344 533 1399 qua:
586 1326 751 1384 libido
800 1326 1073 1396 impotens
1120 1328 1377 1395 jusserit,
1435 1327 1770 1397 impunitatis

145 1431 420 1491 praterea
446 1421 608 1476 etiam
636 1420 885 1477 libertate
908 1420 1151 1475 munita?
1176 1418 1313 1486 Quid
1343 1419 1487 1474 enim
1521 1419 1769 1489 prohibe-

141 1510 253 1580 bit,
282 1513 569 1580 quominus
594 1513 711 1568 haec
742 1512 939 1569 faciat?
968 1523 1146 1569 metus
1175 1527 1426 1583 supernae
1459 1498 1767 1580 poiestatis,

137 1602 518 1675 iudiciumque
546 1605 833 1661 divinum?
861 1605 929 1661 Et
956 1607 1078 1677 quis
1109 1606 1553 1675 poteritterritari
1587 1607 1771 1661 formi-

142 1695 299 1752 dinis
339 1696 570 1768 alicujus
612 1700 857 1763 horrore,
892 1699 979 1754 cui
1012 1697 1175 1754 fuerit
1202 1714 1543 1770 persuasum,
1574 1710 1681 1754 tam
1711 1714 1771 1755 se

141 1804 276 1846 esse
328 1790 724 1855 immortalem.
753 1807 916 1863 quam
950 1793 1125 1865 ipsum
1166 1794 1332 1848 Deum
1364 1794 1599 1864 primum
1621 1835 1636 1860 ,
1668 1809 1769 1848 nec

1864 579 2179 635 torrentium
2224 578 2543 645 ﬂuminum,
2590 576 2840 631 velitatur
2878 575 2933 631 in
2980 589 3173 642 emno,
3222 589 3480 631 saxorum

1866 672 2259 729 imminentium
2290 672 2539 733 casibus.
2572 678 2629 725 et
2669 669 2989 724 immanium
3039 669 3303 723 montium
3353 684 3488 740 ope-

1866 768 2034 823 riatur
2088 766 2289 829 ruinis.
2340 767 2604 821 illibatum
2659 778 2883 820 necesse
2929 774 3012 818 est
3070 774 3383 832 permaneat
3431 772 3489 821 et

1867 858 2163 925 intactum,
2196 872 2373 929 neque
2415 857 2583 911 ullum
2627 870 2846 910 sensum
2894 854 3190 910 mortiferae
3220 853 3489 925 passionis

1868 965 2169 1025 assumere;
2194 950 2374 1021 Quid?
2403 951 2546 1021 quod
2580 950 2680 1005 ista
2713 950 2997 1020 persuasio
3028 966 3134 1005 non
3169 960 3378 1005 tantum
3406 957 3493 1005 est

1870 1044 2144 1099 incitatrix
2171 1044 2235 1097 ad
2271 1043 2397 1097 vitia
2432 1043 2685 1099 libertate
2711 1056 2777 1096 ex
2810 1043 2923 1112 ipsa
2965 1042 3265 1109 peccandi,
3297 1057 3487 1098 verum

1870 1139 2029 1193 etiam
2080 1138 2434 1209 philosophia:
2477 1142 2647 1212 ipsius
2697 1157 2916 1197 causam
2966 1142 3122 1210 tollit,
3156 1151 3212 1197 et
3257 1142 3493 1211 inaniter

1871 1246 1988 1287 eam
2020 1232 2216 1298 suscipi
2248 1238 2633 1303 supervacanei
2674 1248 2695 1275 ο
2729 1237 2914 1305 Operis
2942 1235 3266 1291 difﬁcultate
3308 1222 3493 1291 decla-

1872 1340 1974 1383 rat.
2002 1328 2133 1382 Nam
2159 1329 2205 1384 si
2237 1345 2421 1383 verum
2455 1340 2560 1395 est,
2588 1332 2802 1384 animas
2832 1330 3031 1384 nullius
3056 1344 3178 1385 csse
3201 1328 3493 1400 participes

1873 1422 2026 1487 linis,
2054 1433 2108 1478 et
2138 1439 2259 1478 cum
2292 1425 2543 1479 omnibus
2586 1424 2801 1478 SIBClliiS
2847 1439 3086 1478 arvorum
3122 1421 3493 1492 perpetuitate

1874 1517 2171 1587 procedere
2201 1535 2215 1571 :
2247 1519 2375 1588 quid
2410 1518 2634 1587 periculi
2678 1532 2766 1572 res
2799 1517 2960 1571 habet
2988 1519 3319 1585 contemptis
3348 1530 3488 1585 prat-

1874 1611 2254 1681 termissisque
2284 1612 2593 1677 virtutibus,
2625 1610 2823 1681 quibus
2853 1621 2935 1665 est
2969 1610 3299 1664 contractior
3325 1622 3493 1679 atque

1874 1702 2146 1758 horridior
2174 1704 2315 1769 vita,
2349 1704 2715 1775 voluptatibus
2760 1718 2818 1758 se
2860 1702 3023 1766 dare,
3067 1717 3131 1756 ac
3173 1716 3272 1773 per
3312 1701 3494 1756 omnia

1872 1794 2157 1852 libidinum
2201 1812 2401 1866 genera
2441 1795 2763 1851 etfreuatum
2797 1809 3057 1865 spargere
3089 1794 3371 1848 immensas
3397 1808 3492 1849 cu-

143 1881 225 1936 ab
272 1896 339 1937 eo
381 1882 613 1952 iudicari
656 1883 945 1954 quidquam
975 1884 1044 1939 de
1070 1898 1129 1939 se
1158 1899 1321 1956 posse
1352 1903 1365 1938 :
1397 1900 1521 1939 cum
1565 1885 1635 1939 sit
1665 1900 1770 1941 una
1802 1881 1849 1942 Β
1878 1887 2117 1957 piditatis
2146 1889 2436 1964 ardorem?
2463 1889 2539 1945 Ne
2569 1888 2777 1946 deliciis
2808 1900 3069 1956 marceat,
3100 1902 3151 1945 et
3180 1904 3497 1960 corrumpa-

142 1974 533 2031 immortalitas
561 1978 613 2031 in
645 1988 899 2048 utroque,
925 1991 1028 2033 nec
1057 1978 1107 2031 in
1138 1976 1363 2033 alterius
1386 1978 1553 2035 altera
1579 1979 1766 2034 condi-

142 2068 318 2124 tionis
342 2070 515 2140 possit
544 2070 852 2140 mqualitate
874 2070 1097 2126 vexari?

222 2160 399 2217 XXX.
428 2162 537 2219 Sed
569 2174 883 2219 memorata:
910 2163 1051 2233 apud
1078 2163 1283 2219 inferos
1308 2179 1484 2233 ptenae
1506 2209 1519 2226 .
1550 2174 1606 2220 et
1642 2179 1769 2235 sup-

142 2259 439 2331 pliciorum
484 2260 775 2331 generibus
818 2260 1217 2315 multiformes?
1266 2259 1466 2328 Ecquis
1512 2261 1616 2317 erit
1658 2270 1767 2316 tam

142 2352 361 2415 brutus,
394 2361 450 2408 et
493 2367 675 2408 rerum
706 2352 1126 2423 consequentias
1158 2353 1426 2415 nesciens,
1454 2353 1547 2424 qui
1572 2355 1769 2409 animis

145 2444 661 2513 incorruptibilibus
678 2445 886 2505 credat.
906 2456 999 2499 aut
1024 2444 1276 2501 tenebras
1301 2456 1564 2502 tartareus
1607 2461 1766 2516 posse

145 2536 356 2607 aliquid
389 2552 611 2603 nocere,
636 2546 725 2592 aut
750 2537 940 2609 igneos
962 2536 1175 2605 ﬂuvios,
1201 2546 1293 2593 aut
1322 2542 1558 2595 ctenosis
1581 2541 1766 2611 gurgi-

147 2628 305 2685 tibus
342 2628 589 2699 paludes.
623 2638 718 2683 aut
743 2638 983 2684 rotarum
1012 2630 1325 2685 volubilium
1365 2632 1768 2689 circumactus?

148 2718 313 2791 Quod
336 2721 478 2777 enim
510 2720 823 2793 contiguum
856 2736 963 2777 non
994 2736 1097 2791 eSt,
1121 2732 1175 2780 et
1202 2724 1271 2779 ab
1300 2724 1507 2795 !egibus
1530 2725 1765 2783 dissolu-

1874 1988 1961 2035 tur
1991 1980 2329 2037 mollitudine
2359 1982 2647 2038 vitiorum?
2676 1983 2741 2037 Et
2770 1998 2874 2053 qua
2907 1984 3103 2053 poterit
3131 1983 3341 2037 ratione
3369 1996 3495 2037 cor-

1873 2075 2051 2147 rumpi
2084 2075 2157 2137 id.
2191 2077 2334 2146 quod
2366 2077 2690 2143 immortale,
2724 2078 2867 2148 quod
2898 2092 3114 2147 semper
3143 2087 3247 2142 est,
3277 2088 3328 2131 et
3361 2076 3499 2132 nulli

1874 2168 2169 2223 obnoxium
2201 2171 2477 2236 passioni?
2508 2187 2574 2225 ne
2606 2170 2907 2235 sordescat,
2938 2182 2993 2226 et
3035 2171 3309 2240 polluatur
3330 2172 3500 2226 actio-

1882 2275 2006 2315 num
2032 2260 2267 2331 turpium
2300 2262 2574 2318 fteditate?
2607 2264 2669 2318 Et
2693 2264 2783 2334 qui
2807 2263 3003 2334 poterit
3024 2264 3211 2333 pollui,
3240 2277 3499 2334 corpora-

1878 2354 1983 2411 lem
2008 2356 2151 2425 quod
2174 2358 2530 2412 substantiam
2552 2373 2657 2413 non
2679 2358 2859 2421 habet,
2881 2368 2974 2412 aut
2992 2358 3079 2413 ubi
3106 2357 3291 2413 sedem
3312 2364 3500 2413 conta-

1871 2448 2097 2517 minatio
2116 2464 2338 2519 ponere.
2364 2451 2452 2504 ubi
2476 2452 2707 2520 spatium
2732 2453 2937 2506 nullum
2961 2459 3062 2515 est,
3081 2452 3136 2504 in
3157 2465 3263 2521 quo
3287 2457 3410 2506 nota
3434 2464 3496 2507 se

1870 2542 2043 2613 possit
2075 2543 2243 2612 ipsius
2275 2545 2754 2599 contaminationis
2782 2544 3005 2616 afﬁgere
3027 2543 3096 2598 d?
3130 2544 3337 2599 Rursus
3370 2560 3501 2601 vero

1874 2638 1918 2692 si
1964 2638 2159 2693 anima:
2205 2639 2334 2695 lethi
2385 2640 2583 2695 adeunt
2623 2642 2834 2709 januas.
2871 2639 3089 2710 Epicuri
3135 2648 3191 2693 ut
3222 2640 3490 2694 sententia

1872 2730 2144 2798 delinitur,
2178 2747 2278 2787 nec
2318 2734 2397 2788 sic
2441 2748 2602 2788 causa
2643 2742 2729 2789 est.
2784 2744 3123 2803 competens,
3165 2747 3266 2789 cur
3313 2731 3501 2805 expeti

1410 2862 1791 2925 LECTlONES
1827 2868 2246 2928 VARIANTES.

220 2976 249 3004 ⁸
286 2972 501 3029 Infamia:
548 2975 692 3026 Fulo.
718 2974 912 3027 infamia
938 2976 1091 3090 14%.
1137 2978 1195 3025 Β.
1242 2980 1370 3042 quod
1419 2978 1773 3043 recipiendtan.

220 3037 245 3075 ιδ
280 3037 502 3089 Securus
536 3050 627 3089 ms.
657 3040 922 3090 Utrumque
944 3052 973 3088 a
1065 3040 1261 3090 tLuod.
1299 3042 1358 3090 B.

215 3037 245 3075 ιδ
280 3037 502 3089 Securus
536 3050 627 3089 ms.
657 3040 922 3101 Utrumque
944 3037 1082 3090 addit
1105 3037 1264 3103 Lung
1299 3042 1358 3090 B.

1952 2987 1974 3049 °_
2013 2988 2093 3049 Ita
2122 2986 2263 3037 Fulv.
2292 3002 2599 3049 supervacua
2645 3006 2734 3043 ms.
2762 2998 2807 3042 et
2825 2993 2945 3042 Sub.

1951 3047 1978 3085 δ
2014 3048 2272 3110 Afﬁngere
2296 3047 2438 3101 Rulv.

1559 3147 2122 3212 COMMENTARIUS.

151 3274 343 3350 censet
366 3266 661 3349 inaninetc.
693 3265 1109 3350 male.lnanium
1129 3266 1337 3358 genitas
1370 3274 1453 3321 est
1482 3280 1613 3321 vana
1645 3269 1757 3338 Opi-

1941 3274 1953 3323 ἰ
1994 3278 2088 3358 τοῦ
2138 3278 2335 3346 τροχοῦ
2385 3270 2716 3358 drop-adiuvet
2761 3275 2839 3327 καὶ
2890 3272 3164 3348 captiuum
3220 3272 3502 3327 ἐτύπτοντο

153 3338 272 3404 nio,
304 3338 595 3391 :Pstitnalio
626 3352 803 3392 rerum
836 3339 1094 3391 inanium.
1128 3338 1331 3393 ORBLL.

228 3410 476 3476 Quamvis
500 3408 591 3462 ille
615 3409 681 3481 sit
718 3408 1153 3481 indolisinfamia
1198 3425 1396 3481 semper
1435 3418 1588 3478 atque
1623 3411 1770 3481 igno-

153 3483 378 3535 miniosa
404 3480 669 3551 fugientis,
694 3491 799 3535 etc.
829 3480 1213 3551 Philosophiae.
1248 3480 1379 3535 Nam
1421 3480 1695 3535 abstinent
1738 3498 1768 3536 a

155 3550 479 3635 peccatoris
504 3551 752 3635 nonnulli
793 3568 1073 3635 facetiarum,
1124 3550 1415 3635 fortnidiue
1440 3568 1473 3635 ;⁸
1508 3552 1597 3606 alii
1626 3554 1767 3635 vri-tia

154 3620 271 3692 ipsa
295 3632 649 3677 exsecrantur
698 3632 749 3677 et
804 3623 1174 3689 detestantur;
1222 3623 1311 3677 alii
1354 3623 1587 3692 denique
1626 3620 1769 3678 infa-

155 3694 321 3749 miam
354 3704 601 3749 metuunt
624 3702 679 3748 et
703 3694 953 3749 sinistros
978 3695 1046 3748 de
1071 3710 1130 3749 se
1162 3710 1409 3748 rumores
1434 3735 1448 3756 .
1493 3707 1656 3765 atque
1688 3696 1770 3749 id-

155 3766 303 3820 circo
328 3765 495 3820 rebus
520 3764 800 3823 ﬂagitio~is
829 3766 1121 3821 abstinent.
1148 3765 1209 3819 lli
1237 3775 1364 3819 sunt
1390 3764 1592 3821 tenente
1624 3767 1772 3821 fron—

155 3836 226 3908 tis
254 3836 525 3899 homines,
556 3838 795 3897 ἐπιεικεῖς
821 3846 980 3907 atque
1039 3836 1296 3908 αἰδήμοηις
1317 3877 1332 3901 ,
1365 3852 1501 3905 quos
1541 3838 1772 3907 improbi

156 3906 355 3968 δειλοὺς
410 3917 573 3976 atque
624 3908 824 3961 inertes
878 3904 1255 3970 arbitrantur,
1314 3904 1771 3974 quemadmodum

155 3990 347 4055 contra
374 3980 499 4055 τορς
526 3981 905 4055 ἁνᾳισχργτους
941 3988 1255 4055 constantes
1286 3989 1339 4055 et
1365 3978 1643 4055 a’tvdpsioug.
1682 3981 1772 4035 His

156 4049 322 4135 igitur
355 4049 1164 4135 verbis‘desci'ibitArnobius
1191 4049 1465 4135 Ιιοηξὶιιιςμί
1510 4051 1769 4135 uidnpm.

156 4108 253 4195 Est
280 4122 426 4175 enim
476 4120 738 4195 uiduitate,
768 4124 856 4191 qui
889 4124 1088 4195 metuit
1108 4124 1173 4195 τὰ
1203 4126 1273 4182 εἰς
1298 4120 1495 4186 ἀδοξίαν

200 4194 358 4269 ἰριιηιν3
397 4202 456 4269 ut
485 4191 673 4269 deﬁnit
700 4193 1043 4269 Aristoteles,
1080 4194 1129 4269 id
1158 4195 1353 4269 estqui
1379 4191 1595 4269 infantia
1624 4191 1775 4265 atque

175 4263 500 4334 gnominiosa
529 4264 682 4333 fugit.
718 4276 770 4319 ιιι
805 4266 1039 4329 loquitur
1065 4264 1357 4318 Arnobius.
1395 4263 1637 4320 ﬂatum.

231 4332 359 4389 Non
386 4336 438 4387 in
460 4332 631 4387 omnia
648 4336 847 4404 ﬂagitia
869 4351 1093 4405 praeceps
1118 4351 1171 4388 se
1190 4345 1325 4389 ruat.
1356 4335 1479 4390 Haec
1504 4337 1773 4392 esrleCIio

155 4416 338 4471 vetus,
379 4420 674 4478 quamnon
698 4407 959 4461 debuerat
998 4416 1207 4460 mutare
1225 4406 1501 4461 Gelenius.
1532 4408 1767 4478 Usurpa-

156 4484 249 4551 tur
270 4478 418 4532 enim
445 4476 547 4530 hoc
570 4476 795 4551 verbum
824 4478 1123 4546 saepissime
1144 4479 1492 4551 ἕγςργητικῷς.
1518 4476 1768 4551 ΑΗεηΑιυ.

157 4499 249 4531 tur
270 4499 418 4532 εηιιιι
446 4499 547 4530 "HC
571 4499 791 4531 νοεῖ-υιιηι
824 4499 1123 4546 δτιειηδςιιιιε
1144 4499 1217 4532 ενι
1255 4500 1492 4551 γητικως.
1524 4499 1768 4534 ΠΕΙιΛιυ.

155 4546 246 4603 Sic
276 4551 478 4603 irruere
505 4550 677 4601 active
700 4590 715 4609 ,
745 4548 836 4601 lib.
876 4565 923 4611 t,
980 4552 1126 4617 (cap.
1160 4499 1252 4617 si“;
1306 4550 1462 4603 dixit.
1508 4549 1597 4607 Sic
1621 4567 1774 4619 pene-

158 4630 321 4745 trari.
350 4635 625 4744 ente‘rgere,
653 4620 779 4687 alia,
806 4620 1046 4686 Plautus,
1081 4621 1359 4689 Apuleius,
1395 4622 1503 4676 alii.
1534 4621 1769 4687 Matius,

158 4707 213 4744 tn
299 4708 431 4745 νίκη
479 4732 492 4745 .

158 4707 213 4744 tn
247 4707 492 4761 Appena.

234 4760 512 4828 Superius.
562 4761 635 4816 Ita
679 4760 981 4817 Salmasius
1011 4779 1077 4817 ex
1114 4762 1496 4817 emendatione
1528 4762 1771 4818 Meursii.

159 4834 267 4890 Alii
295 4852 308 4888 :
339 4835 591 4903 superine.
624 4833 727 4888 Alii
754 4852 766 4887 :
798 4850 1011 4901 superae.
1045 4833 1247 4889 ORELL.

236 4903 409 4960 XXX.
459 4935 531 4946 -—
590 4906 698 4959 Sed
747 4916 1044 4959 memorata:
1095 4907 1235 4975 apud
1277 4906 1473 4977 inferos
1516 4921 1679 4971 paena:
1728 4918 1773 4960 et

163 4978 538 5046 suppliciorum
591 4976 859 5058 generibus
915 4977 1290 5058 multiformes?
1338 4976 1575 5058 Scilicet.
1619 4988 1772 5046 pote-

162 5057 290 5102 runt
316 5063 440 5103 eum
471 5048 755 5103 territare?
777 5048 930 5113 Quod
959 5051 1313 5117 repetendum
1338 5064 1404 5102 ex
1429 5049 1608 5102 verbis
1638 5064 1775 5117 prac-

164 5119 487 5193 eedentibus
518 5139 530 5173 :
560 5119 630 5174 Et
655 5119 742 5188 qui
772 5120 955 5189 poterit
982 5120 1207 5173 territuri
1230 5120 1522 5189 formidinis
1548 5122 1775 5193 alicujus

165 5191 377 5244 horrore
396 5192 422 5245 Ρ
449 5190 653 5248 Onus.

236 5263 339 5315 Aut
388 5274 617 5318 rotarum
674 5263 973 5321 volubilium
1022 5264 1384 5316 circumactus.
1442 5262 1560 5317 .lam
1618 5264 1775 5331 igitur

168 5334 506 5403 temporibus
539 5336 662 5402 illis,
698 5336 895 5401 quibus
929 5334 1133 5386 tabulas
1160 5335 1289 5387 istas
1322 5334 1613 5403 fingebant,
1652 5346 1769 5388 ruta

167 5405 401 5475 paenulis
450 5406 499 5457 in
548 5423 644 5461 usu
689 5420 827 5462 erat.
875 5405 1147 5473 Supplicia
1189 5406 1331 5459 enim
1373 5407 1665 5459 tnl'vrorum
1707 5406 1774 5460 ad

167 5477 431 5545 supplicia
470 5479 776 5532 communia
821 5476 1321 5534 accntnmndabant.
1356 5476 1487 5530 Rota
1523 5479 1771 5545 ptenalis,

168 5547 235 5601 de
261 5563 367 5614 qua
400 5548 661 5604 ridendus
690 5548 943 5616 Cuiacius
971 5548 1156 5606 Gbss...
1194 5549 1285 5601 lib.
1318 5564 1397 5607 Ill.
1431 5546 1602 5601 luerat
1644 5550 1772 5601 olim
1824 5557 1829 5566 ‘

169 5633 327 5692 paena
361 5634 639 5675 servorum
672 5624 923 5692 prepria;
956 5620 1050 5673 sed
1086 5632 1269 5687 postea
1304 5626 1368 5671 att
1403 5620 1637 5672 eruenda
1667 5621 1772 5673 crio

170 5691 315 5745 mina
354 5692 406 5746 in
438 5691 833 5760 quaéstinttibus
875 5692 1135 5744 adhibita.
1186 5692 1555 5760 Alligabantur
1596 5705 1774 5744 autem

172 5770 300 5816 robe
345 5775 397 5817 ct
440 5761 897 5820 distentlebantur
936 5781 946 5815 :
988 5772 1150 5829 atque
1194 5777 1255 5814 ea
1300 5772 1546 5815 contorta
1594 5761 1775 5831 ﬂugris

170 5833 528 5913 cmdebautur.
576 5836 735 5913 ljnde
765 5834 1393 5913 arprﬁyOoOm_pr_opt-ie
1418 5843 1499 5887 est
1530 5835 1770 5913 torqueri.

168 5904 446 5964 Scholiast.
497 5909 778 5979 Aristoph.
826 5903 893 5962 ad
940 5905 1065 5962 Pac.
1114 5906 1174 5961 οε
1218 5903 1380 5962 δοῦ).οι
1428 5906 1775 5979 σφαλλόμενοι,

1873 3341 2201 3415 ἀνακλώμενόι
2238 3341 2283 3397 ἐὺ
2312 3346 2469 3418 αὑτῷ.
2482 3341 2489 3344 ’
2504 3341 2748 3398 HE'RALD.

1950 3436 2214 3489 Ambiatur
2257 3436 2501 3505 ﬂammis.
2558 3435 2754 3490 Annua
2812 3431 3103 3504 legendum
3142 3433 3503 3505 amburatur?

1875 3507 2029 3575 Quod
2068 3508 2294 3561 verbum
2340 3507 2617 3577 proprium
2650 3506 2717 3560 de
2752 3507 2839 3571 iis,
2881 3506 2971 3577 qui
3005 3504 3319 3577 cruciantur
3354 3506 3494 3576 igni,

1878 3594 1985 3632 non
2014 3579 2171 3644 plane
2194 3575 2483 3643 necantur,
2514 3576 2657 3648 quod
2692 3588 2771 3633 est
2809 3575 3117 3629 "mnburere.
3149 3575 3353 3631 Οιιειι.

1951 3648 2219 3703 lllibntum
2262 3665 2459 3703 necesse
2496 3660 2569 3703 est
2611 3663 2905 3717 permaneat
2943 3658 2989 3701 et
3028 3649 3299 3713 intactum,
3345 3664 3501 3716 neque

1878 3720 2043 3775 ullum
2092 3737 2296 3775 sensum
2347 3722 2623 3790 mortifera:
2674 3720 2929 3782 passionis
2980 3735 3261 3773 assumere.
3323 3719 3500 3775 Proba

1879 3793 2063 3847 lectio.
2124 3790 2255 3844 Nam
2313 3792 2401 3861 qui
2462 3790 2811 3845 scribendum
2869 3792 3187 3844 existimant
3243 3801 3496 3856 assumat,

1880 3864 2041 3933 plane
2087 3863 2363 3917 falluntur.
2413 3862 2504 3915 llis
2547 3862 2833 3933 modorum
2887 3862 3279 3933 mutatioitibus
3310 3862 3499 3916 delec-

1882 3932 2063 3988 tantur
2094 3933 2204 3987 Afri
2235 3934 2549 4001 scriptores.
2585 3936 2725 3988 Intra
2755 3952 2765 3986 :
2800 3932 2983 4003 Itaque
3016 3949 3128 3985 cum
3160 3932 3302 3985 nobis
3328 3934 3501 3987 inten-

1881 4008 2014 4060 dutis
2039 4006 2349 4059 aversimtem
2379 4022 2441 4057 ea:
2473 4007 2719 4073 religione
2748 4005 3003 4072 priorum,
3034 4021 3241 4057 causam
3266 4005 3479 4057 conveni

1882 4075 1935 4130 tit
1981 4078 2291 4158 inspiciutis,
2334 4093 2435 4128 non
2479 4080 2718 4158 factum,
2752 4090 2843 4128 nec
2890 4076 3013 4157 quid
3062 4075 3497 4158 relinqueremus,

1881 4163 2172 4216 opponere;
2205 4148 2291 4199 sed
2334 4146 2489 4200 secuti
2517 4148 2639 4209 quid
2675 4148 2852 4212 simus,
2894 4146 3212 4212 potissimum
3247 4148 3498 4201 contueri.

1882 4220 2127 4275 Hrasw.
2152 4249 2223 4260 ——
2265 4218 2359 4271 Ms.
2394 4233 2491 4287 pro
2515 4219 2792 4282 illibatmn,
2824 4216 2967 4286 quod
2994 4226 3131 4287 este
3158 4220 3503 4287 correctione

1883 4292 2114 4357 Gclenii,
2166 4286 2401 4343 il/tesunt
2434 4300 2623 4343 tamen.
2672 4286 3151 4344 ORELL.-—C0ttf.
3201 4286 3380 4359 lnlpp.
3432 4289 3501 4343 ad

1882 4363 2016 4417 Livii
2048 4377 2161 4425 XXI,
2187 4362 2273 4417 49.
2305 4360 2578 4416 Ocusnea.

1964 4453 2151 4506 Verum
2177 4455 2329 4506 etiam
2368 4451 2721 4520 PltilosOpItia:
2743 4452 2905 4519 ipsius
2937 4468 3148 4505 causam
3182 4452 3334 4505 tollit.
3374 4452 3501 4507 llaec

1880 4526 2227 4595 explicantur
2286 4528 2461 4595 Cupite
2504 4524 2776 4593 sequenti,
2828 4523 2911 4577 his
2965 4523 3195 4595 verbis:
3248 4522 3502 4578 Medietas

1801 4592 1854 4653 D
1879 4592 1999 4665 ergo
2024 4598 2279 4666 quadam,
2312 4592 2367 4647 etv
2391 4592 2684 4647 animarum
2713 4611 2901 4664 anceps
2940 4594 3283 4664 ambiguoque
3316 4604 3504 4648 natura

1880 4667 2044 4722 locum
2075 4668 2419 4735 philosophice
2446 4668 2666 4738 peperit,
2698 4678 2745 4720 et
2766 4682 2998 4731 causam,
3027 4682 3117 4719 cur
3144 4676 3499 4737 appeteretur,

1875 4740 2082 4793 invenit.
2119 4739 2359 4793 llsnALu.

1950 4834 2023 4886 Ac
2066 4849 2154 4900 per
2197 4833 2368 4885 omnia
2414 4832 2683 4885 libidinum
2711 4848 2898 4902 genera
2924 4830 3230 4896 e/frenatum
3259 4848 3503 4901 spargere

1877 4905 2141 4959 immensa:
2166 4903 2462 4971 cupiditatis
2490 4906 2748 4957 ardorem.
2782 4904 2859 4958 Ex
2891 4904 3153 4956 aillnitale
3192 4904 3500 4957 litlemrttm

1880 4981 2103 5030 verbum
2138 4976 2365 5044 periisse.
2406 4987 2647 5037 autumo,
2679 4975 2821 5042 quod
2859 4992 2963 5027 non
3009 4989 3194 5041 parum
3231 4974 3402 5044 possit
3432 4975 3497 5029 ad

1879 5043 2253 5103 exoruaudum
2300 5058 2515 5116 tropum
2558 5064 2570 5098 :
2615 5062 2790 5114 coque
2836 5047 3083 5116 re~criho
3131 5065 3142 5098 :
3192 5043 3501 5111 e/frenntum

1876 5121 2093 5190 spatiari
2131 5114 2401 5173 immensa!
2433 5118 2731 5187 cupiditatis
2786 5120 2994 5171 ardore.
3046 5114 3310 5171 Geminus
3354 5118 3496 5183 apttd

1878 5203 2157 5245 auctorem
2198 5190 2340 5242 hunc
2384 5190 2535 5244 locus
2582 5190 2674 5243 lib.
2719 5205 2795 5243 tv.
2848 5190 3077 5258 ideoque
3129 5191 3498 5242 attexentlus:

1881 5262 2048 5316 Deum
2079 5265 2349 5315 adumasse
2377 5261 2591 5332 (Jovem
2628 5269 2757 5329 puto
2790 5258 3107 5330 Maximum)
3134 5275 3182 5332 et
3207 5275 3296 5320 per
3325 5275 3501 5332 aumes

1880 5335 2149 5387 libidinum
2187 5331 2395 5403 formas
2418 5336 2727 5385 incestarum
2768 5333 3110 5399 cupiditatum
3141 5331 3503 5403 circuntegisse

1882 5400 2544 5475 pellaciam.'Spatiutorem
2563 5414 2920 5475 proerraitnre
2934 5403 3219 5475 collocavit
3248 5400 3317 5454 M.
3342 5405 3497 5475 (into,

1882 5473 2209 5532 testantibus
2236 5473 2493 5543 l'0tnpeio
2520 5475 2681 5529 Festo
2711 5484 2765 5528 et
2792 5474 3066 5528 Macrobio
3101 5473 3193 5526 lib.
3223 5488 3313 5543 vn.
3342 5473 3497 5540 Apud

1882 5549 2195 5603 Petronium
2240 5563 2453 5617 quoque
2496 5546 2545 5600 id
2592 5547 2838 5599 vocabuli
2888 5554 3163 5617 repertum
3227 5542 3361 5609 Vidi,
3404 5546 3498 5617 ait,

1880 5621 2129 5691 quosdam
2180 5614 2577 5687 conspa‘tiantes.
2630 5619 2928 5691 STEWECH.
2957 5614 3167 5691 -ῖΝυη
3215 5630 3351 5684 opus
3404 5616 3501 5691 hac

1881 5688 2214 5759 conjectura.
2260 5691 2569 5758 .‘lleluplioru
2611 5690 2769 5743 (luctu
2812 5705 2839 5742 a
2882 5689 3130 5747 navibus,
3168 5704 3288 5756 qua:
3322 5688 3500 5740 ventis

1882 5763 2337 5832 spargttrtur'per
2367 5778 2605 5830 atquora.
2640 5761 2841 5814 Onam.

1957 5834 2015 5888 Si
2063 5834 2391 5886 animle/etin
2430 5835 2618 5885 adeunt
2658 5838 2874 5902 juuuas,
2914 5830 3130 5901 Epicuri
3168 5839 3222 5882 ut
3250 5830 3501 5883 sententia

1882 5906 2147 5963 delinitur.
2182 5906 2449 5975 Epicurus
2484 5905 2601 5961 scil.
2644 5904 2939 5972 statuebat,
2968 5905 3207 5959 animum
3240 5917 3341 5957 una
3375 5914 3499 5957 cum
