3850 6340
268 3420 339 3449 ‘0».

360 347 473 409 859

1482 346 1762 406 ARNOBII
1801 347 2165 412 Αυινειιδυδ
2201 349 2478 410 GENTES

3577 353 3689 411 850

363 459 705 536 philosophia
737 462 967 520 debeat:
1000 462 1216 521 etiamsi
1245 478 1430 520 verum
1470 472 1555 519 est
1598 463 1814 537 purgari
1860 462 1960 519 bac
1988 466 2039 532 Α
2066 464 2373 522 sustinere:
2407 465 2495 521 alii
2523 479 2651 522 vero
2678 476 2997 538 perpetuas,
3035 484 3137 524 nec
3182 470 3236 527 in
3290 481 3484 527 natura
3522 487 3686 542 posse

367 554 605 621 animas,
637 564 798 626 atque
846 556 916 611 ab
959 559 1109 615 omni
1154 570 1313 628 puras
1358 555 1653 612 vitiositate
1698 556 1961 629 pmstari.

367 645 502 706 Nam
544 648 595 703 si
644 649 1007 706 communiter
1046 650 1285 714 obeunt,
1314 658 1370 703 et
1405 650 1458 703 in
1489 647 1619 718 ipsis
1648 649 1967 716 corporibus

364 756 560 802 sensus
591 744 669 799 eis
698 743 910 814 deperit
934 744 1369 815 extinguiturque
1390 742 1567 805 vitalis
1590 758 1728 798 :non
1760 751 1965 797 tantum

364 846 452 895 est
482 836 684 892 erroris
714 837 956 900 maximi,
984 853 1167 892 verum
1200 836 1412 891 stolidze
1439 836 1719 903 caecitatis,
1749 834 1967 893 frenare

364 927 639 997 ingenitas
659 929 950 999 appetitus,
969 929 1225 988 cohibere
1254 930 1305 983 in
1339 930 1600 1000 angustiis
1622 930 1805 997 vitam,
1833 930 1968 985 nihil

368 1020 649 1092 indulgere
675 1032 901 1089 natura,
928 1036 1033 1076 non
1056 1021 1199 1091 quod
1223 1022 1505 1092 cupidines
1523 1025 1784 1093 jusserint
1809 1035 1970 1093 atque

367 1113 741 1185 iustigaverint
762 1111 967 1177 facere,
998 1129 1120 1169 cum
1152 1115 1295 1169 nulla
1328 1124 1379 1170 te
1410 1116 1626 1185 prsentia
1662 1117 1798 1172 tanti
1823 1116 1969 1171 labo-

366 1205 440 1260 ris
487 1213 791 1274 expectent,
824 1220 945 1262 cum
972 1206 1088 1261 dies
1119 1208 1307 1262 mortis
1337 1208 1649 1274 advenerit,
1682 1218 1735 1263 et
1771 1223 1968 1279 corpo-

366 1298 572 1352 ralibus
607 1298 771 1353 fueris
798 1298 1028 1353 vinculis
1057 1300 1335 1355 exsolutus

439 1389 635 1450 XXXI.
667 1391 925 1449 Medietas
954 1409 1083 1463 ergo
1129 1396 1415 1467 quaedam,
1447 1405 1501 1450 et
1544 1395 1840 1449 animarum
1872 1409 1968 1448 an-

367 1502 496 1561 ceps
524 1485 880 1557 ambiguaeque
911 1498 1121 1553 natura,
1150 1489 1325 1543 locum
1352 1487 1705 1559 philosOpbia:
1736 1488 1965 1557 peperit,

367 1590 421 1633 et
453 1593 671 1639 causam
702 1596 797 1633 cur
837 1590 1202 1650 appeteretur,
1237 1581 1436 1637 invenit
1464 1598 1476 1633 :
1507 1579 1631 1635 dum
1673 1578 1966 1649 perieulum

366 1670 575 1727 scilicet
603 1686 669 1726 ex
696 1671 851 1726 malis
881 1673 982 1729 iste
1013 1673 1265 1728 formidat
1292 1674 1539 1728 admissis
1572 1692 1585 1727 :
1615 1673 1752 1727 alter
1780 1674 1967 1727 conci-

366 1763 448 1835 pit
478 1776 604 1833 spes
634 1764 827 1828 bonas,
856 1765 900 1818 sl
927 1762 1063 1819 nihil
1091 1765 1310 1820 sceleris
1336 1764 1519 1831 faciat,
1550 1775 1603 1820 et
1631 1781 1753 1821 cum
1790 1764 1969 1821 ofﬁcio

366 1858 532 1915 vitam
556 1858 873 1930 iustitiaque
903 1858 1172 1915 traducat.
1194 1858 1325 1916 Inde
1354 1869 1434 1916 est
1458 1860 1602 1931 quod
1626 1861 1765 1917 inter
1783 1860 1974 1915 doctos

366 1952 549 2023 viros,
581 1962 637 2008 et
676 1952 1016 2024 ingeniorum
1062 1954 1381 2009 excellentia
1426 1954 1713 2024 praeditos,
1751 1954 1817 2007 de
1858 1952 1977 2007 aui-

368 2058 580 2100 marum
630 2045 888 2115 qualitate
934 2057 1208 2104 certamen
1259 2058 1341 2102 est
1370 2065 1383 2102 :
1412 2056 1467 2103 et
1516 2061 1610 2103 eas
1654 2046 1745 2101 alii
1790 2045 1977 2102 dicunt

370 2141 587 2200 mortali
616 2157 738 2200 esse
779 2154 969 2200 natura
993 2188 1007 2212 ,
1034 2160 1135 2201 nec
1164 2145 1400 2200 divinam
1429 2159 1590 2217 posse
1616 2141 1974 2199 substantiam

2073 560 2405 633 degenerare
2453 562 2687 618 mortali.
2716 562 2869 632 Quod
2910 563 3050 619 istud
3080 573 3107 602 ι
3136 574 3194 620 ιιι
3223 564 3345 632 flat,
3376 568 3686 626 medietatis

2076 654 2460 725 efficitur.lege
2491 673 2504 710 :
2535 656 2679 727 quod
2714 665 2770 712 et
2802 656 2906 713 illis
2948 668 3262 729 argumenta
3296 670 3423 715 sunt
3451 672 3647 731 praesto
3667 706 3682 729 ,

2073 747 2265 818 quibus
2292 762 2385 801 eas
2413 747 2651 817 passivae
2677 758 2841 817 atque
2870 750 3165 806 interibiles
3189 751 3463 807 invenitur
3481 770 3499 817 :_
3518 764 3574 809 et
3596 753 3682 810 his

2075 848 2258 893 contra
2289 854 2394 893 non
2423 839 2641 908 desunt,
2674 841 2872 912 quibus
2898 856 3021 897 esse
3066 840 3274 899 divinas
3315 844 3681 902 immortales.

2076 944 2180 1000 que
2208 933 2556 987 monstratur.

2148 1019 2367 1077 XXXII.
2388 1021 2648 1079 llreccum
2671 1024 2741 1079 ita
2773 1039 2831 1080 se
2860 1024 3111 1093 habeant,
3138 1035 3345 1103 etcum
3375 1028 3444 1083 ab
3467 1044 3681 1098 summo

2076 1114 2328 1170 traditum
2361 1124 2642 1173 teneamus
2672 1128 2915 1180 auctore,
2950 1135 3053 1175 non
3102 1136 3226 1177 esse
3273 1122 3485 1177 animas
3524 1122 3682 1197 longe

2075 1208 2145 1264 ab
2169 1206 2403 1265 hiatibus
2442 1210 2632 1265 mortis
2656 1220 2713 1265 et
2744 1210 2987 1267 faucibus
3014 1214 3339 1268 constitutas
3370 1232 3385 1269 :
3414 1229 3572 1284 posse
3601 1226 3684 1270 ta-

2078 1318 2200 1357 men
2247 1303 2518 1375 longaevas
2548 1305 2743 1359 summi
2788 1305 3049 1377 principis
3078 1323 3303 1363 munere
3328 1322 3393 1361 ac
3424 1308 3683 1365 beneﬁcio

2081 1394 2194 1449 fieri
2217 1396 2293 1450 :si
2322 1394 2484 1451 modo
2509 1396 2655 1451 illum
2681 1405 2892 1452 tentent
2912 1412 2976 1452 ac
2996 1397 3331 1453 meditemur
3355 1415 3681 1471 agnoscere:

2078 1487 2199 1555 ejus
2228 1486 2373 1542 enim
2404 1487 2637 1554 cognitio
2666 1486 2991 1542 fermentum
3019 1487 3291 1559 quoddam
3324 1501 3409 1546 est
3440 1491 3563 1545 vita-
3583 1534 3596 1555 ,
3623 1507 3684 1547 ac

2079 1580 2158 1633 rei
2182 1579 2539 1634 dissociabilis
2564 1580 2830 1651 glutinum
2859 1598 2872 1634 :
2904 1591 3012 1635 tum
3049 1581 3248 1637 deinde
3289 1582 3506 1640 feritate
3528 1596 3687 1656 atque

2078 1674 2467 1730 inhumanitate
2512 1674 2802 1745 depositis,
2845 1685 3122 1731 resumam
3171 1677 3386 1749 ingenia
3435 1678 3685 1733 mitiora:

2080 1777 2137 1823 ut
2162 1777 2218 1822 at
2245 1766 2373 1823 illud
2392 1809 2406 1832 ,
2439 1767 2583 1839 quod
2611 1766 2856 1831 dabitur,
2880 1781 3003 1823 esse
3049 1758 3255 1836 possint
3296 1779 3521 1838 paratae.
3552 1769 3690 1839 Quid

2082 1873 2163 1920 eat
2188 1860 2332 1933 quod
2360 1876 2391 1915 a
2420 1862 2574 1917 vobis
2601 1871 2874 1933 tamquam
2901 1860 3045 1916 bruti
3065 1869 3123 1916 et
3153 1861 3336 1917 stolidi
3360 1861 3693 1933 iudicemur,

2081 1956 2126 2010 si
2155 1950 2375 2026 propter
2404 1954 2505 2011 hos
2549 1964 2723 2010 metus
2750 1955 3023 2009 liberatori
3055 1954 3365 2012 dedidimus
3394 1953 3423 1993 δ
3451 1965 3507 2011 et
3535 1971 3694 2012 man-

2082 2048 2381 2117 cipavimus
2410 2062 2509 2102 nos
2542 2046 2691 2102 Deo?
2721 2045 2997 2102 Adversus
3026 2047 3163 2103 ictus
3191 2048 3413 2115 noxios,
3446 2058 3502 2103 et
3530 2064 3694 2118 vene-

2080 2148 2237 2195 natos
2264 2140 2609 2195 colubrarum
2642 2154 2853 2195 morsus
2876 2181 2891 2207 ,
2922 2138 3164 2195 remedia
3219 2154 3368 2210 saepe
3416 2140 3696 2211 «inquiri-

1602 2256 1988 2316 LECTIONES
2024 2254 2335 2313 VARIAN'I‘
2346 2254 2445 2311 ES.

432 2375 461 2406 ⁸
484 2374 610 2437 Quid
642 2376 774 2428 istud
804 2376 922 2429 Sub.

2144 2370 2175 2409 ιι
2214 2370 2297 2420 fta
2323 2370 2437 2421 ἐγώ.
2464 2370 2691 2422 dedimus
2709 2369 2816 2421 alii.

1754 2550 2317 2609 COMMENTARIUS.

368 2677 598 2737 corpore
632 2667 795 2737 gigni,
837 2680 1433 2732 crescerepeenescere
1464 2677 1519 2723 et
1548 2665 1793 2723 interire.
1831 2666 1964 2722 Vide

367 2734 610 2801 Lucret.,
643 2734 738 2792 lib.
772 2754 853 2804 ut,
884 2754 1026 2795 vers.
1064 2739 1263 2795 418-
1284 2740 1409 2796 840.
1444 2740 1647 2796 Οιιῑιι..

442 2807 669 2891 Ριιτρᾳνὶ
694 2810 1031 2891 haclanimas.
1062 2812 1138 2867 Ita
1158 2811 1565 2891 legendumlex
1587 2809 1969 2891 emendatione

368 2877 634 2949 Meursii),
662 2897 765 2936 non
791 2880 882 2935 has
909 2883 1128 2938 animas.
1158 2877 1559 2951 Philosophiam
1589 2880 1972 2935 existimabant

370 2964 492 3029 esse
536 2953 1021 3029 ζωῆς-ἀνθρωπίνης
1071 2956 1311 3029 κάθαρσιν
1363 2959 1442 3029 nati
1485 2954 1801 3029 colubrum;
1838 2951 1973 3029 Vide

376 3020 652 3075 Platonem
682 3024 733 3075 iu
765 3020 1054 3087 Phaedone,
1083 3037 1132 3080 et
1171 3020 1473 3081 llieroelem
1504 3026 1555 3085 iu
1580 3039 1742 3079 aurea
1768 3024 1973 3095 Pytha-

369 3105 657 3162 goreorum
686 3097 949 3150 carmina.
977 3096 1217 3153 ΙΙειιΑιιι.

417 3162 511 3236 ριιι
541 3163 666 3236 ipsis
694 3167 991 3236 corporibus
1025 3184 1201 3222 sensus
1239 3168 1308 3222 eis
1338 3168 1533 3233 deperit
1570 3167 1980 3236 extinguiturmte

2070 2667 2280 2744 λαῦῖρον
2298 2668 2979 2744 _a‘w_ayswriorai_c,_l_nvacram
3007 2666 3431 2744 regenerationis,

2075 2736 2217 2791 διοιὸ
2246 2736 2311 2790 ad
2343 2736 2474 2803 Ti't.,
2506 2753 2583 2803 Ill,
2616 2739 2670 2794 5.
2704 2737 2814 2793 Hoc
2841 2748 3022 2792 autem
3051 2737 3173 2792 loco
3206 2738 3533 2807 perstringit
3565 2736 3689 2792 bre»

2079 2809 2215 2867 riter
2262 2817 2317 2863 et
2366 2809 2596 2863 obscure
2650 2809 2919 2864 Arnobius
2972 2824 3034 2864 ea
3086 2824 3206 2878 qum
3258 2808 3692 2863 observabantur

2076 2880 2178 2955 πρὸ
2204 2886 2291 2934 τοῦ
2322 2880 2698 2955 βαπτίσματος,
2729 2880 2862 2933 Dicit
2888 2881 2938 2933 in
2964 2879 3429 2955 prmcedentiiius:
3457 2878 3521 2955 Si
3541 2881 3692 2933 modo

2080 2949 2230 3003 illum
2260 2949 2448 3004 tentent
2470 2949 2533 3003 ac
2559 2953 2861 3004 meditemur
2888 2966 3184 3021 agnoscere.
3217 2950 3309 3007 Sic
3330 2949 3692 3005 Catecbumc-

2084 3036 2275 3075 norum
2300 3022 2545 3077 ordinem
2567 3021 2891 3077 snbindicat.
2916 3020 3302 3076 Calechumeui
3322 3022 3489 3088 enim,
3519 3022 3693 3087 prius-

2080 3108 2243 3161 quam
2275 3094 2695 3161 baptizarentur,
2727 3100 3046 3165 κατηχοῦντο
3076 3102 3131 3145 et
3163 3094 3515 3165 indoctrimu
3544 3091 3691 3146 chri-

2082 3154 2274 3217 stianm
2305 3154 2582 3234 principiis
2615 3154 3053 3227 instituebantur,
3084 3179 3145 3217 ac
3173 3154 3446 3218 Christum
3491 3178 3691 3231 cogno-

370 3227 571 3311 gitalisf
614 3234 741 3311 Legi
784 3227 986 3311 'yolunt
1022 3254 1035 3289 :
1081 3257 1194 3301 cum
1244 3238 1370 3311 ipsis
1406 3227 1735 3311 corporibus:
1792 3227 1973 3305 Falso.
2007 3235 2053 3299 C
2085 3249 2241 3288 scere
2269 3227 2622 3311 docebantur,
2657 3236 2853 3311 deinde
2884 3236 3043 3289 fidem
3082 3250 3235 3311 suam
3257 3227 3689 3311 profitebantur,

420 3307 568 3375 angit
605 3307 748 3383 enim
790 3309 1057 3383 Arnobius
1094 3307 1430 3383 argmnenta,
1459 3310 1655 3381 quibus
1686 3313 1970 3383 mortalem

436 3379 768 3452 se_animam
808 3379 1023 3435 efﬁcere
1061 3379 1420 3443 conabantur.
1468 3379 1642 3452 Atque
1687 3383 1825 3435 inter
1868 3382 1973 3435 alia

398 3449 717 3522 neulcabant
754 3452 1041 3521 praecipue,
1074 3454 1127 3507 in
1169 3454 1285 3522 ipso
1329 3449 1568 3519 corpore
1606 3454 1840 3507 animam
1876 3453 1967 3506 mi-

375 3519 487 3594 nui,
528 3519 822 3594 corrumpi,
870 3536 923 3578 et
966 3519 1344 3581 tandem'cum
1393 3538 1459 3576 eo
1504 3525 1793 3594 exstingui.
1843 3524 1971 3587 Eam

373 3591 517 3645 enim
555 3591 613 3665 in
662 3595 820 3665 mgris
866 3608 1097 3665 agrarii;
1138 3598 1189 3651 in
1235 3605 1395 3649 aetate
1440 3594 1600 3649 fessis
1640 3591 1869 3662 fessam;
1912 3610 1975 3651 ac

372 3675 495 3745 cum
550 3664 735 3718 interit
780 3680 999 3745 corpus,
1030 3668 1189 3745 svtnul
1226 3682 1347 3745 cum
1394 3665 1526 3737 ipsis
1560 3667 1819 3745 partibus,
1856 3682 1975 3733 qum

373 3738 549 3802 primo
578 3738 1449 3811 consopiuutur,exstingui,etc.
1491 3755 1611 3806 utne
1651 3739 1833 3811 omnia
1872 3746 1979 3791 tra-

372 3813 590 3874 ctantur
627 3822 656 3859 a
704 3806 957 3863 Lucretio
986 3809 1062 3862 lib
1103 3825 1179 3874 ιιι,
1204 3806 1267 3865 et
1306 3810 1582 3864 diluuntur
1622 3825 1650 3863 a
1697 3808 1977 3865 Lactantio

373 3873 467 3931 lib.
509 3892 595 3942 vn,
628 3892 747 3946 cap.
786 3878 871 3933 12.
907 3880 1151 3935 Henna.

453 3968 641 4034 XXXI.
685 4002 773 4047 τ-
834 3972 1081 4031 Medietas
1138 3992 1255 4047 ergo
1306 3974 1539 4046 quedam
1592 3984 1637 4028 et
1688 3976 1979 4029 animarum

372 4043 927 4121 anceps‘ambiguaqne
969 4056 1153 4121 natura
1184 4043 1728 4121 locuni_philosop/iiw
1759 4049 1971 4121 peperit.

375 4112 501 4187 limo
540 4112 684 4187 enim
728 4112 826 4170 fuit
866 4116 1171 4172 Stoicorum
1209 4112 1451 4172 doctrina
1478 4135 1491 4171 :
1521 4112 1687 4187 quare
1727 4112 1846 4185 qum
1888 4118 1974 4172 hic

372 4186 589 4259 scripsit
617 4187 890 4259 Arnobius
921 4188 989 4243 de
1016 4189 1303 4243 medietate
1330 4190 1653 4251 animarum,
1686 4204 1746 4242 ea
1781 4190 1975 4259 partim

371 4271 403 4312 e
425 4254 730 4330 Stoicorum
758 4258 964 4324 schola,
1000 4262 1190 4327 partim
1220 4276 1251 4315 e
1281 4260 1546 4330 scriptura
1579 4254 1861 4329 perperam
1895 4263 1973 4330 iu-

374 4328 587 4383 tellecta
630 4328 901 4385 hauserat.
951 4331 1104 4387 Conf.
1139 4328 1553 4403 Lactantitlib.
1582 4328 1691 4397 vn,
1728 4348 1846 4403 cap.
1881 4329 1973 4389 20.

1425 4402 1663 4461 Ηκιιλιιι.

448 4492 559 4568 Nec
592 4500 663 4568 _in
716 4504 905 4568 natura
960 4511 1106 4563 posse
1157 4495 1735 4568 degenerat-ermortali.
1790 4495 1980 4568 Editur

2084 3313 2272 3376 postea
2308 3306 2555 3373 precibus
2585 3322 2646 3361 ac
2670 3307 2893 3374 jejnnits
2927 3321 3144 3375 operam
3182 3306 3386 3358 dabant
3423 3307 3692 3376 εει»ωηί-

2084 3375 2305 3438 tentiam
2365 3380 2628 3447 agebant,
2674 3377 2955 3433 feritatem
3016 3390 3177 3441 atque
3238 3375 3687 3431 inhtunanitilem

2084 3448 2437 3517 depunentes,
2470 3460 2521 3501 ut
2551 3450 2619 3501 ad
2656 3448 2789 3502 illud
2818 3450 2956 3517 quod
2996 3448 3202 3501 dabitur
3230 3464 3337 3503 esse
3364 3450 3560 3515 possint
3590 3465 3688 3514 pa-

2082 3531 2228 3580 ratas,
2264 3520 2313 3572 id
2344 3529 2427 3573 est
2463 3520 2527 3573 ad
2566 3520 2855 3575 communit
2882 3518 3003 3573 nem
3034 3520 3278 3588 cm'poris
3309 3518 3533 3579 Christi,
3566 3521 3690 3587 quia

2083 3592 2288 3653 Statim,
2340 3606 2462 3645 cum
2506 3600 2687 3645 essent
2717 3590 2993 3660 baptizati,
3022 3594 3071 3643 in
3100 3603 3424 3644 conventum
3449 3590 3690 3645 deduce-

2088 3670 2299 3723 aantur,
2343 3671 2504 3731 atque
2538 3662 2609 3716 ibi
2641 3662 3032 3716 Eucharistiam
3068 3660 3484 3731 partivipubaut.
3517 3663 3689 3716 Antea

2084 3734 2261 3799 enim,
2302 3747 2423 3786 cum
2488 3746 2885 3787 sacramentum
2931 3732 3069 3787 istud
3114 3733 3507 3796 celebraretur,
3541 3744 3689 3786 cate-

2082 3803 2337 3857 chumeni
2380 3816 2447 3857 ne
2489 3803 2711 3858 aderant
2752 3805 2993 3874 quidem,
3038 3804 3177 3873 quod
3226 3804 3478 3874 usitatum
3526 3806 3687 3857 etiam

2085 3874 2136 3928 in
2197 3874 2436 3941 profanis
2496 3873 2797 3944 mysteriis,
2854 3892 2882 3929 a
2938 3875 3134 3945 quibus
3186 3873 3544 3935 arcebantur,
3600 3875 3689 3942 qui

2083 3946 2275 3999 initiati
2314 3954 2367 4000 et
2401 3947 2597 3999 sacrati
2646 3962 2751 4000 non
2803 3956 2982 4000 erant.
3032 3945 3181 4001 Unde
3227 3945 3471 3999 formnl'r:
3504 3964 3518 3999 :
3546 3945 3690 4009 Ἒιεὰς

2082 4017 2197 4078 ἑκὰς
2244 4016 2363 4073 ἔστι
2395 4018 2621 4090 ηβέϐλοι.
2649 4015 2864 4083 Procul,
2900 4018 3080 4088 procul
3116 4029 3218 4071 este
3247 4018 3474 4090 profani.
3511 4016 3689 4072 Etiam

2084 4090 2247 4153 verba
2294 4088 2439 4142 illud
2468 4090 2604 4158 quod
2648 4089 2874 4149 dabitur,
2922 4101 3027 4143 etc.
3077 4090 3335 4144 translata
3379 4088 3462 4141 vid
3484 4098 3631 4143 ‘ntur
3658 4102 3689 4143 a

2083 4158 2334 4232 Gentium
2366 4161 2658 4231 mysteriis,
2688 4160 2739 4214 in
2766 4161 2959 4230 quibus
2986 4160 3250 4214 dabantur
3271 4160 3518 4232 quandam
3547 4174 3690 4231 sym-

2086 4231 2209 4285 bolo
2237 4242 2289 4287 et
2322 4232 2708 4287 memoracula.
2742 4232 3017 4286 Arnobius
3043 4232 3224 4301 igitur,
3255 4231 3380 4301 quia
3404 4231 3686 4296 audierat,

2085 4302 2201 4356 dari
2246 4303 2497 4361 fidelibus
2537 4318 2730 4374 panem
2761 4313 2815 4357 et
2846 4304 3055 4368 vinum,
3101 4317 3201 4357 nec
3235 4302 3489 4374 mysterii
3532 4304 3689 4374 hujus

2087 4375 2355 4430 rationem
2388 4376 2518 4430 satis
2540 4372 2815 4442 cognitam
2857 4374 3108 4438 habebat,
3143 4372 3343 4427 idcirco
3381 4373 3482 4427 hac
3523 4372 3592 4426 de
3631 4388 3688 4429 re

2089 4444 2331 4517 loquitur
2359 4447 2518 4513 paulo
2548 4446 2832 4500 obscurius
2855 4457 2907 4499 et
2930 4445 3108 4500 verbis
3136 4461 3241 4517 non
3272 4445 3403 4517 satis
3431 4445 3684 4513 propriis,

2091 4518 2162 4570 ita
2195 4527 2251 4571 ut
2281 4517 2503 4572 Confusa
2543 4527 2750 4571 tantum
2793 4517 2991 4571 vidisse
3022 4532 3144 4571 eum
3176 4516 3377 4585 aliquid
3405 4526 3683 4584 appareat,

375 4564 707 4645 Lugd-"Btt-
738 4566 817 4645 ἐκ,
853 4564 1574 4645 παιυναηι-,οηιξ-,ιιιοιείμιειη
1611 4582 1676 4645 εξκ
1720 4567 1976 4645 θ¹¹¹⁰²¹⁴¹³ἷ
2006 4564 2061 4624 1)
2087 4564 2749 4645 aliasalsamentis:
2796 4564 3688 4643 ιιὲὶιῖιῖοῖἰίιῙέι-ἒιῖέιῖιιίι⁷’ἰέιιῖῖεἰὶ

376 4637 521 4691 ιίοιιε
553 4636 771 4692 Meursii
807 4639 857 4692 in
897 4640 1146 4707 Append.
1194 4639 1352 4695 Male.
1401 4639 1537 4693 Vide
1580 4639 1865 4692 observata
1910 4639 1975 4692 ad

372 4707 467 4781 lib.
512 4724 547 4772 ι,
596 4724 713 4777 cap.
762 4709 855 4775 η,
899 4721 952 4764 et
995 4710 1088 4765 lib.
1133 4728 1187 4774 ιι,
1231 4726 1351 4781 cap.
1385 4711 1437 4774 '2,
1473 4711 1673 4765 verba:
1718 4709 1895 4763 Veram
1925 4712 1979 4765 in

374 4779 494 4832 orbe
517 4782 807 4851 religionem
836 4783 1055 4836 induxit.
1086 4783 1287 4838 Οιιειι.

448 4872 666 4927 XXXII.
706 4904 775 4917 -—~
808 4874 941 4945 Ejus
1000 4878 1132 4930 enim
1191 4878 1413 4947 cognitio
1470 4878 1775 4947 fermentum
1816 4873 1980 4947 quod:

374 4946 495 5011 dum
548 4956 619 4999 est
680 4950 810 5001 vitae.
854 4944 1126 5015 'RcSpicit
1189 4944 1478 5002 Arnobiis
1512 4947 1576 4999 ad
1636 4946 1795 4999 vellit
1862 4944 1977 4999 Divi

377 5017 584 5073 Soteris
615 5016 810 5072 Joauu.
850 5035 980 5083 χιιι,
1014 5036 1154 5073 vers.
1187 5022 1237 5074 5.
1286 5022 1421 5079 Αὐτὴ
1458 5018 1511 5073 δέ
1555 5021 1688 5074 ἐστιν
1726 5020 1754 5075 ή
1783 5021 1977 5077 αἰώνιος

376 5093 499 5165 ζωή,
534 5091 613 5165 ius:
653 5094 939 5165 γινῴσκωσί
982 5113 1040 5146 σε
1082 5096 1167 5148 τὸν
1196 5093 1335 5165 μόνον
1371 5092 1590 5149 ἀληθινὸν
1630 5092 1769 5153 Θεὸν,
1814 5094 1893 5145 mi
1928 5087 1981 5144 ὃν

376 5163 703 5239 diuidamus,
730 5163 918 5239 'lna'ot‘w
936 5166 1178 5239 Χριστόν.
1198 5163 1416 5239 υιιειτι..

454 5233 583 5285 Tum
624 5235 805 5287 deinde
850 5233 1049 5302 [erittite
1094 5248 1243 5305 atque
1287 5234 1660 5289 inhumanitate
1705 5233 1973 5299 depositis,

378 5314 635 5361 restituant
666 5306 867 5375 ingenia
898 5309 1117 5370 mitiora,
1151 5321 1200 5360 ut
1228 5309 1294 5360 ad
1323 5308 1453 5360 illud
1482 5305 1615 5372 quod
1643 5306 1845 5358 dubitur
1871 5320 1978 5358 esse

381 5379 572 5445 possint
615 5389 826 5440 parataz.
879 5380 968 5431 llis
1010 5381 1188 5433 verbis
1218 5394 1337 5433 cum
1382 5380 1843 5449 rt-geuerntionem
1868 5391 1976 5449 per

381 5450 727 5515 baptismum,
774 5456 885 5500 tum
932 5449 1321 5505 Eucharistiam
1368 5448 1634 5519 signiﬁcat
1678 5448 1971 5513 Arnobius,

379 5521 473 5576 sed
508 5523 600 5581 ita,
645 5528 701 5572 ut
730 5520 890 5573 verba
934 5520 1223 5576 Gentilium
1260 5522 1324 5574 ad
1359 5522 1790 5574 Christianorum
1821 5536 1973 5573 sacra

379 5590 773 5667 accommodet.
820 5590 1214 5667 Existimabam
1251 5594 1391 5647 enim
1424 5592 1687 5667 Gentiles,
1712 5593 1973 5667 inySlcria

381 5664 542 5719 fuisse
568 5664 804 5728 iuventa,
836 5672 906 5717 ut‘
921 5664 1166 5718 homines
1188 5680 1252 5718 ex
1280 5666 1472 5733 agresti
1506 5665 1833 5729 humanique
1865 5666 1974 5714 vita

380 5741 444 5789 ad
478 5738 860 5789 humanitatem
890 5735 1266 5798 excolerentur
1288 5746 1339 5787 et
1362 5737 1804 5789 traducerentur:
1834 5734 1976 5788 unde

384 5806 528 5861 initia
561 5808 845 5876 :tppt‘llnla.
888 5806 1009 5859 για.
1043 5806 1155 5860 Cic.
1190 5806 1257 5860 de
1289 5805 1451 5875 Legg.
1487 5823 1543 5865 ll.
1575 5822 1695 5875 cap.
1730 5806 1812 5862 Η.
1850 5806 1977 5860 Ηωο

383 5888 466 5931 est
507 5878 790 5935 Nationum
830 5879 1167 5949 παλιοίενζσία.
1202 5877 1272 5932 At
1317 5878 1613 5946 baptismus
1652 5878 1974 5949 appellatur,

2087 4658 2348 4713 Nourrius
2383 4670 2591 4729 putans.
2619 4660 2914 4715 Arnobium
2938 4658 3265 4729 generaliter
3292 4656 3345 4710 h.
3377 4659 3415 4711 ι.
3445 4656 3516 4710 de
3544 4656 3685 4713 felici

2088 4731 2283 4784 anima:
2329 4742 2527 4784 nostra:
2580 4731 2984 4785 immortalitate
3028 4731 3333 4797 disputare;
3366 4743 3554 4799 quam,
3586 4730 3685 4784 nisi

2087 4804 2271 4868 agnito
2325 4819 2455 4856 vero
2511 4803 2621 4857 Deo
2650 4812 2699 4856 et
2732 4818 2939 4856 morum
2971 4801 3363 4855 inhumanitate
3414 4799 3681 4867 deposita,

2088 4874 2343 4942 consequi
2373 4890 2478 4927 nou
2510 4876 2795 4942 possimus.
2829 4873 2933 4928 Sed
2968 4874 3128 4927 verba
3157 4874 3289 4927 illud
3315 4871 3453 4941 quod
3481 4870 3685 4925 dabitur

2090 4944 2218 5022 mihi
2258 4946 2527 5022 singulare
2564 4946 2831 5012 quoddam
2861 4944 3301 5022 etppempzédc;
3335 4944 3581 5022 iudicare
3603 4946 3683 5022 γι-

2088 5015 2304 5079 dentur,
2338 5014 2481 5088 quod
2511 5031 2688 5071 autem
2720 5032 2824 5071 nan
2866 5014 2953 5071 rei
2975 5014 3298 5085 ignorantia,
3333 5028 3388 5088 ut
3424 5014 3685 5088 lleraldus

2088 5100 2258 5157 putat,
2308 5086 2400 5145 sed
2444 5090 2692 5145 con~ulto
2734 5099 2788 5143 et
2827 5088 3119 5159 prudenter
3163 5087 3443 5144 reticuisse
3475 5086 3685 5141 videtur

2086 5163 2378 5226 Arnobius,
2415 5178 2482 5216 ne
2512 5162 2628 5215 scil.
2664 5160 2914 5216 Gentium
2963 5162 3082 5213 talia
3118 5176 3223 5213 non
3268 5159 3680 5228 intelligentium

2082 5234 2293 5287 animos
2322 5235 2641 5290 offenderet.
2673 5235 2873 5299 Quare,
2905 5234 3006 5286 hoc
3035 5248 3142 5286 uno
3166 5242 3419 5301 excepto,
3452 5231 3683 5285 lleraldo

2080 5307 2365 5361 assentior.

2158 5383 2222 5430 At
2250 5394 2379 5431 vero
2410 5378 2601 5431 iterata
2648 5377 2841 5430 horum
2874 5376 3163 5431 verborum
3194 5374 3429 5430 lectione
3459 5375 3680 5430 meliora

2078 5447 2326 5514 edoctus,
2363 5460 2503 5503 totus
2527 5449 2635 5517 jam
2662 5449 2862 5503 accedo
2893 5448 2957 5500 ad
2983 5447 3287 5502 doctissimi
3318 5444 3536 5499 Nourrii
3560 5464 3681 5500 sen-

2082 5522 2325 5573 tentiam.
2362 5520 2506 5575 Illud
2536 5522 2672 5592 quod
2703 5520 2905 5573 dabitur
2931 5529 3014 5592 est
3043 5522 3149 5573 vita
3174 5527 3400 5575 reterua,
3430 5518 3496 5571 ad
3527 5535 3681 5592 quam

2081 5592 2276 5645 animm.
2308 5609 2430 5647 esse
2458 5588 2660 5647 debent
2688 5602 2911 5663 p'lf‘tllfB,
2945 5590 2995 5645 id
3022 5600 3103 5663 est
3132 5599 3472 5663 prtrparatzu.
3508 5588 3681 5660 digna:

2082 5664 2305 5716 reddita!
2334 5681 2457 5734 qua:
2507 5661 2775 5734 accipiunt
2804 5666 3000 5718 virtute
3032 5662 3239 5719 scilicet
3268 5672 3325 5717 ct
3371 5661 3529 5715 bouis
3558 5678 3685 5725 ope-

2079 5734 2247 5787 ribus.
2275 5736 2479 5793 ORELL.

2157 5806 2460 5861 Dedidimns
2506 5816 2554 5862 et
2609 5807 3030 5876 mancipavimus.
3074 5804 3236 5861 Fulv.
3272 5804 3460 5863 Ursin.
3492 5808 3685 5861 inanti-

2081 5896 2286 5951 puinus,
2319 5882 2477 5935 male.
2511 5879 2714 5934 Οιιειι..
