3850 6350
354 373 462 430 863

1510 363 1786 423 ARNOBII
1825 363 2194 425 ADVERSUS
2232 368 2504 430 GENTES

3579 368 3679 426 86!

423 482 669 543 XXXIV.
700 480 836 539 Cum
868 480 1030 554 igitur
1061 478 1179 536 haec
1227 479 1297 534 ita
1349 479 1490 543 sint,
1522 495 1770 548 quaenam
1821 481 1960 554 inju-
1993 487 2035 546 Α
2068 483 2234 548 factu,
2267 486 2340 540 illi
2367 487 2642 555 possibile,
2676 494 2837 556 atque
2863 485 3154 541 admodum
3176 485 3493 542 exectttioni
3523 496 3547 525 ε
3572 502 3680 558 ριέ

360 580 507 636 stitia
529 588 673 632 tanta
694 587 798 643 est,
822 586 878 630 ιιι
909 576 1034 631 fatui
1061 576 1214 630 vobis
1233 574 1555 630 credulitate
1580 578 1630 630 in
1660 577 1758 631 ista
1784 578 1966 632 videa-

353 688 502 736 mur;
533 686 655 725 cum
688 685 786 724 vos
816 679 870 723 et
899 669 1098 722 similia
1128 666 1374 727 credere,
1400 677 1453 720 et
1486 668 1537 721 in
1566 669 1753 722 eadem
1788 668 1968 724 videa-

358 785 482 825 mus
508 767 887 839 expectatione
918 765 1164 821 versari?
1196 762 1250 818 Si
1299 763 1548 818 irrisioiie
1594 766 1969 820 existimamur

361 858 532 930 digni,
567 859 708 929 quod
735 873 886 927 Spem
920 855 1074 909 nobis
1102 853 1408 924 hnjustnodi
1441 855 1775 924 pollicemur,
1801 867 1856 912 et
1873 874 1968 913 vos

361 953 552 1009 eadem
581 957 828 1020 expectat
852 948 1053 1012 irrisio,
1077 949 1164 1020 qtti
1193 962 1342 1016 Spem
1364 947 1516 1001 vobis
1547 950 1967 1004 immortalitatis

359 1045 686 1102 adscistoitis.
704 1044 758 1099 Si
780 1041 977 1096 tenetis
998 1041 1234 1111 aliquam
1257 1042 1653 1111 sequiminiqne
1679 1043 1964 1110 rationem,

364 1151 419 1196 ct
443 1139 596 1194 nobis
621 1139 856 1207 aliquam
885 1137 1190 1206 portionem
1216 1152 1277 1191 ex
1312 1137 1410 1190 ista
1436 1137 1644 1192 ratione
1666 1140 1962 1194 concedite.

360 1231 416 1288 Si
448 1231 605 1286 nobis
635 1231 747 1283 lttrc
775 1229 966 1299 gaudia
986 1269 1001 1292 ,
1036 1228 1141 1282 hoc
1168 1242 1248 1282 ρει
1277 1228 1417 1282 viam
1450 1230 1713 1300 fugiend-io
1742 1231 1929 1285 mortis
1951 1273 1964 1296 ,

359 1321 512 1378 Plato
542 1323 592 1376 in
627 1320 895 1376 l’luedone
918 1330 943 1357 ει
970 1321 1332 1390 promisisset,
1353 1322 1559 1377 aliusve
1578 1339 1640 1376 ex
1661 1322 1762 1375 hoc
1778 1323 1966 1387 choro,

359 1427 657 1488 possetque
689 1430 805 1469 eam
841 1429 1120 1486 prteSIare,
1150 1427 1312 1485 atque
1353 1415 1418 1468 ad
1463 1414 1668 1469 finemb
1701 1416 1966 1484 pollicita-

363 1509 530 1563 tionis
555 1507 846 1573 adducere,
874 1519 1300 1562 consentaneum
1334 1505 1507 1562 fuerat
1544 1508 1660 1576 ejus
1693 1511 1969 1577 suscipere

363 1617 464 1657 nos
493 1603 692 1668 cultus,
727 1619 753 1653 a
785 1615 891 1668 quo
924 1610 1130 1654 tantum
1162 1600 1290 1654 doni
1324 1612 1742 1668 expectaremus
1767 1610 1821 1654 et
1852 1617 1970 1654 mll-

363 1699 530 1754 neris.
562 1696 716 1752 Nunc
743 1711 864 1750 cum
895 1712 1015 1752 eam
1047 1695 1294 1751 Christus
1325 1711 1430 1750 non
1463 1704 1668 1750 tantum
1704 1697 1965 1765 promise-

2077 581 2286 632 ratum?
2317 580 2406 633 Est
2431 584 2574 633 enim
2598 579 2740 650 quod
2769 579 2986 633 obstare
3009 579 3128 649 ejus
3148 578 3528 634 Voluntatibns
3556 594 3683 648 pos-

2078 672 2168 733 sit,
2206 682 2297 726 aut
2327 672 2468 742 quod
2503 687 2626 728 esse
2655 671 2907 740 voluerit,
2942 689 3048 729 non
3079 672 3393 729 necessario
3424 685 3681 744 sequatur

2079 777 2134 819 ut
2167 766 2292 820 fiat"
2322 766 2406 821 An
2442 767 2697 837 numquid
2731 769 2932 822 nostris
2971 784 3037 823 ex
3066 769 3434 824 divisionibus
3453 770 3683 842 collige-

2079 876 2216 924 mus,
2245 861 2369 930 quid
2402 870 2495 914 aut
2526 863 2639 916 fieri
2673 863 2862 932 possit,
2911 872 3006 917 aut
3048 879 3153 917 non
3197 862 3414 935 possit:
3443 879 3542 919 nec
3591 879 3683 918 ra-

2079 954 2249 1020 tiones
2300 955 2768 1010 considerabimus
2817 965 3032 1010 nostras
3064 966 3172 1010 tam
3219 970 3342 1010 esse
3397 956 3681 1023 mortales,

2076 1062 2234 1116 quam
2263 1062 2448 1101 sumus
2481 1061 2580 1102 nos
2606 1047 2730 1118 ipsi,
2761 1058 2813 1101 et
2846 1049 3044 1102 nullius
3071 1049 3214 1116 apud
3241 1048 3541 1118 principem
3567 1065 3686 1103 mo-

2080 1138 2283 1192 minis?
2319 1140 2380 1193 Et
2411 1149 2588 1195 tamen
2621 1156 2651 1193 o
2683 1141 2793 1206 isti,
2827 1143 2916 1212 qui
2948 1142 3140 1195 medim
3166 1141 3444 1211 qualitatis
3471 1143 3684 1197 animas

2077 1245 2198 1285 esse
2227 1246 2332 1284 non
2363 1233 2604 1293 creditis.
2641 1243 2695 1286 et
2750 1235 2801 1285 in
2836 1233 3012 1287 medio
3043 1233 3218 1288 limite
3244 1233 3373 1287 vita:
3401 1242 3560 1303 atque
3600 1235 3686 1289 in-

2079 1327 2270 1378 teritus
2297 1326 2598 1390 contineri,
2648 1341 2826 1381 nonne
2869 1341 3059 1381 omnes
3088 1325 3335 1392 omnino,
3389 1341 3526 1397 quos
3554 1342 3679 1383 esse

2078 1417 2321 1485 opinatio
2361 1419 2696 1487 suspicatur,
2743 1417 2850 1482 dii,
2884 1418 3084 1487 angeli,
3119 1417 3418 1485 daemones,
3460 1429 3553 1472 aut
3581 1433 3681 1474 ιιοο

2078 1507 2221 1562 mine
2271 1525 2611 1579 quocumque
2651 1517 2778 1564 sunt
2823 1511 2951 1572 alio,
2996 1510 3270 1581 qualitatis
3313 1520 3368 1564 et
3413 1511 3514 1580 ipsi
3547 1523 3675 1566 sunt

2079 1603 2289 1669 mediae,
2323 1613 2377 1658 et
2412 1605 2464 1658 itt
2494 1605 2760 1675 ambiguae
2791 1605 2954 1658 sortis
2979 1604 3296 1659 conditione
3340 1605 3673 1660 mutabiles?

2077 1695 2208 1751 Nam
2260 1697 2302 1750 si
2351 1713 2539 1751 omnes
2569 1697 2943 1762 concedimus,
2979 1713 3141 1751 nntttn
3187 1712 3311 1751 esse
3361 1712 3544 1751 rerum
3580 1713 3676 1764 pa-

362 1794 466 1859 rit,
517 1807 703 1846 verum
763 1791 925 1844 etiam
980 1778 1268 1845 virtutibus
1331 1791 1494 1843 tantis
1547 1789 1972 1844 manifestaverit
2005 1821 2051 1880 B
2081 1801 2237 1854 trem,
2279 1790 2640 1845 immortalem
2682 1800 2844 1860 atque
2882 1789 3179 1854 ingenitum
3210 1788 3406 1852 solum,
3443 1788 3682 1859 nihilque

362 1900 523 1960 posse
563 1885 826 1952 compleri
861 1903 872 1936 :
905 1884 1032 1956 quid
1075 1886 1308 1939 alienum
1340 1883 1590 1950 facimus,
1619 1894 1711 1940 aut
1732 1887 1972 1940 stultitia:

362 1978 570 2032 crimen
601 1977 795 2047 quibus
825 1977 1123 2032 rationibus
1151 1978 1506 2044 sustinemus,
1535 1979 1580 2032 si
1611 1979 1729 2048 ejus
1773 1981 1975 2034 nomini

370 2069 752 2140 ntajestatique
792 2069 1210 2133 substernintur,
1244 2084 1274 2122 a
1313 2084 1422 2139 quo
1451 2083 1732 2139 speramus
1765 2080 1973 2126 utrum-

368 2178 505 2234 que,
535 2172 588 2218 et
627 2175 859 2219 mortem
889 2162 1234 2218 cruciabilem
1267 2161 1485 2234 fugere,
1514 2171 1569 2218 et
1603 2163 1723 2218 vita:
1760 2165 1976 2220 aeterni-

365 2262 477 2310 tate
506 2267 528 2294 ο
563 2254 794 2309 donari?

431 2346 651 2403 XXXV.
695 2348 801 2404 Sed
847 2348 891 2403 si
923 2349 1149 2413 anitnrc,
1204 2349 1482 2417 inquiunt.
1529 2349 1786 2404 mortales
1834 2359 1887 2404 et
1939 2348 1965 2385 ιι

365 2441 641 2510 qualitatis
685 2451 815 2496 sunt
864 2441 1089 2507 medim,
1131 2442 1467 2498 immortales
1511 2443 1971 2514 quemadmodum

368 2532 482 2590 ﬁeri
532 2534 725 2590 mediis
769 2551 834 2590 es
878 2537 1228 2607 qualitatibus
1275 2541 1542 2606 possunt?
1588 2537 1645 2592 Si
1699 2553 1798 2593 nos
1833 2539 1971 2593 istud

371 2625 581 2681 nescire
607 2628 877 2692 dicamus,
909 2643 972 2682 ac
1002 2630 1379 2684 tantummodo
1411 2629 1650 2684 auditum
1681 2645 1744 2684 ex
1782 2641 1971 2699 poten-

373 2720 512 2775 tiore
561 2721 862 2776 credidisse
893 2762 909 2788 ,
972 2721 1060 2777 ubi
1117 2731 1301 2776 nostra
1355 2721 1627 2778 videbitur
1679 2723 1974 2778 credulitas

365 2810 539 2883 lapsa,
588 2813 631 2866 si
664 2816 1024 2885 omnipotenti
1056 2816 1385 2871 credidimus
1414 2817 1524 2887 regi
1561 2816 1689 2871 nihil
1719 2833 1842 2872 esse
1865 2817 1970 2872 dif-

368 2903 534 2973 ﬁcile,
567 2907 704 2962 nihil
733 2909 1003 2964 arduum?
1051 2909 1106 2966 Si
1135 2910 1281 2980 quod
1323 2909 1660 2980 impossibile
1707 2911 1862 2964 nobis
1890 2919 1975 2965 est

2078 1888 2298 1938 omnino
2325 1894 2449 1938 ante
2481 1885 2652 1948 illum,
2704 1882 2847 1953 quod
2894 1883 3130 1950 alicujus
3161 1881 3462 1936 vocamiuis
3496 1880 3677 1947 fuerit,

2080 1977 2349 2031 invenitur
2373 1994 2385 2033 :
2411 1977 2655 2044 sequitur
2696 1985 2752 2029 ut
2786 1975 2838 2028 lii
2881 1989 3070 2030 omnes
3106 1989 3246 2045 quos
3288 1974 3530 2044 opinatio
3559 1989 3680 2029 cre-

2079 2068 2213 2123 didit
2251 2067 2384 2123 deos
2414 2083 2536 2124 esse
2569 2068 2912 2131 mortalium,
2965 2076 3058 2121 aut
3107 2066 3176 2120 ab
3222 2082 3289 2120 eo
3331 2065 3438 2121 sint
3481 2065 3680 2135 geniti,

2081 2172 2172 2216 aut
2201 2178 2268 2217 eo
2304 2164 2527 2231 jllDetlie
2559 2162 2793 2232 prolati?
2823 2160 2878 2216 Si
2921 2170 3048 2214 sunt
3080 2160 3274 2230 prolati
3316 2170 3372 2214 et
3409 2160 3596 2230 geniti,
3628 2168 3679 2214 et

2081 2256 2289 2311 ordinis
2312 2265 2434 2310 sunt
2460 2254 2774 2324 posterioris
2806 2263 2860 2310 et
2891 2254 3154 2324 temporis
3185 2271 3199 2310 :
3232 2254 3278 2308 si
3306 2253 3513 2308 ordinis
3556 2268 3675 2324 pos-

2083 2351 2298 2406 terioris
2345 2360 2399 2405 ct
2431 2349 2712 2419 temporis,
2747 2358 2900 2403 ortus
2931 2363 3160 2404 necesse
3202 2357 3288 2403 est
3320 2347 3576 2412 habeant,
3623 2355 3673 2401 et

2081 2445 2300 2500 exordia
2334 2445 2655 2505 nativitatis,
2702 2451 2758 2498 et
2791 2443 2914 2496 vitae
2944 2459 2958 2495 :
2993 2440 3138 2511 quod
3188 2448 3372 2496 autem
3415 2438 3578 2493 habet
3604 2440 3679 2492 itt-

2083 2537 2323 2602 troitnm,
2373 2545 2427 2591 et
2471 2537 2595 2589 vita:
2640 2533 2948 2601 incipientis
2994 2531 3324 2597 exordium,
3373 2531 3671 2585 necessario

2083 2632 2327 2696 sequitur
2361 2640 2418 2684 ιιι
2448 2631 2650 2684 habere
2679 2628 2876 2682 debeat
2899 2636 2952 2681 et
2982 2640 3256 2681 occasum.

2157 2721 2401 2778 XXXVI.
2456 2722 2562 2778 Sed
2626 2720 2960 2775 immortales
3007 2719 3363 2789 perhibentur
3422 2718 3493 2773 dii
3545 2732 3676 2773 esse.

2083 2814 2198 2869 Non
2228 2818 2598 2885 ergo'natura,
2633 2814 2728 2869 sed
2778 2813 3059 2867 voluntate
3101 2811 3194 2867 Dei
3231 2812 3417 2881 patris,
3460 2825 3522 2865 ac
3563 2826 3678 2864 mu-

2085 2925 2236 2966 nero.
2280 2909 2398 2975 Quo
2446 2908 2606 2978 igitur
2648 2917 2804 2978 pacto
2843 2905 3268 2961 immortalitatis
3312 2904 3527 2978 largitio
3555 2901 3574 2940 τ
3605 2911 3680 2958 est

1623 3025 2009 3082 LECTIONES
2047 3026 2464 3082 VABHNTES.

427 3118 456 3150 ⁸
494 3120 604 3169 MS.
629 3118 776 3169 etiam
796 3117 906 3169 Iteic
922 3119 973 3169 in
998 3117 1234 3171 Phtedro.

429 3177 460 3218 δ
495 3181 565 3229 Ad
592 3183 636 3228 in
661 3179 808 3230 ﬁnem
851 3195 943 3233 ms.

433 3247 455 3275 ο
491 3241 834 3294 tEviternitate
861 3242 1097 3295 Stewech.

2141 3117 2167 3156 ά
2207 3115 2388 3169 Omittit
2414 3117 2519 3168 haec
2557 3118 2697 3167 Futv.

2148 3186 2171 3212 °
2208 3181 2531 3231 Otisecntioui
2554 3193 2644 3230 ms.

2146 3243 2166 3280 ί
2205 3244 2432 3306 Largiter
2456 3256 2547 3301 ms,
2573 3240 2716 3291 male.

1769 3353 2332 3411 COMMENTARIUS.

439 3471 685 3529 XXXIV.
717 3504 785 3513 —
817 3472 977 3528 Posse
1029 3471 1292 3543 compleri.
1322 3469 1482 3527 Fulv.
1516 3471 1747 3527 Ursinus
1778 3472 1980 3525 mavult

370 3561 521 3615 posse
571 3551 825 3609 conferre.
875 3545 982 3601 Sed
1035 3545 1107 3600 nil
1165 3545 1480 3598 mutandum
1534 3555 1722 3597 contra
1778 3544 1978 3598 codicis

371 3617 558 3671 ﬁdem.
590 3618 796 3672 OnsLL.

443 3688 502 3760 Si
542 3691 653 3760 ejus
681 3690 992 3742 nomini.....
1019 3688 1407 3760 sttbsternimttr.
1462 3685 1728 3760 Meursius
1768 3685 1972 3760 ethte-

369 3755 723 3828 wet'h.'t~0ttj.
759 3761 979 3822 numini,
1013 3771 1318 3828 perperam.
1357 3759 1554 3828 Nomen
1589 3755 1801 3822 Christi,
1832 3758 1972 3828 idem

372 3831 515 3898 quod
567 3827 693 3900 ipse,
736 3827 1094 3893 Christtts,’ut
1147 3845 1326 3882 nomen
1373 3827 1469 3882 Dei
1525 3843 1622 3896 pro
1673 3829 1802 3881 Deo.
1840 3827 1975 3883 Vide

373 3915 558 3971 supra,
587 3901 652 3954 ad
689 3902 722 3954 Ι.
760 3917 795 3959 ι.
827 3915 877 3956 c.
910 3902 1000 3956 ΩΟ.
1033 3900 1236 3955 OnsLL.

459 3971 588 4025 Vitu-
615 3974 898 4026 aeternitate
944 3973 1147 4025 donari.
1181 3971 1254 4024 ita
1286 3971 1603 4024 Salinasius.
1638 3970 1743 4025 Alii
1780 3987 1792 4023 :
1821 3971 1973 4024 vitam

370 4045 655 4099 teternitate
699 4045 901 4097 donari.
948 4042 1211 4096 Meursius
1246 4041 1389 4109 conj.
1445 4043 1548 4096 vita
1599 4044 1650 4095 iit
1692 4044 1975 4096 teternitale

372 4117 576 4181 donari.
615 4113 883 4169 Fortassis
911 4113 1178 4168 Arnobius
1210 4112 1518 4165 Lucretium
1544 4129 1698 4166 suum
1731 4113 1971 4167 imitatus

371 4187 591 4254 scripsit
636 4188 755 4240 vitai
793 4186 1089 4241 wternitate.
1135 4183 1236 4252 Qui
1266 4195 1343 4238 est
1387 4183 1656 4309 genitivgs
1697 4185 1967 4253 antiquus.

1633 4271 1786 4309 asLL.

1633 4271 1786 4309 RELL.

448 4327 669 4383 XXXV.
727 4360 796 4369 —
862 4328 922 4383 Si
975 4345 1065 4382 nos
1118 4328 1214 4381 ista
1263 4326 1458 4380 nescire
1510 4326 1774 4386 dicmnus,
1837 4335 1967 4393 (δια,

377 4411 487 4456 etc.
517 4401 863 4454 Constructio
891 4411 972 4453 est
1003 4417 1015 4452 :
1052 4398 1151 4453 Ubi
1181 4408 1354 4452 nostra
1392 4398 1644 4451 uidebitur
1697 4397 1974 4452 crudelitas

379 4472 547 4541 lapsa,
585 4473 629 4524 si
660 4489 751 4525 nos
796 4474 894 4524 ista
940 4471 1132 4523 nescire
1173 4470 1594 4541 dicanttts.....‘si
1640 4470 1975 4541 omnipotenti

377 4537 484 4614 regi
514 4543 642 4614 nihil
673 4559 779 4596 esse
804 4542 1019 4614 difﬁcile
1049 4541 1491 4614 atquegardattnt.
1518 4537 1844 4614 Credulitas,
1876 4541 1974 4614 huc

374 4613 494 4666 loeti
522 4613 665 4666 bono
691 4610 874 4674 seu-an,
909 4613 1050 4667 idem
1079 4612 1218 4674 quod
1250 4612 1397 4678 ﬁdes.
1435 4611 1554 4665 Vid.
1587 4610 1749 4678 Gasp.
1788 4610 1973 4663 Barth.

379 4684 432 4738 in
469 4682 609 4740 |nd..
648 4684 714 4737 ad
754 4684 1038 4738 Claudian.
1073 4682 1341 4745 Mztmert.,
1370 4682 1436 4736 de
1469 4695 1609 4734 Statu
1635 4683 1829 4734 anitum
1861 4681 1972 4734 It.v.

378 4763 434 4808 et
480 4754 542 4809 C.
575 4756 895 4809 Rittershus.
948 4756 1011 4807 ad
1055 4753 1315 4810 Salvium.
1349 4764 1537 4807 contra
1571 4754 1798 4818 Avarit.,
1831 4753 1864 4805 Ι.
1899 4769 1974 4816 ιιι,

382 4823 411 4896 §
444 4825 570 4888 518,
606 4845 654 4892 ιι.
685 4827 808 4893 ιυο,
842 4826 930 4881 ed.
966 4825 1244 4878 Brentens.
1279 4824 1482 4878 OBELL.

459 4897 522 4950 Et
563 4898 759 4951 nullius
795 4899 936 4958 apud
981 4899 1263 4964 principem
1298 4896 1549 4949 ntoininis.
1585 4894 1662 4949 Ita
1694 4895 1977 4954 Meursius,

379 4968 556 5022 editur
591 4969 760 5032 Lugd.
796 4969 908 5022 But.
962 4977 1014 5023 et
1045 4967 1336 5022 Oherthur.
1375 4967 1478 5021 Alii
1516 4985 1528 5020 :
1561 4967 1802 5033 nominis,
1835 4967 1979 5036 quod

380 5039 433 5094 h.
475 5041 508 5094 Ι.
548 5040 707 5094 etiam
739 5040 953 5096 defendi
985 5050 1184 5106 posset.
1224 5041 1429 5094 ORELL.

456 5110 596 5164 Nam
639 5113 683 5165 si
726 5129 899 5166 omnes
936 5113 1292 5172 concedimus,
1328 5128 1485 5163 unum
1529 5127 1634 5164 esse
1674 5127 1841 5163 rerum
1891 5127 1981 5177 pa-

381 5193 526 5246 trem,
553 5194 662 5238 etc.
697 5185 818 5237 llatc
850 5184 992 5237 enim
1025 5183 1125 5235 fuit
1155 5193 1403 5236 veterum
1435 5182 1728 5249 sophorum
1759 5193 1983 5234 senten-

380 5254 472 5314 tia.
507 5271 670 5307 ttmnn
696 5269 815 5309 esse
851 5256 1037 5317 Deum,
1075 5255 1371 5321 principem
1407 5270 1470 5306 ac
1501 5264 1705 5320 patrem
1735 5255 1980 5306 omnium

383 5340 586 5382 rerum.
625 5327 975 5394 ipsnrumque
1008 5325 1144 5380 adeo
1173 5326 1423 5386 deorum,
1459 5341 1577 5392 qum.
1625 5325 1723 5377 fuit
1766 5337 1987 5378 senten-

382 5398 452 5448 tia
483 5395 696 5450 llermte
741 5405 822 5448 ter
851 5397 1102 5460 maximi,
1151 5408 1205 5449 ιιι
1237 5398 1399 5451 etiam
1432 5398 1594 5450 docet
1642 5396 1700 5448 Β.
1733 5397 1986 5461 Augusti-

381 5484 504 5527 nus,
541 5469 574 5519 Ι.
611 5483 724 5528 vut.
761 5468 826 5520 de
871 5466 1027 5521 Civil.
1063 5469 1153 5522 Dei
1184 5486 1197 5528 ;
1231 5484 1282 5521 c.
1319 5468 1430 5523 25:
1470 5468 1570 5520 Ille
1621 5483 1788 5519 autem
1818 5465 1988 5534 ιίΕυέΙ-

386 5541 524 5606 ptius
552 5540 682 5592 alios
739 5538 858 5591 deos
903 5539 1024 5591 dicit
1053 5555 1158 5591 esse
1185 5557 1216 5592 a
1241 5557 1439 5593 summo
1476 5538 1582 5591 Deo
1636 5544 1830 5602 factos;
1859 5539 1988 5600 alios

381 5612 444 5661 ab
471 5611 781 5671 hominibus,
804 5620 908 5662 etc.
935 5610 1080 5662 llam:
1104 5613 1424 5664 sententiam
1454 5610 1775 5680 Pythagorei
1800 5621 1987 5677 postea

381 5681 692 5750 frequentes
725 5683 894 5736 secuti
927 5694 1051 5733 sunt
1086 5680 1216 5732 Vide
1247 5681 1572 5736 Hieroclem.
1603 5681 1684 5735 Cl'.
1720 5682 1989 5744 Lactant.,

381 5751 417 5805 1.
450 5769 487 5816 1,
518 5768 568 5805 c.
604 5754 656 5806 6.
693 5755 824 5806 llittc
851 5755 1010 5819 igitur
1034 5751 1285 5807 Valerius
1309 5752 1550 5807 Soranus
1585 5771 1597 5801 τ

505 5844 702 5907 Jupiter
722 5846 1038 5906 omnipotens
1055 5842 1252 5907 Regum
1272 5843 1385 5898 Rex
1411 5845 1536 5907 ipse,
1561 5843 1828 5907 Deusque;

511 5905 826 5965 l‘rogenitor,
851 5905 1177 5968 genitrixqu'e
1216 5906 1410 5965 Deum;
1433 5905 1573 5955 Dens
1592 5905 1798 5956 unus—et
1818 5909 1990 5956 omnis.

2007 4579 2061 4638 D

2092 3473 2413 3528 Hsnst.o.-—-
2437 3472 2639 3526 Conler
2671 3488 2732 3525 ea
2767 3472 2832 3527 de
2864 3487 2923 3524 re
2956 3470 3285 3537 peculiarem
3319 3467 3574 3524 Meiuersii
3617 3467 3674 3521 ν.

2088 3545 2168 3599 Cl.
2213 3545 2406 3599 librum
2443 3563 2453 3597 :
2495 3543 2725 3596 Historia
2757 3545 3002 3597 doctrinis
3046 3544 3111 3596 de
3140 3557 3255 3594 vero
3287 3541 3417 3603 Deo,
3449 3541 3672 3609 Lcntgo.

2089 3618 2209 3672 vim.
2247 3617 2405 3676 1780,
2440 3618 2490 3667 iu
2525 3633 2558 3668 ιι
2591 3618 2697 3668 vol.
2731 3614 2939 3670 OuBLL.

2163 3687 2457 3740 Mntabilas.
2487 3687 2663 3740 Editio
2697 3703 2835 3741 ront.
2870 3686 3147 3745 nutabiles.
3175 3684 3319 3753 quod
3351 3683 3672 3738 Stewecltitts

2085 3758 2349 3818 defendit,
2383 3774 2684 3825 perperam.
2721 3757 2933 3813 ORELL.

2158 3829 2407 3893 Niltthtte
2447 3831 2652 3881 omnino
2697 3841 2814 3882 ante
2843 3831 3005 3889 illum,
3039 3828 3180 3894 quod
3205 3828 3427 3892 alicuius
3455 3825 3668 3879 vocanti-

2086 3903 2164 3953 nis
2191 3902 2367 3968 fuerit,
2402 3902 2677 3953 invenitur.
2709 3900 2765 3954 Id
2815 3911 2898 3954 est
2925 3901 3053 3953 nihil
3087 3899 3229 3969 quod
3281 3903 3442 3963 possit
3477 3897 3662 3956 vocari,

2085 3975 2227 4024 nulla
2260 3989 2440 4025 rerum
2470 3970 2840 4035 esistentium,
2873 3971 2985 4025 kein
3015 3973 3235 4039 einzigcs
3259 3969 3500 4022 vonallrtt
3530 3985 3666 4020 uenu-

2077 4043 2232 4096 barrn
2287 4043 2506 4113 Dingen.
2574 4039 2829 4096 Vocanten
2877 4053 2961 4098 est
3011 4057 3110 4096 vox
3166 4041 3499 4106 Lucretiam,
3541 4040 3572 4092 Ι.
3605 4053 3658 4105 ιι,

2081 4131 2138 4170 'v.
2171 4114 2277 4170 656
2312 4133 2323 4168 :

2773 4231 2833 4282 Et
2856 4231 3036 4281 Bacchi
3063 4231 3260 4286 nomine
3287 4232 3418 4282 abuti

2177 4291 2378 4354 Mavult,
2403 4306 2550 4357 quam
2574 4293 2737 4343 laticis
2761 4295 3014 4358 proprium
3039 4294 3267 4358 proferre
3289 4304 3528 4344 vocamen.

2160 4394 2334 4450 Utitur
2402 4397 2622 4451 Solinus
2657 4409 2708 4448 et
2753 4397 3022 4451 Arnobius
3071 4398 3294 4458 passim,
3324 4395 3466 4450 verbi
3491 4406 3657 4455 causa,

2085 4465 2121 4519 Ι.
2153 4483 2188 4527 ι,
2225 4482 2273 4519 c.
2303 4469 2336 4520 3
2369 4485 2382 4529 ;
2414 4485 2534 4536 gens
2563 4477 2738 4520 nostra
2781 4469 3024 4531 felicitate
3056 4469 3242 4521 donari
3279 4469 3429 4534 liuius
3457 4464 3658 4519 vocanti-

2087 4555 2164 4589 nts
2193 4540 2394 4601 meruit,
2424 4550 2476 4592 et
2508 4541 2725 4607 Stcpius.
2759 4539 2996 4594 "suam.
3039 4549 3094 4594 et
3118 4539 3325 4594 OBBLL.

2163 4607 2384 4663 Prolati.
2421 4611 2479 4663 Si
2506 4603 2620 4662 sunt
2652 4613 2838 4676 prolati
2864 4622 2910 4664 et
2938 4612 3114 4680 geniti,
3148 4623 3253 4665 etc.
3283 4611 3360 4665 Ita
3389 4609 3472 4663 ed.
3504 4603 3652 4680 Lugd.

2091 4679 2208 4752 Bat.
2260 4680 2401 4733 Ante
2426 4700 2437 4732 :
2458 4682 2660 4752 prolati
2691 4684 2809 4734 siut.
2861 4678 3058 4736 Prolati
3091 4693 3135 4734 et
3167 4685 3344 4752 geniti.
3376 4678 3614 4736 Meursius
3641 4694 3652 4731 :

2090 4749 2278 4820 prolati
2311 4769 2323 4810 :
2349 4753 2391 4803 si
2421 4751 2520 4804 sint
2545 4753 2730 4817 prolati
2756 4764 2802 4805 et
2833 4756 3008 4821 geniti.
3038 4749 3242 4809 Οιιείι.

2164 4821 2405 4876 XXXVI.
2462 4853 2524 4862 —-
2571 4824 2684 4886 Quo
2729 4825 2884 4894 igitur
2932 4837 3079 4890 pacto
3126 4824 3516 4879 immortalitatis
3558 4821 3653 4873 lar-

2090 4894 2215 4961 gitio
2268 4904 2337 4945 est
2383 4895 2572 4946 tlouttnt
2639 4894 2770 4956 Dei,
2837 4907 2968 4948 certe
3027 4898 3282 4964 prolatis,
3339 4907 3440 4950 etc.
3489 4894 3548 4948 ltzt
3594 4906 3651 4947 ex

2091 4965 2470 5038 emendatione
2509 4967 2716 5038 Gelt-nii
2760 4968 2996 5021 editores
3028 4963 3238 5023 omnes
3289 4983 3453 5038 usque
3483 4965 3536 5018 ad
3560 4963 3650 5038 μού.

2095 5036 2260 5098 Lttstd.
2311 5036 2459 5100 But.,
2491 5037 2612 5090 Cod.
2649 5053 2748 5091 tus.
2785 5050 2832 5092 et
2884 5039 2972 5092 ed.
3027 5041 3280 5107 princ-sps
3335 5033 3487 5092 habet
3512 5050 3522 5086 :
3551 5033 3653 5088 lm-

2092 5109 2450 5161 tnortalttatem
2503 5109 2717 5177 largitus
2773 5121 2844 5162 est
2891 5111 3080 5163 donum
3126 5111 3221 5164 Dei
3255 5121 3440 5166 certam
3470 5107 3654 5173 prolatis

2091 5180 2207 5233 sine
2231 5195 2411 5233 sensu.
2451 5179 2601 5234 Unde
2634 5181 2898 5235 lleraldus
2941 5185 3270 5249 suspicatur,
3305 5185 3459 5234 Verba
3485 5180 3652 5230 donum

2095 5252 2189 5303 Dei
2245 5266 2365 5306 esse
2415 5250 2714 5310 Glossmna,
2767 5252 2906 5320 quod
2940 5268 2969 5305 e
3002 5255 3263 5322 margine,
3319 5254 3400 5307 ubi
3428 5254 3650 5322 scriptum

2095 5333 2210 5376 erat
2241 5340 2253 5374 :
2292 5323 2662 5376 [inmortalitas
2693 5328 2883 5375 donum
2931 5323 3054 5382 Dei,
3101 5320 3152 5377 in
3210 5336 3411 5378 textum
3445 5320 3649 5381 irreusit,

2095 5403 2145 5448 et
2199 5395 2480 5458 legendum
2514 5412 2525 5445 ε
2561 5395 2676 5456 Quo
2706 5395 2858 5463 igitur
2906 5408 3053 5457 pacto
3102 5397 3518 5448 immortalitatem
3558 5390 3650 5463 lar-

2094 5467 2224 5536 gitus
2256 5477 2328 5518 est
2360 5466 2504 5535 (scil.
2538 5464 2699 5532 licus)
2729 5462 2918 5518 eertam
2945 5468 3179 5532 prolatis.
3221 5467 3372 5519 \lale.
3403 5466 3498 5515 lim:
3522 5462 3650 5514 enim

2098 5547 2281 5604 aperte
2312 5548 2470 5605 negat
2522 5538 2812 5599 Arnobius,
2846 5537 3006 5590 Deam
3037 5537 3259 5606 prolatis
3295 5537 3518 5605 largitttnt
3543 5544 3649 5606 esse

2100 5602 2603 5672 ἱιιιιιιοιιίιὶιῖίιιριιι,
2664 5609 2756 5660 Sed
2813 5602 3218 5667 tattttttn'dicit,
3285 5602 3422 5674 posis
3462 5602 3648 5671 largiri;

2101 5682 2307 5732 animas
2343 5695 2434 5745 per
2459 5679 2580 5732 inde
2608 5693 2670 5732 ac
2699 5695 2927 5745 corpora
2952 5696 3070 5734 esse
3099 5689 3285 5732 natura
3334 5694 3418 5732 sna
3449 5676 3647 5728 caducas

2103 5761 2156 5804 et
2188 5752 2442 5804 mortales
2470 5793 2482 5810 ,
2537 5766 2658 5818 qu:e
2707 5753 2748 5802 si
2791 5753 3248 5805 immortalitatem
3298 5751 3642 5820 adipiscantur.

2107 5823 2216 5875 Deo
2247 5824 2295 5876 id
2328 5833 2607 5893 acceptum
2661 5821 3024 5878 referendum.
3060 5824 3241 5892 Itaque
3269 5825 3340 5878 nil
3370 5821 3644 5875 mutandum

2105 5908 2320 5948 censeo.
2351 5894 2450 5947 Ed.
2494 5893 2663 5957 Lugd.
2712 5894 2830 5949 But.
2884 5895 3095 5962 refingit
3128 5913 3142 5951 :
3175 5896 3291 5958 Otto
3338 5895 3474 5963 igitur
3518 5897 3646 5953 νηπίη
