3850 6352
326 327 435 388 86⁸1

1492 335 1774 397 ARNOBII
1807 333 2179 394 ADVERSUS
2216 334 2488 396 GENTES

3545 340 3661 403 868

327 434 384 498 in
433 442 627 516 quibds
683 448 1102 520 angustissimas
1163 462 1464 516 noverant,
1513 453 1923 523 retinebantque
1951 459 1997 516 Α
2031 470 2226 511 nomen
2258 455 2310 511 in
2343 453 2544 511 mundo
2573 453 2778 510 nullum
2813 453 3049 511 hominis
3077 454 3357 526 audiatur,
3391 457 3652 532 orbisque

325 537 621 604 doctrinas,
657 540 1030 611 imprudenter
1053 555 1370 616 appeterent
1401 556 1612 602 terrena
1639 548 1754 604 haec
1782 549 1922 613 loca,

325 629 626 686 tenebrosis
656 635 980 705 corporibus
1012 637 1262 693 involutae
1293 637 1432 693 inter
1464 639 1682 709 pituitas
1708 649 1764 695 et
1802 654 1926 696 san-

321 720 540 789 guinem
569 722 831 795 degerent
858 744 874 784 z
905 726 1048 782 inter
1075 729 1333 784 stercoris
1376 729 1477 784 hos
1507 739 1678 795 utres,
1709 739 1764 785 et
1807 744 1925 785 sac-

321 815 424 869 cati
457 815 899 875 obscoenissimas
927 822 1119 876 serias.
1169 821 1274 878 Sed
1309 822 1539 879 habitari
1589 823 1827 894 oportuit
1869 835 1924 880 et

320 904 418 963 bas
449 920 651 981 partes,
680 921 734 966 et
766 911 969 968 idcirco
998 911 1103 968 huc
1132 914 1341 970 animas
1368 926 1640 985 tamquam
1681 915 1735 970 in
1768 915 1920 971 colo-

319 1001 438 1057 nias
463 1003 673 1073 aliquas
705 1003 846 1060 Deus
872 1006 1218 1076 omnipotens
1241 1007 1404 1063 misit.
1436 1008 1503 1063 Et
1523 1007 1651 1080 quid
1675 1006 1926 1064 homines

315 1104 546 1163 prosunt
595 1096 818 1163 mundo,
877 1108 970 1153 aut
1023 1099 1093 1154 ob
1143 1100 1220 1156 rei
1267 1100 1422 1170 cujus
1457 1110 1583 1156 sunt
1632 1097 1924 1157 necessarii

311 1197 554 1251 causam,
586 1195 781 1243 utnon
814 1187 1015 1245 frustra
1043 1189 1300 1248 debuisse
1339 1193 1630 1248 credantur
1671 1203 1823 1263 parte
1867 1193 1921 1248 in

312 1276 413 1335 hac
456 1297 648 1352 agere,
697 1293 750 1338 et
799 1285 1002 1339 terreni
1055 1301 1183 1342 esse
1229 1289 1476 1357 corporis
1509 1287 1792 1358 inquilini?
1838 1286 1921 1342 Ad

316 1375 802 1430 consummandam
836 1377 997 1432 molis
1045 1377 1204 1448 hujus
1255 1381 1656 1450 integritatem,
1712 1388 1919 1448 partem

318 1465 553 1537 aliquam
586 1468 907 1525 conferunt:
935 1479 990 1526 et
1019 1470 1122 1526 nisi
1151 1472 1349 1528 fuerint
1379 1473 1570 1540 additi,
1605 1456 1917 1543 imperfecta

310 1568 366 1613 et
393 1559 585 1615 clauda
617 1571 702 1617 est
731 1563 1102 1619 universitatis
1145 1575 1259 1620 haec
1302 1582 1532 1621 sunnna.
1563 1566 1703 1635 Quid
1748 1567 1917 1637 ergo?

306 1653 348 1707 si
385 1655 632 1711 homines
664 1673 771 1712 non
799 1659 925 1722 sint,
947 1658 1015 1712 ab
1037 1656 1232 1713 officiis
1258 1659 1369 1712 suis
1386 1657 1620 1713 cessabit
1639 1656 1915 1713 mundus?

304 1746 719 1802 Vicissituiliues
770 1764 896 1804 suas
942 1766 1048 1803 non
1101 1758 1360 1820 peragent
1404 1748 1621 1803 sidera?
1668 1758 1910 1817 (estates,

307 1848 470 1907 atque
501 1838 724 1910 hyemes
772 1854 878 1894 non
923 1840 1124 1896 erunt?
1155 1851 1438 1896 ventorum
1483 1840 1697 1896 flamina
1739 1841 1912 1896 conti-

302 1932 701 1987 cescent‘t-nec
744 1947 810 1986 ex
861 1933 1064 1992 coactis
1109 1942 1161 1987 et
1211 1933 1567 2002 pendentibus
1604 1933 1801 1988 nubilis
1843 1933 1910 1987 ad

301 2031 500 2076 terram
545 2023 798 2078 decident
847 2025 1047 2080 imbres
1093 2024 1438 2079 ariditatibus
1481 2035 1910 2095 temperamenta

295 2113 495 2182 laturi?
523 2115 682 2184 Atqui
710 2131 934 2171 necesse
961 2127 1044 2172 est
1069 2127 1261 2171 cuncta
1302 2131 1431 2172 suos
1455 2118 1533 2173 ire
1560 2133 1656 2187 per
1691 2133 1905 2184 cursus,

299 2222 398 2263 nec
428 2208 495 2262 ab
517 2207 723 2262 ordinis
755 2210 861 2262 uati
913 2210 1324 2264 continuatione
1357 2210 1654 2275 discedere,
1692 2210 1905 2264 etiamsi

2038 547 2139 602 iste
2170 556 2438 603 terrarum
2489 547 2796 604 solitudinis
2837 563 3023 604 vacua:
3067 549 3288 605 silentio
3312 558 3341 587 ι
3380 552 3653 608 contiees-

2035 651 2143 697 cat.
2191 641 2657 710 Quemadmodum
2696 657 2825 713 ergo
2857 641 3098 712 jactatur
3131 641 3493 700 habitatorem
3545 646 3649 702 de-

2042 734 2227 790 buisse
2256 734 2569 805 regionibus
2602 735 2685 793 his
2715 734 2861 803 addi,
2909 750 3033 792 cum
3076 737 3146 794 ab
3189 736 3416 794 homine
3445 738 3650 811 liqueat

2034 829 2164 883 nihil
2192 827 2258 883 ad
2289 828 2474 890 mundi
2505 826 2893 898 perfectionem
2935 829 3136 896 redire,
3185 831 3478 902 omniaque
3521 831 3645 902 ejus

2033 919 2206 975 studia
2231 919 2671 975 commoditatem
2696 912 2918 992 semper
2943 932 3195 992 spectare
3222 923 3511 994 privatam,
3541 937 3648 982 nec

2032 1025 2062 1067 a
2087 1011 2282 1068 ﬁnibus
2311 1012 2543 1084 propria:
2572 1013 2818 1070 utilitatis
2847 1014 3187 1071 abscederet

2103 1188 2395 1246 XXXVII].
2431 1189 2572 1259 Quid
2596 1193 2743 1251 enim
2776 1191 2999 1263 prodest
3025 1193 3250 1262 mundo,
3284 1205 3342 1251 ut
3369 1196 3438 1252 ab
3476 1198 3642 1253 rebus

2031 1284 2285 1356 incipiam
2309 1285 2489 1352 seriis,
2514 1285 2783 1342 maximos
2810 1301 2968 1357 reges
2991 1286 3079 1342 hic
3101 1290 3261 1344 esse?
3287 1288 3428 1357 Quid
3455 1275 3639 1362 tyran-

2030 1393 2151 1446 nos,
2185 1379 2312 1449 quid
2343 1379 2616 1446 dominos,
2649 1380 2778 1450 quid
2827 1379 3144 1436 innumeras
3174 1381 3310 1438 alias
3335 1392 3498 1454 atque
3522 1398 3639 1438 am-

2028 1471 2301 1541 plissimas
2330 1472 2664 1541 potestates?
2693 1470 2835 1539 Quid
2868 1472 2942 1526 rei
2987 1473 3237 1528 militaris
3278 1477 3637 1544 experientis-

2026 1561 2193 1616 simos
2219 1560 2386 1616 duces
2413 1561 2794 1631 capiendarum
2828 1564 3041 1619 urbium
3075 1564 3302 1634 peritos,
3333 1566 3387 1621 in
3431 1583 3634 1637 eques-

2025 1655 2200 1709 tribus
2231 1654 2433 1724 przeliis
2461 1665 2552 1709 aut
2579 1656 2631 1710 in
2662 1655 2897 1725 pedestri
2931 1672 3106 1728 pugna
3137 1641 3638 1732 immobilcsostque

2023 1745 2412 1802 invictissimos
2453 1747 2688 1803 milites?
2729 1747 2869 1816 Quid
2914 1755 3195 1816 oratores,
3227 1753 3636 1822 grammaticos,

2025 1838 2250 1906 poetas?
2278 1838 2406 1908 quid
2438 1839 2757 1908 scriptores,
2790 1837 3127 1907 dialecticos,
3178 1842 3458 1897 musicos?
3499 1843 3630 1915 quid

2022 1933 2404 2000 pantomimos,
2458 1932 2587 2004 quid
2639 1933 2935 1998 mimulos,
2986 1933 3302 2003 histriones,
3360 1946 3634 2005 cantores,

2021 2025 2147 2079 tuba
2175 2065 2189 2090 ,
2242 2024 2368 2078 tibia
2396 2066 2410 2089 ,
2458 2027 2775 2095 calamoque
2821 2025 3114 2081 ﬂatantes?
3161 2026 3301 2095 Quid
3359 2042 3632 2096 cursores,

2019 2116 2145 2180 quid
2180 2117 2410 2187 pugiles,
2459 2116 2853 2188 quadrigarios,
2903 2117 3228 2185 desultores,
3277 2119 3628 2190 grallatores,

2017 2208 2398 2274 luniambules,
2444 2210 2896 2282 praestigiatorcs?
2926 2210 3065 2278 Quid
3097 2211 3371 2284 cybiarios
3405 2223 3452 2282 ⁸,
3486 2216 3616 2270 ειυς

1583 2325 1968 2382 LECTIONES
2013 2326 2427 2383 VARIANTES.

291 2417 389 2530 Νὲι
412 2415 636 2479 Pigarios
658 2427 749 2467 ms.
786 2413 930 2467 male.
970 2416 1100 2471 unde
1121 2417 1343 2484 fecerunt
1379 2416 1468 2469 alii
1493 2419 1728 2482 bigarios.
1785 2417 1915 2469 Vide

1689 2580 2259 2643 COMMENTARIUS.

290 2721 416 2762 care
439 2707 726 2770 dicebant,
777 2705 903 2760 hinc
949 2721 1042 2774 per
1085 2705 1496 2760 similitudinem
1543 2720 1648 2758 non
1687 2703 1910 2758 inamat-

292 2794 439 2843 nam,
476 2779 530 2832 in
583 2794 641 2833 re
676 2787 854 2832 tamen
891 2792 1078 2848 parum
1127 2777 1377 2843 honesta,
1431 2777 1630 2830 iactum
1678 2785 1782 2848 est,
1829 2783 1906 2838 ut,

289 2864 414 2902 cum
447 2849 624 2903 vesica
666 2849 769 2903 coli
815 2850 1008 2902 vinarii
1062 2849 1147 2900 vel
1196 2851 1342 2902 sacci
1395 2848 1634 2916 speciem
1685 2847 1904 2911 habent,

291 2924 444 2972 urina
473 2921 703 2990 liquoris
735 2920 1045 2973 transmissi
1077 2920 1266 2973 lolium
1297 2928 1573 2972 saccatum
1604 2919 1898 2972 diceretur.

294 2991 563 3056 'l'unnss.,
598 2992 899 3057 Aduersar.,
928 2992 1018 3044 lib.
1051 3006 1210 3050 χχιιι.
1263 3007 1380 3059 cap.
1415 2992 1505 3051 ti,
1556 2999 1612 3042 et
1655 2990 1904 3044 ELIIENE.

288 3061 555 3117 Similiter
578 3063 935 3126 Sannnonic.,
971 3061 1038 3116 de
1063 3061 1344 3126 Mcdicin.,
1378 3075 1518 3116 vers.
1553 3061 1619 3114 77
1656 3080 1668 3115 :

383 3180 516 3241 Ergo
538 3179 694 3228 lutum
721 3177 922 3240 prodest
945 3176 1188 3225 membris
1211 3175 1455 3241 adhibere
1483 3174 1686 3236 fricatis,

383 3237 521 3301 Quod
546 3242 662 3290 facit
685 3237 749 3290 ei
777 3241 914 3289 asino
937 3245 1162 3289 saccatus
1184 3239 1406 3300 corporis
1431 3237 1628 3286 humor.

290 3346 377 3399 ubi
426 3345 533 3400 vid.
567 3343 825 3399 Keuchen
863 3356 916 3398 et
965 3343 1268 3398 Ackerman
1294 3385 1307 3404 ,
1343 3357 1444 3396 nec
1489 3357 1594 3396 non
1623 3340 1897 3410 Morgagni

290 3418 460 3487 Epist.
489 3433 525 3482 ι,
561 3418 612 3471 iu
641 3415 783 3471 Celsi
815 3416 1054 3470 editione
1085 3413 1373 3484 Vulpiana,
1398 3414 1582 3540 «3.11,
1621 3428 1738 3484 pag.
1765 3413 1892 3469 285.

1493 3501 1648 3539 neLL.

1493 3501 1648 3539 BELL.

359 3560 425 3614 Et
445 3560 567 3630 quid
593 3559 823 3613 homines
851 3567 1061 3628 prosunt
1093 3559 1307 3630 mundo.
1341 3556 1606 3630 Mundam
1628 3570 1734 3609 non
1758 3568 1893 3630 esse

285 3625 520 3686 creatum
557 3625 1059 3696 homiuum'causa,
1094 3628 1496 3696 Epicureorum
1536 3627 1636 3681 fuit
1682 3625 1887 3695 Opinio.

284 3703 554 3767 Luctant.,
585 3702 681 3758 lib.
710 3718 802 3764 vn,
835 3716 954 3769 cap.
980 3701 1032 3756 5.
1061 3701 1190 3763 Qua:
1219 3701 1413 3754 utilitas
1438 3699 1548 3752 Deo
1569 3700 1622 3752 in
1660 3697 1883 3758 homine.

283 3775 446 3843 inquit
471 3773 751 3841 Epicurus,
776 3781 830 3823 ut
867 3788 982 3843 eum
1012 3780 1217 3838 prapter
1249 3787 1301 3826 se
1343 3771 1569 3843 faceret?
1600 3769 1738 3843 Quid
1774 3785 1894 3843 ergo

287 3841 394 3897 Ι)άο
417 3845 583 3898 cultus
614 3844 835 3896 hominis
861 3842 1078 3911 confert,
1104 3843 1247 3896 beato
1278 3853 1324 3895 et
1348 3842 1494 3895 nulla
1521 3858 1575 3895 re
1595 3841 1845 3911 indigenti
1867 3841 1891 3894 ?

282 3932 441 3982 quam
476 3918 798 3970 sententiam
831 3914 932 3967 hoc
964 3915 1085 3966 loco
1113 3915 1360 3982 sequitur
1388 3913 1687 3977 Arnobius,
1730 3911 1888 3978 alias,

282 3986 496 4054 quando
541 3984 982 4056 philosophatur,
1009 3983 1249 4050 Stoicus,
1268 3983 1711 4056 utdemonstret
1725 3997 1792 4056 _a
1806 3983 1889 4056 ni-

280 4052 331 4111 m
353 4075 396 4110 ις
427 4052 707 4111 hominum
735 4052 840 4110 non
869 4069 1029 4125 posse
1054 4061 1176 4109 esse
1203 4070 1231 4108 a
1262 4055 1372 4108 Deo
1399 4053 1694 4122 profectas.
1725 4052 1894 4107 Refu-

281 4138 359 4182 tat
402 4129 671 4192 Laetaut.,
707 4129 798 4181 lib.
844 4141 946 4188 vn,
989 4141 1038 4180 c.
1072 4125 1140 4188 4,
1171 4136 1225 4180 et
1262 4125 1313 4180 in
1357 4126 1607 4195 Epitome
1633 4167 1647 4189 ,
1682 4140 1798 4193 cap.
1831 4127 1883 4179 7.

279 4202 564 4269 Origenes,
596 4201 686 4253 lib.
721 4216 793 4259 IV,
828 4208 1014 4252 contra
1035 4195 1296 4269 Celsum;
1317 4196 1588 4269 Clemens,
1617 4196 1881 4269 Receptu,

282 4267 444 4334 libfs,
485 4287 604 4341 pag.
639 4271 725 4335 15,
757 4281 806 4325 et
857 4269 950 4323 lib.
982 4284 1054 4334 v1,
1090 4283 1209 4338 pag.
1244 4268 1368 4323 101.
1405 4268 1650 4322 Ειιιειιιι.
1687 4277 1740 4322 ct
1773 4267 1882 4322 Hs-

280 4359 441 4397 RALD.

353 4413 666 4482 [inperfecta
693 4422 738 4464 et
769 4411 957 4465 clauda
1007 4420 1079 4464 est
1119 4411 1464 4482 universitatis
1519 4411 1626 4465 lucc
1659 4427 1878 4482 summa.

279 4480 548 4546 Claudiis,
609 4485 708 4537 hoc
754 4483 876 4538 loco
940 4482 1082 4536 idem
1123 4481 1266 4550 quod
1311 4497 1574 4547 mancus,
1619 4480 1839 4535 mutilus
1868 4523 1881 4542 ,

2016 2699 2222 2752 tibicen.
2281 2692 2512 2771 glossre-
2560 2690 2865 2771 Philoxcui-
2907 2711 2919 2745 :
2972 2691 3128 2771 Flat_,
3169 2702 3350 2771 Δφυσᾷ.
3409 2697 3628 2766 Flator,

2016 2771 2256 2829 αὐλητής.
2283 2766 2602 2840 ﬂauum:—
2630 2763 2906 2840 SteWtrclt.
2933 2767 3139 2821 mavult
3163 2761 3628 2840 frequentativum

2009 2844 2312 2912 ﬂutitaiites,
2339 2837 2499 2912 uiale.
2529 2837 2622 2912 πο,
2649 2836 2776 2903 ﬂata
2805 2835 3024 2912 dit-itur,
3046 2847 3104 2891 ut
3131 2855 3218 2901 no,
3240 2835 3388 2894 nato.
3418 2844 3626 2900 Οιιειι..

2087 2911 2410 2985 Desultoi'es.
2450 2907 2754 2985 _l)esultores
2785 2906 3126 2985 dicebantur,
3145 2912 3430 2985 _qui_duos
3456 2931 3632 2985 equos

2013 2985 2217 3053 abSque
2243 2978 2805 3053 ephippiisagitantes
2837 2995 2902 3053 ex
2929 2981 3100 3053 altero
3141 2978 3192 3053 in
3227 2983 3462 3039 alterum
3490 2978 3628 3042 sub.

2014 3050 2141 3109 inde
2195 3055 2326 3107 mira
2377 3051 2694 3121 pernicitate
2747 3050 3088 3121 desiliebaut.
3147 3050 3232 3106 Cf.
3295 3053 3532 3111 Gesner.
3565 3059 3626 3114 in

2015 3127 2281 3181 'l‘besaur.
2333 3119 2389 3175 et
2419 3121 2707 3190 Scaliger.,
2758 3119 2825 3174 ad
2858 3121 3042 3176 Manil.
3077 3140 3128 3187 v,
3161 3139 3305 3178 vers.
3339 3125 3430 3182 85.
3466 3128 3624 3184 Mun.

2013 3195 2158 3260 ken,
2191 3195 2254 3249 ad
2285 3194 2498 3264 Hygng
2526 3193 2633 3246 fab.
2665 3208 2840 3264 Lux,
2863 3209 2982 3262 pag.
3018 3195 3138 3249 153.
3173 3195 3379 3252 Ossae.

2087 3261 2425 3338 Cralltltoi'es.
2468 3263 2773 3338 interprete
2800 3261 2962 3338 Festo
2992 3277 3136 3320 erant
3179 3269 3508 3336 pantomimi,
3535 3271 3627 3338 qui

2009 3349 2063 3392 ut
2092 3341 2143 3392 in
2173 3337 2444 3410 saltatione
2462 3334 2800 3410 imitarentur
2831 3337 3115 3410 wgipanas,
3151 3334 3367 3409 adjectis
3413 3334 3625 3410 perticis

2007 3411 2237 3479 furculas
2266 3407 2584 3470 habentibus,
2611 3416 2765 3479 atque
2784 3406 2836 3458 in
2868 3408 2949 3460 his
2993 3406 3344 3473 superstantes
3379 3406 3448 3466 ad
3472 3414 3621 3466 sinsi-

2006 3477 2290 3555 litudinent
2311 3493 2529 3555 crurum
2571 3477 2683 3546 ejus
2737 3479 2937 3555 generis
2990 3481 3392 3555 gradiebantur,
3446 3485 3624 3555 utique

2042 3563 2213 3624 rapter
2239 3549 2583 3624 difﬁcultatem
2620 3549 3221 3624 consistendinubivid.
3262 3554 3434 3624 intpp.
3469 3549 3622 3611 et'ad

2036 3618 2260 3684 Varroa”
2289 3618 2356 3694 de
2385 3619 2775 3694 Liug._l_at.,_w.
2809 3618 3046 3694 pagi”.
3067 3621 3192 3678 Not.
3222 3618 3492 3694 pag.'225.
3524 3628 3616 3682 ed.

2003 3693 2257 3766 Bipont.;
2292 3692 2506 3766 Μυῖαν
2535 3689 2664 3766 Var.
2691 3689 2897 3756 Lectt.,
2927 3693 3019 3766 lib.
3049 3689 3316 3766 χιιι,ςέιᾴ
3341 3697 3430 3752 19.
3463 3696 3619 3751 Grat-

2000 3765 2188 3819 latores
2217 3775 2396 3818 autem
2414 3761 2746 3834 dicebantur
2765 3779 2797 3815 a
2826 3763 3030 3833 grallis,
3067 3761 3282 3834 quibus
3305 3767 3618 3825 insilientes

1998 3836 2369 3908 ambulabant.
2398 3831 2595 3908 _Gralla:
2624 3842 2802 3908 autem
2828 3831 3102 3908 contraet.
3133 3851 3164 3890 e
3191 3839 3449 3908 gradata,
3473 3841 3615 3896 idem

1997 3907 2141 3974 quod
2179 3905 2513 3979 colebathra.
2571 3903 2720 3979 galla,
2749 3905 2837 3979 des
2863 3905 3119 3962 echacses.
3141 3903 3342 3979 θέτω..
3382 3903 3610 3966 Stelzen.

2036 3993 2176 4052 raace
2225 3978 2312 4032 isti
2371 3974 2982 4052 homirnes._dicebautur
3005 3974 3278 4052 γύπαῖνσς,
3313 3980 3386 4035 de
3418 3987 3616 4052 quibus

2026 4050 2194 4103 ‘ollux
2247 4051 2567 4106 t)nomast..
2625 4045 2720 4100 lib.
2772 4061 2858 4110 tv,
2909 4045 3028 4117 cap'.
3091 4050 3182 4116 14,
3245 4045 3450 4117 δεαωξ
3485 4054 3611 4110 104.

1997 4123 2255 4199 γύπωνες,
2265 4118 2671 4199 ξυλίγωιιικώᾉιτιν
2700 4118 3068 4199 ἐπιϐᾳςςνοντξ,
3091 4123 3615 4199 ὠρχοιῖιντο-διαφανῆ

1998 4189 2349 4274 «inponit-solm“
2373 4189 2684 4274 {pcllpcidis
2719 4190 2960 4244 vestibus
2997 4189 3333 4274 Taren'tinis)
3369 4189 3616 4274 ἀμπὶχρ-

2037 4259 2154 4319 εενοι.
2189 4263 2288 4317 Ubi
2341 4259 2914 4333 vid.‘_.|ungermann.,
2945 4276 3067 4333 pag.
3114 4264 3243 4331 MO,
3280 4259 3416 4321 tom;
3450 4283 3489 4332 ι,
3516 4259 3612 4324 ἓιι.

2046 4334 2304 4390 emsterh.
2341 4332 2423 4388 Cf.
2459 4331 2643 4394 Voss.,
2668 4333 2901 4404 Etymol.
2931 4331 3097 4396 rom.,
3128 4351 3180 4388 v.
3212 4338 3398 4404 grallte
3424 4331 3484 4392 et
3507 4339 3614 4394 Bu—

1997 4405 2203 4493 leuger.
2218 4404 2586 4493 [deffheatrim
2601 4403 2788 4493 717,932).
2806 4403 2990 4493 Verte
3013 4406 3174 4493 igitur
3201 4403 3612 4493 §telzenlaufen

1995 4475 2046 4531 J.
2083 4475 2173 4531 Fr.
2215 4476 2546 4539 Gronovius,
2579 4475 2671 4545 qui
2725 4475 2796 4529 de
2847 4475 3156 4532 hominibus
3219 4478 3369 4534 hisee
3410 4475 3614 4539 multus

276 4557 452 4640 nullo;
473 4601 486 4623 ,
523 4571 628 4609 non
662 4556 855 4635 χωλός.
883 4554 964 4637 ita
993 4546 1228 4640 Livius,"
1246 4553 1342 4608 lib.
1385 4569 1588 4619 xxxvn,
1640 4567 1755 4621 cap.
1788 4551 1880 4618 Ἡ,
1911 4581 1969 4640 Β
1994 4550 2158 4640 es‘t’ip
2187 4547 2359 4640 Lectt.
2390 4548 2646 4640 Plautin.,
2666 4561 2785 4640 pag.
2813 4546 3286 4640 2841etseq.lb:elc
3306 4551 3564 4634 observat
3595 4572 3608 4609 :

276 4629 464 4680 clauda
490 4638 536 4680 et
567 4625 750 4679 mutila
780 4626 983 4697 navigia
1010 4625 1160 4678 dicit.
1188 4626 1393 4697 ORBLL.

363 4699 639 4752 Ventorum
697 4694 913 4768 ﬂamina
950 4698 1308 4751 conticescent.
1363 4696 1436 4750 [ta
1488 4710 1671 4764 supra,
1714 4694 1812 4768 lib.
1844 4709 1884 4758 ι,

276 4787 395 4839 Cap.
427 4769 498 4823 Ξῖ
539 4767 809 4834 Numquid
838 4785 959 4823 suas
991 4784 1193 4822 animas
1235 4769 1561 4839 exspiravere
1588 4767 1883 4839 venti,retc.

277 4837 482 4897 Eotlem
512 4855 675 4896 sensu
704 4853 966 4894 ventorum
989 4841 1203 4902 spiritus
1225 4839 1357 4893 dicit
1383 4837 1718 4901 Lactantius,
1753 4838 1884 4891 Inst.

274 4915 368 4968 lib.
396 4929 488 4977 vn,
521 4928 640 4981 cap.
675 4914 728 4978 l5,
765 4913 850 4965 ubi
875 4913 984 4965 vid.
1017 4912 1340 4971 Buneman.,
1367 4926 1487 4979 pag.
1517 4910 1650 4981 895.
1675 4911 1882 4963 υκαι..

346 4984 434 5039 Ex
460 4979 652 5038 coaciis
681 4983 892 5037 nubilis.
928 4981 1062 5037 Vide
1091 4983 1156 5034 ad
1189 4983 1284 5035 lib.
1316 4997 1355 5041 ι,
1388 4996 1503 5049 cap.
1538 4981 1593 5034 ‘2.
1619 4979 1824 5034 ORELL.

347 5058 425 5110 Ad
453 5056 629 5110 mundi
661 5053 1249 5127 perfectior:enz.__Fulv.
1292 5051 1609 5127 Ursin.)egi
1637 5053 1838 5105 mavult
1869 5067 1881 5105 :

272 5129 354 5183 Ad
379 5129 625 5182 mundum
657 5121 1002 5198 perfectionis.
1034 5124 1230 5198 Nescio
1259 5139 1446 5194 quare.
1478 5121 1682 5198 Qnsnu.

347 5193 758 5254 ΧΧΧΧΙΙΙξ-έ
799 5197 937 5266 Quid
991 5193 1331 5267 pantomimus
1359 5237 1372 5255 ,
1421 5193 1545 5264 quid
1598 5195 1877 5267 ntimulos,

271 5280 379 5326 etc.
414 5271 556 5325 Minui
581 5280 635 5325 et
666 5264 1066 5339 panto'mimi'iu
1101 5268 1205 5323 hoc
1245 5267 1522 5330 ditl'eruut,
1561 5264 1712 5339 quod
1741 5282 1883 5339 pan-

272 5343 481 5397 tomimi
551 5336 716 5412 puero
770 5341 1050 5396 accioeute
1098 5348 1173 5412 et
1233 5347 1602 5412 responsante‘
1648 5336 1881 5412 tibicine

271 5417 372 5484 ipsi
404 5408 620 5468 mutiac
647 5413 796 5466 taciti
843 5413 1051 5484 cantica
1080 5408 1426 5484 desultorem
1456 5427 1468 5463 :
1514 5408 1875 5484 nuntiantem

268 5479 430 5540 etiam
464 5484 736 5540 cauebant
780 5492 834 5538 et
884 5483 1246 5552 loquebantur
1279 5483 1333 5536 in
1373 5496 1557 5552 scena.
1598 5479 1750 5552 Vide,
1784 5481 1876 5552 qui

267 5559 334 5611 tle
369 5558 433 5611 iis
467 5558 668 5611 mulms
691 5565 795 5624 est,
829 5549 1086 5620 Salinas,
1121 5553 1188 5609 ad
1211 5551 1364 5612 Flav.
1395 5549 1873 5624 Vopisc.,Cariu.,

259 5644 387 5696 cap.
421 5630 518 5691 19;
553 5629 754 5698 Script.
787 5626 923 5682 Hist.
957 5625 1123 5698 Aug,
1149 5625 1274 5698 vel.
1309 5641 1369 5691 ιι,
1403 5639 1533 5698 ρας.
1548 5623 1689 5698 _828,
1714 5638 1874 5698 seqq.

267 5694 588 5771 et'Rigaltu
632 5694 698 5754 ad
738 5694 1098 5764 Artemidorl,
1147 5695 1243 5752 lib.
1276 5711 1315 5763 ι,
1345 5710 1470 5767 cap.
1505 5694 1598 5762 78,
1631 5710 1752 5765 pag.
1783 5695 1874 5755 75.

266 5771 354 5824 ed.
390 5771 548 5827 Reiﬂ‘.
576 5777 784 5826 υιιειι..
972 5803 975 5806 ·

337 5839 503 5911 Tuba,
556 5843 679 5897 tibia
723 5842 1019 5914 calamoque
1081 5839 1340 5910 flatantes.
1389 5837 1590 5895 Festus
1633 5853 1647 5892 :
1691 5838 1879 5910 ﬁctor,

1997 4637 2016 4671 ι
2045 4620 2310 4676 Videntur
2338 4619 2594 4673 exercitio
2639 4618 2831 4674 crebro
2871 4618 3109 4674 adsecuti
3141 4619 3194 4674 hi
3246 4620 3521 4689 homines,
3553 4635 3612 4681 ut

1989 4693 2153 4766 etiam
2183 4689 2371 4766 grallis
2393 4691 2593 4766 saltare
2617 4699 2674 4744 et
2693 4689 2948 4766 subsilire
2966 4695 3236 4766 possent:
3253 4706 3412 4766 secus
3442 4707 3608 4766 atque

1992 4761 2156 4816 hodie
2193 4759 2396 4831 igrallis
2441 4759 2754 4833 incedentes
2801 4760 3067 4827 videmus,
3121 4763 3214 4832 qui
3242 4763 3479 4829 grandes
3508 4759 3605 4833 po-

1995 4833 2102 4887 tius
2131 4830 2343 4906 EISSIIS,
2374 4846 2534 4906 quam
2565 4833 2701 4906 cites
2732 4830 2956 4906 faciunt.
3011 4853 3029 4885 ›
3066 4830 3156 4888 Sic
3183 4835 3347 4889 etiam
3376 4830 3604 4906 provin-

1991 4905 2090 4959 ciae
2139 4903 2563 4974 Francogallicm
2606 4903 2889 4974 llispauite
2960 4907 3320 4960 contermina:
3377 4903 3603 4966 incolas

1993 4975 2136 5051 circa
2167 4973 2476 5047 Bayonnam
2527 4973 2925 5051 (département
2968 4976 3064 5051 des
3107 4976 3346 5051 Laudes)
3380 4993 3605 5049 propter

1994 5049 2166 5102 solum
2196 5046 2486 5102 arenosum
2514 5061 2757 5110 currere,
2788 5046 2979 5100 itinera
3013 5046 3212 5115 facere,
3241 5046 3412 5104 immo
3434 5046 3601 5108 onera

1995 5119 2242 5190 bajulare
2265 5119 2452 5188 gmllis
2496 5117 2808 5190 insistentes
2856 5118 3050 5190 legisse
3079 5121 3300 5174 memini
3354 5122 3406 5175 in
3437 5121 3603 5180 Itine-

1991 5193 2135 5246 rario
2163 5192 2418 5258 qundam,
2450 5189 2603 5259 cujus
2634 5189 2820 5242 titulus
2848 5189 2978 5242 mihi
3011 5191 3228 5245 excidit.
3259 5191 3472 5249 Οιιειι..

2063 5261 2454 5317 Funiambulos.
2507 5263 2578 5315 lle
2623 5268 2866 5314 veterum
2921 5261 3360 5318 funambulorum
3389 5265 3599 5322 artibus

1988 5335 2194 5410 inultus
2220 5343 2304 5388 est
2349 5333 2562 5400 Barth.,
2597 5331 2889 5388 Adversar.
2948 5334 3129 5400 lib.’v,
3185 5348 3308 5407 cap.
3341 5337 3430 5405 19,
3470 5354 3592 5410 pag.

1984 5405 2112 5462 248.
2143 5405 2352 5461 Οιιειι..

2062 5477 2199 5550 Quid
2223 5477 2498 5550 cgtbiarios.
2551 5475 2627 5550 Ita
2656 5477 2883 5550 egregie
2923 5477 3162 5550 correxit
3203 5476 3507 5538 Salmasius
3540 5482 3593 5537 in

1987 5549 2074 5604 ed.
2105 5548 2274 5618 Lugd.
2303 5549 2446 5612 Bat.,
2473 5555 2527 5602 et
2555 5548 2620 5602 ad
2647 5548 2914 5610 Solinum,
2953 5563 3072 5617 pag.
3108 5549 3230 5603 i'M.
3260 5551 3312 5604 iu
3343 5568 3444 5605 ms.
3476 5564 3594 5608 erat

1986 5619 2246 5692 quibiasii.
2263 5620 2408 5692 quod
2423 5629 2502 5692 est
2519 5619 2657 5673 idem
2675 5619 2816 5692 qu_ud
2835 5621 3069 5692 cybiarii,
3090 5619 3165 5673 ita
3190 5620 3243 5674 in
3260 5624 3590 5680 membranis

1991 5687 2299 5764 Quinqion,
2329 5691 2571 5764 Quizicus
2594 5687 2704 5760 pro
2722 5687 3004 5764 Cyne'gion,
3029 5687 3270 5764 Cyzicus,
3300 5703 3356 5748 et
3377 5696 3429 5749 in
3452 5702 3591 5752 aliti-

1989 5777 2115 5834 quo-
2149 5763 2337 5819 codice
2396 5763 2756 5832 Epistolarum
2788 5763 2994 5818 Paulini
3024 5829 3029 5833 1
3055 5763 3312 5819 Paulinus
3362 5770 3589 5823 Ausonio

1991 5835 2275 5905 triauiuon,
2299 5834 2351 5891 id
2375 5844 2476 5903 est,
2507 5836 2759 5912 τρίκννον,
2777 5836 2915 5897 trina
2939 5835 3211 5892 salutatio.
3244 5836 3324 5893 Ex
3348 5839 3589 5911 quibiarii
