3850 6388
343 339 450 394 885

1480 329 1757 388 ARNOBII
1797 324 2162 384 ADVERSUS
2200 325 2477 383 GENTES

3560 318 3657 375 εει

346 461 650 523 prompta,
682 450 732 506 itt
760 448 1058 505 fornicibus
1088 448 1376 510 obvinctae,
1408 443 1544 499 nihil
1577 445 1683 516 pati
1711 457 1944 499 renuen-
1971 447 2026 507 Α
2052 439 2270 504 cedere,
2317 455 2417 495 nec
2453 441 2505 495 in
2543 438 2846 511 praecipites
2885 438 2995 492 labi
3034 435 3380 508 permitteret
3420 433 3658 504 volupta-

351 555 456 608 tes.
487 542 553 599 ad
580 544 693 598 oris
719 551 963 626 stuprum
991 540 1234 612 parata?

422 635 611 695 XLIII.
636 637 776 708 Quid
802 637 981 694 dicitis
1000 680 1014 704 ,
1049 653 1082 692 o
1112 636 1360 702 soboles,
1388 650 1452 692 ac
1477 634 1632 705 primi
1667 632 1951 705 progenies

351 730 632 786 numinis?
686 730 903 801 Ergone
956 731 1224 801 sapientes
1256 727 1401 795 illte‘,
1447 734 1610 796 atque
1658 741 1724 781 ex
1773 724 1952 780 causis

348 823 738 894 principalibus
776 822 1001 893 proditae
1043 835 1238 892 genera
1277 819 1392 874 hinc
1431 818 1624 873 animae
1671 817 1953 888 turpitudi-

352 930 481 969 num
503 957 517 980 ,
551 916 836 970 criminum
857 955 869 979 ,
911 913 1339 983 malitiarumque
1378 918 1672 975 noverunt,
1703 920 1866 979 atque
1896 919 1957 963 ut

357 1013 696 1070 exercerent,
728 1014 784 1059 ut
805 1013 1077 1076 gererent,
1099 1013 1162 1057 ut
1184 1002 1622 1074 percelebrarent
1649 999 1764 1053 haec
1793 1000 1951 1062 mala,

358 1097 605 1151 habitare
630 1096 796 1165 jussae
839 1103 964 1150 sunt
994 1095 1090 1148 bas
1121 1103 1327 1164 partes,
1379 1097 1431 1148 et
1463 1092 1684 1147 humani
1714 1093 1956 1162 corporis

356 1189 794 1257 circumjectioue
833 1187 1056 1242 vestiri?
1095 1187 1161 1241 Et
1188 1187 1490 1240 mortalium
1536 1185 1819 1254 quisquam
1875 1191 1959 1238 est

353 1283 581 1337 rationis
623 1283 852 1352 alicujus
898 1283 1170 1351 accipiens
1207 1295 1429 1335 sensum
1457 1327 1470 1347 ,
1518 1281 1606 1350 qui
1651 1278 1956 1333 ordinatum

352 1375 900 1430 existimetmundum
934 1389 1028 1444 per
1055 1373 1153 1427 bas
1184 1389 1331 1439 esse,
1360 1388 1421 1428 ac
1449 1388 1553 1427 non
1577 1371 1750 1441 potius
1772 1369 1956 1425 sedem

356 1481 420 1521 ac
461 1465 794 1521 domicilium
839 1467 1190 1521 constitutum
1221 1508 1235 1530 ,
1270 1465 1326 1519 in
1369 1479 1475 1534 quo
1519 1478 1679 1518 omne
1719 1461 1959 1533 quotidie

353 1568 760 1631 perpetraretur
787 1559 955 1624 nefas,
1003 1557 1266 1613 maleﬁcia
1298 1567 1491 1612 cuncta
1520 1556 1839 1622 conlierent,
1872 1559 1957 1610 itt-

356 1654 511 1710 sidite
537 1696 551 1720 ,
584 1652 797 1709 fraudes
817 1696 829 1718 ,
858 1653 969 1708 doli
995 1695 1010 1720 ,
1039 1653 1260 1708 avaritia
1279 1695 1293 1719 ,
1325 1653 1527 1721 rapiare
1551 1695 1566 1717 ,
1590 1653 1671 1706 vis
1700 1695 1712 1718 ,
1743 1653 1920 1708 scelus
1943 1695 1956 1718 ,

358 1746 607 1812 audacia,
641 1747 993 1812 obsccenitas,
1028 1745 1320 1817 turpitudo,
1352 1744 1632 1817 flagitium,
1667 1746 1807 1802 mala
1839 1761 1956 1801 om-

363 1841 450 1893 nia
478 1848 671 1894 cactera
695 1880 710 1906 ,
759 1855 876 1910 quas
906 1839 960 1895 in
989 1839 1120 1894 orbe
1157 1838 1404 1894 homines
1435 1848 1551 1894 toto
1588 1848 1769 1894 mente
1799 1841 1957 1895 noxia

362 1931 598 2001 pariunt,
633 1939 688 1986 et
716 1931 886 1987 labem
919 1931 1294 1986 machinantur
1322 1931 1374 1985 in
1402 1932 1684 1986 mutuam?

435 2023 622 2079 XLIV.
651 2024 757 2080 Sed
787 2039 903 2092 sua,
937 2026 1178 2093 inquitis,
1218 2025 1512 2091 voluntate,
1542 2041 1648 2080 non
1679 2027 1817 2097 regis
1845 2027 1950 2095 ju's-

364 2120 517 2175 sione
560 2130 843 2176 venerunt.
895 2120 963 2174 At
1007 2119 1094 2174 ubi
1131 2128 1280 2188 pater
1321 2119 1663 2189 omnipotens
1695 2121 1827 2186 fuit,
1872 2121 1962 2176 ub.

359 2213 522 2283 regite
547 2212 895 2268 sublimitatis
923 2212 1247 2278 auctoritas,
1283 2220 1340 2266 ut
1380 2226 1472 2268 eas
1502 2213 1815 2282 prohiberet
1841 2213 1963 2267 abs-

2058 537 2177 592 tes?
2216 535 2271 591 Si
2300 534 2443 590 enim
2475 533 2767 604 degeneres
2795 531 3001 586 futuras
3037 531 3280 585 locorum
3328 527 3647 586 immutatio-

2060 627 2216 682 nibus
2265 626 2469 682 sciebat
2519 624 2693 697 (scire
2741 634 2920 681 autem
2967 623 3232 678 debuerat
3281 635 3568 677 causarum
3608 631 3662 674 ut

2070 720 2310 776 omnium
2336 717 2657 772 constitutor
2681 715 2702 788 )
2730 758 2744 779 ,
2773 727 2867 771 aut
2890 717 3229 772 extrinsecus
3260 712 3461 783 aliquid
3485 727 3660 769 acces-

2061 825 2245 865 surum
2275 808 2357 863 his
2384 823 2536 874 esse,
2567 807 2709 878 quod
2735 823 2826 862 eas
2853 806 3054 864 faceret
3081 804 3328 861 oblivisci
3360 818 3471 860 suae
3496 802 3661 873 digni-

2070 903 2194 958 tatis
2247 913 2302 958 et
2348 902 2599 960 decoris:
2640 901 2858 966 millies,
2911 909 2968 954 ut
3015 899 3297 972 ignoscat,
3354 899 3661 954 oraverim:

2066 995 2440 1050 universorum
2476 1008 2582 1048 non
2623 992 2763 1048 alius
2809 1006 2973 1062 quam
3012 989 3127 1061 ipse
3155 998 3239 1043 est
3265 1003 3427 1043 causa
3462 988 3666 1058 :siqui-

2066 1087 2185 1141 dem
2220 1099 2510 1156 perpessus
2536 1091 2621 1138 est
2650 1083 2913 1154 evagandi
2945 1097 3036 1136 eas
3064 1079 3268 1135 habere
3287 1080 3376 1151 jus
3407 1079 3636 1134 liberum
3655 1121 3668 1141 ,

2067 1194 2200 1249 quas
2229 1187 2535 1251 retenturus
2581 1191 2686 1231 non
2730 1191 2852 1230 esse
2903 1175 3227 1244 integritatis
3276 1189 3388 1227 suae
3436 1173 3668 1227 habitum

2070 1270 2396 1339 prarvidebat
2416 1279 2463 1336 ι,
2493 1277 2651 1338 atque
2681 1267 2752 1321 ita
2781 1268 3077 1334 perficitur.
3101 1264 3310 1319 utnihil
3329 1265 3541 1318 intersit
3561 1279 3673 1318 om~

2069 1361 2198 1415 nino
2225 1361 2525 1414 voluntarie
2553 1359 2840 1426 venerint,
2892 1373 2960 1410 an
3000 1357 3144 1411 illius
3179 1357 3672 1426 obtemperaverint

2063 1450 2293 1520 jussioni
2322 1470 2335 1506 :
2367 1467 2488 1505 cum
2520 1466 2627 1504 non
2657 1449 2995 1518 prohibendo
3025 1448 3170 1518 quod
3203 1456 3521 1518 oportuerat
3550 1463 3670 1516 pro-

2069 1541 2267 1607 hiberi,
2298 1542 2601 1601 cessatione
2626 1523 2832 1602 crimen
2862 1537 3053 1595 fecerit
3085 1540 3382 1610 pr0prium,
3410 1547 3468 1595 et
3497 1549 3674 1596 reten-

2070 1635 2229 1690 tionis
2257 1634 2683 1690 dissimulatione
2709 1631 3016 1704 permiserit
3039 1633 3208 1703 prius.

2140 1747 2302 1806 XLV.
2344 1749 2448 1806 Sed
2496 1751 2682 1820 procul
2722 1749 2838 1804 haec
2879 1749 3036 1803 abeat
3077 1748 3358 1804 scelerate
3401 1748 3674 1818 opinionis

2069 1843 2394 1906 immanitas,
2440 1853 2500 1897 ιιι
2544 1844 2683 1899 Deus
2731 1843 2982 1898 credatur
3026 1844 3394 1912 omnipotens,
3445 1857 3665 1913 magna-

2071 1952 2188 1991 rum
2218 1947 2271 1992 et
2301 1935 2655 1991 invisibilium
2702 1950 2884 1991 rerum
2935 1941 3122 1999 sator,
3166 1943 3220 1987 et
3258 1933 3523 1994 conditor.
3562 1950 3686 2004 pro-

2072 2037 2315 2093 creator,
2367 2037 2474 2082 tam
2517 2027 2742 2084 mobiles
2769 2027 2979 2081 animas
3017 2025 3275 2097 genuisse
3302 2026 3577 2096 gravitatis
3619 2042 3680 2084 ac

2075 2120 2328 2190 ponderis
2366 2122 2792 2191 constantizeque
2835 2120 3066 2183 nullius;
3111 2119 3163 2173 in
3209 2118 3337 2173 vitia
3366 2118 3552 2176 labiles
3582 2162 3596 2183 ,
3633 2120 3686 2174 in

2078 2225 2415 2282 peccatorum
2460 2229 2654 2285 genera
2699 2213 2945 2268 universa
2985 2212 3259 2278 declives;
3311 2227 3533 2283 cumque
3590 2229 3685 2270 eas

1579 2331 1962 2388 LECTIONES
1999 2331 2416 2389 VARIANTES.

433 2445 460 2475 ⁸
496 2443 798 2494 Providebat
828 2457 920 2496 ms.

1761 2556 2337 2618 COMMENTARIUS.

357 2669 600 2728 scenicas
633 2669 886 2742 mulieres
917 2668 1235 2735 insectatur,
1265 2671 1320 2725 ln
1349 2671 1544 2741 quibus
1566 2671 1706 2726 ludis
1737 2687 1968 2742 magnus

365 2742 515 2805 furor
544 2750 597 2796 et
625 2740 901 2810 turpitudo
944 2742 1233 2810 prolixior;
1281 2740 1403 2797 cum
1447 2742 1659 2810 publice
1691 2745 1773 2796 vel
1803 2740 1970 2812 espo-

369 2822 589 2884 ncrent,
617 2815 696 2866 vel
738 2811 842 2884 (ut
871 2824 1062 2866 auctor
1090 2824 1172 2867 cst
1200 2813 1452 2868 Minulitts
1476 2813 1626 2868 Felix
1651 2813 1668 2884 )
1703 2811 1974 2870 monstra-

372 2897 491 2938 rent
524 2883 682 2937 etiatn
708 2882 990 2936 adulteria.
1029 2885 1099 2937 De
1127 2888 1320 2939 scortis
1353 2885 1538 2938 Roma:
1572 2885 1622 2938 ιιι
1651 2882 1818 2940 scena
1851 2903 1975 2952 pro-

375 2953 550 3009 sterni
587 2953 797 3022 publice
827 2955 1001 3008 solitis
1030 2963 1151 3023 post
1191 2955 1343 3008 ludos
1375 2955 1554 3008 finitos
1582 2958 1803 3010 consule
1838 2957 1975 3012 Justi

374 3025 539 3090 Lipsii
576 3025 741 3080 Elect.
773 3023 862 3076 lib.
899 3039 936 3085 ι,
968 3041 1086 3094 cap.
1119 3025 1176 3088 ἓ,
1207 3038 1260 3079 et
1288 3027 1352 3078 ad
1386 3025 1603 3079 vilitatis
1628 3041 1820 3080 nomen
1851 3044 1978 3083 ecce

372 3095 477 3150 alia
509 3097 558 3148 in
595 3107 843 3164 promptu
889 3096 1004 3148 loca
1055 3097 1277 3150 Arnobii
1312 3097 1401 3150 lib.
1450 3112 1502 3150 tv
1535 3118 1547 3149 :
1580 3099 1771 3151 Amans
1813 3100 1976 3152 salta-

376 3178 458 3220 tur
507 3164 678 3220 Venus
703 3208 716 3230 ,
770 3175 812 3218 et
842 3181 930 3233 per
961 3165 1176 3231 a/fectus
1217 3184 1392 3220 omnes
1439 3169 1736 3221 meretricia;
1774 3171 1981 3223 vilitatis

372 3238 636 3306 impudica
659 3236 964 3298 exprimitur
1005 3239 1291 3290 imitatione
1335 3239 1595 3300 bace/tari,
1627 3250 1680 3292 ct
1713 3240 1802 3294 lib.
1839 3256 1892 3293 v.
1929 3243 1980 3294 in
2011 3246 2054 3304 (ζ

374 3309 660 3362 obseaenum
686 3324 1020 3377 prorumpere
1039 3309 1304 3362 vilitatem.
1324 3310 1690 3364 S'rewecu.—
1725 3311 1985 3366 Meursius

378 3381 583 3454 mavult
609 3379 978 3454 utilitatem,_i,
1013 3391 1331 3454 11.-χρῆσιν,-
1353 3382 1512 3454 male.
1539 3377 1618 3435 Cl.
1649 3381 1985 3438 Bttnemann.

377 3451 442 3503 ad
476 3449 722 3504 Lactant.
750 3449 876 3502 lnst.
912 3450 949 3502 Ι.
983 3464 1031 3504 c.
1066 3449 1158 3532 ρῳ
1195 3467 1244 3519 p.
1277 3452 1398 3506 l2l.
1425 3452 1631 3505 Οιιειι.

457 3541 520 3595 In
571 3541 851 3611 forniCibus
876 3542 1141 3601 obvinctta.
1189 3542 1265 3596 Ita
1313 3542 1432 3598 cod.
1491 3559 1589 3596 ms.
1641 3544 1782 3606 quod
1833 3544 1985 3598 Fulv.

382 3612 608 3669 Ursinus
647 3623 699 3666 et
743 3612 827 3665 cd.
863 3612 1035 3681 Lugd.
1082 3612 1198 3666 Bat.
1235 3623 1506 3667 mutarunt
1543 3616 1592 3668 in
1624 3615 1819 3675 obvite'.
1864 3615 1990 3671 Sca-

383 3685 520 3752 liger
552 3682 966 3746 ap..llleursinm
994 3685 1044 3737 in
1069 3684 1264 3746 oblita';
1293 3686 1456 3748 male,
1487 3687 1699 3751 opinor.
1735 3685 1994 3740 Obviucta:

386 3755 509 3808 scil.
539 3755 622 3808 vel
656 3755 962 3814 lenonibus.
989 3756 1071 3808 vel
1107 3755 1412 3824 impudicis.
1445 3757 1535 3824 qui
1565 3758 1644 3809 eis
1671 3757 1986 3810 almtttntur.

382 3825 460 3896 De
483 3825 531 3877 vi
557 3825 707 3878 verbi
738 3825 925 3896 fornix
949 3865 963 3887 ,
996 3825 1117 3879 vide
1141 3842 1288 3895 supr.
1315 3827 1380 3879 ad
1415 3841 1462 3881 c.
1499 3827 1531 3880 6
1576 3827 1734 3896 bujtts
1772 3828 1912 3892 libri,
1939 3837 1995 3883 et

387 3895 605 3964 Sciopp.
635 3896 701 3949 ad
737 3895 1005 3965 Priapeia,
1030 3911 1198 3950 carm.
1231 3912 1344 3951 XIII.
1369 3897 1573 3952 Οιιειι..

461 3988 541 4042 Ad
572 3989 678 4041 oris
707 3997 943 4056 stuprum
985 3999 1199 4056 paratw.
1238 3990 1310 4044 Ita
1336 3990 1591 4046 Gelenius
1623 4000 1676 4046 et
1705 3992 1854 4047 Fulv.
1897 3993 2000 4049 Ur-

385 4058 556 4113 sinus.
602 4057 734 4131 cod.
759 4075 860 4131 ms.
895 4059 1151 4114 babet‘ad
1179 4062 1294 4131 roris
1321 4064 1454 4115 sacri
1483 4074 1816 4131 comparata},
1853 4067 2000 4120 nullo

386 4145 596 4204 sensu}
634 4128 1070 4204 undeCanterus
1107 4130 1294 4186 effecit
1336 4131 1402 4185 ad
1430 4136 1532 4186 oris
1560 4128 1872 4203 sacriﬁcium
1905 4155 1999 4204 pa-

384 4212 533 4255 ratw.
567 4200 837 4275 Stewecb.
881 4205 947 4253 ad
986 4203 1110 4275 oris_
1131 4205 1278 4275 sacri
1308 4215 1623 4275 comparata:
1652 4200 1997 4275 comparatio-

389 4289 500 4336 nes,
525 4271 715 4327 eodem
745 4287 930 4334 sensu,
949 4288 1054 4341 quo
1072 4271 1284 4328 Gelcnii
1311 4275 1486 4328 lrctio.
1514 4271 1644 4329 Nam
1668 4271 1993 4342 componere,

389 4343 724 4402 committere.
760 4354 1081 4412 comparare,
1112 4344 1363 4404 dicebant
1384 4346 1623 4410 legiones
1654 4349 1794 4403 inter
1825 4365 1882 4402 se
1910 4351 1993 4404 vel

394 4413 755 4487 gladiatores.
779 4413 1072 4487 Salmasius
1099 4425 1277 4470 autem
1312 4417 1360 4469 itt
1392 4417 1519 4471 edit.
1557 4417 1726 4487 Lugd.
1777 4420 1893 4473 tht.
1928 4422 1996 4475 ad

387 4485 491 4538 oris
534 4485 670 4538 sacri
703 4485 793 4552 (id
823 4494 908 4539 est
948 4485 1290 4540 abominandi
1323 4528 1336 4552 ,
1384 4488 1516 4542 diris
1555 4485 1886 4549 devovendi.
1938 4502 1996 4546 ut

388 4555 686 4635 aurisacra
719 4559 880 4635 fames
911 4555 927 4625 )
971 4568 1283 4635 comparata:
1309 4561 1700 4635 stuprationeut.
1743 4562 1847 4615 Sed
1891 4562 1996 4618 Ge-
2022 4577 2075 4635 1)

393 4626 522 4699 l_euii
571 4627 1035 4699 emendationenL
1057 4628 1193 4682 bene
1230 4629 1470 4684 defendit
1517 4631 1882 4699 Lindenbrog.
1931 4635 1995 4688 ad

391 4697 636 4770 Priapeia
668 4712 835 4750 carm.
867 4714 960 4770 xtl.
996 4698 1328 4770 Tangitscil.
1367 4703 1639 4756 Arnobius
1668 4697 1900 4756 immane
1930 4705 1997 4757 il-

388 4769 574 4842 ludet
616 4769 1134 4842 monstrosissimum
1170 4772 1428 4841 flagitium
1456 4818 1468 4841 ,
1519 4775 1660 4842 quod
1689 4775 1993 4841 λεσϐιάζειν,

387 4841 706 4912 λεσϐιασμόν
737 4839 755 4911 (
785 4855 812 4892 a
844 4840 1051 4894 Lcsbiis
1076 4883 1090 4907 ,
1118 4839 1312 4911 quibus
1343 4845 1391 4896 in
1425 4839 1521 4900 usu
1540 4839 1718 4899 fuerat
1741 4845 1859 4900 haec
1885 4839 1999 4900 tur?

394 4911 580 4978 piludo
609 4911 624 4981 )
672 4910 844 4966 (ἓνωοί
879 4910 1155 4966 dixerunt.
1187 4912 1360 4966 Latini
1393 4927 1570 4969 autem
1605 4917 1868 4981 ejusmodi
1907 4918 1999 4972 lto-

394 4922 580 4978 ptludo

392 4984 568 5036 mines
609 4982 949 5051 appellarunt
991 4983 1186 5052 Opicos
1212 5025 1226 5048 ,
1279 4997 1333 5037 ut
1358 4985 1512 5040 docet
1556 4982 1842 5042 Meursius.
1878 4989 1998 5042 Vid.

391 5055 457 5127 li.
489 5052 628 5127 Gell.
661 5096 672 5115 ,
707 5052 803 5127 lib.
832 5069 848 5108 ι
879 5095 890 5114 ,
927 5069 1044 5122 cap.
1077 5055 1314 5127 2l_;lib.
1339 5072 1392 5110 χι
1420 5100 1434 5123 ,
1465 5073 1582 5123 cap.
1620 5060 1707 5114 16.
1737 5070 1791 5113 et
1820 5060 1955 5115 Plin.
1986 5103 2000 5127 ,

389 5125 526 5179 Hist.
559 5123 713 5198 Na_t._,
749 5125 865 5198 lib._
890 5135 1080 5183 χχχιῇ
1122 5125 1328 5180 Vidcsis
1361 5131 1730 5197 exemplorum
1771 5123 1999 5198 struem,

389 5212 548 5268 quam
581 5195 643 5268 ad
672 5195 812 5250 ltuuc
836 5196 1031 5268 locum
1073 5199 1445 5268 cungellcrutit
1475 5195 1906 5258 Eltneuborstius
1947 5195 2002 5257 et

389 5266 752 5340 Lindenbrog.
781 5309 795 5330 ,
832 5267 866 5321 l.
900 5267 934 5320 Ι.
983 5267 1112 5323 Nam
1160 5266 1409 5340 equidem
1451 5272 1708 5329 obscmna
1746 5290 1853 5328 non
1903 5290 1997 5328 ex-

391 5339 588 5392 scribo.
622 5335 824 5392 Οιιειιη

466 5407 650 5480 XLIII.
677 5437 749 5448 -—-
774 5407 980 5477 Ergone
1005 5411 1257 5480 sapientes
1294 5413 1417 5467 illte.
1453 5415 1578 5470 Haec
1604 5427 1766 5471 verba
1813 5419 1996 5474 nescio

391 5495 494 5549 qua
528 5479 595 5533 de
625 5493 785 5553 causa
818 5480 904 5534 ed.
935 5479 1102 5553 Lugd.
1143 5483 1259 5538 Bal.
1297 5487 1519 5539 mutavit
1553 5488 1604 5541 in
1633 5507 1644 5542 :
1677 5487 1882 5553 Ergone
1907 5507 1996 5544 sa-

391 5553 600 5622 pientiae
629 5551 753 5621 illis,
788 5559 890 5605 etc.
923 5551 1126 5607 Οιιειι.

469 5620 537 5676 Ut
567 5620 816 5691 gererent.
863 5624 930 5678 ls.
979 5624 1249 5678 Pantantts
1292 5627 1356 5681 ad
1405 5628 1658 5685 Macrobii
1704 5630 1896 5686 librum
1929 5632 1997 5686 de

395 5694 932 5770 llill‘ercntiisMGrmci
979 5695 1261 5764 Latinique
1303 5701 1448 5753 verbi
1500 5711 1612 5755 not.
1659 5718 1710 5770 p.
1756 5703 1882 5770 695,
1919 5705 1993 5758 le-

393 5765 626 5845 gendum
660 5764 942 5845 existimat
975 5779 1213 5836 generant
1233 5809 1247 5834 ,
1293 5772 1361 5824 ab
1389 5772 1610 5845 antiquo
1641 5764 1805 5845 verbo
1829 5764 1990 5845 geno,

397 5849 508 5899 ore,
543 5835 686 5890 idem
714 5837 861 5906 quod
893 5835 1135 5908 gignere,
1159 5854 1440 5909 generare.
1476 5835 1581 5898 seu
1617 5844 1747 5899 nihil
1778 5835 1991 5901 mittanJ

672 4910 844 4984 Glauci
879 4910 1155 4984 dixerunt.
1187 4912 1360 4966 Latini
1393 4927 1570 4969 autem
1605 4917 1868 4984 ejusmodi
1907 4918 2003 4972 lto-

2078 2675 2205 2732 dum
2227 2693 2240 2738 ;
2261 2746 2268 2747 ί
2291 2691 2466 2747 gerere
2499 2674 2599 2730 hoc
2625 2674 2752 2747 loco
2781 2673 2919 2747 idem
2950 2682 3031 2728 est
3071 2673 3210 2747 quod
3241 2682 3456 2747 portare
3483 2689 3687 2736 secum,

2082 2748 2222 2814 quod
2252 2744 2448 2801 faciunt
2483 2746 2655 2800 nuntii
2687 2755 2742 2800 et
2774 2746 3062 2810 portitores
3087 2787 3100 2807 ,
3137 2744 3370 2815 ideoque
3397 2746 3528 2800 bene
3557 2763 3689 2800 cou-

2079 2821 2321 2887 jnngitur
2363 2834 2485 2872 cum
2526 2816 2885 2885 percelebrare.
2939 2815 3140 2869 Eodem
3173 2831 3334 2868 sensu
3378 2817 3686 2882 Arnobius,

2085 2907 2267 2957 supra,
2297 2890 2384 2942 lib.
2418 2906 2452 2950 ι,
2497 2905 2614 2954 cap.
2652 2889 2748 2942 ult.
2769 2930 2782 2954 ,
2813 2887 3088 2942 Christum
3119 2888 3356 2956 appellat
3387 2890 3686 2957 portitorem

2088 2962 2312 3013 muneris
2347 2962 2495 3012 tanti.
2527 2959 2729 3013 Onam“

2159 3031 2344 3085 XLIV.
2369 3030 2714 3084 -Jusaione.
2750 3027 2882 3083 Cod.
2933 3044 3034 3081 ms.
3060 3038 3114 3082 et
3155 3028 3307 3082 Fttlv.
3353 3028 3529 3084 Ursin.
3565 3033 3690 3082 mis-

2088 3105 2266 3167 sione,
2307 3103 2448 3171 quod
2485 3107 2666 3156 nescio
2709 3116 2876 3171 quare
2909 3110 3170 3154 mutatum
3199 3101 3267 3153 ab
3304 3102 3551 3156 omnibus
3581 3102 3693 3155 edi-

2092 3174 2318 3227 toribus.
2355 3174 2559 3228 URELL.

2160 3244 2461 3299 Abscedere.
2517 3244 2612 3298 Ms.
2671 3242 3008 3308 abscondere,
3046 3242 3270 3308 vitiose,
3299 3242 3563 3297 abscedere
3614 3254 3692 3300 cst

2097 3314 2370 3369 declinare
2399 3331 2424 3366 τι
2451 3316 2531 3368 via
2555 3316 2764 3368 salutis.
2795 3314 3000 3368 Οιιειι.

2170 3386 2270 3437 Aut
2293 3389 2604 3440 extrinsecus
2627 3386 2822 3453 aliquid
2847 3400 3168 3438 accessurum
3196 3385 3274 3437 his
3298 3401 3424 3438 esse.
3456 3385 3580 3439 Iltrc
3611 3401 3695 3440 re-

2101 3455 2320 3510 ferenda
2348 3459 2412 3509 ad
2442 3458 2793 3523 pnecedentia
2819 3458 2981 3528 verba
3020 3474 3031 3508 :
3069 3456 3128 3528 Si
3159 3457 3295 3509 enim
3322 3457 3588 3525 degeneres
3613 3459 3695 3528 {eo

2101 3538 2244 3580 turas
2271 3528 2499 3581 locorum
2535 3527 2972 3580 immutationibus
2995 3526 3202 3588 sciebat,
3240 3537 3328 3578 aut
3361 3526 3689 3593 extrinsecus,

2100 3609 2205 3652 etc.
2247 3599 2423 3664 Quare
2453 3597 2614 3650 verba
2645 3616 2656 3649 :
2705 3599 2832 3651 scire
2872 3609 3159 3651 autem.....
3189 3599 3525 3660 constitutor,
3558 3609 3693 3652 tant-

2103 3685 2259 3738 quam
2292 3669 2633 3737 parenthesin
2663 3669 2874 3722 Ilnl'llllS
2896 3671 3107 3722 inclusi.
3133 3668 3340 3722 ORELL.

2179 3739 2563 3794 Universorum.
2596 3739 2726 3794 Scil.
2771 3741 3044 3802 vitiorum,
3091 3740 3400 3804 scelerum,
3431 3740 3569 3807 quod
3599 3758 3691 3794 au-

2110 3819 2216 3863 tem
2257 3812 2531 3865 Arnobius
2563 3815 2860 3864 reverentia
2894 3812 2944 3864 in
2986 3811 3153 3864 Deum
3187 3809 3340 3865 elfari
3375 3829 3476 3865 non
3505 3814 3689 3867 audet.

2106 3880 2372 3952 Vcrtctim
2408 3901 2420 3936 :
2456 3899 2550 3935 von
2582 3883 2778 3944 allem.,
2803 3898 2907 3935 was
2936 3882 3176 3952 begegnct
3220 3882 3430 3937 Onus.

2179 3951 2471 4006 Cessatione
2507 3955 2695 4005 crimen
2726 3953 2900 4020 fecerit
2947 3951 3236 4020 proprium.
3290 3954 3353 4006 In
3377 3956 3522 4022 cujus
3559 3954 3691 4007 enim

2109 4039 2264 4076 ntanu
2293 4034 2366 4077 est
2388 4065 2402 4086 ,
2436 4034 2488 4076 ut
2521 4023 2780 4090 prohibeat
2799 4066 2812 4083 ,
2839 4023 2975 4089 iubet
3004 4026 3088 4093 agi
3106 4065 3118 4084 .
3147 4025 3190 4078 si
3219 4041 3321 4078 non
3352 4026 3574 4091 prohibet
3601 4029 3693 4078 ad-

2112 4094 2276 4158 mitti,
2310 4096 2382 4147 ait
2412 4094 2726 4155 Salvianus.
2758 4095 2894 4148 libro
2941 4110 3040 4150 vn.
3085 4095 3218 4149 Hinc
3264 4096 3528 4150 Arnobius
3558 4096 3691 4150 infnt

2113 4166 2204 4218 lib.
2238 4182 2288 4219 ιιι
2312 4207 2324 4226 .
2360 4166 2719 4220 cessationcm
2754 4165 2908 4219 istam
2936 4166 3194 4218 inimicam
3223 4167 3479 4237 appellat.
3513 4167 3572 4219 Et
3604 4183 3693 4220 cur

2107 4251 2241 4288 steva
2267 4238 2505 4305 contagia
2531 4248 2578 4291 et
2609 4237 2898 4305 pestilentes
2940 4238 3142 4290 morbos
3183 4237 3245 4288 ob
3275 4239 3465 4293 aestivis
3481 4248 3692 4291 arertere

2106 4310 2389 4362 cessatione
2432 4309 2639 4360 inimica
2667 4324 2768 4361 non
2794 4317 2978 4361 curant
3002 4307 3027 4361 .9
3058 4307 3303 4364 "sum.

2181 4398 2247 4452 Et
2278 4400 2571 4452 retentionis
2596 4399 3010 4452 dissimulatione
3031 4402 3317 4468 permiserit
3346 4403 3503 4470 prius.
3531 4399 3582 4453 ld
3615 4411 3692 4455 est

2107 4471 2444 4534 cessatione,
2489 4470 2630 4538 quod
2667 4471 2904 4524 retinere
2937 4471 3193 4525 noluerit.
3229 4472 3320 4526 Sic
3350 4474 3488 4525 enim
3513 4487 3687 4526 vocem

2109 4545 2264 4594 istam
2297 4543 2362 4594 ab
2387 4542 2468 4594 bis
2498 4542 2856 4608 scriptoribus
2887 4541 3212 4611 quandoque
3239 4545 3483 4607 usurpari
3507 4542 3685 4595 obser-

2111 4624 2290 4665 vatum
2327 4613 2481 4665 nobis
2512 4623 2613 4666 est.
2644 4611 2899 4681 Vegetius
2921 4655 2933 4676 ,
2966 4613 3033 4666 dc
3065 4613 3140 4667 lle
3164 4614 3346 4678 milit.,
3377 4615 3466 4665 lib.
3502 4630 3540 4676 ι,
3570 4628 3681 4682 cap.

2107 4683 2171 4744 8;
2206 4683 2437 4753 Signatis
2483 4685 2650 4750 itaque
2700 4684 2947 4737 tironibus
2995 4700 3082 4749 per
3132 4685 3434 4752 quotidiana
3464 4687 3687 4737 exercitia

2109 4771 2368 4807 armorum
2417 4766 2488 4806 est
2539 4756 2936 4807 demonstranda
2983 4755 3239 4808 (loetrina.
3291 4756 3397 4809 Sed
3435 4756 3575 4817 liuius
3619 4757 3688 4809 rei

2110 4843 2256 4878 usum
2306 4826 2648 4878 dissimulatio
2690 4827 2973 4878 securitatis
3019 4825 3259 4879 abolevit.
3319 4827 3449 4880 Iliuc
3481 4829 3682 4891 ctapud

2113 4897 2433 4962 Terlttli:ttt.,
2470 4898 2561 4950 lib.
2601 4913 2654 4960 v,
2689 4896 2946 4950 adversus
2995 4896 3250 4951 Marcion.
3288 4940 3302 4957 .
3335 4914 3452 4967 Cap.
3485 4898 3514 4951 5
3542 4939 3550 4948 .
3583 4896 3684 4951 Nec

2111 4970 2243 5021 enim
2267 4973 2433 5038 gratia
2461 4970 2538 5034 /it,
2568 4970 2666 5020 nisi
2687 4967 2934 5033 o/j‘enste;
2965 4985 3054 5021 nec
3077 4985 3200 5036 pax.
3229 4971 3329 5023 nisi
3350 4972 3480 5024 belli.
3513 4968 3569 5022 Et
3591 4986 3681 5035 po-

2115 5041 2266 5110 pulus
2289 5052 2456 5093 autem
2501 5057 2590 5106 per
2616 5041 2902 5109 disciplima
2944 5042 3431 5106 transgressionem.
3475 5051 3518 5093 et
3545 5057 3680 5093 omne

2115 5116 2393 5165 humanum
2420 5128 2576 5180 genus
2604 5129 2691 5179 per
2732 5121 2930 5163 naturtv
2969 5112 3451 5174 dissimulationem,
3500 5122 3538 5162 tt
3565 5112 3680 5163 deli-

2111 5194 2287 5251 querat
2318 5196 2361 5235 et
2393 5183 2723 5236 rebellaverat
2771 5185 3013 5235 adversus
3041 5195 3340 5236 creatorem.
3368 5182 3467 5239 Ubi
3503 5192 3680 5235 natura:

2109 5255 2453 5308 dissimulatio
2494 5265 2579 5308 est
2634 5265 2837 5306 natura:
2890 5254 3040 5320 quasi
3092 5257 3362 5318 cessatio,
3398 5254 3676 5323 qualtomi-

2108 5341 2203 5380 nes
2232 5327 2597 5395 cognitionem
2633 5326 2823 5377 natura
2855 5326 2956 5378 sibi
2994 5324 3208 5379 insitam
3242 5327 3294 5380 in
3327 5325 3568 5397 injustttia
3593 5325 3679 5378 de—

2106 5398 2294 5450 tincut.
2331 5398 2573 5451 llenstn.

2181 5490 2339 5545 XLV.
2377 5520 2442 5530 -—
2472 5490 2600 5542 Tam
2649 5487 2857 5543 mobiles
2907 5489 3106 5561 animos
3155 5491 3392 5557 genuisse
3441 5489 3677 5561 gravitatis

2107 5580 2166 5616 ac
2194 5562 2433 5632 ponderis
2457 5562 2850 5630 constantiaeque
2879 5560 3093 5614 nullius.
3123 5561 3398 5616 Stewcch.
3431 5558 3520 5632 leg.
3543 5558 3672 5627 conj.

2109 5646 2210 5688 tatu
2251 5635 2443 5686 nobiles
2477 5634 2709 5695 animas,
2755 5649 2857 5685 non
2901 5633 3038 5686 male
3083 5633 3325 5700 quidem.
3358 5631 3458 5687 Sed
3498 5641 3542 5685 et
3571 5632 3676 5682 vul-

2107 5715 2221 5772 rata
2278 5704 2437 5760 lectio
2483 5702 2695 5757 defendi
2739 5712 2947 5772 potest.
2993 5712 3046 5756 ut
3098 5718 3294 5759 sensus
3338 5705 3407 5758 sit
3444 5723 3454 5757 :
3495 5703 3672 5755 animas

2101 5777 2334 5849 grttuisse
2379 5787 2480 5828 tam
2512 5775 2718 5849 mobiles
2746 5791 2957 5844 qumque
3003 5774 3199 5830 nullius
3246 5776 3349 5830 sint
3396 5774 3670 5846 gravitatis,

2101 5845 2422 5914 constantire,
2440 5857 2542 5904 etc.
2562 5845 2768 5900 Onus.
