3850 6360
389 340 494 395 887

1501 341 1539 394 .-\
1552 340 1774 396 RN08"
1822 338 2179 397 ADVERSUS
2217 341 2489 399 GENTES

3590 344 3688 399 888

385 454 701 512 scrimiuum
730 470 890 511 causa
914 497 928 521 ,
958 464 1049 511 aut
1080 456 1227 527 ipsos
1253 466 1404 513 actus
1422 458 1616 526 quibus
1641 459 1745 513 vita
1784 457 1981 512 transi—
2013 468 2063 529 Α
2091 462 2399 518 necessario
2424 461 2702 534 sequitur,
2734 476 2841 517 non
2887 462 3032 518 enim
3081 463 3127 518 si
3160 476 3425 534 negemus
3451 476 3685 529 muscas.

385 550 529 620 gitur
548 557 604 605 et
626 549 931 606 celebratur
946 549 1200 617 humana,
1217 549 1570 615 ordinaverit,
1586 550 1829 621 jusserit.
1846 559 1900 605 et
1914 564 1942 605 a
1962 558 1988 588 ⁸

386 656 480 697 sua
512 641 679 697 liuere
708 644 1094 699 constitutione
1142 643 1471 713 przeccperit.
1510 641 1710 695 Mittora
1744 642 1861 697 lucc
1890 642 1989 697 illo

378 741 537 797 sunt,
582 744 633 789 et
660 733 1046 805 magnitudinis
1076 735 1193 805 ejus
1233 732 1563 787 destrnettlia
1605 742 1926 803 putestatem
1973 752 1987 789 :

380 833 697 894 tantumque
745 836 824 881 est
879 826 1035 895 longe
1065 834 1119 878 ut
1148 825 1372 879 istarum
1414 835 1603 878 auctor
1632 839 1811 879 rerum
1866 838 1989 880 esse

387 915 663 980 credatur,
698 926 755 969 ut
787 916 839 969 in
870 915 1147 985 sacrilega:
1175 914 1379 969 crimen
1427 913 1719 983 impietatis
1748 914 1990 970 incurrat

386 1010 632 1079 quisquis
663 1010 731 1063 ab
756 1024 821 1063 eo
852 1008 1160 1073 conceperit
1188 1006 1459 1060 hominem
1492 1021 1612 1061 esse
1641 1017 1984 1077 prognatum,

380 1118 496 1158 rem
532 1103 799 1157 infelicem
834 1110 886 1155 et
916 1103 1187 1165 miseram,
1240 1100 1329 1170 qui
1379 1115 1501 1154 esse
1542 1115 1601 1154 se
1643 1100 1824 1156 doleat
1852 1118 1866 1155 :
1894 1101 1986 1172 qui

379 1194 743 1248 conditionem
774 1207 926 1248 suam
950 1192 1249 1247 detestetur
1270 1200 1324 1246 et
1346 1191 1525 1260 lugeat
1553 1210 1566 1245 τ
1596 1193 1685 1261 ‹ιιιί
1715 1192 1858 1246 nulla
1884 1193 1985 1246 alia

375 1285 445 1341 de
473 1300 637 1339 causa
669 1301 789 1339 sese
821 1284 1082 1354 intelligat
1109 1293 1473 1353 procreatum,
1508 1298 1667 1352 quam
1699 1299 1769 1337 ne
1800 1292 1986 1338 mate—

378 1379 515 1433 riam
546 1392 648 1431 uou
679 1376 940 1431 haberent
967 1391 1063 1446 per
1089 1392 1249 1445 qu:tm
1273 1374 1637 1430 dilI'underent
1663 1390 1722 1429 se
1746 1373 1905 1435 mala,
1931 1381 1985 1428 et

376 1480 562 1527 essent
586 1472 770 1527 miseri
799 1486 1033 1541 semper,
1060 1486 1288 1541 quorum
1317 1471 1643 1526 cruciatibus
1669 1475 1982 1538 pasceretnr

376 1564 561 1617 nescio
590 1579 711 1634 qua:
745 1566 825 1618 vis
856 1564 1029 1619 latens
1071 1572 1125 1617 et
1166 1562 1483 1617 humanitati
1515 1561 1738 1616 adversa
1785 1559 1981 1614 crude-

380 1655 523 1709 Iilas.

448 1748 652 1803 XLVII.
702 1747 810 1802 Sed
857 1749 902 1803 si
931 1760 1146 1818 parcns,
1181 1745 1383 1803 etiam"
1411 1747 1623 1815 genitor
1653 1744 1977 1808 animarum,

2090 553 2379 610 scarabeos
2402 596 2417 619 .
2450 564 2505 609 et
2532 552 2751 609 cimices
2772 595 2786 619 ,
2815 552 3113 622 nltedulas,
3143 553 3516 617 curculiones.
3541 562 3597 611 et
3622 553 3686 609 ti-

2092 661 2224 701 neas
2271 647 2655 716 omnipotentis
2688 662 2813 703 esse
2840 662 2978 719 opus
3004 647 3148 718 regis
3193 664 3207 701 :
3238 647 3542 718 sequaciter
3593 661 3689 716 po.

2091 739 2399 794 stulandum
2430 753 2460 793 a
2494 739 2650 795 nobis
2675 750 2760 795 est
2789 750 2847 795 ut
2873 740 2994 810 quis
3022 754 3087 794 ea
3118 738 3329 800 fecerit.
3370 738 3691 793 instituerit

2090 848 2195 905 que
2216 832 2477 898 dicamus,
2504 834 2772 902 possimus
2789 834 2933 889 enim
2951 833 3094 888 nulla
3120 848 3245 889 eum
3270 832 3690 901 reprehensione

2089 927 2316 986 nescire.
2338 928 2461 997 quis
2490 937 2545 983 et
2564 927 2670 983 illis
2692 928 2955 999 originem
2979 926 3210 993 dederit,
3236 936 3291 981 et
3311 926 3562 982 obtinere
3586 940 3687 981 non

2087 1032 2209 1073 esse
2236 1032 2266 1072 a
2312 1018 2420 1073 Deo
2470 1019 2752 1089 superiore
2787 1019 2991 1089 prolata
3044 1027 3150 1073 tam
3196 1032 3547 1089 supervacua.
3585 1027 3693 1073 tam

2086 1124 2221 1163 vana
2246 1150 2260 1173 ,
2296 1117 2403 1163 tam
2432 1109 2499 1164 ad
2532 1110 2710 1165 nullas
2738 1112 3061 1181 pertinentia
3090 1111 3354 1176 rati0nes,
3387 1110 3696 1179 quinirnmo

2085 1200 2374 1271 aliquando
2418 1211 2475 1257 et
2504 1203 2695 1270 noxia,
2725 1212 2782 1258 et
2831 1204 3168 1259 necessarias
3218 1202 3569 1274 importantia
3604 1203 3700 1261 ιε-

2086 1304 2290 1347 8101188.

2156 1468 2389 1524 XLVIII.
2429 1467 2799 1525 Consimiliter
2829 1468 2916 1524 hic
2944 1484 3161 1540 quoque
3199 1484 3322 1526 cum
3356 1469 3569 1526 animas
3607 1486 3696 1527 re-

2086 1576 2317 1617 nuamus
2346 1562 2445 1617 Dei
2475 1575 2599 1617 esse
2633 1562 2894 1632 principis
2926 1561 3155 1631 prolem,
3187 1578 3293 1617 non
3316 1563 3578 1617 continuo
3607 1578 3698 1618 se-

2083 1655 2299 1725 quitur,
2332 1664 2387 1708 ut
2411 1656 2682 1725 explicare
2713 1653 3005 1710 debeamus
3041 1669 3279 1726 quonam
3322 1665 3547 1725 parente
3590 1655 3699 1710 sint

2083 1746 2261 1811 editae,
2294 1756 2349 1801 et
2372 1748 2551 1801 causis
2575 1748 2876 1816 cuiusmodi
2908 1757 3224 1817 procreatm.
3251 1748 3384 1816 Quis
3408 1748 3558 1803 enim
3594 1764 3696 1803 nos

376 1841 616 1911 inquitis,
654 1841 791 1895 Deus
840 1857 945 1895 non
986 1852 1093 1907 est,
1150 1857 1258 1909 quo
1305 1850 1528 1895 auctore
1577 1839 1893 1909 progenitas,
1926 1851 1980 1895 et
2012 1866 2056 1926 Β
2085 1838 2357 1909 prohibet,
2382 1850 2475 1894 aut
2506 1840 2649 1895 unde
2675 1848 2849 1895 enatte
2870 1841 2999 1905 sint,
3026 1840 3435 1910 prodierintque
3460 1842 3697 1908 nescire,

373 1947 477 2002 qua
526 1941 651 1986 sunt
694 1933 903 1987 ratione
929 1933 1191 2003 prolatae?
1218 1931 1274 1987 Si
1306 1930 1539 1985 infucata
1577 1931 1735 1984 vultis
1767 1929 1976 1997 audire,

374 2039 475 2079 nec
499 2025 567 2078 ab
594 2023 770 2092 aliqua
791 2024 935 2078 vocis
964 2025 1331 2079 oateutatione
1354 2022 1583 2077 deducta
1608 2041 1620 2077 :
1644 2024 1771 2076 item
1802 2023 1977 2076 conti.

374 2126 553 2170 temur
577 2131 677 2170 nos
708 2116 846 2170 istud
881 2118 1150 2185 ignorare,
1178 2117 1411 2179 nescire,
1445 2114 1835 2185 scientiamque
1865 2123 1979 2168 tan-

372 2216 443 2263 tae
486 2209 565 2263 rei
620 2224 724 2263 non
771 2219 976 2263 tantum
1026 2222 1265 2264 nostram
1315 2208 1561 2263 ducimus
1608 2206 1977 2263 inﬁrmitatem

373 2299 823 2370 l‘ragilitatemque
876 2302 1127 2366 transire,
1175 2311 1361 2356 verum
1407 2303 1567 2356 etiam
1628 2307 1976 2371 potestatum,

372 2405 492 2460 quzc
539 2391 591 2445 in
643 2390 847 2446 mundo
893 2402 1037 2457 sunt,
1087 2391 1324 2445 omnium
1359 2407 1373 2445 :
1407 2400 1462 2445 et
1508 2405 1627 2461 quas
1671 2391 1888 2445 numina
1918 2405 1979 2445 se

370 2499 493 2539 esse
522 2485 865 2555 opinionibus
888 2500 1216 2554 usurpavere
1248 2483 1579 2539 mortalium.
1604 2483 1708 2539 Sed
1727 2499 1860 2553 quas
1884 2483 1979 2539 Dei

374 2590 661 2646 negamus,
694 2576 849 2646 cujus
875 2576 1002 2643 sint,
1034 2574 1292 2633 debemus
1318 2573 1643 2631 osmndere?
1662 2573 1802 2629 Nihil
1836 2575 1978 2630 istud

2085 1938 2179 1986 aut
2210 1946 2303 1986 eas
2329 1946 2435 1985 non
2468 1946 2591 1987 esse
2620 1931 2712 1986 Dei
2738 1932 3069 2001 progeniem,
3103 1931 3281 1986 scire?
3310 1932 3582 2000 Quanam,
3619 1932 3701 1987 in-

2085 2022 2271 2093 quitis,
2299 2023 2526 2085 ratione,
2561 2037 2664 2092 qua
2693 2022 2814 2075 via?
2842 2022 2978 2088 Quia
3010 2023 3158 2076 omni
3193 2037 3324 2077 vero
3354 2024 3697 2078 verissimum

2085 2124 2189 2181 est,
2238 2126 2499 2186 certoque
2541 2116 2904 2170 certissimum
2930 2157 2944 2179 ,
2994 2115 3127 2168 nihil
3157 2130 3336 2169 rerum
3367 2132 3395 2168 a
3424 2116 3694 2187 principe,

2083 2208 2225 2262 sicut
2248 2208 2448 2278 saepius
2472 2206 2675 2261 dictum
2718 2216 2821 2271 est,
2870 2206 2987 2276 agi,
3024 2204 3161 2271 ﬂeri,
3196 2206 3383 2271 statui,
3414 2207 3519 2261 nisi
3545 2207 3693 2277 quod

2082 2307 2351 2367 Oporteat,
2384 2308 2437 2352 et
2462 2297 2750 2352 conveniat
2777 2297 2891 2352 lieri
2924 2315 2938 2353 :
2972 2299 3071 2352 nisi
3096 2298 3239 2368 quod
3268 2301 3338 2353 sit
3369 2300 3615 2368 plenum.
3645 2310 3699 2355 et

2082 2390 2371 2458 integrum,
2401 2398 2453 2443 et
2490 2390 2543 2444 in
2572 2406 2685 2443 sua:
2716 2390 3040 2460 integritatis
3066 2388 3400 2459 perfectione
3449 2391 3692 2444 Iinitum.

2080 2480 2251 2535 Porro
2280 2489 2459 2535 autem
2508 2481 2872 2550 conspicimus
2927 2481 3205 2548 homines,
3256 2479 3310 2536 id
3358 2490 3441 2535 est
3486 2482 3696 2536 animas

2084 2573 2227 2644 ipsas
2252 2583 2299 2639 ιε,
2317 2572 2446 2642 quid
2460 2572 2604 2627 enim
2620 2581 2745 2628 sunt
2768 2572 3017 2629 homines
3036 2573 3139 2629 nisi
3161 2574 3358 2629 animae
3377 2574 3697 2645 corporibus

1600 2731 1981 2789 LECTIONES
2022 2731 2439 2790 VARIANTES.

437 2854 457 2878 δ
502 2851 680 2900 Ahms.

2133 2848 2161 2887 b
2196 2849 2258 2899 Et
2272 2862 2384 2909 ms,
2404 2850 2596 2900 melius.
2626 2848 2811 2900 Meurs.
2834 2851 2935 2914 jam
2957 2849 3099 2901 Fulr.

1771 2977 2330 3038 COMMENTARIUS.

448 3117 572 3172 Rem
613 3119 865 3189 infelicem
894 3131 939 3173 et
975 3120 1230 3174 miseram.
1261 3117 1387 3172 Htee
1428 3118 1567 3171 inter
1596 3131 1782 3171 eorum
1810 3132 1976 3183 argu-

371 3202 575 3252 menta,
609 3176 698 3258 qtii
726 3190 998 3244 hominem
1027 3205 1053 3242 a
1082 3190 1192 3244 Deo
1221 3190 1497 3242 conditum
1526 3190 1812 3257 negabant.
1847 3176 1977 3243 Vide
2007 3176 2051 3239 C

372 3261 715 3316 laetantium
741 3262 879 3315 lihro
906 3261 973 3315 de
1000 3261 1227 3327 Upitieio
1264 3261 1378 3314 Dei.
1413 3260 1656 3313 Henna.

445 3334 676 3399 Quorum
706 3333 1017 3384 cruciatibus
1048 3340 1346 3402 posceretur
1373 3332 1538 3384 nescio
1570 3345 1683 3400 qua:
1712 3330 1783 3382 vis
1816 3330 1979 3384 latens

370 3412 416 3455 et
464 3404 771 3455 Ittmumitali
822 3405 1035 3457 adversa
1085 3403 1383 3455 crudelitas.
1438 3402 1511 3454 Ita
1560 3402 1761 3467 optime
1800 3402 1977 3454 locum

368 3476 603 3527 restituit
638 3473 726 3527 Fr.
754 3474 981 3537 Modius,
1033 3476 1295 3536 probante
1335 3474 1643 3525 Slt‘wecltin
1673 3482 1726 3522 et
1768 3470 1980 3526 Salma-

366 3546 468 3599 siu.
506 3559 605 3597 ms.
656 3545 809 3598 habet
842 3566 853 3599 :
890 3545 1077 3599 Nescio
1114 3544 1342 3613 quamvis
1384 3545 1567 3595 latens.
1614 3543 1837 3596 Vitiose.
1884 3542 1978 3596 llis

370 3626 552 3669 autem
584 3616 761 3669 verbis
796 3618 1065 3669 Arnobius
1097 3612 1281 3686 procul
1312 3614 1478 3667 dubio
1506 3613 1761 3686 describit
1794 3612 1979 3666 diabo-

370 3686 507 3747 lum,
543 3702 701 3743 quem
730 3688 1005 3740 crudeliter
1034 3704 1219 3740 sontum
1248 3687 1457 3739 dixerat
1489 3700 1673 3753 supra.
1703 3685 1907 3738 OnELL.

448 3756 655 3810 XLVII.
679 3757 899 3809 —-ltem
929 3760 1233 3822 conﬁtemur
1268 3774 1359 3809 nos
1388 3756 1523 3808 istud
1544 3759 1804 3826 ignorare.
1840 3757 1975 3809 Puto

373 3827 660 3896 legi-nilum
689 3845 702 3883 :
728 3830 909 3880 iterum
932 3833 1253 3893 conﬁtemur.
1285 3826 1490 3880 ORELL.

450 3898 513 3951 Et
544 3914 657 3963 qua:
684 3899 893 3952 numina
923 3916 975 3952 se
997 3916 1123 3962 esse,
1147 3898 1471 3967 opinionibus
1500 3912 1810 3962 usui-pavere
1837 3914 1974 3950 tuor-

372 3970 571 4023 talium.
611 3968 875 4033 Usurpnre
924 3970 1023 4023 hoc
1056 3971 1173 4025 loco
1215 3978 1403 4023 cootra
1442 3967 1530 4036 jus
1564 3968 1770 4032 fasque.
1823 3970 1975 4023 nullo

370 4040 567 4094 merito
614 4041 735 4113 sibi
763 4040 1055 4105 vindicare,
1074 4040 1293 4113 AGI‘HICO
1340 4040 1747 4113 σφεῖερίζεςθᾳι,
1798 4050 1969 4094 nostr.

370 4113 689 4176 usurpieren.
716 4110 791 4165 Ita
814 4112 1035 4166 Snetun.
1060 4110 1276 4175 Clattd.,
1297 4108 1415 4170 cap.
1446 4108 1518 4164 ‘23
1557 4128 1567 4161 :
1598 4108 1861 4163 Civitatem
1891 4127 1975 4163 ro-

372 4198 580 4253 manam
611 4193 914 4253 usurpantes
958 4185 1124 4238 securi
1171 4182 1439 4253 percussit.
1489 4180 1588 4236 Ubi
1631 4181 1739 4234 vid.
1769 4180 1973 4236 Casau-

369 4252 498 4308 bon.
533 4253 736 4309 ORELL.

450 4325 555 4378 Sed
574 4342 701 4393 quas
728 4324 820 4377 Dei
837 4341 1099 4395 negamus.
1128 4324 1198 4379 Ita
1224 4322 1496 4381 Stewech.
1522 4332 1577 4378 et
1598 4322 1774 4395 editor
1799 4323 1969 4393 Lugd.

376 4394 497 4466 Bal.
525 4392 593 4449 ex
622 4412 723 4449 ms.
748 4392 942 4449 Castori
970 4413 982 4448 :
1014 4395 1120 4450 Sed
1147 4397 1266 4466 quia
1309 4396 1401 4449 Dei
1434 4412 1697 4465 negamus.
1732 4392 1895 4449 Idem.

450 4465 571 4519 Non
595 4467 729 4520 enim
760 4468 803 4519 si
835 4484 1079 4536 negamus
1110 4465 1341 4528 muscas.
1388 4466 1695 4531 scarubwos,
1743 4466 1968 4529 cimices.

374 4546 478 4630 etc:
509 4538 684 4630 ι[ξιξιιιιι
732 4553 1116 4630 ιιοιιῃριζριιεῇθ.
1140 4537 1654 4630 minutasnbcstiolas
1675 4536 1966 4630 “delirium
1996 4571 2049 4630 Ι)

373 4607 477 4661 fuit
507 4608 812 4674 Marrioiiis,
852 4608 1117 4664 Valentini
1150 4620 1206 4665 et
1246 4611 1470 4678 Apellis,
1505 4622 1561 4662 ut
1602 4624 1664 4661 ex
1700 4608 1966 4677 Hierony-

374 4693 485 4743 mo,
512 4690 640 4733 tom.
673 4697 745 4744 tv,
778 4696 896 4748 pag.
926 4679 1054 4743 QII,
1100 4684 1149 4735 in
1184 4682 1446 4749 prooemio
1473 4680 1539 4733 ad
1589 4678 1965 4749 Philemenem

374 4751 641 4821 novimus.
676 4751 785 4805 H0s
810 4751 1054 4805 cnnl'utat
1084 4748 1431 4821 Angusdnus.
1480 4751 1549 4805 de
1588 4748 1817 4805 Civitale
1848 4751 1961 4818 Dei,

374 4820 467 4876 ltb.
505 4837 578 4881 XI.
606 4837 724 4889 cap.
760 4823 858 4883 IS;
892 4822 982 4874 lib.
1021 4839 1109 4886 xu,
1136 4820 1255 4891 cap.
1284 4824 1372 4878 25.
1410 4822 1659 4877 Emesa.

449 4891 745 4947 Nitedulas.
773 4893 993 4949 Servius
1020 4895 1085 4947 ad
1108 4895 1305 4957 Georg.
1336 4893 1378 4955 I.
1419 4910 1559 4947 vers.
1596 4894 1689 4948 I8l
1708 4934 1719 4947 .
1748 4892 1969 4948 .Vitedu-

372 4964 477 5016 lam
522 4964 634 5016 sive
673 4965 893 5035 nitelam
927 4964 1311 5034 interpretatur
1349 4982 1542 5019 murem
1580 4976 1831 5035 agrestem
1872 4983 1965 5019 ru-

372 5035 538 5089 beum.
573 5035 765 5105 Papias
797 5054 808 5089 :
844 5034 1095 5107 Nitedula
1133 5036 1328 5090 animal
1354 5036 1555 5105 fulgens
1598 5034 1761 5107 instar
1801 5037 1963 5107 ignis,

372 5108 587 5177 exiguus
616 5124 747 5166 mus.
776 5109 914 5165 quod
946 5106 1121 5161 Graece
1147 5109 1393 5167 lantparis
1416 5107 1621 5160 dicitur.
1651 5106 1840 5163 Cicero
1869 5126 1967 5177 pro

372 5176 579 5238 Sextio.
613 5194 730 5247 Cap.
758 5181 848 5236 55.
881 5189 933 5230 ιιι
962 5178 1053 5232 illa
1077 5196 1140 5233 ex
1168 5180 1445 5243 vepreculis
1477 5189 1701 5232 extracta
1734 5176 1967 5234 uitedula

370 5248 737 5316 rempublicam
767 5263 1039 5303 conaretur
1078 5251 1339 5304 arrodere.
1374 5249 1622 5304 EIJIENII.
1647 5279 1715 5289 ——
1741 5250 1824 5304 (1f.
1854 5252 1966 5305 Pli-

374 5318 536 5391 nius.
591 5318 725 5372 Hist.
778 5320 921 5384 Nat.,
974 5337 1097 5385 vm,
1157 5336 1277 5391 cap.
1312 5322 1413 5386 57,
1468 5320 1647 5389 iluque
1704 5322 1962 5377 Ilariluin.

370 5388 693 5463 R._Bem_|ey
720 5391 784 5444 ad
816 5391 999 5445 IIorat.
1032 5408 1067 5453 ι.
1105 5388 1273 5463 Εμί-ἰ.
1310 5409 1403 5455 vn,
1438 5388 1577 5445 vers.
1608 5392 1696 5447 ‘29.
1735 5393 1833 5449 Uhi
1867 5409 1967 5463 pro

369 5459 639 5533 vulprculu
659 5459 882 5533 restituit
910 5459 1433 5527 nitedulaJSaltnasq
1456 5463 1520 5517 ad
1542 5464 1735 5531 Solin.,
1759 5480 1809 5533 p.
1833 5459 1963 5531 295,

371 5546 515 5600 seq,
551 5531 635 5585 ubi
660 5531 725 5583 de
746 5533 847 5587 hoc
872 5534 1195 5588 animalcnlo
1224 5535 1421 5589 utullus
1444 5544 1555 5595 est;
1584 5550 1613 5588 e
1634 5531 1811 5602 glossa
1844 5537 1968 5591 Phi-

369 5602 571 5681 loxeni,
622 5604 744 5673 quia
786 5605 1272 5681 nitelaexjionitur
1291 5605 1683 5681 _dsvdpo€a'tjtn;,_
1726 5608 1963 5681 conjicit,

373 5674 514 5747 idem
544 5688 847 5747 gessere-nn
888 5676 1070 5731 sciuro
1100 5682 1116 5745 (
1148 5677 1242 5729 das
1282 5674 1538 5731 Eicltlioru
1563 5678 1602 5747 ).
1651 5678 1755 5733 Sed
1805 5674 1966 5735 verba

376 5744 552 5798 Servii
596 5755 650 5799 et
693 5746 867 5815 Papire
901 5750 1093 5802 melius
1112 5744 1411 5803 convenire
1458 5744 1706 5804 videnlur
1732 5750 1961 5804 animal-

374 5816 517 5889 cnlo,
548 5816 857 5889 qitoeralli
893 5820 1056 5872 mulot
1100 5819 1389 5889 appellant,
1419 5820 1501 5872 die
1532 5818 1834 5887 Feldmaus,
1880 5823 1966 5878 vel

377 5886 553 5952 potius
577 5888 712 5942 muri
741 5889 1104 5945 avellanarum
1136 5886 1349 5959 majori,
1382 5890 1496 5945 sive
1522 5892 1658 5945 nutri
1681 5886 1963 5961 quereino,

2084 3119 2245 3174 dorso
2277 3119 2481 3191 rubeo,
2536 3120 2761 3175 arbores
2802 3120 3103 3189 smpissime
3151 3122 3462 3177 ascendenti
3498 3132 3551 3178 et
3599 3137 3693 3191 per

2087 3190 2319 3262 hiemem
2352 3190 2666 3253 dormienti,
2702 3194 2784 3244 die
2828 3208 3001 3262 grosse
3032 3192 3360 3249 Haselmaus.
3402 3190 3688 3258 Noun-ius,

2086 3277 2206 3334 pag.
2242 3261 2370 3327 560,
2408 3272 2575 3325 putat.
2609 3261 3150 3334 nturem’silveslrem
3178 3266 3490 3333 signiﬁcari,
3522 3282 3683 3334 quem

2083 3333 2220 3387 Galli
2245 3334 2292 3385 le
2321 3333 2478 3385 mulot
2511 3344 2726 3387 vocant.
2754 3333 2838 3388 Cf.
2868 3344 2921 3389 et
2950 3333 3192 3399 Eruesﬁ,
3223 3336 3372 3391 Clav.
3414 3333 3554 3402 Cic.,
3589 3335 3690 3389 hoc

2084 3405 2267 3458 verbo.
2298 3402 2501 3458 Οιιιιιι..

2159 3496 2225 3551 Et
2254 3497 2479 3552 obtinere
2504 3514 2607 3552 non
2638 3515 2745 3553 esse
2769 3516 2801 3552 α
2842 3499 2951 3554 Deo
2980 3501 3243 3570 superiore
3265 3503 3489 3571 prolatu.
3513 3501 3686 3570 Quem

2083 3569 2168 3642 hic
2190 3574 2530 3642 superiorem,
2563 3585 2722 3637 supra
2750 3572 2987 3637 appellat
3020 3569 3184 3625 Deum
3212 3569 3430 3642 primum
3456 3588 3474 3625 :
3502 3569 3548 3627 is
3572 3590 3689 3628 nte-

2080 3639 2184 3694 lior
2217 3640 2358 3693 Deus
2384 3651 2469 3693 est
2499 3642 2752 3695 Mareioni
2795 3652 2848 3696 et
2874 3640 3077 3696 Christi
3109 3639 3280 3711 pater.
3323 3643 3448 3698 Vide
3471 3643 3688 3699 Tertul-

2080 3712 2303 3774 Iiauum,
2329 3712 2396 3765 dc
2422 3712 2750 3781 Prmscript..
2778 3713 2899 3765 adv.
2926 3714 3149 3769 H.eret..
3174 3730 3295 3779 cap.
3318 3715 3369 3768 7.
3402 3715 3683 3781 lremcum,

2081 3782 2464 3851 Epiphanium,
2497 3785 2652 3837 alios.
2689 3784 2931 3838 Emesa.
2967 3794 3021 3838 rt
3052 3784 3296 3840 Hanno.

2152 3874 2385 3929 XLVlII.
2416 3904 2485 3947 έ-
2526 3876 2653 3927 Cum
2690 3877 2888 3929 animas
2928 3893 3203 3931 renuamus
3234 3876 3332 3931 Dei
3362 3894 3463 3931 esse
3494 3878 3682 3947 princi-

2081 3948 2161 4072 jiils
2179 3948 2397 4015 prolem.
2417 3946 2680 4071 Sirrgjjt‘tcr
2700 3960 2937 4001 renutare
2960 3963 3055 4015 pro
3076 3964 3268 4020 negare
3284 3951 3419 4020 apud
3440 3946 3681 4016 Lucret.,

2105 4034 2177 4071 ιι.
2212 4034 2305 4072 ιιι.
2333 4032 2475 4071 vers.
2648 4037 2661 4072 :

2105 4032 2177 4071 in.
2212 4034 2305 4083 ιιι,
2333 4032 2475 4071 vers.
2516 4032 2613 4071 om
2648 4037 2661 4072 :

2204 4131 2343 4190 Quod
2364 4135 2617 4194 superest,
2642 4130 2683 4179 si
2706 4131 2817 4192 quis
2839 4142 3016 4193 corpus
3038 4132 3228 4181 sentire
3254 4137 3470 4190 renutat,
3496 4137 3583 4181 etc.

2998 4214 3221 4271 Hanno
3251 4227 3306 4272 et
3333 4215 3534 4271 Οιιιςιι..

2160 4328 2286 4384 Vero
2316 4329 2631 4383 verissimum
2653 4340 2723 4383 est
2753 4339 2986 4400 certoque
3012 4330 3371 4386 certissimum.
3404 4330 3678 4386 Ilelleniso

2077 4415 2198 4453 Inus
2222 4410 2323 4454 est.
2359 4400 2589 4465 Seneca,
2627 4401 2744 4454 Nat.
2774 4401 3005 4466 anrst.,
3040 4402 3133 4455 lih.
3167 4418 3225 4464 II,
3256 4418 3375 4470 cap.
3404 4402 3508 4457 56:
3544 4400 3679 4457 Vero

2078 4473 2245 4525 verius
2270 4472 2399 4525 nihil
2440 4482 2533 4526 est.
2569 4472 2820 4536 Martial.,
2857 4471 3040 4543 Epigr.
3073 4489 3156 4540 vt,
3186 4472 3278 4540 50,
3328 4473 3393 4529 ad
3429 4473 3675 4529 Pastum;

2322 4606 2407 4655 Vis
2428 4608 2585 4656 dicam
2610 4609 2696 4657 tibi
2722 4608 2918 4657 veriora
2942 4608 3110 4657 veris?

2316 4669 2416 4717 Sex
2442 4673 2700 4734 sestercia,
2720 4670 2879 4732 Paete,
2907 4671 3181 4734 pertlidiSti.

2069 4794 2316 4869 ξῖιιιειιιι.
2372 4794 2574 4869 Etiam_
2617 4797 2873 4869 superlat.
2947 4813 3046 4869 pro
3099 4796 3466 4865 comparativo
3516 4810 3675 4855 more

2068 4866 2396 4923 Grmcorum.
2433 4867 2504 4921 Ita
2538 4866 2778 4938 Euripid.
2815 4866 3233 4940 (AndromachJ
3262 4886 3401 4925 vers.
3433 4871 3467 4925 6
3503 4888 3517 4925 :

2318 5018 2390 5079 Nm
2416 5012 2451 5053 δ’
2475 5013 2573 5059 sint;
2596 5012 2691 5064 ἄλλη
2711 5012 2986 5068 Gaetulqu
3011 5020 3098 5069 funi

2322 5082 2418 5127 Εμοῢ
2441 5081 2608 5129 πᾶς-δην,
2630 5079 2653 5127 ἧ
2677 5082 2866 5129 ﬁdenti
2889 5094 2999 5121 εστι.

2068 5169 2287 5229 Homer.
2309 5214 2325 5240 ,
2356 5170 2551 5245 Odyss.
2586 5188 2673 5241 ιι,
2704 5189 2848 5231 vers.
2880 5175 3006 5231 481.

2909 5326 2982 5342 ...ο
3008 5307 3085 5342 ατο
3107 5300 3158 5349 δ’,
3181 5292 3346 5355 Ᾰκιλὶιΰ,

2255 5360 2363 5410 Οὖτίς
2386 5363 2476 5415 ἀνὴρ
2496 5364 2719 5417 προτέροισι
2736 5367 2984 5418 Musae.
3008 5365 3085 5405 oin‘
3190 5368 3342 5407 ὀπίσσω.

2069 5461 2170 5520 Ubi
2216 5464 2327 5519 vid.
2360 5463 2555 5521 Clarkc
2583 5476 2639 5521 et
2665 5467 2955 5522 Hermann.
3001 5466 3068 5522 V.
3093 5468 3174 5523 CI.
3208 5468 3275 5524 ad
3322 5466 3491 5534 Viger.
3517 5507 3533 5529 ,
3592 5468 3663 5523 de

2072 5536 2333 5609 liliotism.
2385 5552 2546 5609 gra'c.
2573 5579 2587 5602 ,
2621 5554 2739 5609 pag.
2787 5541 2911 5594 715.
2961 5539 3119 5593 Conl.
3161 5551 3217 5595 et
3260 5537 3495 5595 Gataker.
3524 5578 3544 5602 ,
3589 5540 3663 5596 de

2068 5608 2210 5677 stylo
2242 5609 2373 5664 Nov.
2407 5608 2557 5665 Tcst.
2578 5651 2593 5675 ,
2628 5608 2768 5681 cap.
2821 5610 2910 5665 25.
2943 5609 3209 5666 Caeterum
3244 5610 3379 5664 hanc
3408 5610 3659 5681 loquendi

2071 5681 2339 5737 rationem
2390 5682 2683 5738 usuvenire
2722 5680 3096 5736 tantummodo
3142 5683 3195 5737 in
3243 5680 3658 5749 comparationi-

2071 5749 2171 5824 bus
2191 5792 2205 5814 ,
2264 5754 2513 5824 absolute
2544 5769 2833 5824 numquam
2856 5794 2871 5819 ,
2923 5754 3230 5809 rectissime
3259 5748 3658 5824 observat_Bre-

2071 5822 2211 5894 mius
2261 5822 2324 5877 V.
2393 5826 2452 5879 ι).
2506 5828 2557 5882 in
2605 5820 2994 5894 Supplemento
3042 5837 3229 5881 nostro
3272 5824 3336 5881 ad
3382 5820 3658 5880 Nicolaum

2073 5892 2457 5952 Damascenum
2480 5940 2492 5959 .
2529 5913 2581 5967 p.
2611 5896 2700 5961 51,
2722 5892 2835 5967 seq.
2864 5894 3061 5952 (Iunt.
