3850 6360
163 366 271 421 889

1526 366 1726 422 LIBER
1769 365 2158 426 SECUNDUS.

3383 368 3493 425 890

163 483 425 552 illigatur?
469 484 748 539 setevitate
773 491 799 519 ει
851 483 1232 539 innumerabili
1263 484 1512 539 vitiorum
1547 484 1692 554 ipsos
1720 498 1778 539 se
1806 493 1854 553 Α
1885 485 2087 538 minum
2119 483 2345 539 forsitan
2373 484 2950 555 comprehensionibus
2978 483 3266 541 terminati.
3303 485 3372 541 At
3399 499 3491 556 ge-

163 575 410 631 indicare
450 591 555 631 non
583 590 704 630 esse
731 576 939 646 patricii
965 576 1212 645 generis,
1245 576 1341 630 sed
1387 592 1451 630 ex
1488 575 1774 630 mediocri-

161 669 260 723 bus
294 670 513 724 familiis
565 678 896 738 procreatos.
940 669 1182 737 Namque
1231 669 1365 722 alios
1395 668 1640 722 videmus
1670 669 1771 722 im-

160 763 342 828 mites,
381 763 735 829 facinorosos,
773 763 1028 824 audaces,
1066 762 1403 826 temerarios,
1436 761 1768 832 prmcipites,

161 867 357 918 arcos,
405 855 580 919 lit-tos,
635 854 1084 914 dissimulatores.
1115 858 1428 913 mendaces.
1481 854 1770 924 superbos,

159 955 502 1017 arrogantes,
521 961 731 1004 avaros.
754 945 1001 1015 cupidos,
1017 945 1358 1010 libidinosos,
1381 945 1768 1010 inconstantes,

159 1041 457 1100 invalidos.
491 1050 546 1096 et
573 1055 665 1094 sua
700 1041 848 1109 ipsos
875 1040 1095 1095 decreta
1129 1054 1454 1095 conservare
1497 1054 1776 1109 nequeun-

160 1141 243 1188 tes
273 1151 286 1186 τ
318 1133 466 1202 quod
499 1135 682 1203 utique
710 1149 816 1187 non
843 1145 1048 1198 essent,
1081 1135 1123 1186 si
1150 1135 1486 1204 generositas
1512 1147 1606 1186 eos
1627 1146 1777 1185 asse-

159 1232 306 1278 reret
339 1224 676 1293 principalis,
710 1236 761 1278 et
791 1225 859 1278 ab
886 1239 1066 1278 rerum
1111 1224 1286 1294 capite
1329 1223 1771 1278 descendentium

158 1312 422 1370 ducerent
447 1314 854 1369 honestamenta
887 1316 1172 1370 natalium.

229 1405 422 1461 XLIX.
454 1407 560 1463 Sed
585 1419 640 1464 et
671 1409 818 1471 boni,
849 1409 1065 1470 dicetis,
1094 1418 1219 1464 sunt
1249 1409 1301 1464 iu
1325 1409 1489 1464 rebus
1517 1407 1769 1463 humanis

156 1499 277 1563 viri,
304 1501 604 1570 sapientes.
627 1500 778 1570 justi,
809 1501 1098 1570 inculpatis
1123 1512 1284 1572 atque
1311 1501 1769 1557 emendatissimis

157 1593 418 1646 moribus.
454 1592 668 1648 Nullam
716 1595 1000 1649 referimus
1025 1597 1405 1666 quzestionem,
1437 1611 1503 1649 an
1537 1595 1627 1649 ttlli
1669 1594 1767 1648 ali-

156 1682 371 1751 quando
395 1683 594 1739 fnerint
619 1685 775 1751 tales,
797 1689 849 1739 in
868 1687 1063 1756 quibus
1092 1688 1312 1741 omnino
1341 1687 1470 1742 nihil
1504 1688 1602 1740 ista
1629 1688 1762 1756 ipsa,

157 1791 276 1846 qum
305 1776 530 1841 dicitur,
566 1778 900 1834 desideraret
927 1781 1227 1850 integritas.
1258 1781 1376 1834 Sint
1406 1781 1529 1835 licet
1568 1779 1762 1849 perho~

157 1869 315 1934 uesti,
347 1868 658 1939 fuerintque
687 1869 1002 1933 laudabiles,
1036 1873 1305 1926 tenuerint
1331 1873 1538 1941 apicem
1561 1872 1765 1942 perfec-

158 1961 312 2013 tionis
341 1976 639 2025 sutnmnm,
666 1976 765 2017 nec
795 1963 846 2016 in
876 1964 1052 2032 aliquo
1080 1963 1232 2032 lapsu
1261 1979 1449 2019 eorum
1478 1965 1765 2034 aliquando

154 2051 533 2107 claudicaverit
577 2054 688 2108 vita
724 2071 736 2108 :
765 2053 860 2109 sed
889 2055 1074 2109 audire
1110 2056 1451 2124 deposcimus
1477 2069 1605 2126 quot
1633 2058 1762 2122 sint,

156 2155 242 2198 aut
278 2145 480 2200 fuerint
509 2163 760 2211 numero,
802 2157 859 2200 ut
905 2163 970 2201 ex
1006 2147 1366 2202 multitudinis
1399 2150 1767 2218 magnitudine

155 2239 462 2305 tnetianmr,
494 2254 562 2293 an
591 2240 862 2310 oppositio
884 2240 1026 2309 justa
1057 2242 1124 2295 sit
1155 2240 1314 2307 facta,
1341 2257 1406 2295 an
1430 2240 1456 2278 ι)
1490 2244 1766 2311 aequalita-

158 2331 221 2384 tis
249 2335 700 2402 compensatione
730 2335 942 2390 librata.
979 2334 1147 2398 Unus,
1181 2335 1311 2402 duo,
1348 2347 1478 2401 tres,
1509 2347 1761 2406 quatuor,

155 2420 359 2490 decem,
386 2424 614 2494 vigenti,
644 2433 885 2491 centum,
911 2437 1061 2482 certe
1089 2442 1318 2482 numero
1343 2427 1571 2492 deliniti,
1591 2439 1645 2484 et
1667 2426 1762 2486 no-

1886 592 1987 631 nus
2019 579 2310 631 lmmannm
2342 591 2446 632 non
2480 594 2548 633 ex
2574 579 2732 634 benis
2759 578 3023 648 pauculis,
3053 577 3146 632 sed
3172 592 3236 631 ex
3278 577 3491 634 caeteris

1884 669 2134 723 omnibus
2187 670 2444 723 mslimari
2494 670 2774 735 convenit,
2804 679 2859 724 et
2909 669 3216 739 ponderari.
3267 667 3325 722 lu
3377 679 3490 724 toto

1885 762 2029 815 enim
2066 777 2187 828 pars
2230 771 2332 822 est,
2365 778 2470 816 non
2519 772 2686 816 totum
2719 763 2770 816 in
2825 771 2975 831 parte
3010 779 3023 812 :
3065 771 3121 816 et
3163 761 3490 817 universitas

1883 852 2045 907 debet
2088 853 2364 907 attrahere
2395 854 2691 924 per-tiones,
2729 871 2833 908 non
2887 854 3226 923 portionibus
3274 854 3492 909 univer-

1884 946 2015 1000 sitas
2041 946 2320 1015 applicari.
2351 945 2488 1012 Qnid
2522 948 2664 1001 enim
2695 948 2738 1000 si
2771 948 3044 1001 hominem
3092 945 3240 1000 dicas
3273 954 3489 1014 captum

1885 1037 2144 1092 membris
2174 1038 2446 1104 omnibus,
2479 1048 2532 1093 et
2558 1038 2944 1108 ejulantemcx
2975 1038 3302 1093 cruciatibus
3332 1052 3489 1106 aspe-

1883 1133 1978 1192 ris,
2012 1132 2215 1186 idcirco
2239 1148 2361 1187 esse
2386 1148 2606 1197 sanum,
2633 1133 2774 1204 quod
2803 1134 2958 1188 unius
2986 1131 3258 1201 unguiculi
3283 1131 3488 1186 nullum

1882 1225 2223 1296 perpetiatur
2255 1226 2540 1281 dolorem?
2569 1239 2663 1281 aut
2686 1242 2807 1282 esse
2835 1242 3053 1282 auream
3097 1235 3315 1292 terram,
3343 1224 3489 1297 quod

1882 1319 1936 1374 in
1989 1321 2275 1374 verrucula
2317 1321 2474 1375 collis
2528 1321 2686 1375 unius
2750 1321 2917 1375 insint
2972 1320 3187 1391 exiguae
3250 1319 3484 1383 miculas,

1875 1413 2074 1484 quibus
2118 1417 2362 1470 nascitur
2403 1415 2799 1485 colliquefactis
2836 1430 3060 1482 aurum,
3094 1423 3150 1469 et
3193 1413 3488 1468 admiratio

1875 1512 2297 1578 congregatione
2323 1508 2694 1579 conquiritur?
2722 1508 3049 1576 Qttalitatem
3065 1506 3305 1562 materia!
3323 1516 3346 1544 ε
3369 1506 3487 1560 ιιιιί-

1876 1599 2108 1654 versitas
2156 1601 2410 1655 elementi
2459 1601 2669 1670 probat,
2724 1615 2829 1654 non
2886 1599 3167 1669 pulvisculi
3217 1596 3483 1651 stabiles:

1875 1707 1975 1745 nec
2005 1706 2152 1745 mare
2179 1691 2437 1745 continuo
2468 1692 2626 1746 dulce
2653 1701 2756 1754 est,
2788 1693 2831 1745 si
2867 1691 3096 1745 mitioris
3129 1707 3280 1760 aqua:
3309 1697 3485 1758 guttas

1874 1785 2103 1855 alienjns
2144 1785 2414 1854 adieceris
2461 1797 2623 1854 atque
2668 1785 2960 1838 immiseris
3015 1783 3248 1845 numeri,
3289 1795 3485 1836 consu-

1879 1877 2044 1930 mitur
2068 1877 2211 1930 enim
2242 1877 2495 1930 minuties
2525 1877 2626 1930 ista
2658 1878 2922 1930 immenso
2949 1874 2973 1912 ιι
3011 1895 3022 1930 :
3055 1891 3154 1930 nec
3184 1874 3347 1929 modo
3379 1887 3484 1929 non

1877 1968 2045 2036 parvi,
2083 1968 2176 2021 sed
2226 1981 2345 2021 esse
2379 1967 2578 2020 nullius
2629 1968 3048 2023 existimandum
3096 1977 3180 2022 est
3219 1966 3482 2032 nominis,

1874 2058 2015 2129 quod
2045 2074 2141 2129 per
2164 2059 2347 2113 omnia
2381 2058 2631 2114 diffusum
2660 2062 2821 2131 perit,
2853 2073 2908 2117 et
2948 2061 3000 2116 in
3030 2062 3205 2132 magni
3234 2063 3486 2132 corporis

1872 2151 2216 2219 it'ttercipilur
2246 2153 2514 2206 vasritate.

1945 2244 2006 2299 L.
2045 2244 2148 2299 Vos
2177 2245 2414 2298 lmmano
2447 2246 2500 2299 in
2531 2261 2730 2316 genere
2759 2247 2929 2302 bonos
2961 2263 3081 2303 esse
3107 2248 3282 2302 dicitis
3314 2247 3483 2316 viros,

1874 2339 1967 2409 qui
2004 2351 2060 2394 ut
2100 2354 2221 2394 esse
2255 2338 2576 2406 credantur,
2621 2341 2958 2410 comparatio
3001 2341 3224 2396 forsitan
3275 2339 3483 2396 efficiat

1869 2435 2255 2504 pessimorum.
2289 2435 2519 2500 Quinam
2570 2435 2657 2489 isti
2692 2437 2858 2490 sunt?
2897 2436 3082 2492 dicite.
3138 2434 3481 2506 Ριιὶιιιεομιιὶ,

1372 2591 1755 2651 LECTIONES
1794 2594 2209 2655 VARIANTES.

216 2723 244 2823 ἒ
275 2721 324 2834 1E
308 2727 357 2834 tg
370 2720 534 2834 ἕιξξὲ
554 2721 806 2771 Servitute
846 2733 937 2771 ms.
963 2722 1185 2775 Savitate
1211 2723 1338 2777 atate
1361 2726 1464 2778 alii.

1946 2737 1968 2763 ο
2011 2733 2184 2783 Terra:
2210 2734 2351 2784 Fulv.

1943 2793 1971 2835 ἀ
2010 2796 2066 2846 In
2090 2798 2330 2846 immenso
2353 2797 2490 2847 Ριιιυ.

1563 2898 2126 2959 COMMENTARIUS.

225 3028 501 3084 Scwvitate
542 3033 902 3086 innumerabili
951 3034 1210 3088 vitiorum.
1254 3035 1328 3089 ita
1364 3036 1514 3091 Fulv.
1570 3039 1749 3098 Ursin.

158 3102 474 3179 rectissime.
510 3101 718 3179 Glossa}
752 3123 763 3157 :
798 3105 1140 3179 suauitas...
1184 3109 1448 3179 iniquitas.
1499 3112 1709 3179 Apulei.
1736 3155 1750 3178 ,

159 3169 275 3248 net.
311 3189 402 3234 lx,
442 3189 567 3248 pag.
614 3175 752 3241 est,
787 3177 876 3228 ea.
903 3176 1143 3248 Elmenh
1179 3197 1188 3229 ε
1229 3169 1338 3240 Eii.
1369 3169 1637 3248 inquiunt,
1678 3169 1760 3237 in;

159 3242 355 3311 dignam
400 3246 475 3296 rei
528 3250 854 3325 “aruit-atem.
901 3247 1028 3301 Inde
1079 3266 1277 3316 sacra,
1340 3242 1583 3319 sinistra,
1629 3242 1757 3325 iper-

158 3329 288 3366 νει-δα
312 3357 325 3377 ,
369 3318 655 3369 contraria.
697 3317 812 3371 V'id.
859 3335 1017 3387 supra
1052 3321 1115 3372 ad
1151 3322 1242 3374 lib.
1273 3340 1305 3374 I.
1340 3325 1545 3378 URELL.

1943 3045 2193 3101 ELIIENH.
2215 3076 2286 3086 —
2307 3046 2403 3100 Ms.
2431 3049 2668 3117 difﬁniti.
2700 3048 2905 3104 OuELL.

1947 3161 2254 3215 l’onderari.
2294 3165 2366 3216 Ita
2417 3179 2517 3217 ms.
2568 3164 2722 3219 Fulv.
2777 3165 2960 3221 Ursin.
3007 3164 3248 3235 peuderi,
3297 3164 3482 3219 nescio

1867 3248 1970 3302 qua
2000 3250 2181 3286 cauSa.
2220 3238 2428 3289 UltELl..

1940 3351 2006 3404 In
2047 3355 2319 3406 verrucula
2359 3355 2504 3408 collis
2547 3355 2719 3409 unius.
2770 3353 3029 3408 Geminus
3081 3355 3231 3407 locus
3259 3353 3352 3406 lib.
3404 3368 3428 3401 ι·
3466 3371 3477 3406 :

222 3406 505 3488 Iitt'alidos.
539 3409 616 3488 lla
646 3412 858 3465 videtur
883 3414 1157 3488 _A_ruobius
1187 3416 1459 3484 appellare
1483 3432 1598 3484 eos,
1623 3434 1759 3488 quos
1794 3406 1835 3424 υ
1873 3421 2110 3476 Etiamne
2151 3406 2625 3487 credemnsgdeum
2673 3406 2902 3478 numinis
2944 3406 3086 3478 tanti
3118 3435 3335 3477 tractum
3375 3441 3483 3477 esse.

159 3480 386 3554 ἀκρατεῖς
413 3480 594 3536 Grmci
627 3493 841 3537 vocant.
881 3484 1120 3539 "ERALD.

227 3575 633 3650 Houeslantenta
664 3582 935 3634 natalium.
971 3582 1097 3635 Plus
1125 3592 1206 3636 est
1237 3598 1396 3650 quam
1429 3584 1627 3637 honesti
1657 3601 1755 3637 na-

162 3648 277 3724 tales
303 3690 337 3724 ,_
370 3649 464 3720 qui
512 3653 734 3717 proprie
761 3664 880 3704 Sunt
913 3654 1127 3718 ingenui
1157 3664 1209 3707 et
1242 3648 1528 3718 liberales,
1563 3672 1755 3724 qucrn-

157 3719 436 3791 adtnndum
470 3724 685 3775 honeste
713 3724 908 3790 geniti,
944 3725 1159 3791 ingenui
1183 3741 1244 3776 ac
1278 3726 1539 3779 libertina:
1569 3719 1757 3780 condi-

157 3790 328 3845 tionis.
363 3793 436 3845 lta
467 3793 577 3846 Tit.
614 3795 753 3855 l.iv.,
788 3796 879 3847 lib.
920 3790 1044 3848 xm
1073 3794 1169 3850 Cu.
1204 3795 1446 3849 Fulvium
1473 3798 1754 3862 Qniritium

155 3863 438 3933 exercitum,
471 3866 683 3917 honeste
702 3868 922 3933 genitos,
958 3866 1234 3920 liberaliter
1262 3871 1520 3927 educatos.
1551 3871 1752 3923 servili-

155 3931 238 3984 bus
289 3935 426 3988 vitiis
482 3931 746 3990 imbuite.
816 3937 913 3991 llic
979 3949 1160 3992 autem
1231 3941 1561 4007 significatur
1611 3951 1753 3994 tanta

154 4015 338 4082 quanta
370 4007 668 4082 signiticari
699 4017 877 4082 potest
903 4013 1271 4077 generositas,
1299 4014 1521 4082 εὐγένεια
1542 4015 1570 4070 ή
1595 4015 1748 4076 πάνυ,

155 4075 391 4153 nobilitas
414 4079 721 4153 animarum
736 4075 964 4153 divina,
995 4082 1030 4134 i.
1057 4098 1111 4147 ιι.
1147 4083 1307 4135 modo
1347 4075 1556 4136 dixerat
1599 4075 1752 4153 geneé

154 4147 339 4220 rasitasi
366 4151 672 4216 principalis
696 4193 706 4207 .
734 4151 785 4204 id
825 4162 907 4205 cst
936 4153 1173 4217 profecta
1201 4169 1229 4207 a
1260 4155 1368 4209 Deo
1389 4195 1402 4220 ,
1430 4147 1618 4209 reruni
1633 4172 1748 4208 om—

155 4217 290 4272 nium
319 4219 465 4276 fonte
497 4237 563 4276 ac
593 4222 858 4291 principe.
895 4223 1134 4277 ΙΙειιΑιυ.

206 4353 398 4435 ΧῌΧ.
430 4389 501 4435 —_-
535 4357 987 4435 Eutemlatissimis
1026 4361 1278 4435 moribus.
1339 4363 1394 4416 Id
1443 4374 1524 4417 est
1572 4366 1747 4434 perfe-

155 4429 430 4502 ctissimis,
456 4431 886 4502 integerrimis,
949 4433 1100 4485 nullo
1140 4435 1346 4487 set-lere
1381 4429 1619 4502 pollutis.
1663 4438 1750 4490 Di-

152 4498 371 4576 gtionem
407 4501 664 4576 pluribus
715 4506 1006 4576 illustrant
1037 4504 1254 4557 Juretus
1293 4506 1357 4558 ad
1384 4498 1702 4564 'Sinunach.
1729 4551 1742 4574 ,

154 4565 234 4643 ξι).
269 4586 312 4635 t,
337 4565 492 4642 epist.
524 4574 598 4627 ‘26
620 4616 634 4638 ,
671 4590 720 4643 p.
746 4577 816 4628 40
838 4616 852 4638 ,
879 4577 964 4629 ed.
993 4575 1160 4629 Leetii
1182 4621 1194 4640 ,
1229 4576 1312 4630 Jo.
1349 4577 1589 4633 Wuvver.
1616 4623 1630 4643 ,
1677 4565 1743 4635 ad

154 4636 393 4710 Petronf,
426 4660 474 4710 ιι.
516 4636 774 4710 Ηδίοά.
810 4636 1018 4701 Lotich.
1045 4691 1059 4710 ,
1103 4647 1149 4701 J.
1185 4636 1277 4702 Fr.
1323 4636 1628 4710 Grunow.,
1676 4655 1741 4705 ad

153 4707 332 4790 §_cnec.
356 4707 471 4790 ,de
500 4716 584 4770 Ira
608 4759 621 4779 ,
647 4707 749 4771 lib.
789 4735 836 4781 ι,
869 4735 990 4786 cap.
1023 4707 1056 4772 5
1077 4761 1091 4782 ,
1122 4730 1175 4773 et
1220 4720 1385 4776 Certe
1408 4764 1422 4788 ,
1466 4723 1531 4775 ad
1565 4707 1702 4776 l'lin.
1729 4766 1743 4789 ,

154 4778 235 4836 lib.
264 4778 540 4857 m,'epist.
575 4804 667 4854 ιιι,
706 4806 755 4858 p.
792 4778 916 4845 187.
940 4778 1153 4847 Ὀιιείι.

219 4878 471 4939 Boui.....
493 4886 548 4937 in
596 4886 745 4938 rebus
772 4885 1009 4939 humanis
1053 4888 1180 4947 viri,
1215 4890 1490 4958 sapientes.
1527 4889 1623 4942 Alii
1655 4890 1750 4944 de-

156 4946 487 5027 lentctimma
515 4966 639 5026 post
668 4958 797 5019 viri,
833 4967 887 5010 ῖιι
914 4973 1106 5011 sensus
1143 4960 1211 5012 sit
1240 4979 1252 5011 :
1278 4946 1540 5027 sapientes
1579 4964 1628 5014 in
1661 4980 1747 5016 re-

158 5021 239 5076 bus
262 5021 527 5081 humanis.-
554 5029 659 5083 Sed
692 5029 865 5093 male,
895 5031 948 5082 in
971 5033 1121 5084 rebus
1153 5021 1390 5085 hummiis
1417 5044 1501 5086 est.
1540 5033 1591 5086 iu
1622 5037 1746 5088 uni-

158 5106 300 5149 verso
324 5101 602 5154 hominum
631 5116 832 5170 genere
856 5144 871 5164 ,
901 5103 952 5154 in
983 5102 1074 5154 der
1102 5101 1154 5154 Μ
1163 5105 1441 5158 euschheit.
1474 5105 1681 5159 Onam“

221 5185 279 5241 Iit
305 5191 479 5268 quibus
526 5194 659 5247 nihil
700 5196 798 5268 ista
825 5195 938 5265 ipsa
1095 5197 1408 5252 desideraret
1454 5200 1739 5268 integritas.

158 5253 222 5309 lta
249 5275 275 5313 e
301 5253 418 5341 cod.
454 5282 558 5341 ms.
605 5253 856 5341 restituit.
874 5269 959 5321 ed.
1008 5268 1177 5334 Lugd.
1214 5269 1331 5324 Bal.
1357 5312 1371 5334 ,
1418 5253 1656 5341 optinie,
1690 5253 1745 5325 ut

161 5341 331 5412 sensus
353 5338 538 5412 sit;_i_n
583 5338 784 5412 quibus
831 5340 943 5408 ipsa
981 5342 1261 5409 integritas
1313 5338 1508 5412 (virtus
1556 5359 1744 5411 perso-

161 5401 378 5483 ﬂilit‘ata)
407 5409 534 5461 nihil
561 5401 929 5483 tlesiderarel,
964 5430 1028 5465 au
1054 5401 1214 5466 denen
1245 5401 1330 5464 (lie
1346 5401 1567 5483 Tugenti
1589 5416 1743 5469 sellis!

159 5473 303 5555 nicius
335 5491 660 5555 auszusetzeu
688 5482 844 5534 hatte.
878 5481 991 5536 Cet.
1042 5486 1172 5538 nihil
1191 5527 1205 5550 ,
1239 5486 1274 5538 i.
1306 5500 1356 5538 e.
1402 5473 1544 5539 nulla
1577 5488 1627 5540 in
1660 5505 1737 5555 re,

162 5541 508 5605 desideraretur
535 5554 822 5623 integritas.
852 5557 1055 5610 υιιειι..

228 5638 440 5724 Numero
489 5647 708 5724 deliniti.
763 5651 1021 5719 Apposite
1067 5651 1132 5705 ad
1164 5662 1408 5707 nostrum
1449 5653 1741 5724 Juvenal.,

165 5720 252 5765 sat.
282 5729 369 5770 xm
395 5759 409 5782 ,
440 5735 583 5774 vers.
614 5721 705 5782 ‘28,
734 5736 849 5790 seq.
883 5739 895 5774 :

297 5849 609 5928 Eariqttippn
635 5858 772 5915 boni,
798 5862 1135 5928 numerusvix
1161 5862 1466 5928 est_l_otidcm
1493 5905 1505 5924 ,
1530 5874 1650 5928 quot

315 5913 575 5968 l'hebftrtirii
600 5913 777 5984 porta‘,
815 5923 891 5974 vel
916 5923 1084 5974 divitis
1107 5927 1229 5974 ostia
1243 5913 1360 5976 Nili.

1868 3496 1936 3546 ad
1980 3506 2174 3556 terras,
2211 3507 2256 3548 et
2303 3497 2355 3548 in
2397 3498 2667 3550 verrucula
2710 3499 2858 3550 collis
2906 3499 3057 3549 unius
3096 3513 3211 3548 cum
3253 3499 3477 3548 homun-

1866 3567 1982 3618 culo
2023 3577 2242 3620 stantem
2275 3567 2622 3621 altercabilem
2652 3569 2968 3621 conseruisse
2999 3567 3334 3621 sermonem?
3364 3566 3474 3620 Ex-

1869 3638 2057 3703 pre-sit
2092 3650 2271 3692 attlem
2316 3639 2382 3690 de
2430 3639 2533 3691 isto
2578 3641 2801 3692 Catonis
2846 3641 2897 3691 in
2947 3640 3095 3695 libris
3144 3641 3421 3700 tiriginnm
3461 3656 3472 3692 :

1864 3707 2077 3774 Censeo,
2109 3711 2151 3761 si
2182 3727 2287 3761 rem
2308 3725 2510 3762 servare
2532 3712 2603 3762 vis
2625 3753 2637 3774 ,
2666 3712 2958 3777 faciendum
2978 3753 2990 3768 ,
3021 3724 3075 3762 ut
3102 3711 3476 3778 quadragintos

1865 3780 2065 3849 aliquos
2103 3782 2288 3834 milites
2316 3782 2384 3833 ad
2416 3798 2679 3834 verrucam
2723 3783 2867 3835 illaut
2899 3783 2974 3834 ire
2996 3784 3179 3850 jubeas
3202 3825 3215 3845 ,
3261 3798 3474 3849 eamque

1862 3853 1936 3903 uti
1962 3863 2206 3921 occupent
2233 3855 2470 3921 imperes.
2509 3853 2646 3907 Vitle
2676 3854 2940 3922 Agellium
2964 3896 2977 3917 ,
3007 3854 3100 3906 liII.
3133 3869 3187 3906 Ill
3208 3895 3220 3913 ,
3265 3868 3385 3919 cap.
3417 3853 3471 3915 7,

1863 3933 1917 3976 et
1947 3923 2176 3976 Nonium
2227 3926 2392 3976 verbo
2440 3942 2674 3978 verruca.
2731 3924 3248 3977 Matius—Eadem
3307 3923 3473 3976 verba

1861 4006 2154 4049 occurrunt
2185 3995 2320 4049 infra
2354 3995 2444 4048 lib.
2476 4013 2532 4058 v,
2567 4011 2687 4062 cap.
2719 3998 2771 4049 5.
2804 3996 2958 4056 (lato,
2997 4006 3134 4049 teste
3169 4001 3230 4046 Α.
3267 3993 3466 4057 Gellio,

1860 4064 2009 4119 Noct.
2045 4066 2153 4120 Att.
2184 4109 2197 4132 ,
2230 4067 2323 4120 lib.
2355 4082 2410 4120 ιιι
2435 4109 2446 4126 ,
2474 4082 2595 4132 eap.
2622 4068 2676 4128 7,
2707 4067 3032 4119 vei-ruentam
3063 4067 3238 4120 IOCtttll
3264 4065 3470 4119 editum

1861 4145 1916 4188 ct
1947 4152 2198 4203 asperum
2230 4140 2484 4205 appellat.
2521 4137 2626 4190 Sed
2653 4147 2843 4190 attrtnr
2871 4148 3058 4191 uester
3081 4137 3468 4191 diminutivutn

1861 4223 2056 4261 nomen
2095 4225 2188 4277 pro
2217 4226 2367 4263 more
2401 4225 2500 4262 suo
2527 4209 2770 4262 adhibet.
2807 4206 3104 4262 Novanius.

1939 4299 2157 4427 Exigu‘gz
2180 4301 2402 4354 micular.
2428 4300 2650 4354 Miculas
2672 4300 2799 4354 dicit
2818 4301 3118 4355 imitatione
3141 4299 3400 4368 Lucretii,
3427 4317 3464 4370 t,

1939 4387 2003 4426 rs.
2031 4377 2115 4426 85.‘
2165 4389 2280 4427 seu.

1861 4387 2003 4426 vers.
2031 4377 2135 4427 8-19
2165 4389 2280 4442 seq.

1983 4531 2052 4580 Ex
2082 4532 2288 4593 aurique
2315 4537 2451 4593 patet
2471 4531 2609 4579 micis
2629 4530 2904 4578 consistere
2931 4541 3076 4591 posse

1981 4595 2190 4651 Aurum,
2211 4601 2261 4643 et
2293 4595 2357 4643 de
2383 4595 2534 4644 terris
2559 4601 2742 4642 terram
2763 4605 3094 4710 Concresrtlilre
3117 4595 3302 4655 parvis.

3058 4672 3249 4710 ERALD.

3058 4672 3249 4710 EIMLD.

1955 4780 2242 4834 Admiratio
2302 4781 2698 4850 congregatione
2745 4780 3082 4849 conquiritur.
3133 4779 3256 4832 "me
3300 4781 3462 4836 verba

1858 4850 2090 4905 diversis
2124 4851 2665 4921 modisiuterpolant.
2691 4851 2867 4920 (Fulv.
2901 4851 3079 4906 Ursin.
3106 4853 3459 4917 amiotaiione,

1859 4925 2269 4994 congregatione.
2303 4924 2578 4979 Stewerh.
2613 4925 3006 4990 annumeratio,
3041 4925 3175 4988 etc.)
3211 4923 3316 4977 Sed
3348 4925 3462 4976 vul-

1857 5004 1978 5062 gata
2010 4997 2170 5049 lcetin
2204 4997 2414 5063 probari
2463 5004 2660 5066 potest.
2697 4995 3104 5048 Admirationem
3153 4997 3313 5062 igitur
3344 4999 3463 5049 auri

1860 5065 2024 5130 dicit,
2067 5069 2191 5134 quia
2238 5065 2782 5136 prasstiugnitut-ttlns
2824 5066 2940 5119 auri
2977 5066 3151 5136 fulgor
3189 5078 3238 5119 et
3294 5068 3457 5120 insui

1859 5140 2368 5208 coutmnplntionem
2402 5153 2562 5207 atque
2586 5139 2998 5192 admirationem
3029 5138 3182 5204 rapit.
3214 5138 3455 5192 linunt).

1858 5208 2128 5262 Verterim
2179 5212 2337 5276 igitur
2371 5229 2382 5260 :
2421 5210 2536 5262 lCrst
2582 5210 2746 5263 durch
2777 5209 3326 5280 Zusaunnenhau[ang
3369 5211 3461 5262 der

1852 5280 2052 5333 klcineu
2094 5279 2506 5334 Goldstaubchcn
2559 5283 2686 5335 wird
2736 5299 2788 5336 es
2827 5298 2944 5334 sum
2995 5281 3178 5346 metal,
3229 5281 3325 5334 das
3377 5283 3458 5334 tlte

1859 5351 1992 5406 Wclt
2026 5354 2329 5407 bcwuudert.
2363 5353 2565 5407 UltELL.

1922 5465 2252 5520 Consumitur
2304 5469 2438 5521 enini
2486 5468 2724 5521 minuties
2770 5469 2868 5521 ista
2917 5469 3181 5520 immenso.
3237 5466 3291 5520 ld
3324 5476 3453 5519 est:

1854 5541 2104 5609 exiguum
2139 5541 2263 5592 illud
2313 5556 2464 5607 aqua:
2493 5539 2765 5593 ﬂuviatilis
2808 5541 2989 5591 statim
3022 5540 3072 5590 in
3125 5537 3454 5606 salsuginem

1857 5613 2020 5664 maris
2054 5613 2283 5674 transit,
2321 5627 2491 5678 neque
2519 5627 2613 5676 pro
2650 5613 2917 5679 parvitate
2961 5625 3052 5660 sua
3090 5625 3240 5662 mare
3285 5617 3458 5675 potest

1855 5694 2213 5738 commutare.
2252 5685 2436 5738 l’ntou.
2473 5682 2627 5736 Fulv.
2663 5682 2844 5737 Ursin.
2881 5682 3005 5750 legit
3038 5682 3087 5734 in
3120 5682 3382 5806 iugtenso.

3229 5768 3380 5806 unus.

3229 5768 3380 5806 RELL.

1933 5849 2146 5903 Nullius
2175 5851 2567 5904 existimandum
2601 5848 2948 5903 esttuontinis.
2985 5845 3060 5901 lta
3089 5855 3141 5902 et
3166 5846 3251 5900 hic
3285 5846 3463 5917 legen-

1853 5921 1977 5977 dum
2010 5937 2105 5990 pro
2131 5923 2366 5976 nominis.
2403 5921 2643 5977 HER.\I.D.
2687 5938 2695 5990 ς
