3850 6350
345 325 447 382 891

1521 339 1799 401 ΛΒΝΟΒΙΙ
1838 341 2205 401 ADVERSUS
2244 345 2516 403 GENTES

3552 354 3652 408 893

343 445 530 511 credo,
564 447 655 516 qui
683 462 744 503 se
772 463 894 506 esse
931 452 1080 509 solos
1106 454 1531 524 sapientissimos
1561 466 1862 524 autumant,
1891 469 1946 514 et
1976 466 2027 524 Α
2056 476 2176 516 nam
2209 464 2471 518 transiliat
2494 465 2788 533 notionem,
2813 465 3032 537 etquod
3059 466 3127 521 sit
3159 469 3321 523 catcis
3344 469 3642 526 obscurita-

341 541 395 597 vi
427 539 586 613 hujus
636 543 871 601 nominis
914 548 1265 616 supercilium
1308 550 1646 606 sustulerunt
1687 570 1699 605 :
1749 567 1944 622 nempe

345 624 440 697 illi,
473 633 562 704 qui
593 649 718 696 cum
764 638 879 693 suis
906 638 1146 710 quotidie
1173 639 1559 709 cupiditatibus
1602 657 1859 714 pugnant,
1889 654 1942 700 et

343 725 570 784 affectus
604 743 672 783 ex
701 729 893 792 animis
925 732 1113 787 insitos
1147 734 1488 803 proturbare,
1519 735 1743 803 pellere,
1777 738 1940 805 perti-

344 821 465 875 naci
487 829 511 858 κ
540 821 832 878 moliuntur
847 823 1503 893 ohluctationevirtutum,
1532 829 1622 898 qui
1649 844 1716 884 ne
1739 829 1791 884 in
1817 831 1946 884 vitia

350 911 602 984 proritari
650 913 917 970 facultatis
946 918 1152 984 possint
1192 917 1419 989 alicujus
1463 920 1741 982 instinctu.
1780 923 1946 991 patri-

350 1004 529 1060 monia
555 1015 608 1068 et
635 1005 850 1061 divitias
876 1006 1106 1078 fugiunt,
1138 1019 1195 1064 ut
1218 1026 1409 1066 causas
1431 1013 1530 1067 sibi
1560 1012 1802 1070 auferant
1836 1015 1952 1086 lap-

347 1112 442 1153 sus
476 1114 490 1152 τ
519 1098 662 1168 quod
683 1113 806 1154 cum
832 1099 1033 1156 faciunt
1054 1112 1109 1157 et
1134 1113 1347 1173 curant,
1373 1108 1716 1174 apertissime
1738 1110 1946 1172 animas

345 1203 467 1245 esse
492 1190 732 1249 indicant
757 1193 964 1258 labiles,
994 1206 1046 1249 et
1071 1196 1384 1252 inﬁrmitate
1413 1198 1480 1252 ad
1507 1199 1628 1253 vitia
1659 1202 1945 1270 proclives.

344 1282 537 1342 Nostra
563 1294 740 1340 autem
772 1287 1055 1354 sententia,
1094 1288 1235 1358 quod
1271 1289 1468 1344 bonum
1500 1302 1689 1345 natura
1721 1299 1824 1357 est,
1851 1309 1947 1348 ne-

345 1392 448 1448 que
471 1378 769 1446 emendari,
791 1394 966 1451 neque
1005 1383 1204 1451 corripi
1235 1398 1293 1438 se
1322 1386 1494 1454 poscit
1527 1403 1540 1441 :
1576 1387 1738 1439 immo
1772 1387 1945 1456 ipsum

342 1471 507 1527 debet
547 1471 673 1541 qttid
705 1473 775 1528 sit
817 1475 1016 1530 malum
1049 1478 1282 1544 nescire,
1316 1479 1359 1533 si
1389 1480 1602 1550 generis
1645 1479 1814 1535 forma
1847 1497 1946 1537 cu-

338 1565 536 1636 jusque
581 1567 636 1622 in
685 1583 784 1624 sua
829 1570 1032 1640 cogitat
1060 1573 1368 1643 integritate
1420 1584 1664 1644 perstare
1710 1592 1723 1629 :
1772 1592 1947 1647 neque

341 1659 487 1714 enim
517 1661 847 1715 contrarium
878 1661 1098 1718 insitum
1129 1679 1254 1720 esse
1276 1667 1549 1722 contrario
1579 1676 1759 1736 potest
1778 1668 1828 1735 b,
1854 1679 1948 1726 aut

346 1749 400 1805 in
432 1750 624 1820 impari
658 1754 880 1822 paritas,
914 1763 1006 1809 aut
1031 1756 1264 1812 dulcedo
1291 1756 1343 1812 in
1376 1760 1737 1817 amaritudine
1765 1764 1943 1817 conti-

2055 555 2194 608 tibus
2229 558 2575 612 involutum?
2601 559 2656 615 Si
2707 561 2922 629 penitus
2961 570 3234 630 spectetur
3281 563 3363 616 rei
3391 564 3650 633 cujusque

2053 657 2266 710 natura,
2300 649 2354 702 in
2382 649 2543 702 simili
2576 664 2672 704 vos
2694 651 2848 715 estis,
2879 667 3038 721 quam
3083 653 3134 706 in
3171 653 3330 707 nobis
3360 655 3651 723 reprehen-

2051 738 2179 793 ditis
2199 781 2213 804 ,
2247 754 2429 796 causa.
2460 738 2576 795 Non
2621 742 2763 796 enim
2783 785 2797 807 ,
2829 744 2950 813 quia
2979 742 3154 798 dicitis
3181 743 3252 796 ab
3295 744 3414 813 ipso
3441 747 3650 800 animas

2053 847 2179 902 rege
2208 832 2563 900 descendere,
2607 848 2670 889 ac
2700 835 2996 891 succedere
3027 836 3080 890 in
3113 835 3396 891 hominum
3428 835 3650 902 formas,

2050 923 2388 993 exploratum
2417 923 2624 995 aliquid
2648 924 2845 993 dicitis,
2881 936 2934 982 et
2975 927 3027 981 in
3061 927 3179 982 luce
3213 929 3443 996 positum
3476 929 3651 983 mani-

2051 1015 2326 1071 festisimze
2355 1017 2617 1072 veritatis.
2642 1002 2920 1085 Conjicitis
2942 1019 3109 1084 enim,
3131 1035 3236 1073 non
3261 1020 3410 1075 scitis
3433 1037 3446 1072 :
3471 1021 3654 1091 suspi-

2050 1108 2269 1174 camini,
2321 1123 2428 1163 non
2477 1109 2690 1164 tenetis.
2736 1108 2869 1162 Nam
2921 1109 2964 1163 si
3011 1111 3151 1164 scire
3200 1119 3283 1165 est
3326 1111 3479 1174 illud,
3510 1113 3655 1180 quod

2051 1201 2165 1268 ipse
2199 1211 2250 1254 ιιι
2283 1202 2505 1267 videris,
2540 1213 2628 1256 aut
2661 1201 2984 1270 cognoveris
3014 1201 3198 1256 animo
3225 1203 3533 1267 continere,
3563 1203 3655 1257 ni-

2051 1292 2126 1347 hil
2179 1309 2365 1348 eorum
2420 1309 2541 1362 qua:
2591 1295 2856 1360 asseritis,
2911 1296 3138 1363 potestis
3189 1310 3286 1350 vos
3329 1295 3514 1351 dicere
3555 1297 3661 1351 ali-

2049 1387 2267 1456 quando
2293 1389 2490 1443 vidisse
2521 1406 2533 1441 :
2571 1387 2622 1442 id
2648 1396 2729 1443 est
2758 1391 2967 1443 animas
3000 1389 3128 1444 sede
3153 1389 3222 1443 ab
3249 1406 3443 1458 supera
3476 1400 3531 1446 et
3561 1407 3657 1447 re-

2049 1481 2209 1550 gione
2263 1480 2618 1537 descendere.
2675 1480 2997 1551 Suspicione
3043 1496 3173 1551 ergo
3223 1483 3483 1546 utimini,
3544 1499 3656 1539 non

2048 1575 2374 1644 cognitionis
2405 1591 2679 1646 expressas
2709 1576 2832 1633 fide.
2864 1575 3004 1642 Quid
3049 1585 3132 1630 est
3169 1587 3347 1632 autem
3390 1579 3653 1646 SUSplCIO,

2049 1666 2152 1721 nisi
2178 1667 2420 1737 opinatio
2451 1683 2633 1724 rerum
2657 1670 2892 1732 incerta,
2921 1679 2974 1724 et
3001 1670 3052 1724 in
3078 1669 3152 1724 nil
3171 1673 3477 1739 expositum
3500 1671 3660 1739 jacu-

2045 1758 2176 1814 latio
2215 1761 2412 1815 mentis
2448 1760 2638 1815 illata?
2667 1761 2808 1831 Ergo
2837 1762 2925 1831 qui
2953 1761 3284 1831 suspicatur,
3321 1776 3428 1815 non
3482 1771 3658 1828 tenet,

343 1845 477 1901 neri.
506 1846 607 1915 Qui
635 1862 765 1918 ergo
791 1849 1027 1906 luctatur
1051 1853 1354 1909 animorum
1381 1855 1649 1926 ingenitas
1670 1859 1935 1929 corrigere

2076 1867 2151 1908 iec
2183 1854 2234 1908 in
2289 1854 2494 1910 lumine
2520 1855 2729 1925 positus
2773 1853 3095 1924 cognitionis
3133 1853 3357 1910 incedit.
3406 1853 3561 1922 Quod
3614 1855 3662 1909 si

341 1941 668 2010 pravitates,
701 1943 746 1997 is
788 1947 1130 2014 apertissime
1160 1959 1428 2004 monstrat
1478 1951 1851 2022 imperfectum
1883 1971 1942 2011 se

341 2048 465 2090 esse
495 2038 787 2106 {quamvis
819 2041 965 2094 omni
999 2051 1194 2096 conatu
1226 2051 1280 2098 et
1299 2045 1602 2115 pervicacia
1631 2049 1938 2103 contendat.

413 2125 501 2181 LI.
536 2127 640 2183 Sed
671 2130 802 2184 risui
835 2130 990 2186 vobis
1018 2141 1102 2188 est
1130 2145 1312 2189 nostra
1337 2137 1621 2205 responsio
1647 2138 1787 2207 quod
1818 2155 1940 2194 ctun

339 2219 518 2290 regias
558 2222 779 2277 soboles
808 2239 932 2278 esse
959 2226 1169 2281 animas
1207 2227 1565 2297 abnegemns,
1601 2246 1706 2284 non
1741 2231 1940 2287 refera-

337 2324 458 2364 mus
498 2321 710 2380 contra,
744 2327 810 2368 ex
843 2315 1037 2382 quibus
1069 2319 1173 2370 sint
1209 2319 1388 2373 causis
1432 2330 1594 2389 atque
1639 2322 1939 2392 originibus

335 2413 652 2473 procreatae.
683 2405 834 2474 Quod
857 2417 942 2462 est
964 2408 1106 2463 enim
1130 2410 1372 2465 criminis
1393 2426 1583 2482 genus,
1613 2424 1700 2467 ant
1721 2414 1796 2469 rei
1820 2430 1942 2471 esse

333 2494 563 2564 alicujus
595 2497 863 2566 ignarum,
899 2509 990 2553 aut
1021 2501 1216 2568 ipsam,
1253 2503 1394 2565 quod
1427 2503 1661 2568 nescias,
1689 2505 1807 2559 sine
1836 2505 1938 2558 ali-

337 2601 441 2656 qua
470 2588 710 2656 profiteri
745 2588 1176 2647 dissimulatione
1215 2594 1464 2649 nescire?
1490 2603 1582 2648 aut
1611 2604 1730 2650 uter
1767 2597 1938 2666 magis

335 2679 553 2734 videtur
602 2681 855 2736 irrisione
907 2697 1030 2738 esse
1084 2684 1431 2754 dignissimus
1479 2687 1650 2750 vobis,
1693 2687 1783 2758 qui
1834 2688 1935 2742 sibi

336 2773 615 2828 scientiam
647 2775 847 2830 nullam
886 2777 1190 2833 tenebrosa:
1224 2780 1298 2834 rei
1331 2779 1556 2849 alicujus
1583 2781 1830 2847 assumit,
1865 2798 1930 2836 an

335 2863 426 2918 ille
456 2867 546 2936 qui
588 2876 735 2921 retur
762 2883 883 2923 sese
911 2871 1254 2939 apertissime
1289 2871 1429 2927 scire
1459 2873 1530 2935 id,
1566 2871 1706 2941 quod
1748 2871 1938 2927 huma-

2051 1963 2240 2003 verum
2289 1957 2343 2002 et
2388 1946 2552 2005 fixum
2602 1956 2687 2002 est
2733 1947 2872 2017 apud
2919 1955 3097 2003 rectos
3140 1956 3196 2003 et
3225 1947 3664 2019 sapientissimos

2047 2041 2258 2112 jtulices
2294 2059 2306 2095 :
2337 2050 2392 2096 et
2423 2042 2521 2096 ista
2559 2051 2758 2105 vestra,
2801 2056 2904 2112 qua
2936 2041 3122 2109 fiditis,
3169 2057 3266 2112 pro
3311 2042 3664 2113 ignoratione

2050 2144 2134 2191 est
2164 2135 2407 2190 habenda
2441 2134 2698 2203 suspicio.

2121 2223 2232 2280 LII.
2284 2227 2363 2282 Ac
2394 2241 2461 2280 ne
2532 2235 2712 2279 tamen
2739 2224 2895 2279 vobis
2942 2225 3313 2280 tantummodo
3378 2224 3657 2281 censeatis

2047 2317 2374 2385 coniecturis
2399 2317 2473 2371 uti
2522 2331 2586 2372 ac
2639 2315 3039 2386 suspicionibus
3066 2316 3251 2382 licere,
3285 2326 3339 2371 et
3389 2332 3488 2371 nos
3512 2317 3662 2373 idem

2047 2424 2335 2480 possumus
2357 2424 2370 2462 ε
2391 2409 2644 2480 quoniam
2669 2423 2958 2464 commune
2984 2416 3088 2475 e5t,
3120 2407 3263 2478 quod
3309 2408 3664 2478 interrogatis

2045 2514 2391 2570 expromere.
2422 2498 2592 2561 Unde,
2625 2500 2868 2568 inquitis,
2900 2498 3170 2563 homines,
3201 2507 3256 2551 et
3288 2501 3526 2569 ipsorum
3551 2499 3660 2553 ho-

2044 2593 2253 2649 minum
2285 2591 2432 2661 quid,
2467 2601 2559 2646 aut
2591 2590 2734 2646 unde
2757 2599 2883 2645 sunt
2922 2590 3143 2644 animae?
3185 2589 3342 2645 Unde
3381 2600 3508 2644 sunt
3538 2591 3659 2648 ele-

2043 2687 2252 2758 phanti,
2325 2685 2484 2751 tauri,
2552 2685 2723 2746 cervi,
2797 2685 2949 2751 muli,
3004 2684 3164 2750 asini,
3223 2682 3380 2738 Unde
3432 2684 3650 2747 leones,

2041 2779 2186 2850 equi,
2238 2793 2420 2842 canes,
2482 2777 2612 2845 lupi,
2674 2776 2970 2845 pantherae,
3023 2789 3322 2846 eorumque
3378 2790 3494 2845 qum
3560 2776 3656 2828 vi-

2041 2881 2191 2940 vunt,
2235 2870 2361 2941 quid
2395 2879 2486 2924 aut
2519 2869 2662 2924 unde
2693 2879 2817 2924 sunt
2848 2867 3270 2939 animat?neque
3301 2867 3442 2922 enim
3492 2866 3657 2920 iidem

1590 3031 1971 3089 LECTIONES
2003 3030 2426 3099 VABIANTES.

397 3164 423 3194 ⁸
457 3163 788 3216 Pertinacium
810 3178 903 3217 nts.

2107 3166 2135 3207 ἓν
2170 3167 2313 3219 Potis
2336 3174 2414 3218 est
2436 3181 2528 3220 ms.

1719 3317 2286 3375 COMMENTARIUS.

403 3453 566 3510 L.—
611 3455 678 3510 Et
733 3457 782 3510 vi
827 3457 981 3526 hujus
1032 3455 1252 3510 nominis
1309 3455 1639 3522 supercilium
1705 3456 1930 3508 sustule-

329 3538 467 3581 runt.
499 3528 573 3583 Ita
605 3528 868 3583 Ileraldus
888 3539 941 3582 et
963 3528 1028 3582 ed
1061 3528 1232 3597 Lugd.
1268 3527 1381 3584 Bat.
1417 3543 1516 3596 pro
1546 3545 1556 3577 :
1591 3528 1643 3580 in
1667 3528 1820 3591 huius
1849 3543 1931 3578 no-

330 3599 506 3662 minis,
563 3610 669 3654 etc.
721 3598 841 3654 Jan.
884 3600 1090 3664 Dousa,
1145 3598 1209 3651 ad
1255 3598 1489 3660 Catull.,
1537 3613 1707 3653 carm.
1747 3614 1864 3651 LXVI
1892 3613 1927 3659 ι,

331 3685 471 3723 vers.
518 3671 622 3737 45,
674 3686 726 3741 p.
761 3671 887 3732 549,
946 3670 1032 3725 ed.
1082 3669 1294 3732 Gram,
1344 3671 1674 3741 suspicatur,
1725 3669 1926 3741 aliquid

330 3741 604 3796 excidisse
633 3739 749 3803 post
805 3741 1025 3795 verbum
1083 3741 1322 3793 nominis.
1357 3740 1656 3803 Meursius,
1694 3755 1812 3808 pag.
1865 3739 1930 3792 74

330 3812 566 3879 supplet.
599 3811 661 3865 Et
683 3814 734 3864 in
760 3812 910 3880 hujus
939 3813 1160 3865 nominis
1180 3811 1426 3877 felicitate
1451 3811 1783 3880 supercilium
1814 3826 1931 3864 sus-

331 3883 574 3936 tulerunt.
609 3882 713 3938 Sed
745 3883 922 3937 omnia
957 3885 1110 3952 plana
1135 3891 1321 3946 erunt,
1358 3884 1400 3935 si
1435 3883 1674 3950 legamus
1701 3897 1717 3933 :
1745 3883 1790 3934 vi

329 3956 569 4008 nominis.
606 3956 808 4008 ()nELL.

408 4024 737 4087 Proturbare,
769 4024 973 4094 pellere.
1010 4023 1342 4078 Proturbare.
1367 4065 1381 4089 ,
1407 4023 1460 4094 id
1488 4032 1570 4077 est
1607 4022 1843 4089 dejicere
1867 4021 1934 4076 de

328 4096 412 4149 vel
443 4111 507 4151 ex
540 4097 659 4151 loco
679 4138 692 4158 ,
717 4096 1009 4163 expellere.
1051 4096 1166 4147 Vid.
1191 4093 1540 4162 Oudendorp.
1565 4135 1579 4160 ,
1606 4094 1657 4147 itt
1682 4093 1894 4163 Apulei.
1915 4134 1931 4159 ,

329 4165 450 4221 Met.
481 4168 568 4221 lib.
597 4185 650 4222 Ix
677 4211 689 4231 ,
727 4186 776 4234 p.
810 4168 935 4222 608.
969 4167 1172 4222 Onern.

407 4237 473 4291 Ut
504 4256 683 4292 causas
714 4241 809 4292 sibi
856 4239 1096 4304 auferant
1144 4240 1339 4307 lapsus.
1390 4237 1462 4290 lta
1494 4252 1595 4290 ms.
1629 4236 1771 4304 quod
1820 4235 1932 4300 alii,

329 4308 667 4374 ignorantes,
695 4312 989 4378 antiquitus
1022 4309 1182 4364 scribi
1217 4323 1510 4361 Consuesse
1536 4311 1722 4376 aferre,
1769 4311 1932 4376 afore,

332 4395 429 4448 pro
455 4382 676 4449 auferre,
709 4381 906 4448 abfore,
933 4390 985 4434 et.
1008 4397 1128 4434 cum
1157 4380 1480 4449 pratcedonti
1513 4396 1574 4431 ne
1601 4382 1650 4429 in
1673 4379 1793 4431 vitia
1819 4395 1938 4443 pro-

329 4453 478 4503 ritari
505 4454 721 4521 possint,
754 4463 858 4505 etc.
887 4454 1199 4521 jungentes,
1243 4459 1516 4504 mutarunt
1542 4459 1588 4502 ct
1615 4465 1798 4502 causas
1841 4449 1937 4502 sibi

326 4521 545 4593 afferant
577 4525 770 4593 lapsus.
805 4525 987 4578 STEW.

405 4553 544 4576 «rvunt
577 4553 770 4593 supauu.
806 4553 987 4578 JILW.
1608 4592 1618 4602 .
1968 4553 2021 4612 Ι)

401 4592 579 4662 Neque
630 4597 910 4658 emendari,
961 4612 1121 4661 neque
1174 4593 1363 4663 corrigi
1394 4607 1445 4644 se
1476 4600 1660 4659 poscrt.
1717 4590 1790 4644 lta
1846 4590 1932 4643 ed.

327 4664 499 4743 Lugd.
523 4666 687 4743 ,Βίην
724 4683 872 4719 more.
906 4667 1150 4743 Arnobii,
1185 4667 1334 4743 plura
1369 4663 1740 4743 hujuscemodi
1774 4663 1939 4743 verba

329 4733 468 4790 ide'm
493 4738 844 4805 significantia
875 4739 1268 4804 conjungentis,
1302 4751 1404 4788 ms.
1428 4735 1642 4798 corripi,
1674 4733 1816 4801 quod
1845 4734 1940 4786 de-

327 4806 496 4860 fendit
542 4807 823 4869 Heraldns,
883 4808 1175 4862 observans
1230 4810 1484 4874 corripere
1537 4820 1633 4873 pro
1684 4805 1940 4873 corrigere

329 4879 571 4949 usurpari
601 4880 740 4946 apud
788 4879 926 4932 illius
975 4881 1072 4933 arvi
1121 4880 1431 4948 scriptores,
1482 4876 1578 4930 sed
1633 4880 1937 4946 exemplum

327 4950 530 5003 nullum
566 4950 817 5004 amarens.
863 4952 1066 5005 UBELL.

401 5042 461 5096 Si
507 5044 706 5113 generis
739 5047 904 5112 forma
936 5044 1182 5112 cujusque
1225 5045 1278 5094 in
1309 5058 1404 5095 sua
1435 5041 1624 5110 cogitat
1652 5039 1943 5113 inteqritate

328 5109 573 5179 perstare.
600 5109 825 5185 Cogitat,
862 5109 1005 5168 idem
1034 5109 1176 5185 quod
1200 5115 1327 5175 vult,
1366 5128 1486 5165 nam
1518 5113 1735 5185 generis
1767 5109 1938 5185 forma

329 5181 736 5253 intelligentiam
763 5202 868 5239 non
897 5181 1078 5240 habet.
1116 5184 1189 5238 Ita
1221 5186 1446 5254 cogitare
1488 5183 1661 5254 etiam,
1685 5182 1750 5254 de
1779 5181 1940 5234 rebus

329 5251 679 5381 intigizgentia
699 5258 943 5328 privatis,
971 5257 1120 5311 verbi
1145 5251 1304 5311 causa
1329 5253 1469 5325 apud
1501 5253 1686 5322 Virgil.
1713 5251 1938 5323 Georg.,

329 5342 363 5381 I.
548 5345 560 5381 :

329 5342 363 5392 ι,
402 5329 512 5382 462
548 5345 560 5382 :

581 5501 595 5514 .
669 5498 680 5510 .
755 5500 765 5510 .
839 5501 847 5510 .
919 5462 1496 5525 Quidcogitethumidus
1522 5467 1720 5518 auster,

521 5525 604 5575 Sol
633 5525 716 5576 tibi
740 5526 882 5589 signa
905 5527 1059 5576 dabit.

883 5620 885 5622 -
1545 5587 1752 5643 OnELL.

407 5735 508 5797 Qui
535 5751 658 5803 ergo
691 5735 916 5788 luctatur
945 5735 1232 5789 animorum
1256 5732 1509 5802 ingenitas
1537 5734 1789 5804 corrigere
1815 5748 1938 5801 pra-

331 5810 527 5862 vitates.
582 5808 624 5858 is
673 5809 992 5873 apertissime
1039 5815 1286 5859 monstrat
1332 5805 1683 5872 imperfectum
1714 5821 1766 5857 se
1811 5819 1936 5864 esse,

333 5875 561 5942 quantvis
589 5879 723 5928 omni
756 5891 938 5932 conatu
963 5889 1007 5933 et
1039 5876 1324 5946 pervicacia
1351 5875 1642 5929 contendat.
1671 5873 1744 5928 Ita
1769 5874 1942 5929 editor-

2041 3469 2128 3508 res
2176 3468 2387 3516 omnes,
2450 3464 2677 3524 excepto
2723 3454 3242 3523 Lugdune-Batavo.
3280 3455 3384 3512 Pro
3409 3457 3656 3525 imperfe-

2039 3535 2200 3589 ctutn,
2253 3525 2376 3580 cod.
2431 3542 2531 3580 ms.
2591 3527 2752 3583 habet
2783 3525 3193 3596 improbabilem,
3244 3528 3385 3596 quod
3434 3530 3656 3584 minime

2043 3598 2360 3651 mutandum
2392 3595 2556 3650 hiisse
2586 3599 2722 3651 bene
2748 3595 3087 3651 demonstrat
3113 3597 3475 3653 Stevvecltius.
3517 3598 3656 3653 Tra-

2041 3679 2185 3722 ctnm
2216 3668 2333 3720 scil.
2369 3683 2562 3721 nomen
2584 3685 2609 3718 a
2632 3670 3011 3738 probatoribus
3042 3684 3267 3738 operum
3295 3671 3653 3737 publicorum,

2042 3739 2111 3794 de
2133 3740 2327 3806 quibus
2354 3740 2729 3806 inscriptiones
2751 3748 2966 3793 veteres
2987 3748 3040 3792 et
3066 3743 3266 3809 scripta
3291 3740 3654 3795 Romanorum

2045 3811 2243 3863 millies
2276 3811 2592 3865 meminere.
2622 3810 2743 3864 Vid.
2778 3809 2899 3866 Jan.
2933 3809 3210 3865 thiltelm.
3242 3810 3576 3876 Vcrosimil.,
3612 3813 3651 3866 Ι.

2042 3897 2099 3940 ll,
2132 3897 2180 3934 c.
2209 3880 2272 3945 8;
2311 3881 2584 3935 Francisc.
2620 3880 2828 3936 Modius
2855 3881 3166 3948 Novantiq.,
3194 3882 3351 3950 epist.
3382 3883 3479 3944 ἕως
3516 3883 3651 3936 Lud.

2047 3950 2253 4017 Carrio,
2284 3952 2377 4005 lib.
2410 3967 2466 4008 tt.
2499 3952 2788 4014 Et'nendd.,
2815 3967 2935 4021 cap.
2963 3951 3012 4006 5.
3042 3952 3112 4006 Al
3139 3953 3216 4007 sic
3239 3968 3449 4022 quoque
3474 3956 3649 4006 oratio

2045 4039 2230 4077 manca
2247 4034 2327 4077 est
2346 4034 2396 4077 et
2411 4023 2608 4090 hiulca,
2628 4037 2749 4076 nam
2763 4038 2991 4094 sequens
3006 4025 3275 4077 contendat
3293 4041 3397 4078 non
3416 4025 3572 4078 habet
3585 4024 3654 4078 ad

2085 4094 2186 4147 uod
2221 4095 2501 4148 referatur.
2534 4096 2712 4160 Quare
2743 4094 2921 4150 editor
2952 4094 3120 4163 Lugd.
3163 4095 3279 4164 Bat.
3310 4095 3525 4164 vestigia
3556 4110 3652 4149 co-

2085 4111 2186 4147 uoa
2221 4111 2501 4148 reteratur.
2534 4111 2712 4160 uitare
2743 4111 2921 4150 editor
2952 4111 3120 4163 Lnga.
3163 4111 3279 4148 nat.
3310 4111 3525 4164 vestigia
3556 4111 3652 4149 co-

2044 4111 2181 4218 dicis
2227 4181 2327 4219 ms.
2385 4175 2601 4219 secutus
2659 4166 2834 4219 locum
2883 4165 2954 4219 ila
3010 4163 3287 4220 dedit:ls
3341 4167 3655 4232 apertissime

2045 4247 2294 4289 monstrat
2317 4238 2692 4305 imperfectum,
2717 4235 3030 4306 probabilem
3056 4254 3110 4290 se
3131 4253 3238 4290 esse
3262 4238 3488 4304 quamvis
3514 4238 3654 4290 omni

2049 4319 2232 4362 conatu
2258 4319 2304 4361 et
2333 4309 2620 4377 pervicacia
2637 4309 2934 4362 contendat.
2958 4308 3218 4377 Equidem
3249 4308 3529 4375 legendum
3553 4323 3651 4360 su-

2056 4379 2225 4448 ;picttr
2257 4396 2269 4432 :
2305 4377 2363 4432 Is
2395 4379 2712 4446 apertissime
2738 4387 2989 4433 monstrat
3016 4381 3403 4448 improbabilent
3445 4395 3497 4433 se
3519 4395 3650 4445 esse,

2045 4452 2275 4519 quamvis
2297 4450 2432 4503 omni
2452 4460 2638 4503 conatu
2661 4460 2706 4503 et
2728 4451 3013 4520 pervicacia
3030 4451 3302 4504 contendat
3319 4451 3649 4513 contrarium,

2047 4523 2186 4586 quod
2222 4521 2301 4574 vel
2339 4521 2537 4575 excidit
2569 4521 2649 4575 vel
2682 4521 2999 4590 absorptum
3029 4536 3054 4573 a
3090 4521 3413 4587 praecedenti
3445 4530 3654 4573 conten-

2046 4595 2152 4644 dat.
2187 4593 2287 4644 Pro
2317 4594 2602 4646 animorum
2651 4591 2916 4645 Meursius
2956 4593 3159 4645 mavult
3188 4594 3493 4658 animarum,
3519 4604 3648 4645 cum

2043 4663 2159 4717 haec
2190 4664 2262 4716 sit
2295 4673 2551 4716 constans
2581 4663 2803 4716 Arnobii
2837 4663 3125 4730 scriptura.
3158 4663 3366 4718 Onus.

2120 4754 2202 4808 LI.
2236 4786 2303 4794 --
2329 4753 2393 4807 In
2424 4756 2497 4808 nil
2523 4755 2810 4822 expositum
2839 4754 3094 4824 jaculatio
3141 4757 3328 4809 mentis
3356 4756 3512 4809 illata.
3550 4751 3650 4809 Nil

2043 4827 2331 4895 expositum
2381 4827 2502 4880 scil.
2548 4826 2872 4894 cogitatione.
2894 4869 2907 4889 ,
2957 4825 3006 4879 id
3040 4834 3122 4879 cst
3150 4842 3239 4881 res
3276 4827 3454 4892 nihili,
3485 4841 3647 4895 quam

2044 4898 2199 4950 vobis
2228 4905 2404 4950 tamen
2440 4898 2708 4966 Cogitatis,
2759 4898 3163 4965 reprmscntatis
3217 4909 3480 4966 tamquam
3521 4912 3651 4950 vere

2044 4969 2493 5023 existentem.eiu
2534 4966 2808 5033 Non-ens,
2861 4969 3036 5023 etivas.
3093 4968 3187 5022 das
3242 4970 3378 5023 uicht
3422 4966 3648 5022 wirltlich

2044 5041 2261 5100 existirt,
2290 5039 2386 5092 das
2409 5039 2516 5092 blos
2545 5039 2693 5093 Idea!
2724 5041 2806 5093 ist.
2839 5039 3041 5094 Similis
3073 5041 3424 5107 proverbialis
3455 5041 3648 5092 loculio

2044 5111 2183 5181 apud
2232 5111 2534 5166 Germanos
2593 5130 2605 5166 :
2657 5128 2813 5183 gegen
2857 5112 3002 5165 einen
3057 5111 3383 5237 Stroltmang
3430 5109 3639 5179 {echtem

3388 5197 3532 5236 BELL.

3388 5197 3532 5236 BELL.

2119 5273 2185 5328 Id
2212 5285 2286 5329 est
2315 5275 2515 5329 animas
2537 5274 2653 5327 sede
2679 5274 2738 5328 ab
2786 5291 2972 5344 supera
3001 5284 3048 5328 et
3079 5273 3289 5344 regione
3331 5273 3644 5328 descendere.

2044 5344 2213 5402 Valde
2243 5348 2402 5402 velim
2428 5346 2588 5400 verba
2613 5344 2726 5400 haec
2749 5347 2970 5414 ejicere,
2996 5357 3051 5400 ut
3080 5347 3374 5416 glossema,
3407 5345 3501 5400 nisi
3520 5359 3645 5413 pro-

2047 5430 2309 5490 pugnaret
2358 5418 2530 5490 stylus
2580 5416 2950 5473 Arnobianum
2997 5417 3188 5474 nescio
3218 5418 3347 5543 (ιιέἶά
3382 5417 3642 5472 redolens.

3317 5504 3466 5543 suns.

3317 5504 3466 5544 EURS.

2119 5581 2228 5636 LII.
2261 5612 2332 5624 --
2372 5581 2662 5649 Eorumque
2702 5597 2814 5649 qua:
2857 5582 3025 5636 vivunt
3071 5581 3197 5650 quid
3241 5591 3330 5635 aut
3370 5580 3493 5633 unde
3525 5590 3646 5634 sunt

2046 5655 2273 5708 animat?
2332 5655 2406 5709 Ita
2465 5653 2617 5707 Fulv.
2679 5652 2924 5709 Ursinus.
2982 5653 3118 5707 Cod.
3157 5667 3260 5707 tus.
3313 5655 3399 5724 qui
3441 5652 3642 5724 vivunt,

2038 5728 2183 5791 'quud
2232 5738 2377 5782 stare
2427 5741 2531 5779 non
2565 5734 2774 5796 p0IC>I;
2826 5742 2948 5780 nam
3006 5723 3331 5795 praecedunt
3372 5723 3642 5793 pantheras.

2047 5797 2120 5853 Ea
2177 5815 2298 5868 qua:
2362 5799 2547 5854 vivunt
2610 5807 2735 5852 sunt
2789 5798 2968 5869 itaque
3023 5797 3277 5854 animalia
3309 5798 3382 5921 Ci’n
3428 5809 3640 5863 genere.

3355 5879 3495 5921 ama

3355 5879 3495 5921 RELL.
