3850 6392
205 425 303 482 893

1521 404 1721 467 LIBER
1762 402 2147 465 SECUNDUS.

3405 404 3510 460 89i

210 559 288 600 res
313 541 485 606 habet,
517 546 578 595 ut
603 535 882 594 Platonico
909 547 971 589 es
1002 532 1094 589 illo
1136 537 1371 594 cratere,
1423 539 1584 596 quem
1609 522 1782 579 confl-
1825 527 1878 586 Α
1904 523 2034 590 alia,
2069 523 2172 579 alia
2205 537 2389 590 causa,
2425 523 2528 579 alia
2550 524 2711 588 ratio,
2743 531 2986 594 potestas
3015 522 3118 577 alia
3161 521 3395 593 denique
3425 522 3513 578 in-

213 637 277 691 cit
303 634 591 703 miscetque
617 629 872 688 Timaeus.
903 635 994 682 aut
1047 624 1240 682 borum
1266 621 1459 675 anima:
1513 616 1785 680 venerim,

204 727 523 790 autlocusta,
550 737 693 786 mus,
725 735 907 784 sorex,
930 719 1118 781 blatta,
1151 729 1302 778 rana,
1334 709 1641 781 centipeda,
1663 709 1786 764 ani-

204 829 332 876 mata
358 832 478 875 esse
518 815 830 878 credantur,
866 821 921 868 et
958 812 1162 876 vivere,
1207 809 1330 879 quia
1381 822 1447 862 ex
1504 802 1790 862 elementis

206 912 327 982 ipsis
349 923 510 967 causa
539 914 622 964 est
652 905 777 966 illis.
805 911 968 974 atque
1005 902 1158 971 origo
1185 897 1444 964 nascendi
1466 917 1479 956 ;
1499 897 1543 954 si
1574 895 1640 950 ad
1673 893 1792 950 ani-

203 1005 350 1062 malis
387 999 673 1075 gignenda,
703 1014 824 1070 quae
852 999 904 1053 in
929 995 1156 1066 singulis
1206 994 1289 1052 bis
1347 992 1569 1062 degunt,
1607 991 1791 1047 insunt

200 1095 383 1156 abdita
410 1102 577 1163 atque
611 1088 1011 1149 obscurissimae
1049 1086 1306 1142 rationes.
1337 1081 1492 1153 (Nam
1525 1091 1581 1139 et
1632 1081 1790 1139 video

202 1201 314 1242 mus
333 1185 469 1240 alios
496 1198 564 1248 ex
593 1181 929 1252 sapientibus
955 1180 1154 1242 dicere,
1191 1177 1439 1234 tellurem
1465 1189 1594 1230 esse
1615 1172 1790 1232 homi-

202 1300 318 1340 num
347 1291 596 1346 matrem,
626 1294 821 1350 aquam
861 1292 982 1332 cum
1012 1291 1075 1332 ea
1106 1275 1265 1337 alios.
1298 1273 1508 1329 aerium
1543 1271 1790 1341 spiritum

202 1374 281 1429 bis
321 1373 456 1427 alios
481 1372 726 1442 jungere,
761 1369 931 1423 solem
960 1382 1090 1422 vero
1122 1365 1415 1421 nonnullos
1445 1380 1566 1419 esse
1599 1365 1790 1418 borum

199 1467 458 1538 opificem,
491 1474 545 1520 et
563 1481 630 1520 ex
657 1463 870 1535 ignibus
887 1461 1154 1516 animatos
1175 1460 1294 1530 ejus
1323 1459 1471 1515 vitali
1500 1457 1793 1529 agitatione

201 1555 427 1631 metari.)
457 1555 594 1627 Quid
646 1556 692 1612 si
722 1563 777 1611 et
799 1554 918 1610 haec
946 1568 1055 1612 non
1105 1561 1249 1621 sunt,
1280 1561 1335 1612 et
1372 1561 1457 1608 est
1503 1550 1682 1621 aliqua
1707 1565 1796 1605 res

1897 617 2077 672 audita
2107 617 2263 674 nobis
2288 629 2452 690 atque
2483 617 2740 690 incogniti
2787 618 3021 672 nominis
3072 630 3242 687 genus
3270 631 3392 687 quae
3415 615 3515 671 bo-

1899 712 2103 765 minum
2133 711 2364 774 tinxerit.
2396 723 2449 766 et
2477 709 3170 768 rerumeonstitutionibus
3199 710 3514 780 applicarit,

1899 817 2079 858 nonne
2101 803 2217 858 lteri
2245 803 2385 872 potis
2399 810 2506 870 est,
2541 811 2566 838 α
2595 812 2652 856 ιιι
2681 803 2854 858 exorti
2884 800 3222 856 hominesita
3255 800 3384 867 sint,
3417 814 3518 857 nec

1900 895 1968 950 ad
2002 895 2168 951 Deum
2210 895 2441 965 primum
2476 894 2769 963 nativitatis
2804 909 2993 948 eorum
3029 891 3300 949 referatur
3326 902 3517 948 aucto-

1902 987 2065 1043 ritas?
2102 971 2238 1056 Quid
2272 989 2414 1043 enim
2468 998 2717 1058 putamus
2759 987 3011 1044 habuisse
3054 986 3284 1040 rationis
3312 984 3499 1040 Plato-

1898 1095 2021 1138 nem
2051 1080 2201 1137 illnm
2233 1092 2508 1148 maguum.
2553 1081 2640 1149 pie
2679 1088 2973 1149 sancteque
3000 1075 3324 1147 sapientem,
3378 1094 3506 1135 cum

1900 1171 2135 1232 hominis
2169 1174 2441 1231 fictionem
2473 1174 2585 1230 Deo
2607 1173 2840 1228 removit
2880 1187 2908 1229 a
2939 1173 3210 1236 maxime,
3241 1181 3298 1229 et
3318 1173 3385 1227 ad
3412 1174 3519 1227 mi-

1903 1282 2063 1322 nores
2094 1267 2278 1322 nescio
2304 1281 2440 1338 quos
2471 1266 2774 1322 transtulit:
2807 1281 3042 1336 cumque
3068 1265 3314 1335 ejusdem
3338 1266 3518 1322 noluit

1901 1360 2228 1417 sinceritatis
2285 1376 2406 1420 esse
2435 1361 2685 1416 mixturae
2739 1359 2958 1418 humani
2999 1362 3211 1416 animas
3262 1361 3514 1432 generis,

1901 1452 2055 1520 cujus
2081 1452 2317 1511 animam
2347 1451 2930 1510 leceratuniversitatis
2960 1452 3153 1507 istius:
3181 1467 3342 1522 quam
3375 1451 3519 1522 quod

1901 1545 2138 1604 hominis
2167 1545 2422 1606 fabricam
2457 1546 2732 1617 indignant
2756 1563 2880 1604 esse
2906 1547 3126 1604 rebatur
3149 1547 3286 1617 Deo,
3320 1561 3419 1603 nec
3439 1547 3522 1606 rei

1401 1684 1790 1746 LECTIONES
1825 1680 2245 1752 VARIANTES.

258 1785 283 1815 ⁸
318 1785 394 1838 Ita
414 1797 504 1839 ms.
529 1782 658 1836 Pote
681 1789 760 1841 est
782 1774 888 1838 alii.

1589 1893 2156 1965 COMMENTARIUS.

270 2014 336 2071 Ut
375 2013 646 2070 Platonico
671 2031 735 2070 ea:
760 2017 852 2071 illo
877 2024 1092 2079 cratere,
1116 2031 1266 2083 quem
1289 2013 1496 2083 con/icit
1525 2013 1800 2083 miscetque

199 2084 431 2142 Tinueus.
463 2087 616 2148 Plato
637 2087 866 2152 Timaeo,
897 2105 948 2154 ρ.
975 2088 1037 2150 ll
1073 2088 1230 2158 (tum.
1254 2103 1333 2149 ιιι,
1365 2086 1453 2158 ed.
1487 2086 1547 2148 ll.
1582 2084 1798 2158 Steph.,

202 2173 249 2226 p.
304 2157 430 2224 526,
481 2158 592 2212 vol.
646 2175 717 2224 lx,
756 2160 844 2212 ed.
899 2152 1164 2229 Bipont).
1195 2153 1353 2213 Ταῦτ’
1380 2153 1511 2212 εἶπε.
1546 2159 1627 2211 καὶ
1644 2157 1805 2229 *πάλιν

199 2231 277 2285 ἐπὶ
322 2233 407 2307 τὸν
451 2230 702 2307 πρόαρον
745 2227 997 2307 κρατῆρά,
1023 2233 1073 2307 ἐν
1183 2235 1272 2307 τὴν
1299 2235 1389 2307 ’ςρῦ
1411 2229 1600 2288 παντὸς
1624 2227 1809 2299 ψυχήν

199 2303 428 2376 stipa:th):
453 2300 658 2376 ἴρισγὶ,
701 2300 921 2376 riis-16m
965 2300 1191 2376 πρόσθεν
1225 2302 1487 2376 ὑπόλοιπα
1529 2307 1806 2376 κᾳῖεχεῐτο

198 2369 406 2443 μίὲιγων,
442 2369 633 2448 τρὀπὸν
674 2375 764 2444 μέν
798 2369 1045 2448 ﬁrmauit
1085 2375 1230 2429 αὖτὸν
1252 2412 1267 2434 ,
1302 2375 1534 2448 dissipasset
1564 2369 1808 2448 §’_6_1?XS'TL

197 2441 319 2526 ξειτᾶ
329 2441 495 2498 ταῦτὰ
506 2441 783 2507 ὠσαύαὲως,
801 2445 924 2525 ἀλλὰ
936 2441 1436 2526 δεύτερακαίτρίτά.
1452 2441 1763 2522 Chalt'idius
1790 2458 1806 2492 :

201 2511 390 2565 Rursus
421 2523 622 2567 cratera
655 2515 912 2583 proponit,
945 2525 990 2567 et
1022 2511 1308 2567 mixturam
1329 2514 1802 2583 concretionemque

199 2586 366 2636 carum
391 2585 758 2655 potentiorum,
787 2602 851 2639 ex
869 2585 1048 2655 quibus
1065 2585 1240 2638 mundi
1267 2585 1438 2638 anima
1461 2593 1806 2655 concreverttt,

200 2669 352 2721 exque
380 2654 592 2724 reliquis
617 2672 793 2710 earum
824 2654 1025 2711 uestras
1068 2657 1417 2719 machinatur,
1465 2654 1696 2708 videlicet
1726 2659 1809 2709 ἐπ

197 2724 283 2797 illa
297 2724 490 2793 duplici
515 2734 719 2780 natura.
771 2726 1015 2797 Ejusdem
1041 2738 1085 2782 et
1112 2729 1228 2780 item
1250 2726 1464 2781 diversa:
1493 2726 1810 2794 dividiturque

201 2796 492 2870 substantiee
525 2813 544 2851 :
573 2814 688 2870 qua:
709 2796 832 2863 non,
856 2808 1089 2864 utantea,
1119 2799 1345 2870 sinceras
1373 2797 1612 2870 puritatis
1641 2806 1807 2862 erant,

199 2882 350 2937 neque
389 2869 524 2920 enim
571 2868 766 2935 anima,
821 2886 936 2937 qua:
974 2886 1036 2922 ex
1062 2869 1420 2922 sincerissimis
1449 2868 1806 2931 excuderetur,

195 2936 244 2989 in
268 2947 419 2992 tanta:
449 2939 595 2993 silete
623 2941 743 2994 vitia
784 2936 944 3010 passit
972 2941 1217 3003 incidere,
1274 2955 1363 2993 nec
1389 2955 1670 3010 congruere
1696 2954 1811 2991 eum

199 3010 422 3082 mortalis
468 3013 700 3080 corporis
731 3012 1028 3082 fragilitate.
1080 3009 1325 3065 Miscebat
1375 3021 1566 3074 autent,
1620 3009 1806 3076 inquit,

198 3079 366 3134 eodem
390 3079 761 3154 prapemodum
792 3079 994 3154 genere,
1027 3099 1116 3137 nec
1145 3091 1312 3135 tamen
1336 3085 1517 3154 gadem
1542 3082 1809 3154 exorieba-

200 3160 277 3202 tur
323 3152 545 3221 paritas,
576 3151 916 3223 serenitasque
943 3163 1298 3224 proventuum.
1334 3151 1808 3224 Ειιιειηιι.-τ1ῖ.1θ-

197 3231 381 3293 genter
400 3236 587 3284 autem
615 3225 820 3293 conﬁcit
850 3222 1123 3293 miscetque
1150 3222 1376 3278 Timteus
1408 3237 1503 3290 pro
1533 3222 1737 3290 conﬁci,
1763 3231 1812 3275 et

198 3292 391 3370 misceri
417 3294 633 3370 (tilaSic
655 3292 792 3370 apud
827 3292 1174 3370 Aristotelcttt
1204 3297 1256 3370 ei
1273 3303 1536 3370 γεννῶντες
1559 3297 1641 3350 τὸν
1661 3296 1810 3370 οὐρα-

195 3365 268 3442 ξδν
290 3378 384 3442 ρῐρ
409 3367 454 3419 οἱ
479 3366 566 3442 Tir
589 3363 786 3442 eam»
811 3371 1040 3442 “nepti?
1062 3363 1182 3442 sive!
1207 3363 1449 3442 13")???“-
1483 3363 1730 3442 “EBAE-P5
1742 3393 1810 3404 -

198 3432 268 3486 Ita
302 3433 565 3507 Minucius
597 3432 766 3504 Felix,
799 3432 848 3492 (Ξ.
877 3437 966 3491 9.2.
997 3432 1601 3507 Sauciavittllomeros)
1648 3436 1812 3490 Vene-

197 3520 314 3580 ζέω,
351 3504 576 3560 Martem
598 3509 793 3580 vinxit,
814 3508 1114 3580 uulnerauit,
1151 3504 1366 3580 fugavit,
1398 3519 1537 3571 ctc.;
1571 3507 1805 3580 ubi_vid.

198 3573 465 3647 Qronov..
498 3592 554 3646 p.
584 3578 712 3640 226.
745 3573 797 3634 et
823 3579 874 3634 J.
909 3579 997 3636 Fr.
1029 3573 1293 3647 Grandia,
1333 3580 1556 3634 Diatrib.
1588 3579 1641 3634 in
1666 3577 1802 3634 Stat.

199 3644 352 3709 Silv.,
383 3663 433 3702 c.
466 3644 562 3702 29.
593 3650 796 3705 Οιιειι..

266 3716 457 3774 Sorex.
516 3721 914 3776 Aninialculnm
950 3738 1171 3790 parvum
1201 3738 1265 3777 ex
1315 3721 1547 3776 murium
1579 3736 1804 3790 genere.

200 3790 370 3863 minus
397 3803 607 3863 tamen.
628 3802 682 3863 et
710 3794 908 3846 clarius
940 3793 1198 3857 stridens,
1234 3803 1286 3847 ut
1310 3793 1482 3863 inquit
1513 3791 1703 3847 Donat.
1736 3792 1804 3847 ad

200 3857 412 3915 Terent.
450 3861 725 3926 Eunuch.,
758 3875 865 3918 act.
890 3880 941 3930 v,
979 3880 1120 3918 vers.
1156 3865 1264 3919 25.
1303 3857 1406 3918 Alii
1452 3879 1656 3917 murem
1710 3864 1802 3917 sil-

198 3940 425 4005 yestrem
455 3932 882 4005 interpretantur
901 3935 980 3990 vel
1010 3935 1185 4004 p0tins
1213 3936 1357 3990 illam
1391 3937 1652 4005 speciem,
1685 3951 1803 4004 qtae

199 3999 414 4057 Linan
467 3999 668 4059 dicitur
710 4021 861 4060 sorex
912 3999 1149 4070 araneus,
1185 4007 1339 4060 nobis
1369 3999 1450 4060 die
1482 3999 1800 4071 Spitznuius.

199 4071 325 4125 Cum
361 4088 520 4128 mure
552 4075 852 4131 domestico
897 4077 1175 4132 confundit
1209 4079 1436 4140 Plinius,
1487 4077 1622 4131 llist.
1653 4077 1801 4144 Nat.,

201 4157 272 4206 ιι.
305 4145 397 4205 57.
446 4157 504 4210 et
534 4147 649 4212 alii,
701 4150 844 4219 unde
873 4149 1344 4219 Fraucogallorum
1399 4152 1450 4203 la
1494 4151 1660 4202 souris
1706 4164 1802 4217 pro

202 4229 350 4289 mure
401 4219 700 4289 communi.
740 4217 1026 4289 Distinguit
1060 4217 1237 4274 tamen
1270 4236 1391 4274 cum
1423 4231 1611 4276 nostro
1641 4221 1804 4274 Colu-

199 4285 377 4348 mella,
426 4287 550 4361 liba
581 4305 676 4361 χιι.
710 4291 776 4344 15
809 4309 820 4342 :
854 4285 1146 4358 Si'serpens
1178 4301 1264 4344 aut
1311 4309 1422 4345 mus
1466 4307 1712 4361 sorexque
1755 4292 1809 4346 in

199 4367 416 4410 mustum
444 4359 706 4420 ceciderit.
732 4373 787 4416 et
818 4363 964 4414 alibi.
993 4361 1196 4416 ORELL.

266 4427 571 4499 Centipeda.
612 4432 869 4486 Describit
917 4433 1136 4496 Pliniuis,
1175 4433 1310 4487 llist.
1346 4432 1491 4498 Nat.,
1526 4433 1617 4487 lib.
1652 4449 1807 4499 χχιι,

197 4511 244 4550 c.
330 4518 344 4552 ε
378 4498 690 4573 μίηερεάα,
719 4503 782 4556 ab
804 4505 920 4557 aliis
939 4505 1204 4573 centipeda
1229 4514 1318 4559 aut
1343 4505 1626 4572 ntultipeda
1652 4497 1807 4566 dicta,

198 4570 390 4645 animal
413 4581 489 4625 est
523 4589 553 4625 θ
581 4575 869 4629 vermiculis
899 4570 1081 4640 teme,
1104 4577 1343 4644 pilosum,
1379 4570 1550 4630 multis
1602 4577 1810 4645 pedibus

198 4642 443 4696 arcuatim
461 4660 668 4710 repens,
702 4655 936 4715 tactuque
961 4642 1264 4701 contra/iens
1285 4665 1355 4701 se.
1392 4642 1615 4701 Oniscon
1646 4647 1814 4702 (ἔνωσὶ

199 4715 522 4788 tto_catit_,al_i_i
549 4716 712 4788 tylon.
737 4715 1017 4788 E/‘ﬁcacem
1040 4729 1254 4771 narrant
1277 4720 1346 4771 ad
1362 4721 1564 4772 aurium
1593 4721 1816 4774 dolores.

202 4781 294 4836 Ubi
327 4783 438 4840 vid.
469 4781 762 4853 Ηειιῖάυὶιιη
786 4781 904 4842 'vol.
939 4805 995 4851 ιι,
1031 4805 1083 4859 p.
1121 4791 1248 4844 516.
1280 4790 1482 4844 Onus.

269 4875 333 4951 Et
381 4878 570 4942 viuere,
620 4880 740 4947 quia
787 4879 963 4934 eadem
992 4897 1056 4934 ex
1103 4882 1364 4935 elementis
1395 4883 1519 4951 ipsis
1550 4899 1706 4935 causa
1749 4891 1821 4936 est

199 4946 316 5021 illis,
373 4961 529 5019 atque
577 4951 721 5020 origo
766 4953 1027 5005 nascendi.
1079 4953 1138 5008 Si
1181 4954 1249 5005 ad
1275 4946 1522 5006 animalia
1552 4955 1816 5021 gignendi.

204 5016 273 5092 Ita
321 5016 568 5076 correxit
601 5016 688 5075 ed.
725 5021 894 5090 Lugd.
948 5024 1090 5088 Bat.,
1146 5025 1395 5077 vitiosam
1432 5016 1670 5092 priorum
1705 5025 1819 5079 edi-

201 5089 400 5144 tionum
435 5093 729 5165 lectionem
764 5111 776 5142 :
812 5089 880 5146 Et
903 5095 1064 5148 vivere
1083 5095 1285 5164 quidem
1318 5113 1380 5149 ea:
1409 5089 1665 5150 elementis
1695 5096 1821 5165 ipsis

201 5175 350 5234 causa
391 5174 466 5234 est
498 5163 610 5217 illis
660 5174 810 5234 atque
859 5167 1001 5234 origo
1050 5163 1292 5220 nascendi
1321 5184 1337 5220 :
1371 5168 1414 5220 si
1461 5170 1528 5220 ad
1573 5163 1818 5220 animalia

202 5233 471 5302 gignenda,
526 5244 661 5295 εἰς..
715 5233 856 5305 quod
890 5233 1157 5290 Heraldus
1188 5247 1398 5292 mutare
1446 5239 1613 5292 voluit
1655 5257 1668 5291 :
1704 5238 1819 5291 Etsi

202 5320 308 5357 vere
328 5306 537 5380 quidem
557 5323 632 5380 ea:
657 5307 920 5380 elementis
945 5309 1072 5376 ipsis
1095 5327 1252 5362 causa
1274 5321 1344 5363 est
1375 5310 1477 5363 illis
1504 5323 1654 5380 atque
1675 5313 1818 5379 origo

203 5377 463 5450 nascendi,
519 5377 568 5431 si
618 5379 686 5450 ad
735 5379 986 5434 animalia
1036 5381 1313 5450 gignenda,
1365 5392 1469 5434 etc.
1522 5377 1626 5438 sed
1659 5377 1818 5450 lange

203 5448 433 5513 praefero
462 5447 909 5504 emendationem
943 5447 1172 5506 ediioris
1201 5450 1501 5506 Leidensis.
1539 5453 1668 5507 Scil.
1701 5447 1817 5506 huic

205 5518 364 5573 verba
424 5534 552 5593 cum
586 5521 1062 5593 __anteced'entibus
1118 5533 1246 5577 sunt
1294 5524 1706 5593 conjungenda,
1763 5533 1819 5578 nt

204 5601 392 5646 sensus
420 5592 491 5663 sit
525 5608 538 5645 :
574 5589 756 5660 Neque
782 5594 915 5646 enim
943 5611 1022 5647 res
1052 5595 1206 5663 ﬁdem
1239 5589 1480 5649 habet'ex
1502 5589 1701 5650 codem
1727 5596 1818 5649 illo

205 5672 393 5714 cratere
420 5660 719 5717 Platonico.
757 5703 769 5716 .
810 5705 821 5716 .
864 5708 874 5719 .
913 5704 924 5716 .
952 5660 1125 5719 omnia
1154 5666 1262 5720 hazc
1291 5668 1537 5720 animalia
1566 5686 1681 5721 cum
1724 5668 1820 5720 ho-

207 5731 335 5783 mine
358 5735 524 5807 ritum
539 5735 841 5806 animasque
867 5736 1096 5800 duxisse,
1131 5750 1402 5807 propterea
1430 5739 1563 5806 quod
1590 5738 1824 5792 omnibus

207 5818 264 5855 cz
290 5805 414 5872 ipsis
459 5805 572 5857 illis
618 5805 802 5875 quibus
831 5809 1002 5862 vivunt
1053 5805 1310 5863 elementis
1358 5805 1534 5863 eadem
1582 5811 1822 5863 nascendi

209 5891 354 5929 causa
381 5885 425 5928 et
457 5878 607 5952 origo
635 5889 730 5943 est,
781 5879 832 5952 id
859 5891 963 5952 est,
1008 5883 1129 5952 quia
1158 5882 1315 5935 simili
1347 5884 1497 5935 modo
1544 5884 1826 5952 composita

212 5957 341 6009 sunt,
387 5963 449 6001 ex
481 5949 749 6006 elementis
773 5950 924 6020 ipsis,
952 5949 1110 6022 terra,
1138 5969 1292 6023 aqua,
1342 5970 1477 6008 acre.
1525 5949 1829 6011 Tuniuova

1911 2011 2167 2082 periodus
2189 2011 2382 2083 incipit
2412 2011 2596 2086 verbis
2626 2026 2655 2086 τί
2673 2012 2734 2068 Si
2761 2013 2830 2068 ad
2842 2013 3089 2068 animalia
3114 2011 3390 2086 gignenda,
3416 2019 3523 2068 etc.

1913 2087 2184 2140 Caeterum
2233 2102 2284 2139 v.
2337 2085 2592 2156 animalia
2647 2085 2750 2153 boc
2788 2085 2913 2156 loco
2942 2086 3326 2156 accipiendum
3361 2099 3526 2139 sensu

1918 2158 2208 2229 proprioet
2239 2155 2517 2229 primario.
2545 2155 2628 2209 die
2654 2157 2880 2229 helettten
2905 2155 3115 2229 Wesen,
3140 2173 3260 2229 qua:
3283 2156 3528 2229 habitant.

1915 2225 2120 2298 Scilicet
2148 2225 2485 2298 in_Soricum,
2515 2225 2892 2298 centipedum,‘
2920 2237 3052 2296 etc.,
3085 2225 3271 2283 formis
3299 2227 3383 2283 vel
3410 2241 3528 2282 cor-

1915 2297 2157 2368 poribus.
2185 2296 2388 2353 Οιιειι..

1994 2368 2130 2423 Nam
2156 2379 2201 2442 et
2229 2371 2458 2426 videmus
2485 2370 2616 2431 alios
2643 2386 2706 2425 ea:
2733 2370 3048 2442 sapientibus
3073 2371 3262 2436 dicere,
3293 2371 3526 2426 tellurem

1916 2456 2024 2495 esse
2065 2441 2325 2494 hominum
2365 2453 2610 2502 matrem.
2664 2441 2850 2511 aquam
2893 2460 3005 2496 cum
3049 2459 3110 2496 ea
3149 2443 3299 2507 alios,
3327 2442 3527 2496 aerium

1917 2511 2153 2583 spiritum
2183 2512 2312 2566 alios
2341 2513 2421 2564 his
2446 2514 2684 2583 fungere.
2717 2513 2784 2568 Et
2815 2513 2900 2568 hic
2932 2525 3150 2568 secutus
3183 2528 3301 2566 sum
3334 2527 3526 2568 emen-

1915 2582 2190 2636 datioiiem
2233 2582 2456 2637 editoris
2483 2582 2984 2654 Lngdnno-Batavi.
3021 2585 3077 2638 ln
3110 2584 3528 2654 editioneprin-

1917 2653 2038 2719 cipe
2079 2654 2242 2707 verba
2288 2655 2402 2708 time
2432 2653 2844 2724 corruptissime
2885 2657 3134 2725 leguntur
3176 2655 3278 2709 its:
3316 2653 3452 2707 Nam
3482 2664 3528 2709 et

1917 2725 2146 2778 videmus
2194 2741 2258 2778 ex
2299 2726 2614 2793 sapientibus
2643 2728 2772 2780 alios
2803 2728 2996 2790 dicere,
3031 2726 3264 2780 tellurem
3293 2742 3401 2779 esse
3427 2729 3525 2778 ho-

1918 2797 2136 2860 minem,
2166 2806 2378 2850 matrem
2406 2813 2628 2867 aquam:
2662 2809 2768 2850 tant
2797 2799 2926 2852 alios
2953 2815 3120 2851 aerem
3138 2839 3152 2861 ,
3182 2798 3420 2867 spiritum
3449 2797 3528 2852 his

1918 2869 2049 2919 alios
2082 2867 2319 2937 jungere.
2359 2867 2515 2922 Unde
2559 2870 2897 2923 Slewecltius
2941 2868 3168 2923 fecerat:
3224 2868 3353 2920 Tum
3398 2869 3528 2922 alios

1919 2955 2088 3011 aerem
2132 2939 2370 3011 spiritum
2401 2941 2480 2994 his
2524 2942 2841 3011 adjungere,
2887 2941 3060 2994 citatis
3104 2939 3321 2994 Pacuvii
3365 2941 3527 2993 verba

1920 3025 1950 3061 e
1991 3009 2230 3081 Chryse:
2265 3009 2534 3081 Mater-gest
2567 3009 2732 3073 terra,
2763 3028 2821 3064 ea
2861 3013 2994 3081 parit
3037 3027 3258 3081 corpus,
3301 3011 3529 3062 animam

1919 3080 2080 3134 aether
2121 3081 2393 3149 adjungat.
2440 3080 2546 3137 Sed
2587 3081 2652 3134 ’in
2693 3083 2816 3136 eod.
2863 3080 2966 3136 tus.
3013 3097 3109 3149 pro
3131 3080 3302 3135 aerem
3334 3082 3530 3151 legitur

1919 3151 2135 3212 aerium,
2172 3151 2312 3204 unde
2356 3151 2622 3206 lleraldns
2651 3153 2960 3220 susmcatur
2990 3152 3308 3222 legendum:
3345 3151 3528 3207 Tellu-

1920 3237 2024 3274 rem
2063 3237 2170 3275 esse
2211 3222 2479 3276 hominum
2521 3233 2754 3284 matrem,
2786 3240 2972 3293 aquam
3000 3234 3104 3276 tum
3137 3224 3302 3285 alios;
3333 3225 3530 3278 aerium

1918 3293 2156 3359 spiritum
2185 3295 2262 3348 his
2287 3294 2415 3366 alios
2436 3295 2672 3366 jungere.
2707 3295 2877 3361 Quem
2921 3298 3092 3350 secuti
3134 3296 3316 3348 caueri
3355 3294 3532 3348 edito-

1921 3379 2039 3428 res,
2088 3375 2317 3432 excepto
2345 3365 2595 3420 Leidensi
2617 3409 2630 3428 ,
2663 3383 2848 3435 aquam
2880 3376 2984 3418 tum
3019 3369 3150 3420 alios
3191 3376 3432 3420 mutante
3477 3368 3531 3422 in

1920 3451 2106 3503 aquam
2137 3453 2250 3488 cum
2285 3453 2342 3490 ea
2374 3437 2506 3490 alios
2527 3481 2540 3497 .
2577 3447 2682 3491 etc.
2719 3437 2939 3491 Scilicet
2969 3438 3072 3492 hoc
3105 3443 3222 3490 loco
3255 3437 3533 3491 Arnobius

1919 3507 2166 3562 diversas
2184 3519 2426 3563 veterum
2450 3508 2894 3577 pbilo~ophorutn
2915 3509 2982 3562 de
3002 3511 3180 3564 causis
3201 3524 3386 3563 rerum
3411 3526 3536 3564 sen-

1923 3581 2153 3650 tentias,
2199 3579 2268 3634 de
2311 3581 2508 3648 quibus
2553 3595 2713 3648 supra
2758 3595 2877 3644 cap.
2910 3581 2978 3638 9.
3024 3581 3267 3649 pluribus
3311 3591 3528 3650 egerat,

1917 3649 2135 3721 brevius
2168 3655 2396 3721 repetit:
2429 3666 2598 3719 quare
2627 3663 2794 3706 totutn
2825 3652 2965 3705 hunc
2996 3653 3206 3706 locum:
3239 3649 3363 3706 nam,
3384 3663 3431 3706 et
3462 3653 3535 3706 vi-

1917 3719 2116 3783 demus.
2143 3719 2248 3775 etc.
2278 3737 2446 3795 usque
2468 3722 2532 3775 ad
2558 3722 2751 3776 verba.
2775 3764 2786 3775 .
2810 3763 2822 3775 .
2842 3724 2988 3777 vitali
3017 3725 3298 3795 agitatione
3324 3725 3534 3790 moturi,

1917 3800 2188 3862 tamquam
2219 3793 2564 3862 parenthesin
2599 3795 2808 3848 uncinis
2838 3793 3288 3850 ἰιιειιιείξοιιειι..

1989 3861 2245 3917 Tellurem
2275 3881 2380 3918 esse
2405 3865 2668 3919 hominum
2698 3879 2929 3920 matrem.
2963 3867 3245 3937 Orpbeus:

2068 3994 2176 4028 ΓΑΙΑ
2202 3991 2277 4029 Θιὰ
2302 3992 2420 4040 μήτηρ
2449 3993 2618 4043 patipati
2640 3993 2775 4040 ονητῶν
2801 3993 2835 4031 τ’
2859 3992 3068 4041 ἀνθρώπων.

1913 4079 2257 4148 Lactantius,
2297 4081 2391 4134 lib.
2427 4098 2492 4147 ιι,
2525 4098 2642 4150 cap.
2676 4084 2763 4137 10.
2803 4082 3048 4138 Errantes
3097 4085 3315 4152 quidam
3366 4084 3536 4151 philo-

1919 4152 2068 4220 sophi
2093 4153 2234 4206 aiunt
2279 4153 2511 4208 homines
2539 4167 2823 4223 catteraque
2854 4156 3103 4208 animalia
3132 4157 3240 4209 sine
3269 4157 3376 4210 ullo
3407 4155 3539 4209 arti-

1920 4223 2014 4289 ﬁce
2044 4235 2158 4277 orta
2187 4241 2295 4280 esse
2326 4226 2389 4278 de
2421 4235 2590 4290 terra;
2619 4228 2754 4280 unde
2783 4226 2914 4280 illud
2957 4224 3301 4297 Virgilianum
3333 4239 3439 4282 est;

1981 4340 2172 4391 Terrea
2199 4341 2470 4403 progenies
2490 4339 2628 4389 duris
2651 4345 2796 4402 caput
2825 4338 3005 4389 extulit
3009 4343 3179 4458 Ervis.

2843 4436 2846 4437 ν
3060 4421 3179 4458 uter

3060 4420 3262 4458 ιιιεηιι.

1995 4519 2192 4591 Aquam
2222 4535 2337 4571 cum
2361 4534 2418 4570 ea
2445 4518 2596 4573 alios.
2627 4516 2824 4591 S|_tpt‘:t.
2852 4531 2972 4591 cap.
3007 4517 3105 4572 lt):
3143 4516 3280 4591 Vidit
3300 4517 3433 4591 enim
3460 4535 3542 4574 res

1926 4591 2035 4660 ﬁeri
2054 4589 2374 4644 concretione
2391 4607 2640 4656 aquarum
2663 4589 2889 4642 Thales?
2907 4591 3195 4653 (lcttsorin,
3219 4589 3288 4643 de
3308 4589 3397 4643 die
3423 4600 3537 4643 nat.

1845 4675 1899 4735 1)
1925 4679 2045 4732 cap.
2077 4679 2146 4716 tv.
2182 4661 2569 4735 Anaximander
2599 4660 2837 4715 Milesius
2865 4663 3024 4714 videri
3055 4663 3148 4714 sibi
3178 4678 3242 4714 ea:
3271 4678 3404 4735 aqua
3441 4673 3545 4735 ter-

1931 4752 2086 4804 raque
2125 4734 2390 4801 calefactis
2421 4744 2623 4804 exortos
2649 4749 2755 4785 esse
2789 4734 2891 4786 sive
2931 4735 3124 4801 pisces,
3171 4736 3273 4784 sive
3316 4732 3544 4801 piscibus

1930 4803 2119 4859 similia
2151 4805 2434 4857 animalia:
2464 4807 2517 4856 in
2547 4803 2624 4856 his
2655 4806 2884 4858 homines
2917 4804 3264 4866 concrevisse,
3297 4811 3546 4871 latusque

1930 4880 1998 4928 ad
2028 4876 2338 4944 pubertatem
2372 4876 2506 4928 intus
2533 4886 2781 4929 retentos:
2815 4887 2917 4928 tum
2949 4879 3152 4928 demum
3197 4877 3361 4944 ruptis
3401 4876 3540 4940 illis,

1931 4951 2064 5001 viras
2090 4948 2446 5016 mulieresque,
2477 4949 2561 5016 qui
2585 4964 2636 4998 se
2648 4949 2762 5016 jatn
2785 4950 2924 5000 alere
2951 4958 3150 5014 possent
3169 4991 3181 5008 ,
3214 4949 3539 5016 processisse.

1933 5020 2018 5073 ubi
2042 5019 2150 5072 vid.
2175 5016 2563 5087 Lindenbrog,
2589 5033 2708 5088 pag.
2733 5019 2822 5081 19,
2841 5019 2928 5072 ed.
2959 5021 3310 5086 llat'ercantp.
3331 5019 3538 5072 0tt£Lt..

2007 5091 2181 5144 Solem
2226 5105 2342 5142 vero
2385 5092 2663 5144 nonnullos
2709 5109 2816 5142 esse
2861 5091 3038 5142 haiunt
3083 5093 3350 5159 Opi/irem.
3397 5102 3440 5142 et
3482 5107 3544 5144 est:

1931 5159 2149 5233 ignibus'
2175 5163 2430 5213 animatos
2470 5163 2580 5232 ejus
2621 5163 2762 5214 vituli
2792 5164 3072 5232 agitatione
3103 5162 3306 5212 moturi.
3338 5161 3544 5215 Confer

1929 5234 2177 5286 (‘tltlltlt'llt
2209 5233 2520 5297 CenSttrin.,
2553 5249 2673 5303 cap.
2709 5235 2762 5290 8.
2801 5250 2918 5301 iung.
2951 5234 3051 5298 5t),
3087 5235 3176 5301 qui
3212 5234 3314 5285 hoc
3346 5233 3542 5302 dogma

1927 5303 2193 5358 Chaldaeis
2221 5303 2486 5370 attribuit,
2521 5317 2573 5358 ct
2604 5305 2824 5358 Diodor.
2860 5306 2999 5371 Sic.,
3037 5304 3320 5370 Bibliotlt.,
3356 5305 3452 5358 lib.
3490 5321 3542 5372 ι,

1929 5392 2048 5446 cap.
2086 5377 2137 5428 7.
2172 5378 2375 5429 UltELL.

2002 5445 2229 5516 Cumque
2258 5445 2484 5517 ejusdem
2515 5448 2678 5500 noluit
2709 5448 3022 5502 sinceritatis
3048 5464 3154 5501 esse
3183 5449 3421 5500 mixtnrw
3449 5449 3546 5500 litt-

1929 5521 2069 5572 mani
2091 5521 2290 5572 animas
2312 5519 2530 5588 generis.
2560 5519 2630 5572 Ita
2659 5519 2946 5574 lcetionetu
2974 5521 3212 5588 priorum
3237 5520 3541 5573 editionum

1931 5591 2463 5661 dept‘avzitissitnatn:
2511 5606 2724 5656 cumque
2765 5591 2993 5660 ejusdem
3036 5590 3192 5643 voluit
3233 5591 3543 5644 sinceritatis

1932 5660 2038 5716 esse
2076 5663 2327 5715 mixturas
2368 5660 2578 5713 humani
2611 5665 2813 5715 animus
2844 5663 3074 5731 generis,
3110 5663 3325 5731 egregie
3357 5676 3542 5714 cmen-

1932 5734 2079 5788 darit
2110 5733 2376 5787 lluraldus
2429 5732 2478 5784 in
2522 5733 2677 5786 (luris
2717 5733 2996 5788 secundis.
3039 5733 3295 5788 Gelenius
3327 5741 3539 5797 autem,

1936 5805 2304 5860 Elmenhorst.
2350 5812 2404 5857 ct
2445 5804 2618 5857 editur
2660 5804 2832 5875 Lttgd.
2879 5806 2996 5858 Bal.
3043 5806 3219 5856 locum
3266 5807 3334 5856 ita
3376 5803 3544 5856 dede-

1937 5889 2096 5931 runt:
2131 5877 2357 5946 Cumque
2398 5877 2624 5944 ejusdem
2660 5879 2825 5930 noluit
2867 5876 3177 5930 sinceritatis
3210 5892 3314 5930 esse
3353 5876 3546 5928 iniam-

1937 5966 2023 6002 ras
2056 5949 2266 6002 humani
2298 5947 2587 6001 animarum
2621 5950 2840 6018 generis.
2873 5951 3079 6006 UltltL.
