3872 6352
380 358 491 414 895

1527 352 1806 412 ARNOBII
1846 352 2218 448 ADVERSDS
2255 354 2530 414 GENTES
3594 349 3676 407 κω

381 471 625 530 ﬂaccidz
681 471 960 536 fictionem
1015 471 1370 545 magnitudini
1423 471 1541 544 ejus
1590 481 1646 529 et
1688 469 1993 528 eminentia:
2021 473 2075 533 Α
2098 472 2232 528 citra
2263 473 2380 544 ejus
2408 483 2594 528 nulum
2625 471 2915 541 quidquam
2947 478 3128 544 potest
3166 471 3220 526 in
3250 473 3415 528 rebus
3466 470 3554 528 vel
3579 485 3676 541 pro-

383 567 712 624 convenire?

454 657 588 714 LIII.
633 658 778 731 Ergo
819 674 941 716 cum
974 659 1091 715 hac
1136 660 1205 714 ita
1236 658 1341 714 sint
1366 699 1382 729 ,
1414 673 1521 714 non
1566 657 1771 713 absone
1815 671 1990 727 neque

379 750 613 806 inaniter
637 752 927 818 credimus,
962 752 1153 807 mediae
1181 752 1454 822 qualitatis
1485 765 1608 806 esse
1637 750 1844 804 animas
1891 747 1991 801 ho-

381 845 588 902 ntiuum
615 889 629 912 ,
674 856 858 916 utpote
900 847 967 901 ab
1012 847 1172 901 rebus
1200 861 1307 900 non
1358 843 1743 916 principalibus
1773 843 1947 897 editas
1973 884 1986 907 ,

374 938 484 1010 juri
511 939 782 1008 subjectus
813 938 1022 1002 mortis,
1065 955 1346 1009 parvarum
1391 948 1446 1000 et
1475 937 1718 992 Iabilium
1747 938 1941 992 virium
1971 955 1983 990 :

381 1031 738 1104 perpetuitate
761 1032 984 1097 donari,
1013 1031 1059 1087 si
1091 1047 1242 1101 spem
1282 1031 1524 1086 muneris
1555 1031 1684 1085 tanti
1719 1031 1884 1085 Deum
1918 1028 1987 1083 ad

380 1123 678 1193 principem
707 1122 1010 1190 conferant,
1034 1123 1122 1179 cui
1147 1123 1247 1179 soli
1274 1133 1515 1196 potestas
1540 1133 1623 1178 est
1653 1122 1779 1178 talia
1805 1136 1987 1177 eorru-

379 1213 564 1284 ptione
585 1214 801 1269 exclusa
822 1214 1023 1287 largiri.
1057 1215 1164 1271 Sed
1184 1214 1351 1271 stulte
1367 1214 1508 1270 istud
1537 1214 1831 1271 credimus?
1850 1212 1987 1281 Quid

376 1305 444 1360 ad
477 1307 612 1361 vos?
634 1307 998 1378 Ineptissime,
1029 1307 1191 1364 fatue.
1236 1307 1333 1364 Ubi
1373 1307 1530 1362 vobis
1558 1321 1815 1362 uocemus
1840 1347 1855 1372 ,
1904 1305 1986 1359 vel

378 1413 538 1468 quam
569 1399 722 1454 vobis
749 1399 975 1455 facimus
997 1409 1091 1456 aut
1114 1400 1416 1470 irrogamus
1445 1399 1711 1471 iniuriam,
1745 1398 1788 1452 si
1810 1397 1986 1454 omni-

380 1501 655 1560 potentem
683 1492 1007 1548 confidimus
1039 1493 1205 1549 Deum
1235 1493 1539 1547 habiturum
1573 1507 1692 1548 esse
1720 1493 1984 1546 rationem

379 1583 548 1637 nostri
575 1625 588 1648 ,
611 1597 732 1638 cum
757 1584 910 1640 abire
932 1601 960 1638 a
980 1587 1300 1656 corporibus
1320 1588 1668 1656 cmperimus,
1696 1593 1751 1639 et
1776 1584 1846 1639 ab
1871 1584 1984 1639 orci

376 1671 643 1741 faucibus,
677 1677 1129 1746 quemadmodum
1169 1679 1384 1744 dicitur,
1413 1679 1714 1734 vindicari?

2098 565 2284 620 venire
2305 606 2318 630 ,
2343 567 2423 620 vel
2447 564 2662 630 cadere,
2683 565 2988 620 necessario
3009 565 3273 635 sequitur,
3300 573 3356 619 ut
3375 565 3516 618 mala
3534 564 3669 619 etiam

2104 670 2297 714 cuncta
2346 659 2622 714 voluntate
2669 659 2785 729 ejus
2828 658 3199 730 intelligantur
3241 659 3451 715 enasci.
3482 660 3676 715 Sittiu-

2104 761 2210 806 tetn
2239 752 2421 807 dicere
2448 754 2778 808 voluerimus
2799 763 2986 809 contra
3006 795 3020 818 ,
3051 755 3411 823 pessimorum
3443 753 3513 807 ab
3529 768 3590 808 eo
3613 767 3676 808 re-

2096 844 2352 914 jicientes
2373 860 2586 912 causas,
2607 846 2729 900 mali
2748 860 2870 901 esse
2889 846 3187 908 conscium.
3209 857 3671 916 generatorentque

2111 936 2349 1001 nullius;
2397 938 2655 1007 incipient
2688 937 2886 1003 videri,
2914 947 3008 992 aut
3035 952 3101 993 eo
3132 938 3300 993 invito
3329 953 3420 993 res
3450 939 3673 1008 pessime

2098 1029 2242 1090 fieri.
2276 1039 2386 1092 aut,
2414 1031 2556 1100 quod
2575 1032 2644 1085 sit
2664 1031 2898 1085 immane
2922 1031 3146 1099 dixisse,
3166 1032 3467 1098 nesciente,
3487 1032 3667 1102 ignaro,

2095 1135 2158 1175 ac
2187 1122 2391 1175 nescio.
2421 1121 2629 1177 Rursus
2665 1131 2843 1177 autem
2873 1123 2918 1178 si
2959 1122 3142 1178 dicere
3181 1123 3326 1177 nulla
3355 1137 3480 1178 esse
3510 1122 3672 1177 volueo

2103 1215 2274 1269 rimus
2306 1215 2443 1270 mala
2466 1256 2479 1277 ,
2513 1217 2653 1270 sicut
2682 1231 2804 1270 esse
2833 1215 3110 1270 nonnullis
3130 1216 3407 1287 opinatum
3436 1226 3489 1272 et
3534 1217 3674 1287 placi-

2100 1315 2209 1361 tum
2241 1307 2571 1378 reperimus;
2597 1306 2967 1362 reclamabttnt
2995 1316 3203 1362 cunctae
3227 1319 3448 1378 gentes,
3471 1308 3668 1362 univer-

2094 1413 2277 1468 saeque
2305 1401 2581 1465 nationes,
2612 1401 2884 1454 cruciatus
2907 1399 3063 1455 nobis
3086 1408 3423 1456 ostentantes
3449 1415 3591 1464 suos,
3623 1407 3668 1454 et

2094 1489 2460 1544 discriminum
2487 1491 2698 1560 species
2727 1489 3107 1558 multiformes,
3140 1493 3332 1563 quibus
3362 1502 3554 1562 puncta
3585 1508 3664 1559 per

2095 1584 2304 1654 singula
2355 1599 2525 1654 genus
2573 1586 2745 1639 uritur
2772 1594 2828 1640 et
2874 1585 3140 1642 laceratur
3190 1586 3506 1642 humanum.
3555 1587 3668 1641 Tum

2095 1675 2291 1730 deinde
2318 1690 2346 1727 a
2376 1675 2530 1730 nobis
2556 1676 2860 1747 exquirent,
2894 1693 2990 1732 cur
3015 1681 3150 1731 mala
3183 1678 3228 1733 si
3260 1679 3402 1732 nulla
3432 1689 3587 1746 sunt,
3609 1681 3670 1734 ab

450 1766 586 1822 LIV.
619 1767 852 1839 Ergone,
889 1771 1094 1841 inquiet
1139 1772 1368 1841 aliquis,
1404 1773 1522 1828 sine
1567 1773 1658 1828 Dei
1709 1773 1986 1828 voluntate
2019 1802 2067 1863 Β
2095 1769 2349 1837 operibus
2393 1784 2490 1823 vos
2535 1769 2733 1834 certis,
2781 1778 2836 1824 et
2876 1769 3202 1826 facinoribus
3228 1771 3550 1863 abstinetis?
3581 1771 3671 1826 Cur

380 1858 671 1928 quidquam
700 1861 840 1930 potis
883 1873 965 1916 est
986 1871 1011 1898 ει
1044 1861 1203 1918 ﬁeri?
1233 1862 1695 1918 Considerandum
1723 1873 1806 1920 est
1828 1866 1983 1920 nobis

376 1949 613 2005 sollicite
637 1993 652 2015 ,
683 1962 738 2006 et
762 1966 891 2007 cura
921 1953 1314 2022 inspiciendum
1347 1969 1456 2008 non
1489 1970 1652 2024 parva
1673 1997 1687 2020 ,
1715 1971 1783 2011 ne
1803 1999 1818 2022 ,
1852 1956 1981 2010 dum

372 2039 649 2097 honorare
697 2057 796 2098 nos
845 2042 1134 2098 Dotninum
1183 2047 1276 2100 tali
1317 2046 1740 2116 interrogatione
1789 2062 1984 2103 cense-

373 2147 525 2199 mus,
559 2133 611 2188 in
637 2135 964 2190 contrarium
1013 2136 1258 2192 labamur
1297 2137 1448 2192 nefas
1473 2180 1488 2203 ,
1523 2139 1820 2208 majestatis
1867 2140 1987 2210 ejus

376 2226 728 2281 eminentiam
779 2227 1141 2284 destruentes.
1176 2228 1290 2296 Qua
1343 2231 1590 2298 ratione,
1641 2247 1744 2300 qua
1783 2232 1986 2287 causa?

377 2314 647 2384 Quoniam
687 2317 731 2372 si
776 2326 969 2374 cuncta
1014 2319 1131 2391 ejus
1159 2321 1434 2378 voluntate
1479 2322 1858 2393 conﬁciuntur,
1888 2340 1990 2381 nec

2098 1877 2203 1915 non
2235 1864 2411 1915 omnia
2462 1861 2634 1914 facitis
2654 1902 2669 1926 ,
2698 1876 2820 1930 qum
2849 1861 3134 1929 impatiens
3155 1862 3378 1930 jusserit
3397 1875 3555 1932 atque
3576 1864 3657 1916 iut-

2094 1957 2364 2027 peraverit
2396 1955 2602 2010 libido?
2630 1955 2738 2010 Cur
2766 1955 2818 2009 in
2863 1956 3055 2010 noxios
3082 1955 3319 2018 denique
3366 1957 3670 2013 terribilibus

2096 2065 2286 2120 poenas
2334 2049 2660 2103 coustituitis
2709 2049 2950 2118 legibus?
2977 2048 3108 2103 Nam
3143 2049 3422 2105 stoliditas
3469 2047 3670 2104 inveniri

2096 2159 2217 2213 qua:
2247 2143 2455 2196 inanior
2498 2151 2691 2212 potest,
2724 2156 2885 2212 quam
2931 2142 3072 2198 mala
3110 2157 3232 2199 esse
3275 2144 3420 2198 nulla
3462 2156 3664 2198 conten-

2095 2236 2247 2300 dere,
2275 2244 2328 2289 et
2356 2243 2626 2304 tamquam
2651 2235 2823 2290 malos
2848 2234 3074 2306 perdere
3099 2246 3152 2291 et
3179 2235 3538 2292 condemnare
3561 2249 3668 2306 pec-

2098 2336 2306 2381 cantes.

1612 2480 2002 2542 LECTIONES
2039 2482 2455 2542 VARIANTES.

432 2593 462 2625 ⁸
497 2593 583 2647 Sic
607 2608 701 2648 ms.

1771 2732 2338 2792 COMMENTARIUS.

441 2873 576 2952 LIII.
603 2907 672 2918 —
699 2875 988 2952 Parcarum
1031 2887 1080 2934 et
1131 2878 1366 2934 labilium
1419 2881 1603 2935 virium
1647 2897 1666 2936 :
1716 2883 1976 2952 perpetui-

372 2957 476 3002 tate
524 2949 741 3022 donari.
788 2952 832 3004 si
870 2967 1021 3022 spem
1076 2953 1303 3006 muneris
1330 2956 1456 3006 tanti
1493 2953 1653 3007 Deum
1683 2949 1752 3007 ad
1782 2949 1974 3022 princi-

411 3035 492 3072 em
529 3020 822 3086 conferant.
859 3021 936 3075 Ita
977 3022 1145 3076 edidit
1183 3033 1238 3078 et
1277 3022 1524 3079 distinxit
1564 3025 1741 3079 locum
1783 3020 1976 3079 editor

411 3037 492 3072 em
529 3037 822 3086 conferant.
861 3037 936 3075 tta
977 3037 1145 3076 eatutt
1183 3037 1238 3078 et
1277 3037 1524 3079 atsttnxtt
1564 3037 1741 3079 locum
1796 3037 1975 3079 editor

370 3037 545 3160 ἔπεσί.
593 3091 706 3145 Bat.
767 3091 820 3146 In
868 3093 1138 3160 prioribus
1179 3092 1509 3148 editionihus
1548 3096 1700 3150 deest
1737 3096 1800 3149 si.
1842 3094 1975 3149 Cum

366 3157 540 3232 Lugd.
582 3161 700 3217 Bat.
729 3205 742 3225 ,
787 3157 1057 3218 consentit
1096 3166 1258 3219 etiam
1300 3164 1566 3221 ﬂeraldtts
1607 3169 1657 3220 in
1697 3166 1853 3222 Curis
1893 3181 1978 3221 se-

366 3232 591 3292 cundis.
626 3234 725 3288 nisi
756 3235 898 3304 quod
933 3235 1426 3303 interponi-tionem
1457 3251 1570 3303 post
1602 3239 1783 3291 uirium
1817 3237 1975 3299 tollit.

368 3314 428 3358 ut
457 3318 650 3358 settSnS
688 3305 769 3386 sit.
792 3323 821 3386 ε,
843 3307 1068 3386 ,ρηίηιαξ
1099 3307 1376 3386 immittunt
1423 3311 1755 3386 perpetuitate
1793 3309 1977 3386 donari
2006 3325 2049 3386 ρ

369 3391 647 3446 parvarum
675 3386 720 3429 et
751 3376 983 3430 labilium
1015 3379 1220 3432 virium.
1271 3377 1376 3433 Sed
1411 3376 1603 3434 melius
1651 3381 1766 3434 hzec
1810 3384 1969 3433 verba

365 3447 768 3515 coniunguntur
811 3464 933 3500 cum
975 3450 1451 3504 antecedentibus:
1495 3451 1676 3505 mediae
1710 3453 1973 3518 qualitatis

365 3534 476 3590 esse
505 3519 704 3590 animas
732 3518 995 3572 hominum
1018 3562 1031 3576 .
1065 3530 1242 3590 utpote
1269 3521 1332 3574 ab
1360 3523 1510 3574 rebus
1538 3539 1637 3574 non
1671 3523 1972 3590 principali-

365 3587 458 3643 bus
485 3589 653 3643 editas
673 3633 687 3653 ,
717 3591 824 3657 iuri
849 3592 1104 3656 subjectus
1126 3587 1314 3646 intortis
1333 3635 1346 3657 ,
1373 3610 1644 3661 parvarum
1672 3587 1722 3647 et
1743 3587 1976 3648 labilium

362 3661 586 3745 virium“.
621 3664 957 3745 perpetuitate
986 3662 1232 3745 (autem)
1261 3665 1444 3745 donari
1467 3665 1558 3745 ..εἰ
1586 3682 1725 3745 spent
1756 3667 1978 3718 muneris

369 3732 498 3784 tanti
530 3729 694 3784 Deum
736 3734 804 3784 atl
847 3729 1130 3796 principem
1161 3729 1446 3795 conferant.
1495 3733 1548 3788 In
1596 3729 1833 3790 editi0n»
1881 3751 1979 3790 sua

364 3801 506 3875 idem
552 3801 814 3855 Heraldus
848 3804 1152 3875 legendum
1196 3806 1539 3872 coniecerat:
1568 3817 1621 3858 ut
1651 3823 1791 3875 spem
1815 3849 1827 3866 .
1861 3818 1968 3859 etc.

364 3871 468 3926 Pro
495 3877 761 3998 csnferant
793 3873 959 3929 editio
988 3875 1243 3931 Elutenlt.
1290 3871 1497 3931 Hanov.
1544 3871 1707 3932 liabet
1746 3880 1974 3950 conferi-

365 3959 497 3998 mus.
576 3959 731 3998 seu.

365 3959 497 3998 ηιιω.
527 3959 731 4000 υκειι.

435 4034 544 4091 Sed
572 4038 723 4108 stulte
748 4037 888 4091 istud
909 4038 1183 4094 credimus.
1211 4039 1350 4106 Quid
1373 4041 1441 4094 ad
1467 4057 1554 4096 vos
1571 4042 1597 4095 .9
1618 4041 1964 4108 lueptissime,

362 4109 524 4181 fatue.
561 4107 662 4162 Ubi
675 4109 830 4181 _vobis
861 4111 1142 4164 uocemus?
1177 4111 1252 4164 Ita
1294 4113 1581 4181 legendum
1611 4113 1846 4168 arbitror
1874 4130 1969 4180 pro

359 4180 552 4252 vitiosa
583 4179 846 4248 scriptura
869 4225 878 4234 .
915 4181 1052 4252 Quid
1072 4182 1142 4234 ad
1169 4199 1255 4235 vos
1272 4182 1296 4234 ξ)
1316 4179 1648 4252 ineptissimo:
1667 4179 1970 4251 fututﬁubi

361 4249 503 4303 vobis
543 4266 778 4322 uocemus
800 4293 814 4310 .
859 4264 962 4306 etc.
997 4251 1106 4306 Hie
1125 4253 1286 4322 igitur
1315 4249 1420 4307 ait:
1449 4256 1588 4321 Quid
1619 4249 1684 4308 ad
1718 4271 1814 4310 vos
1840 4258 1970 4310 atti-

362 4330 481 4391 net.
510 4321 672 4374 stulte
696 4321 836 4375 iSIUd
861 4321 1274 4377 credamtts’ttec
1305 4323 1406 4377 ne?
1438 4325 1603 4378 itntno
1634 4327 1971 4391 ineptissime

360 4399 416 4465 et
441 4390 583 4445 fatue
622 4393 666 4445 si
709 4392 1016 4465 credamus.
1057 4395 1226 4462 Quam
1257 4395 1380 4449 inde
1398 4396 1651 4462 accipitis
1681 4390 1970 4465 injuriam?

363 4460 607 4536 ﬂauam.
653 4493 725 4536 -έ-
776 4463 928 4517 Fnlv.
976 4460 1201 4520 Ursinus
1247 4467 1374 4521 leait
1421 4460 1757 4534 ineptissinti,
1814 4469 1966 4536 fatui.

362 4531 652 4606 Meursius:
677 4535 991 4602 ineptissime
1011 4538 1141 4606 fatui
1161 4579 1174 4594 .
1200 4550 1251 4590 ιιι
1284 4531 1598 4593 Ριθιιιυεέιίι
1619 4531 1967 4594 Mostellaria:

358 4603 631 4680 Interdum
661 4607 829 4674 inepte
848 4603 1044 4680 stultus
1075 4620 1177 4668 est,
1208 4621 1257 4662 et
1291 4609 1622 4673 Lactantius,
1655 4611 1748 4664 lib.
1785 4628 1819 4675 t,
1845 4627 1966 4680 cap.

360 4676 448 4749 εδ.
477 4675 602 4749 Quis
631 4687 733 4729 tant
756 4678 938 4730 stolide
968 4680 1187 4749 ineptus.
1212 4691 1283 4734 est
1306 4693 1411 4735 etc.
1439 4683 1541 4734 Sed
1573 4675 1966 4737 correctionem

359 4745 576 4801 Heratdi
607 4749 854 4814 equidem
891 4745 1326 4818 longe-praefero.
1357 4753 1561 4808 Οκειι..

437 4837 524 4911 Ειῄ
550 4839 630 4911 ab
665 4836 786 4892 Orci
826 4841 1095 4908 faucibus,
1140 4843 1566 4911 quemadmodum
1608 4846 1814 4910 dicitur,
1850 4845 1966 4899 vin-

362 4909 547 4986 dicari.
588 4908 720 4986 Natta
743 4908 1169 4986 quemadmodum
1195 4916 1400 4986 dicitur.
1433 4917 1541 4971 lloc
1571 4919 1712 4972 enim
1745 4908 1968 4986 prover-

360 4980 572 5035 bialiter
602 4979 948 5048 efferebatur,
997 4994 1051 5038 et
1095 5000 1218 5039 eum
1264 4985 1514 5041 dicebant
1560 4991 1677 5042 (Irei
1727 4979 1968 5043 faucibus

360 5061 638 5128 ereptum,
673 5054 761 5122 qui
798 5056 1046 5128 pra-senti
1082 5065 1129 5108 et
1164 5057 1376 5125 eapitali
1410 5059 1586 5128 aliquo
1630 5060 1869 5127 periculo
1903 5060 1959 5113 li-

362 5123 581 5177 beratos
611 5132 747 5178 erat.
793 5123 965 5178 Grzrci
1007 5123 1243 5196 quoque
1270 5129 1467 5184 habent
1501 5123 1641 5185 suas
1685 5133 1734 5185 itt
1779 5131 1878 5186 ista
1909 5147 1967 5185 re

361 5196 586 5264 pltrastts
608 5196 965 5269 παροιμιώδης
1014 5199 1104 5253 S-c
1122 5199 1308 5253 dienttt
1328 5201 1561 5268 aliquem
1586 5203 1871 5257 extrahere
1887 5206 1968 5257 ml

363 5263 792 5350 ἐπαγαγξγεῖεζξὶς
825 5269 906 5350 ἐδ-ν
936 5271 1147 5350 ἣλιον
1175 5281 1272 5326 τῶν
1302 5274 1473 5327 πυλῶν
1510 5281 1601 5329 τοῦ
1633 5274 1926 5350 Ἀχέροντος
1950 5317 1965 5339 ,

365 5348 418 5390 et
444 5338 661 5409 sitt'tilia.
693 5338 797 5409 ΤΗ.ἐ
835 5339 1031 5399 Livius.
1068 5341 1158 5396 lib.
1193 5359 1242 5396 lx
1265 5385 1277 5405 ,
1311 5360 1429 5409 t'ap.
1464 5345 1517 5408 6,
1561 5345 1628 5398 de
1675 5338 1965 5409 finitionis,

364 5407 455 5482 qui
488 5407 732 5482 Pot-culis
759 5407 1014 5464 Caudinis
1033 5407 1389 5482 circumsepti
1410 5407 1644 5475 fuerunt.
1675 5426 1729 5470 et
1754 5407 1968 5470 tandem

366 5477 658 5542 ignominia
685 5491 900 5554 accepta
928 5482 1165 5537 dimissi:
1193 5484 1291 5537 Per
1312 5477 1533 5540 hostium
1556 5489 1750 5552 oculos,
1778 5487 1966 5554 inquit,

365 5565 482 5602 cum
528 5565 592 5628 ea:
617 5551 754 5628 saltu
780 5555 1082 5628 evasissent,
1113 5557 1204 5608 etsi
1252 5560 1386 5610 velut
1431 5559 1492 5610 ab
1539 5551 1971 5628 inferisrextracti

367 5630 472 5696 tum
493 5623 714 5696 primum
735 5623 897 5675 lucem
915 5625 1181 5693 adspicere
1199 5629 1289 5680 visi
1309 5641 1444 5688 sunt.
1468 5623 1634 5682 tamen
1656 5633 1768 5696 ipsa
1791 5630 1882 5684 lux
1902 5631 1974 5685 ita

366 5692 598 5772 deferttte
617 5695 930 5772 intuentibus
957 5692 1138 5772 agmen
1166 5702 1302 5772 omni
1334 5713 1493 5753 morte
1517 5692 1708 5754 tristior
1732 5702 1847 5772 fuit.
1876 5701 1978 5755 Lo-

367 5765 564 5839 quendi
596 5766 732 5817 ratio
764 5765 970 5839 Latinis
997 5765 1053 5819 et
1087 5767 1290 5822 Grzrcis
1322 5777 1536 5827 ttstlala.
1572 5765 1973 5839 Artemidorus,

374 5831 466 5916 lib.
501 5849 534 5886 lt
555 5851 715 5920 .‘e'ap.
748 5836 1034 5920 ςὶΟ.;.Φαμέν
1051 5842 1200 5920 ξνᾼτῇ
1233 5846 1464 5920 Gut-tri?th
1491 5845 1573 5899 τόν
1594 5847 1735 5920 παρὰ
1759 5831 1981 5920 προσδολ

375 5905 482 5956 victv
503 5909 721 5965 σωθέντα
744 5909 792 5972 ἐξ
808 5907 932 5963 ἅδον
946 5905 1322 5968 ἁναϐεϐηᾶἐναῑ.
1349 5905 1560 5977 FlU'I‘lIS,
1579 5905 1749 5981 ιὶι).“ιι,
1772 5905 1890 5985 c'ap.
1923 5918 1978 5970 6.

2077 2870 2300 2955 Interim
2339 2872 2595 2938 respirare
2615 2871 2956 2955 "Romanus;
2976 2880 3022 2926 et
3065 2873 3212 2955 quasi
3238 2889 3302 2926 ea:
3321 2875 3508 2955 inferis
3523 2890 3668 2955 neuter-

2079 2960 2214 3013 gere.
2260 2943 2499 2996 HERALD.
2526 2941 2768 3013 —-;Cuttl'.
2812 2941 2969 2998 ReiII.
3017 2941 3085 2997 ad
3127 2941 3480 3012 Artemidor.,
3521 2946 3664 3009 lib.t,

2080 3030 2201 3139 aug.
2249 3013 2387 3074 598;
2433 3023 2487 3067 et
2531 3012 2795 3069 Wetstcn.
2817 3057 2832 3081 ,
2865 3014 2932 3069 ad
2960 3013 3135 3084 Epist.
3165 3016 3232 3070 ad
3263 3015 3463 3086 Epltes.
3487 3058 3500 3081 ,
3526 3032 3593 3084 tv,
3618 3016 3664 3071 9.

2133 3101 2290 3138 RELL.

2159 3179 2288 3303 LIX.
2323 3211 2390 3217 —
2425 3178 2490 3231 Et
2516 3195 2638 3232 cura
2663 3178 3036 3247 inspiciendum
3067 3196 3169 3233 non
3194 3195 3374 3250 parva.
3400 3184 3497 3235 Οὐκ
3518 3182 3665 3254 dir/ti»

2163 3273 2206 3303 :.
2283 3267 2476 3303 ERALD.

2083 3271 2206 3326 ρως.
2233 3267 2476 3304 HERALD.

2157 3343 2224 3397 Ut
2255 3345 2390 3416 mala
2440 3352 2660 3416 cuncta,
2690 3344 2843 3416 etiam
2879 3345 2990 3416 ejus
3039 3345 3296 3399 uoluntate
3344 3347 3662 3416 intelligantur

2081 3416 2270 3468 enasci.
2294 3415 2607 3482 Augostiu.,
2633 3415 2698 3468 de
2723 3413 3036 3479 CivitJDei,
3061 3417 3096 3470 l.
3129 3433 3220 3480 xx,
3240 3419 3353 3471 c.I.
3387 3413 3564 3471 Nullus
3589 3420 3664 3470 lto-

2084 3487 2276 3557 ntinum
2305 3487 2408 3554 agit
2459 3495 2612 3543 recte.
2645 3487 2739 3539 nisi
2768 3487 2940 3539 divino
2980 3489 3257 3557 adjuvaute
3295 3490 3485 3542 auxilio
3521 3491 3660 3550 ξυνι-

2087 3556 2166 3609 lus
2217 3559 2506 3609 dfl’tnOttttm
2559 3568 2646 3608 an:
2694 3558 2957 3628 ltominum
3003 3556 3111 3628 agit
3162 3560 3353 3628 inique,
3386 3562 3475 3612 nisi
3499 3561 3658 3624 dicina,

2086 3628 2362 3698 eodemque
2381 3628 2670 3698 justissima
2699 3626 2793 3680 Dei
2841 3626 3052 3698 judicio
3081 3626 3514 3697 pernuttatur.Cl.
3553 3635 3661 3685 Aut-

2093 3697 2238 3751 bros.
2275 3697 2655 3771 Ilt!X:l¥mertttl,
2688 3699 2721 3751 Ι.
2754 3715 2793 3763 t,
2839 3697 2888 3754 c.
2923 3700 2976 3755 8.
3013 3703 3331 3771 Augustin.,
3365 3704 3415 3757 in
3455 3701 3652 3767 Joann.,

2094 3780 2254 3823 tract.
2279 3784 2408 3833 χιιι,
2432 3785 2481 3823 c.
2516 3772 2569 3824 8.
2607 3769 2859 3825 ELueun.

2159 3859 2290 3933 {Iuli
2333 3876 2442 3933 esse
2485 3862 2744 3933 conscium
2777 3873 3223 3933 generatoremque
3255 3869 3461 3923 nullius.
3487 3868 3658 3922 Sestus

2085 3931 2136 3984 in
2168 3930 2468 3986 Sententiis
2497 3950 2508 3984 :
2543 3932 2670 3985 Mali
2716 3930 2910 3988 nullius
2941 3948 3120 3990 auctor
3147 3948 3220 3990 est
3251 3936 3413 3995 Deus.
3444 3939 3657 3994 Pruden-

2087 4003 2198 4056 tius
2233 4001 2606 4073 Hatnartigett.

2237 4113 2476 4183 Inventor
2501 4115 2604 4183 vitii
2625 4128 2719 4183 non
2747 4125 2823 4166 est
2846 4115 3003 4180 Deus,
3024 4119 3236 4183 angelus
3261 4121 3379 4172 illttd

2241 4175 2481 4238 Degener
2500 4176 2663 4226 infami
2682 4187 2974 4242 conceptum
2991 4175 3172 4232 metite
3197 4187 3403 4235 creavit.

2080 4278 2259 4333 Haeret
2291 4279 2561 4333 Arnobius
2605 4281 2656 4334 in
2687 4282 3050 4350 diSpntatione
3072 4285 3140 4340 de
3187 4299 3374 4342 natura
3401 4289 3544 4343 mali:
3572 4301 3652 4340 nec

2081 4366 2140 4404 se
2170 4352 2442 4428 extrieare
2490 4350 2698 4405 dillicdi
2726 4355 3142 4428 Mitt-quaestione
3184 4360 3318 4414 satis
3359 4360 3543 4428 liquide
3572 4373 3648 4426 po-

2080 4430 2204 4476 test.
2240 4422 2536 4490 Dupliciter
2583 4422 2883 4492 appellatttr
2933 4429 3132 4481 tnalttut
3191 4432 3243 4484 in
3296 4430 3387 4486 SS.
3413 4422 3647 4486 Litteris:

2082 4495 2336 4567 nimirunt
2367 4511 2394 4567 :_
2414 4494 2604 4546 malum
2630 4496 2800 4566 culpa:
2835 4509 2880 4549 et
2905 4499 3096 4551 malum
3139 4517 3322 4567 partite.
3357 4503 3556 4565 Prioris,
3583 4515 3653 4553 se-

2079 4565 2314 4616 cundum
2367 4564 2555 4618 Patres
2596 4564 3029 4635 ecclesiasticos,
3062 4564 3252 4624 auctor
3295 4585 3376 4627 est
3421 4564 3648 4632 diabolus,

2000 4635 2300 4712 Daltcritts
2355 4636 2517 4690 Deus.
2555 4635 2677 4690 Vid.
2716 4639 3023 4712 Attgttstitn,
3069 4652 3256 4697 contra
3315 4645 3648 4698 Adamantiunt

2077 4705 2452 4770 Manicltzetttn,
2485 4718 2523 4760 ι.
2554 4723 2624 4768 VI,
2657 4723 2704 4762 ο.
2741 4705 2834 4770 46,
2866 4718 2922 4762 et.
2969 4711 3036 4765 de
3086 4713 3260 4767 libero
3294 4717 3532 4773 Arbitrio.
3564 4715 3592 4767 Ι.
3620 4727 3647 4774 1,

2078 4792 2128 4851 c_.
2169 4776 2234 4830 10
2270 4775 2662 4851 :UCltrysttlpg“
2695 4795 2858 4835 δίη-ιη.
2890 4781 2922 4835 9
2967 4797 2980 4844 ;
3037 4783 3308 4851 Lactant.,
3362 4792 3395 4840 Ι.
3427 4803 3489 4848 tv,
3519 4801 3561 4839 e.
3585 4787 3641 4847 li;

2077 4847 2410 4914 Gennadius,
2444 4850 2509 4902 de
2535 4849 2847 4904 Ecclesiast.
2880 4853 3086 4924 dogun,
3134 4872 3184 4909 c.
3233 4847 3321 4912 57.
3375 4859 3592 4913 Εωιεκιι.

2151 4939 2354 5016 Puncta
2378 4959 2465 5006 per
2485 4944 2710 5012 singula.
2737 4943 3019 5012 Temporis
3047 4949 3275 5002 scilicet.
3298 4950 3385 5004 Sic
3409 4951 3488 5004 ed.
3510 4945 3648 5016 Lugd.

2078 5011 2220 5087 Bat..
2252 5013 2400 5074 cod.,
2434 5029 2534 5067 ms.
2571 5011 2724 5066 habet
2751 5011 2934 5070 cuncta
2967 5034 3054 5084 per
3079 5019 3308 5087 singula,
3357 5022 3488 5076 unde
3535 5011 3651 5075 Geli-

2078 5086 2198 5137 nius
2229 5089 2778 5153 ceteriquefecerunt
2801 5099 2981 5142 cuncta
3006 5105 3093 5158 per
3107 5086 3321 5147 alecula.
3353 5095 3540 5148 UBELL.

2153 5175 2218 5230 Et
2249 5178 2581 5253 facinoribus.
2634 5179 2707 5253 Ita
2747 5183 2982 5235 correxit
3011 5181 3292 5239 Gelenius.
3345 5189 3502 5240 Antea
3529 5185 3647 5253 lege-

2078 5247 2235 5302 batur
2263 5261 2308 5302 et
2335 5252 2615 5318 furoribus.
2657 5251 2896 5306 lienam.

2153 5341 2291 5418 Nam
2322 5343 2578 5396 slolidilas
2611 5343 2825 5397 inveniri
2855 5363 2968 5408 qut:
3013 5349 3217 5404 inanior
3257 5362 3434 5418 potest.
3467 5351 3532 5404 lla
3559 5347 3650 5404 edi—

2081 5414 2154 5492 t_io
2198 5415 2450 5484 princeps
2477 5426 2529 5466 et
2561 5425 2772 5492 etetertu
2826 5434 2944 5472 eam
2987 5432 3203 5482 secutm,
3241 5414 3462 5492 excepta
3508 5420 3644 5476 Lttud.

2082 5484 2198 5561 Bal.
2230 5501 2350 5554 qmc
2379 5502 2442 5539 Px
2480 5486 2792 5561 conjectura
2827 5493 3073 5545 Salmasii
3105 5492 3266 5548 habet
3303 5514 3314 5548 :
3345 5484 3650 5561 invenirique

2081 5560 2249 5635 maior
2277 5567 2436 5635 porert
2457 5557 2618 5635 __Cod.
2649 5575 2729 5635 IIIS
2756 5562 2941 5635 liabet
2985 5566 3281 5629 immanior,
3317 5569 3450 5635 quod
3487 5567 3545 5618 de
3567 5557 3649 5635 ἐω-

2083 5628 2234 5702 vitia,
2263 5628 2601 5702 crudelitate
2644 5632 3016 5702 sitttililtttSqttc
3068 5639 3243 5700 vittis,
3272 5628 3358 5691 vel
3401 5634 3648 5692 saltemde

2084 5699 2329 5758 stultitia.
2351 5702 2678 5772 _stolttlitate,
2707 5699 2991 5772 eoujuaett
3043 5723 3164 5762 cunt
3195 5699 3537 5772 crudo-litate,
3564 5704 3650 5757 dici

2089 5780 2299 5844 potest;
2333 5770 2662 5844 do‘sitttplici
2693 5770 2989 5832 stoliditate
3033 5795 3138 5832 ttott
3173 5780 3468 5836 ilettt.Vide
3493 5770 3646 5844 supra.

2089 5842 2154 5966 ῗίι
2189 5841 2452 5964 Ι.¹ιῑ.ρ.05.
2485 5846 2644 5900 verba
2677 5845 2916 5904 immanis
2941 5848 3029 5904 ille
3057 5849 3258 5908 Xerxes
3284 5841 3646 5908 annotationetn

2141 5928 2329 5966 erati.
2412 5929 2565 5966 BELL.

2141 5928 2329 5967 eratut.
2362 5928 2565 5968 UBELL.
