3872 6346
382 328 487 387 899

1525 317 1802 380 AltNOBII
1844 313 2210 375 ADVERSUS
2246 314 2515 376 GENTES
3587 325 3676 381 900

381 439 802 497 scitu.Eumdem
824 439 967 496 hunc
988 439 1080 496 alii
1105 441 1388 498 elementis
1411 456 1472 496 ex
1493 452 1720 513 quatuor
1739 441 1974 505 tradunt,
2008 443 2060 501 Α
2085 436 2386 492 disseritur.
2441 436 2537 492 llic
2576 436 2720 492 enim
2748 450 2839 492 eas
2869 444 3023 493 retur
3049 444 3105 493 et
3129 451 3252 494 esse
3285 450 3603 510 perpetuas,
3630 456 3676 498 et

379 544 433 588 et
471 533 820 603 pronuntiant
863 542 1030 597 stare,
1077 549 1147 589 ex
1198 534 1429 604 geminis
1476 535 1606 598 alii,
1641 551 1707 589 ex
1756 533 1981 604 singulis

381 627 550 693 tertii;
601 627 841 696 suntqui
887 642 952 682 ex
999 627 1082 683 his
1113 628 1292 690 nullis,
1327 638 1380 681 et
1426 625 1700 682 individua
1753 640 1980 695 corpora

379 717 494 788 ejus
521 733 643 771 esse
671 719 948 772 materiem
976 727 1029 773 et
1060 718 1286 787 primam
1317 719 1580 788 originem
1609 719 1806 773 dicant.
1827 716 1984 773 Cum-

377 826 482 878 que
512 825 578 863 ex
606 809 692 864 his
714 825 838 864 vera
865 811 934 863 sit
964 821 987 846 ει
1023 826 1124 863 una
1159 811 1452 875 sententia,
1506 820 1597 864 aut
1626 811 1769 865 nulla
1801 826 1864 864 ex
1899 810 1983 864 his

379 911 549 970 certa,
582 903 830 956 similiter
860 902 947 955 hic
974 917 1189 972 quoque
1220 912 1537 970 argumenta
1568 901 1823 956 omnibus
1854 917 1987 972 prte-

380 1004 464 1048 sto
496 1003 653 1060 sunt,
684 993 876 1063 quibus
908 1000 961 1046 et
991 1007 1053 1045 ea
1086 1004 1205 1062 qua:
1227 984 1412 1046 dicunt
1434 1033 1447 1055 ,
1482 1008 1609 1048 vera
1637 1007 1762 1047 esse
1791 993 1986 1047 consti-

382 1093 535 1140 tuant
559 1095 612 1140 et
640 1085 964 1154 redarguunt
993 1086 1194 1154 positas
1222 1085 1274 1138 in
1306 1085 1533 1139 aliormn
1566 1086 1853 1141 sententiis
1885 1086 1984 1140 fal-

380 1179 588 1231 sitates.
621 1176 710 1231 Sic
741 1185 793 1230 et
820 1177 954 1232 deos
989 1176 1234 1231 nonnulli
1279 1192 1401 1233 esse
1429 1177 1734 1249 abnegant;
1765 1192 1986 1248 prorsus

379 1268 628 1323 dubitare
657 1283 717 1322 se
743 1267 832 1322 alii
855 1283 922 1322 an
952 1270 1060 1324 sint
1089 1269 1317 1338 uspiam,
1345 1268 1552 1336 dicunt;
1579 1271 1669 1325 alii
1695 1286 1824 1325 vero
1852 1269 1986 1323 exis-

381 1370 516 1428 tere,
554 1376 728 1430 neque
762 1360 991 1414 humana
1026 1376 1253 1426 curare;
1311 1362 1480 1417 immo
1502 1405 1515 1427 ,
1549 1362 1637 1416 alii
1668 1361 1982 1432 perhibent,

379 1460 438 1508 ct
465 1453 628 1508 rebus
658 1453 922 1508 interesse
970 1453 1303 1519 mortalium,
1348 1463 1404 1509 et
1451 1462 1699 1510 terrenas
1728 1451 1986 1508 adminis-

383 1555 528 1600 trare
563 1545 825 1601 rationes.

453 1639 610 1695 LVII.
654 1640 787 1694 Cum
814 1655 943 1714 ergo
971 1639 1088 1695 hmc
1135 1641 1207 1695 ita
1251 1639 1394 1707 sint,
1447 1655 1622 1710 neque
1662 1638 1824 1693 aliter
1855 1637 1984 1702 ﬁat,

379 1734 507 1802 quin
541 1735 609 1786 sit
655 1748 819 1787 unum
851 1748 916 1788 ex
966 1733 1218 1787 omnibus
1266 1748 1494 1796 verum,
1549 1741 1787 1802 pugnant
1811 1743 1986 1786 tamen

379 1827 712 1894 argumentis
757 1841 983 1890 omnes,
1029 1841 1201 1895 neque
1231 1824 1458 1894 singulis
1502 1825 1656 1878 deest
1707 1825 1796 1891 id,
1844 1826 1986 1894 quod

2084 543 2377 598 superesse
2409 529 2722 584 mortalium
2767 528 3027 584 fuitetioni
3057 546 3071 588 :
3098 544 3392 601 superesse
3440 533 3531 587 ille
3581 548 3674 589 non

2084 621 2288 688 credit,
2346 621 2439 701 sed
2485 637 2605 676 cum
2651 623 2782 693 ipsis
2810 622 3136 692 corporibus
3175 622 3424 678 interire.
3458 625 3679 683 Alterius

2086 729 2214 768 vero
2238 715 2503 770 sententia
2524 722 2626 781 est,
2649 714 2781 768 nihil
2807 731 2898 771 eas
2921 716 3179 771 continuo
3198 717 3430 787 perpeti,
3457 717 3551 772 sed
3574 727 3678 786 post

2091 806 2362 861 hominem
2393 808 2626 875 positum
2654 806 2856 877 aliquid
2901 807 2980 862 eis
3009 808 3074 860 ad
3104 808 3272 862 vitam
3299 809 3416 863 dari
3449 826 3461 862 :
3491 820 3677 863 morta-

2086 901 2252 954 litatis
2298 899 2494 954 deinde
2546 900 2596 954 in
2636 898 2757 969 jura
2788 899 3101 955 succedere.
3150 901 3365 956 Etcum
3397 902 3574 956 omnia
3596 916 3679 957 ne-

2086 1001 2285 1063 queant
2307 993 2414 1046 veri
2434 1007 2556 1047 esse
2585 993 2878 1057 consortia,
2913 993 2983 1046 ita
3014 1003 3194 1049 tamen
3224 992 3457 1049 fortibus
3484 1003 3538 1048 et
3561 993 3682 1048 vali-

2087 1083 2326 1139 dissimis
2359 1084 2768 1153 probationibus
2795 1099 2986 1140 omnes
3009 1093 3196 1155 agunt.
3225 1094 3284 1139 ut
3316 1085 3556 1156 reperire
3583 1099 3677 1140 non

2088 1177 2296 1247 possis,
2348 1177 2604 1248 quidnam
2653 1177 2745 1232 tibi
2794 1177 3042 1233 videatur
3085 1178 3280 1234 falsum
3313 1181 3597 1248 :quamvis
3623 1194 3684 1235 ex

2088 1270 2234 1323 omni
2271 1281 2422 1340 parte
2444 1269 2657 1324 diversa
2685 1269 2789 1323 dici
2817 1270 3047 1339 aspicias
3071 1311 3085 1335 ,
3115 1278 3170 1325 et
3193 1285 3376 1324 rerum
3399 1275 3685 1326 contrarie-

2091 1362 2292 1418 tatibus
2314 1362 2553 1417 dissona.
2579 1361 2734 1430 Quod
2762 1361 2943 1432 utique
2973 1377 3078 1416 non
3108 1360 3286 1424 fieret.
3309 1363 3354 1417 si
3373 1372 3579 1418 certum
3603 1363 3684 1418 ali-

2089 1456 2216 1525 quid
2245 1465 2430 1512 tenere
2456 1456 2743 1510 curiositas
2775 1464 2960 1525 posset
2981 1454 3239 1523 humana,
3268 1455 3352 1510 vel
3384 1455 3527 1526 quod
3553 1454 3686 1510 vide-

2091 1556 2243 1602 retur
2290 1547 2602 1611 inventum,
2688 1547 2914 1602 aliorum
2965 1547 3208 1602 omnium
3263 1547 3686 1618 comprobaretur

2091 1655 2341 1695 assensu.
2394 1638 2710 1694 lnanissima
2761 1639 2920 1710 igitur
2964 1654 3052 1694 res
3103 1649 3223 1706 est,
3259 1651 3314 1695 et
3359 1640 3684 1709 superraeuit

2093 1733 2296 1800 operis,
2320 1739 2590 1802 tamquam
2614 1732 2752 1786 scias
2765 1730 2965 1801 aliquid
2991 1746 3242 1801 promere
3262 1747 3281 1786 :
3305 1741 3397 1785 aut
3415 1733 3550 1786 velle
3562 1733 3685 1787 scire

2098 1825 2462 1878 contendere:
2491 1824 2633 1893 quod
2680 1826 2781 1878 etsi
2829 1823 2899 1877 sit
2944 1827 3166 1890 verum,
3216 1837 3379 1893 posse
3405 1823 3582 1879 videas
3602 1824 3685 1878 de-

382 1916 733 1984 prohaliiliter
759 1916 970 1979 dicant,
1003 1917 1122 1970 sive
1151 1931 1272 1969 eum
1304 1930 1427 1969 suas
1459 1929 1548 1970 res
1576 1925 1848 1979 asserunt,
1874 1917 1990 1970 sive
2023 1889 2070 1948 Β
2099 1917 2255 1971 struit
2291 1934 2302 1968 :
2332 1926 2425 1970 aut
2454 1926 2741 1984 acceptare
2769 1929 2866 1984 pro
2887 1929 3018 1970 vero
3043 1914 3094 1969 id
3141 1913 3287 1985 quod
3327 1913 3549 1969 forsitan
3578 1929 3672 1969 non

380 2026 502 2063 cum
546 2011 735 2066 alienis
763 2010 1109 2081 opinionibus
1138 2009 1533 2064 contradicunt.
1571 2008 1684 2062 Non
1738 2009 1861 2074 alia,
1897 2026 1988 2072 ne-

381 2120 485 2175 que
515 2106 748 2160 absimili
793 2106 1005 2159 ratione
1034 2105 1100 2160 de
1124 2104 1423 2158 animarum
1465 2103 1532 2157 ab
1564 2101 1648 2156 his
1674 2102 1984 2156 conditione

2100 2013 2203 2076 sit,
2233 2021 2286 2064 et
2313 2027 2374 2065 ex
2407 2026 2557 2064 more
2591 2009 3031 2063 hallucinantium
3066 2006 3390 2077 proferatur.
3421 2007 3488 2063 Et
3511 2008 3682 2062 merito

2098 2119 2186 2158 res
2219 2103 2290 2156 ita
2318 2112 2419 2157 est.
2445 2101 2562 2156 Non
2604 2103 2750 2156 enim
2778 2100 2956 2155 divina
3000 2100 3227 2167 divinis,
3271 2099 3369 2156 sed
3409 2099 3680 2156 rationibus

1605 2237 1992 2294 LECTIONES
2032 2234 2452 2293 VARIANTES.

443 2359 469 2388 ⁸
504 2356 664 2407 Versa
684 2361 799 2405 sunt
820 2367 910 2404 ms.

1781 2452 2346 2512 COMMENTARIUS.

454 2595 706 2649 Eumdent
733 2594 868 2646 hunc
915 2592 1006 2646 alii
1037 2593 1295 2646 elementis
1326 2606 1390 2645 ea:
1436 2599 1656 2658 quatuor
1697 2590 1905 2643 tradunt
1935 2599 1981 2643 et

380 2668 714 2734 pronuntiant
755 2675 908 2727 stare,
944 2681 1006 2718 ex
1060 2663 1273 2734 geminis
1303 2662 1420 2727 alii,
1451 2677 1513 2715 ex
1557 2663 1774 2734 singulis
1823 2663 1977 2714 tertii.

377 2738 500 2792 Vid.
539 2737 709 2806 Lips.,
756 2737 822 2790 de
873 2733 1186 2806 Physiolog.
1219 2734 1413 2806 Stoic”
1466 2735 1502 2786 l.
1534 2749 1591 2795 Il,
1620 2733 1846 2806 Dissert.
1901 2749 1981 2796 xi,

378 2827 430 2879 p.
459 2808 582 2874 922,
609 2804 753 2876 Seq.,
781 2817 818 2860 t.
851 2822 924 2871 tv,
954 2804 1019 2860 ad
1057 2804 1233 2860 Vesal.
1268 2804 1369 2879 Ubi
1414 2814 1592 2879 autem
1621 2805 1690 2858 de
1739 2804 1984 2879 philoso-

383 2875 506 2948 phis
538 2883 658 2949 plus
691 2875 958 2933 ﬁtninusvc
1013 2887 1246 2945 quatuor
1276 2877 1563 2949 elementis
1615 2875 1983 2930 Staluentibus

381 2947 447 3026 ne
474 2947 572 3026 γρῖ)
602 2949 1102 3026 quitlem‘lcgimus,
1134 2959 1362 3015 excepto
1395 2963 1501 3001 uno
1533 2947 1831 3026 depravato
1865 2949 1986 3026 loco

380 3016 632 3083 Setie'cae;
658 3021 745 3076 ubi
777 3022 875 3074 tria
911 3029 1218 3083 soluuntur,
1252 3033 1415 3087 aqua,
1450 3026 1614 3079 terra,
1651 3016 1991 3084 spiritus.Vi-

381 3093 539 3147 detur
571 3093 750 3159 itaque
784 3091 1054 3145 Arnobius
1094 3090 1196 3142 hoc
1235 3091 1352 3142 loco
1384 3097 1585 3158 partes,
1613 3089 1806 3159 quibus
1835 3103 1991 3140 mun-

379 3166 505 3216 dum
559 3158 812 3217 con$tare
859 3159 1191 3214 deliniebant
1240 3169 1453 3214 veteres
1486 3158 1815 3226 philosonhi,
1843 3160 1983 3213 male

379 3251 501 3289 eum
527 3235 814 3289 elementis
844 3232 1176 3292 eonl'udisse,
1212 3239 1268 3284 et
1298 3233 1364 3283 de
1396 3230 1524 3288 illis.
1551 3231 1638 3299 qtti
1666 3229 1981 3283 dividebant

380 3307 638 3360 ntttndum
687 3307 737 3357 iti
785 3304 966 3356 cmlum
1013 3312 1065 3356 ct
1112 3311 1320 3364 terram,
1349 3300 1570 3362 dixisse,
1608 3315 1702 3353 eos
1734 3300 1839 3354 tino
1873 3317 1884 3362 ;
1917 3300 1984 3354 de

378 3378 522 3441 aliis,
558 3376 646 3445 qui
691 3376 960 3437 dicebant,
1001 3373 1278 3445 mundum
1334 3387 1456 3425 esse
1507 3372 1982 3445 inate_riatii,:iftit'-

381 3442 586 3511 tnasse,
615 3449 747 3500 istos
770 3461 933 3500 unum
966 3444 1295 3498 elementum
1323 3453 1580 3496 statuere.
1619 3442 1772 3495 Stare
1801 3455 1981 3496 autern

381 3535 476 3588 pro
504 3528 758 3579 constare,
808 3525 864 3570 ut
905 3533 1036 3586 sarp.
1096 3515 1367 3574 Lar-tanL.
1399 3514 1487 3588 de
1521 3511 1746 3588 Opiticio
1780 3513 1893 3588 Dei,
1928 3529 1977 3567 c.

380 3583 451 3652 iv,
485 3589 626 3662 ξῖἒ.
671 3589 820 3642 Vides
847 3583 1026 3658 igitur,
1060 3602 1259 3662 omnem
1293 3583 1792 3662 hominisrationem
1841 3586 1893 3662 in
1924 3601 1981 3636 eo
2033 3637 2035 3639 ,

381 3663 454 3714 vel
488 3655 708 3714 maxime
763 3655 916 3716 stare,
973 3659 1109 3728 quod
1156 3657 1322 3709 nudus
1375 3655 1675 3725 fragilisque
1726 3656 1977 3728 nascitur,

378 3734 516 3798 quod
539 3731 727 3784 morbis
755 3731 1008 3799 afﬁcitur,
1021 3731 1157 3796 quod
1189 3728 1462 3779 immatura
1492 3737 1651 3799 morte
1679 3727 1976 3779 niulctatur.

384 3797 478 3858 Ubi
499 3804 604 3856 vid.
625 3797 958 3855 Bunetiiann.
979 3798 1390 3868 Singula‘auletn
1414 3800 1513 3851 hoc
1541 3797 1658 3853 Inoo
1687 3813 1791 3851 non
1823 3814 1979 3851 unum

378 3886 491 3943 post
521 3875 759 3936 alterum,
790 3873 883 3926 sed
914 3886 1094 3943 unum,
1123 3870 1349 3943 unicum,
1379 3869 1642 3943 absolute,
1671 3869 1824 3943 Cujus
1851 3883 1980 3924 vero

378 3938 791 4014 signiﬁcationis
835 3942 1082 4014 exempla
1114 3938 1255 4008 apud
1281 3939 1415 4014 alios
1457 3941 1752 4014 scriptores
1772 3939 1976 4014 frustra

378 4009 620 4084 qtimsit'i.
679 4015 872 4067 Dubito
924 4013 1104 4084 itaque
1173 4026 1352 4064 annon
1403 4011 1688 4084 legendum
1740 4009 1978 4084 sit:_Ex

376 4079 579 4159 singulo
608 4086 760 4159 tertii.
789 4083 1370 4159 Singularisnumerus
1401 4079 1566 4159 verbo
1598 4082 1786 4159 singuli
1812 4082 1978 4159 usita-

379 4151 479 4214 tusv
508 4158 649 4227 apud
705 4151 1040 4225 antiquiores
1277 4152 1506 4227 Gesner.
1555 4151 1974 4227 in__'l'hesa_ur.),

377 4221 606 4300 quorum
633 4221 1064 4300 studiosissimus
1085 4221 1330 4300 imitator
1352 4232 1432 4300 est
1453 4221 1758 4300 _Arno_hius.
1789 4221 1842 4276 Id

2088 2591 2204 2674 ῖάρ.
2230 2591 2293 2674 ii
2323 2589 2580 2674 κωλγογτει
2626 2588 2916 2674 Elimia"
2953 2610 3006 2674 τε
3047 2589 3332 2674 ἀδηλδῖηςο.
3364 2597 3456 2674 rei.
3492 2593 3674 2674 βραχὺς

2092 2659 2165 2713 ὤν’
2186 2659 2211 2715 ὁ
2232 2661 2344 2735 ﬁlo:
2365 2668 2455 2715 τοῦ
2483 2662 2774 2735 ἀνθρώπῳ.
2793 2659 3027 2735 Ubivid.
3051 2677 3188 2735 quos
3213 2663 3392 2735 laudat
3411 2659 3670 2735 Menapios,

2093 2731 2365 2801 pagJﬂO,
2420 2735 2524 2785 vol.
2558 2731 2620 2795 ii,
2673 2731 2759 2786 ed.
2813 2731 3047 2787 Meibon.
3097 2733 3255 2787 Conf.
3307 2731 3668 2800 Cic.,de‘Nat.

2087 2803 2266 2866 deor.,
2301 2802 2395 2856 lib.
2432 2818 2468 2868 t,
2513 2817 2562 2856 c.
2597 2802 2687 2865 25,
2714 2803 2897 2873 ibique
2932 2803 3107 2857 Davis.
3135 2803 3379 2861 lienam.
3419 2817 3471 2859 et
3495 2808 3667 2860 υκαι..

2165 2874 2269 2927 Alii
2293 2889 2409 2927 vero
2439 2874 2681 2938 existere,
2714 2891 2875 2944 neque
2906 2875 3134 2930 humana
3171 2893 3377 2932 curare.
3432 2877 3668 2945 Epicurei.

3397 2947 3588 3004 Oneu.

2168 3013 2338 3068 Immo
2357 3015 2449 3068 alii
2467 3015 2734 3084 perhibent
2750 3025 2796 3068 et
2813 3015 2961 3069 rebus
2979 3016 3222 3071 interesse
3239 3020 3532 3073 mortalium
3549 3060 3563 3082 ,
3580 3027 3667 3074 etc.

2097 3083 2250 3138 Plato
2282 3097 2337 3139 et
2370 3086 2556 3139 Stoici.
2591 3087 2796 3140 OnaLL.

2173 3156 2330 3229 LVII.
2359 3185 2428 3196 -—
2459 3156 2738 3229 Superesse
2779 3156 2869 3210 ille
2897 3173 2998 3210 non
3051 3158 3236 3224 credit,
3266 3160 3358 3213 sed
3410 3176 3520 3213 cum
3565 3160 3671 3229 ipsis

2084 3228 2393 3296 corporibus
2410 3229 2637 3280 interire.
2665 3228 3056 3298 Epicureorum
3085 3231 3360 3285 sententia
3379 3241 3435 3286 et
3461 3228 3667 3287 Dicaear-

2087 3297 2574 3371 chi__peripatetici.
2610 3297 2735 3371 Vid.
2760 3298 2876 3353 Cic.
2897 3338 2910 3358 .
2942 3299 3104 3355 Tusc.
3132 3317 3146 3355 ι
3171 3341 3185 3365 ,
3214 3316 3336 3371 cap.
3367 3302 3457 3356 2|.
3490 3303 3666 3357 Oneu.

2159 3368 2268 3420 Sed
2315 3370 2735 3440 postﬂliominem
2795 3371 3016 3436 positum
3066 3368 3394 3440 aliquid'eis
3435 3374 3501 3426 ad
3537 3379 3669 3426 vitam

2085 3439 2200 3489 dari
2223 3479 2236 3500 ,
2273 3439 2606 3492 mortalitatis
2637 3439 2822 3493 deinde
2850 3441 2902 3494 in
2929 3443 3055 3500 jura
3083 3439 3404 3498 succedere"
3432 3445 3550 3498 Ilaec
3572 3453 3669 3499 erat

2085 3508 2418 3582 Stoicorunr
2439 3511 2729 3582 sententia.
2788 3510 2852 3564 Μ.
2891 3508 3120 3578 Tullius,
3173 3515 3340 3569 Tusc.
3393 3515 3585 3582 Quaest.
3621 3531 3663 3577 ι,

2083 3595 2201 3648 cap.
2239 3579 2302 3633 51
2336 3597 2347 3632 :
2383 3578 2545 3656 Stoici
2592 3593 2761 3656 autem
2787 3599 2999 3635 usuram
3042 3585 3186 3656 nabis
3233 3578 3526 3656 largiuntur
3555 3597 3669 3638 tant-

2083 3667 2239 3719 quam
2266 3650 2553 3727 cornicibus
2573 3668 2590 3715 ;
2613 3651 2702 3727 diu
2724 3669 3004 3727 mansuros
3041 3655 3188 3710 aiunt
3217 3650 3419 3711 aniiitos
3436 3672 3456 3722 ,'
3499 3672 3672 3727 semper

2085 3737 2298 3795 negant.
2321 3720 2411 3776 Sic
2433 3732 2613 3777 autem
2634 3723 2764 3776 dicit
2793 3723 3050 3795 hominem
3073 3741 3282 3795 ponere,
3319 3738 3377 3783 ut
3403 3720 3491 3782 alii
3523 3720 3668 3782 licini-

2083 3810 2197 3846 nent
2229 3792 2302 3863 (id
2336 3802 2417 3846 est
2447 3795 2666 3862 corpus)
2696 3811 2898 3848 exuere.
2935 3792 3265 3852 ﬂsaiLn.-—
3294 3798 3479 3854 Possis
3520 3800 3661 3854 etiam

2089 3865 2369 3932 explicare
2400 3874 2510 3932 post
2553 3864 2808 3918 hominem
2841 3868 3064 3935 positum
3087 3909 3102 3932 ,
3149 3869 3199 3922 id
3244 3879 3364 3935 est,
3397 3871 3669 3933 humatum,

2082 3936 2421 4004 compositum
2451 3936 2742 4005 sepulchro.
2789 3935 2863 3990 Ita
2895 3936 3137 4006 Lucret.,
3174 3940 3268 3994 Iib.
3305 3941 3531 4008 "1,883,
3571 3955 3667 3996 seu.

2209 4091 2424 4160 Eroiude
2450 4092 2535 4140 ubi
2551 4103 2608 4160 se
2638 4092 2812 4142 videns
2832 4091 3079 4143 hominem
3103 4095 3395 4146 miserarier
3415 4097 3588 4160 ipsum,

2211 4155 2327 4204 Post
2345 4161 2558 4204 mortem
2582 4153 2709 4216 fore,
2736 4161 2792 4204 ut
2829 4161 2911 4205 aut
2936 4164 3190 4218 putrescat
3212 4170 3421 4222 corpore
3434 4153 3599 4223 'posto.

451 4301 533 4355 Ex
558 4300 770 4371 geminis
796 4300 907 4350 alii.
943 4294 1099 4365 Volgi
1130 4309 1384 4371 sermone
1416 4293 1535 4347 bina
1581 4293 1851 4348 elementa
1880 4308 1976 4371 ap-
2080 4298 2180 4356 Ubi
2205 4298 2938 4371 vid.Lambin.Qieterumde
2959 4304 3067 4357 hac
3082 4302 3390 4359 Stoicorum
3407 4304 3665 4367 sententia.

379 4363 715 4442 pellabantur
741 4379 886 4442 terra
919 4379 988 4442 et
1027 4363 1210 4442 aqua,
1253 4367 1338 4420 vel
1384 4373 1523 4419 terra
1570 4374 1625 4417 et
1674 4379 1843 4442 mare.
1871 4363 1977 4442 §ic

375 4434 692 4498 Ammianus
738 4434 1106 4501 Marcellinus,
1160 4437 1252 4491 lib.
1295 4451 1442 4502 xvn,
1493 4450 1610 4506 cap.
1668 4435 1765 4498 I3.
1803 4434 1829 4506 §
1864 4436 1972 4490 19:

2079 4371 2187 4445 v_i_d.
2218 4370 2359 4445 inst.
2384 4370 2844 4445 Lips.,_Physiol.
2882 4372 3054 4426 Stoic.
3081 4413 3110 4445 ,Α
3147 4375 3240 4429 lib.
3277 4391 3372 4441 Ill,
3425 4391 3538 4445 cap.
3591 4376 3666 4430 tl.

2080 4441 2180 4495 Th.
2211 4441 2463 4499 Gataker.
2487 4483 2502 4507 ,
2531 4441 2596 4494 ad
2635 4445 2889 4497 Antoniu.
2917 4485 2932 4508 ,

2975 4443 3198 4511 tv,*21,
3241 4456 3298 4501 et
3349 4443 3562 4516 Davis),
3609 4445 3664 4500 sd

374 4515 461 4568 1m
504 4531 594 4583 per
620 4515 1222 4583 cletneiitunt_utruiiique
1245 4507 1525 4583 §armatas
1561 4505 1875 4583 Vincentium
1898 4509 1975 4560 ira
2004 4521 2056 4581 ι)
2082 4511 2355 4583 Ciceronis
2379 4555 2393 4578 ,
2429 4514 2460 4565 Ι.
2492 4505 2533 4566 Vt.
2568 4513 2771 4567 Οιιειι.

379 4577 636 4653 virtusque
677 4584 859 4636 delevit
910 4580 1035 4652 (Ubi
1085 4577 1192 4634 vid.
1245 4579 1524 4653 Wagner,
1555 4593 1674 4653 pug.
1728 4577 1891 4653 294),
1927 4589 1980 4631 et

377 4650 667 4716 (illariitvti,
731 4654 819 4708 lib.
857 4650 962 4714 vn.
1009 4668 1126 4718 cap.
1184 4653 1235 4724 5,
1273 4650 1328 4724 ᾗ
1360 4652 1464 4713 10,
1516 4650 1631 4724 init.
1676 4665 1690 4701 2
1729 4650 1778 4703 ἐν
1826 4653 1980 4724 ἀμφο-

375 4733 542 4805 τέροις
586 4732 685 4811 γάρ
711 4735 821 4786 τοῖς
866 4729 1150 4806 ςτοιχείοις
1182 4723 1206 4778 ὁ
1250 4723 1470 4803 nihilo;
1508 4723 1759 4811 ἀκμάζει..¹
1799 4725 1883 4775 ubi
1910 4723 1977 4775 cx

377 4793 694 4856 recentior-is
746 4793 1021 4850 latinitatil
1061 4805 1115 4849 et
1161 4793 1450 4863 graecito’tis
1493 4793 1844 4863 scriptoribus
1877 4808 1978 4845 nu—

375 4871 496 4925 bent
523 4869 894 4940 exemplorum
927 4868 1057 4920 citat
1078 4862 1358 4940 dOrville,
1395 4879 1511 4940 pag.
1547 4863 1674 4940 579,
1700 4862 1799 4940 cd._
1831 4863 1977 4931 Lips.

379 4942 648 4997 Arnobius
674 4935 851 4994 autem
895 4940 1121 4998 loquens
1148 4936 1250 4990 hoc
1278 4935 1395 4990 loco
1425 4936 1492 4988 de
1537 4935 1980 5006 philosophorum

377 5016 588 5084 placitis
610 5056 622 5074 ,
675 5011 889 5065 videtur
932 5009 1073 5084 illos_
1103 5008 1403 5084 intelligere
1424 5047 1437 5068 ,
1463 5006 1578 5084 _qui
1628 5004 1767 5084 duo:
1800 5022 1978 5084 rerum

379 5076 639 5153 principia
670 5088 1002 5145 statuerunt,
1032 5080 1220 5133 siccant
1251 5076 1304 5133 et
1332 5077 1597 5130 humidum
1620 5117 1633 5139 ,
1671 5076 1835 5144 priori
1876 5089 1982 5133 ter-

378 5172 492 5210 ram
523 5167 575 5210 et
603 5158 814 5226 ignem,
844 5153 999 5207 alteri
1030 5159 1381 5206 accensentes
1404 5157 1681 5273 aquaindat
1701 5163 1906 5204 aerem.

1647 5234 1804 5273 RELL.

1647 5234 1804 5274 RELL.

450 5298 731 5353 lndividua
783 5311 1020 5364 corpora.
1074 5293 1253 5364 Alomi
1310 5291 1723 5356 Epicureorum.
1776 5291 1980 5346 Otii-:LL.

377 5371 488 5426 Cie.
521 5371 589 5425 de
616 5368 735 5422 Nat.
766 5361 918 5422 deor.
944 5407 958 5431 ,
1001 5382 1072 5427 Il.
1103 5366 1191 5422 57.
1221 5361 1492 5420 Ocnsuen.

453 5444 541 5499 Sic
583 5454 628 5493 et
675 5442 794 5492 deos
840 5437 1075 5491 nonnulli
1123 5453 1231 5492 esse
1280 5437 1552 5507 abnegant.
1592 5433 1754 5507 Verbi
1797 5447 1982 5500 causa,

383 5515 644 5580 Diagoras
667 5509 884 5575 Melius,
917 5507 1233 5562 Theodorus
1265 5506 1600 5580 Cirenaicus.
1629 5506 1834 5580 OneLL.

451 5579 551 5639 Aut
585 5583 728 5638 nulla
771 5597 835 5636 ex
874 5581 955 5635 liis
999 5588 1158 5632 certa.
1189 5579 1486 5644 Meursius,
1540 5587 1596 5633 ut
1647 5579 1828 5645 nulla,
1873 5585 1980 5633 etc.

499 5675 535 5709 ξ.
567 5671 772 5709 URELL.

499 5675 535 5709 ι.
651 5671 772 5709 ELL.

380 5658 681 5782 making?“
712 5724 945 5778 dubitare
989 5739 1041 5776 se
1089 5723 1214 5787 alii,
1264 5739 1331 5776 an
1359 5724 1459 5776 sint
1502 5721 1733 5792 uspiam,
1785 5722 1979 5776 dicunt.

384 5799 810 5868 Prolugorasiap.
863 5794 1170 5868 Lucrinum.
1223 5808 1506 5868 Ix.__segm.
1549 5795 1624 5868 Abl
1658 5797 1815 5868 εῐιερὶ
1862 5795 1986 5868 Getis?

383 5874 473 5924 οὐκ
499 5863 610 5944 iis:
657 5863 833 5925 ciiiivm
863 5864 967 5922 οὗθ’
996 5868 1063 5927 ὡς
1095 5867 1242 5933 εἰσὶν,
1278 5863 1376 5919 οὔθ’
1413 5869 1480 5927 ὡς
1511 5866 1600 5921 οὐκ
1624 5863 1783 5935 εἰςτίν’³
1833 5865 1990 5922 πολλὰ

2157 4582 2399 4637 Dissona.
2438 4584 2541 4638 Alii
2573 4585 2856 4638 dissonare.
2893 4586 3097 4641 URELL.

2157 4654 2257 4706 Aut
2286 4654 2412 4708 velle
2439 4658 2565 4708 scire
2605 4657 2927 4710 contendere.
2969 4657 3179 4712 Clarius
3209 4675 3223 4713 :
3256 4670 3344 4713 aut
3380 4661 3508 4716 scire
3555 4658 3662 4714 velle

2085 4725 2385 4801 contendere
2420 4725 2738 4801 _(belia_upten
2786 4729 3002 4793 wollen,
3057 4730 3178 4801 dass
3227 4748 3347 4785 man
3391 4749 3440 4786 es
3481 4731 3657 4801 scisse).

2087 4795 2193 4852 Sed
2226 4795 2883 4872 trajec-tionesiStasantat
2907 4800 3196 4855 Arnobius.
3231 4802 3470 4858 UBBALD.
3502 4795 3659 4872 Itaque

2087 4881 2358 4940 nouopus
2389 4867 2651 4940 habemus
2695 4868 2891 4936 duplici
2938 4873 3246 4940 conjectura
3292 4874 3502 4930 Meursii
3533 4893 3546 4928 :
3573 4867 3658 4926 ati-

2085 4938 2206 5007 quid
2231 4937 2615 5010 promer-evelle
2637 4949 2680 4991 et
2711 4941 2839 4994 scire
2879 4937 3214 5010 contendere,
3255 4958 3348 5000 aut
3395 4946 3516 5000 belle
3553 4945 3659 4998 scire

2087 5009 2410 5063 contendere.
2444 5007 2650 5064 ORELL.

2160 5079 2322 5158 Posse
2344 5081 2516 5135 videas
2545 5081 2758 5158 destrui.
2795 5083 2869 5158 Ita
2897 5083 3018 5158 cod.
3060 5101 3161 5140 ms.
3203 5103 3364 5158 quam
3401 5089 3653 5144 lectionem

2087 5153 2423 5227 verissimam
2467 5153 2873 5227 tnale‘mutavit
2918 5156 3176 5213 Gelenius
3205 5153 3257 5212 iii
3309 5175 3452 5227 posse
3496 5160 3544 5212 id
3577 5158 3654 5209 ad-

2087 5232 2296 5278 struere.
2317 5223 2506 5297 Neque
2549 5222 2703 5297 video
2737 5226 2863 5297 quid
2904 5227 3246 5284 difficultatis
3287 5222 3342 5286 in
3381 5230 3460 5284 his
3503 5227 3652 5286 verbis

2088 5295 2354 5365 repererit
2409 5295 2694 5351 Meursius.
2740 5295 2914 5368 Atque
2961 5299 3154 5354 destrui
3202 5301 3333 5355 nihil
3395 5301 3533 5357 aliud
3586 5305 3652 5354 est

2090 5382 2248 5439 quam
2279 5369 2495 5439 negari,
2530 5369 2797 5432 contendi,
2831 5370 2969 5439 quod
3011 5387 3112 5425 non
3138 5373 3222 5426 sit.
3267 5371 3468 5429 Οιιειι..

2168 5437 2633 5513 Ilallucinantiuni.
2668 5437 2974 5513 Fulgentius
3015 5443 3326 5498 hallucinari
3367 5447 3651 5512 interpreta-

2093 5517 2179 5563 tur
2204 5510 2650 5585 vana‘somnigre,
2676 5510 2911 5585 tractum
2951 5513 3012 5566 ab
3053 5514 3315 5578 allucitis.
3363 5510 3652 5585 quosanim-

2089 5601 2195 5641 πας
2240 5581 2477 5634 dicimus.
2535 5573 2724 5637 Nonio
2767 5595 2945 5639 autem
2998 5585 3219 5642 denotat
3264 5573 3525 5651 aberrare,
3568 5599 3650 5637 non

2091 5653 2382 5707 consistere.
2427 5652 2720 5708 Srewsau.
2756 5656 2837 5710 Ab
2865 5657 3031 5714 ἀλύειν
3083 5658 3295 5713 derivat
3333 5659 3396 5714 Δ.
3444 5657 3648 5716 Gellius.

2093 5724 2186 5778 lib.
2213 5741 2332 5800 xvi,
2361 5741 2406 5778 c.
2445 5723 2510 5779 t2
2532 5765 2545 5791 ,
2580 5725 2667 5780 tibi
2699 5726 2805 5781 vid.
2848 5727 3086 5783 Gronov.
3121 5741 3177 5800 et
3217 5729 3410 5797 Voss.,
3444 5725 3644 5800 Etyiuol.

2092 5811 2230 5850 rom.
2262 5795 2466 5852 ORELL.
3139 5792 3149 5807 ’

2166 5866 2274 5923 Sed
2295 5868 2575 5926 rationibus
2603 5870 2870 5941 pendimus
2910 5883 2956 5927 et
3003 5883 3368 5932 commetantur
3419 5869 3644 5930 humanis.
