3872 6352
383 333 488 393 905
1521 331 1798 391 ABNOBII
1837 330 2208 390 ADVERSUS
2245 330 2521 390 GENTES
3592 332 3694 390 90-!

382 446 546 507 statui
569 461 735 503 unum
767 453 971 518 posset,
1003 454 1059 504 et
1088 461 1194 504 una
1221 461 1346 505 esse
1392 449 1604 518 species
1632 451 1756 507 coeli
1782 495 1795 519 ,
1847 450 1978 505 nihil
2007 453 2062 512 Α
2087 448 2420 515 Belluarum,
2456 458 2513 504 et
2546 443 2802 518 anguium
2829 450 2937 501 tam
2966 443 3173 502 infinita
3203 451 3370 517 atque
3397 443 3694 501 innumera-

380 552 437 598 ut
491 557 669 596 rerum
722 539 1056 596 desideraret
1107 541 1428 608 integritas?
1467 541 1599 609 Quae
1645 553 1729 597 est
1789 557 1980 608 causa,
2093 541 2222 595 bilia
2248 557 2468 613 genera,
2502 539 2654 610 cujus
2685 538 2760 594 rei
2797 547 3105 594 suntcausa
3137 537 3224 592 vel
3257 536 3580 603 informata,
3609 538 3690 593 vel

379 649 498 705 qua:
517 633 672 699 ratio,
695 641 752 688 ut
766 633 934 688 maria
963 633 1106 689 salsa
1127 644 1152 672 ιι
1170 634 1300 698 sint,
1325 643 1419 688 aut
1447 643 1713 690 terrarum
1751 635 1830 689 lite
1858 635 1982 690 dul-
2092 635 2336 704 prodita?
2363 633 2487 704 quid
2516 633 2566 687 iu
2596 632 2796 687 mundo
2822 629 3025 686 faciunt
3050 632 3322 697 bubones,
3349 631 3650 686 iminussuli
3671 672 3687 698 ,

375 738 501 790 ces,
535 725 654 780 alia:
701 726 811 781 sint
851 741 1072 793 amaras,
1105 726 1188 780 vel
1209 725 1455 795 frigidm?
1496 725 1613 794 Quo
1641 742 1706 782 ex
1741 727 1982 781 materia:
2090 724 2397 782 buteones?
2426 724 2550 796 quid
2582 723 2737 779 alites
2767 734 2822 780 et
2870 723 3120 779 volucres
3165 723 3418 778 caetera?
3444 721 3567 792 quid
3587 723 3686 778 for-

374 833 575 889 genere
616 816 974 872 humanorum
1011 833 1298 886 corporum
1328 829 1581 874 concreta
1603 817 1631 856 δ
1659 827 1715 874 et
1743 820 1979 874 stabilita
2088 818 2346 873 micarum
2373 829 2426 872 et
2457 817 2715 873 vermium
2748 832 2966 887 genera,
2997 817 3049 871 in
3080 817 3258 871 varias
3303 816 3455 871 labes
3506 817 3683 886 perni-

374 921 500 966 Sunt
527 911 773 974 viscera,
822 908 963 965 unde
1007 923 1131 964 ossa
1182 909 1453 965 solidata?
1501 911 1630 981 quid
1682 912 1978 981 intestina,
2087 912 2304 981 ciesque
2352 910 2667 966 nascentia?
2710 910 2834 981 quid
2883 910 3125 980 pulices?
3172 909 3304 981 quid
3351 908 3681 980 impudentes

373 1005 498 1076 quid
522 1020 687 1060 venas
706 1003 985 1068 fistulatas,
1005 1011 1060 1057 et
1079 990 1466 1058 eammeabiles
1489 1002 1712 1059 fecerit?
1731 1005 1840 1060 Cur
1854 1022 1978 1061 cum
2086 1018 2308 1068 muscm,
2351 1019 2564 1059 aranea:
2585 1046 2600 1070 ,
2634 1006 2861 1070 soriccs,
2910 1018 3094 1060 mures
3115 1045 3130 1070 ,
3164 1004 3508 1073 sanguisuga:
3529 1044 3544 1066 ,
3577 1003 3676 1072 tip«

373 1105 517 1152 esset
543 1095 722 1150 utilius
739 1093 1027 1150 oculisnos
1053 1094 1359 1149 illuminare
1387 1096 1761 1164 compluribus
1781 1097 1848 1152 ad
1880 1112 1972 1167 pe-
2081 1094 2268 1164 pulse?
2296 1095 2421 1164 quid
2451 1094 2622 1164 Spinac
2643 1094 2815 1165 ,quid
2845 1103 3030 1150 sentes
3058 1135 3075 1161 ,
3106 1094 3238 1166 quid
3279 1109 3500 1156 avenae.
3551 1093 3674 1165 quid

369 1188 599 1244 riculum
625 1187 905 1252 caecitatis,
928 1185 1159 1242 duorum
1187 1202 1376 1243 sumus
1399 1187 1642 1259 angustis
1679 1188 1970 1258 applicati?
2080 1188 2304 1244 lolium?
2330 1190 2457 1260 quid
2490 1187 2806 1256 herbarum,
2826 1199 2918 1244 aut
2939 1187 3216 1255 fruticum,
3242 1199 3337 1244 aut
3361 1188 3626 1244 adolentia
3656 1198 3676 1226 ε

1604 1306 1982 1364 LECTIONES
2023 1305 2432 1363 VARIANTES.

433 1424 458 1452 εί
505 1421 619 1472 Sola
647 1435 738 1475 ms.
2144 1428 2166 1456 ο
2202 1426 2285 1475 Ita
2307 1424 2428 1476 Sab.
2460 1423 2740 1477 redolentia
2773 1422 2880 1476 alii.

427 1484 454 1526 Ι)
493 1485 762 1538 Concreata
806 1499 879 1537 ms
902 1483 1047 1538 male.

1750 1617 2318 1678 COMMENTARIUS.

365 1732 640 1804 Virgilius,
673 1731 803 1789 Ain.
835 1747 873 1800 ι,
904 1745 1053 1788 vers.
1079 1732 1150 1788 56
1171 1746 1286 1803 seq.
1322 1749 1335 1786 :

738 1888 888 1938 Vasto
904 1902 996 1938 rex
1020 1886 1188 1938 Eolns
1211 1894 1353 1938 antro

545 1951 816 2001 Luctantes
841 1959 1017 2000 ventos
1041 1959 1467 2012 tempestatesque
1485 1963 1689 2001 sonoras

547 2013 761 2078 Imperio
781 2014 962 2076 premit.
981 2026 1037 2061 ac
1061 2013 1236 2062 vinclis
1259 2021 1311 2062 et
1337 2026 1540 2063 carcere
1566 2012 1757 2062 fruanat.

359 2161 496 2229 Quid
527 2161 669 2232 quod
700 2161 977 2230 sequentia
1004 2161 1188 2232 verba.
1211 2170 1386 2213 ventus
1414 2161 1551 2214 unde.
1567 2163 1785 2228 oriatur,
1815 2176 1962 2217 mera

357 2230 810 2302 essent'rept-titio
832 2239 919 2287 τοῦ
953 2233 1074 2300 quid
1103 2230 1250 2285 diali
1282 2248 1373 2284 ora
1401 2233 1654 2285 dilatarit.
1686 2233 1955 2288 Stewech.

357 2301 642 2372 legendum
667 2304 968 2371 SilSplCﬂllll‘
999 2321 1011 2359 :
1039 2301 1399 2372 Quodiimbrcs
1420 2319 1481 2355 ac
1510 2305 1646 2356 nives
1671 2304 1724 2356 in
1752 2305 1960 2371 plumu-

355 2371 433 2430 las
480 2387 527 2429 et
572 2374 752 2443 foliola
801 2371 1116 2443 (Bluttclten,
1168 2371 1483 2444 Flt'ickchen)
1535 2374 1788 2426 dilaturit.
1838 2374 1954 2430 Nic.

356 2446 632 2508 Heinsius,
666 2445 718 2498 in
744 2445 801 2498 P.
830 2445 1119 2516 Burmanni
1149 2443 1372 2516 Ambo].
1419 2443 1536 2508 lat.,
1566 2444 1677 2516 lib.
1708 2461 1759 2505 ν,
1784 2447 1956 2516 epigr.

355 2516 446 2584 93,
479 2533 596 2585 pag.
629 2517 756 2580 378,
776 2515 884 2568 vol.
929 2530 990 2576 ιι,
1020 2516 1275 2586 corrigit:
1303 2514 1455 2587 Quod
1482 2515 1666 2570 imbres
1694 2517 1810 2587 geni
1836 2514 1958 2587 (pro

351 2587 517 2659 gigni)
548 2589 706 2654 nives,
750 2589 982 2659 pruinas,
1023 2602 1050 2639 e
1087 2585 1197 2659 poli
1223 2601 1338 2639 rore
1363 2585 1615 2659 tﬁlatarit.
1649 2585 1754 2641 Sed
1801 2585 1958 2645 unice

350 2655 476 2714 vc—ra
499 2655 714 2714 videtur
735 2655 984 2713 Salmasii
1005 2655 1332 2711 emendatio.
1371 2655 1600 2728 Fulgura
1621 2659 1765 2712 enim
1791 2659 1844 2712 in
1863 2675 1958 2713 an-

301 2774 305 2778 .
351 2732 518 2799 tiquis
545 2729 875 2785 membranis
905 2729 1102 2798 amplus
1148 2729 1408 2799 scriptum
1439 2729 1700 2798 repetitur
1738 2730 1948 2799 foliora,

2152 1737 2426 1791 Buteones.
2471 1736 2632 1792 Buteo
2658 1737 2775 1792 avis
2802 1735 3075 1807 auguralis
3119 1734 3189 1790 de
3235 1751 3439 1806 genere
3485 1737 3676 1807 accipi-

2003 1841 2052 1900 Β
2080 1816 2242 1862 trum.
2279 1809 2504 1900 Plitiius,
2538 1810 2673 1891 Ilist.
2704 1807 2850 1890 ῌτιι..
2886 1807 2982 1862 lib.
3016 1808 3290 1900 xécap.L8
3325 1827 3338 1861 :
3371 1808 3678 1876 Accipitruru

2075 1895 2264 1950 genera
2314 1880 2532 1933 sedecim
2570 1881 2995 1933 invenimus......
3043 1876 3346 1950 Trioneltem
3388 1895 3420 1930 α
3473 1896 3675 1934 numero

2076 1946 2299 2013 testium,
2322 1953 2402 2004 cui
2429 1954 2775 2021 principatum
2813 1952 2869 2021 in
2909 1949 3141 2019 auguriis
3178 1946 3479 2021 Phemonoe
3503 1953 3677 2004 dedit:

2073 2021 2337 2075 buteonem
2365 2019 2500 2074 hunc
2516 2023 2780 2092 appellant
2801 2020 3040 2092 Romani.
3065 2019 3265 2090 familia
3281 2022 3436 2075 etiam
3455 2023 3507 2091 (c
3522 2031 3676 2092 gente

2071 2093 2191 2146 scil.
2227 2090 2538 2162 Fabiorum)
2571 2109 2632 2146 ea:
2657 2109 2714 2145 eo
2744 2091 3122 2162 cognominata,
3153 2107 3266 2144 cum
3314 2090 3557 2161 prospero
3581 2110 3674 2145 au-

2068 2165 2228 2231 spicio
2255 2181 2308 2216 in
2335 2164 2480 2217 ducis
2514 2165 2630 2216 navi
2673 2161 2905 2216 sedisset.
2955 2161 3053 2216 Ubi
3091 2162 3400 2217 llarduinus
3431 2163 3671 2218 eumdem

2067 2248 2188 2288 esse
2221 2245 2392 2304 putat,
2421 2249 2580 2304 quem
2609 2233 2887 2288 Gallorum
2915 2233 3144 2302 aucupia
3179 2231 3670 2304 Milanappellant,

2067 2303 2668 2377 noncoufundendum
2712 2319 2833 2358 cum
2883 2305 3063 2377 milvo,
3121 2306 3290 2377 ἰκτίνῳ
3336 2303 3666 2370 ϐτωεοηιηι,

2064 2375 2152 2429 cui
2183 2375 2357 2430 fulvus
2386 2378 2556 2440 color,
2592 2377 2809 2431 butconi
2841 2376 2993 2446 niger
3021 2384 3123 2428 est.
3161 2375 3504 2440 Ariétoteles,
3531 2376 3665 2432 Hist.

2065 2445 2274 2522 _Anim.,
2329 2447 2421 2522 lib.
2467 2463 2540 2522 ix,
2591 2447 2832 2522 c_ap._‘36
2880 2446 3527 2522 :_Tpio'pxn;__xpdrric§ror
3576 2457 3670 2503 τῶν

2064 2517 2294 2592 ἱεράᾳωη,
2326 2519 2414 2592 ubi
2443 2520 2549 2592 vid.
2606 2517 2861 2592 Sealiger.
2897 2516 3137 2592 Festus?
3167 2516 3328 2572 Alites
3367 2518 3541 2592 volatu
3579 2536 3668 2572 au-

2062 2587 2225 2656 spicia
2247 2589 2488 2658 facientes
2517 2589 2628 2643 ista:
2646 2587 2958 2658 putabantur
2990 2604 3007 2640 :
3034 2587 3208 2658 buteo,
3247 2591 3533 2658 sanqualis,
3567 2591 3664 2643 iut-

2061 2657 2342 2718 musculus.
2378 2661 2574 2726 aquila,
2600 2657 2871 2714 vulturius.
2900 2657 3058 2713 Conf.
3091 2657 3273 2714 eumd.
3313 2657 3481 2715 verbo
3505 2659 3664 2715 Buteo

2057 2731 2386 2819 suauia“,
2406 2727 2940 2819 ἀεεξνίδξιεξιιιιεηεεεν
2958 2728 3030 2819 G;
3052 2727 3102 2819 1-.
3121 2729 3310 2819 Fies-'22.
3339 2732 3397 2819 ira
3430 2731 3660 2819 ειξξη2¹ς

351 2798 418 2856 ut
439 2804 546 2874 toja
578 2815 676 2870 pro
705 2799 1083 2874 ιοεμινιιειεὶιιεΔ
1111 2814 1211 2874 pro
1259 2798 1467 2874 Glycia_s
1489 2841 1504 2865 ,
1537 2803 1674 2874 nives
1719 2798 1952 2870 plumeus
2055 2798 2220 2874 mni}.
2250 2801 2536 2874 Germanis
2565 2802 2762 2858 dicitur
2788 2801 3050 2856 Busltard.
3081 2801 3355 2860 Iuventius
3384 2803 3439 2859 in
3481 2798 3661 2872 Elegia

350 2869 545 2928 eodem
575 2869 736 2948 sensu
761 2869 897 2926 dicit
921 2869 1361 2948 Arnobius-quo
1402 2869 1695 2948 @sc‘li‘ylus
1722 2869 1950 2948 πτεραίη

401 2949 510 3002 ιὼν.
539 2953 593 2998 ct
624 2942 864 3004 Solinus,
896 2955 1026 3014 cap.
1055 2940 1122 2996 15
1163 2959 1175 2994 :
1217 2939 1370 3014 Ultra
1399 2942 1490 2994 hos
1520 2939 1861 3014 (Arimaspos)
1905 2954 1952 2998 et

401 2968 510 3002 ιων.
539 2967 593 2998 υι
625 2967 864 3004 ὗυΙΙΙΙΙΙδ,
896 2967 1016 3010 cap.
1055 2967 1122 2996 10
1163 2967 1175 2994 ἱ
1217 2967 1370 2994 uuru
1399 2967 1490 2994 Ιιυι
1520 2967 1861 3014 μιηιηαδμυδ)
1905 2967 1952 2998 et

347 2967 664 3082 ﬁltiplta’um
701 3013 882 3083 iugum
923 3013 1064 3081 regio
1092 3020 1165 3064 est
1212 3012 1434 3066 assiduis
1473 3015 1678 3066 obsessa
1705 3015 1902 3068 nivibus
1935 3030 1954 3068 .°

347 3084 717 3156 Pteropltoron
755 3084 951 3156 dicunt,
981 3083 1170 3156 quippe
1194 3098 1343 3156 casus
1369 3085 1775 3156 continuantium
1807 3087 1951 3156 prui-

348 3148 531 3210 narum
560 3155 806 3224 quiddam
836 3154 904 3207 ibi
933 3148 1173 3222 exprimit
1191 3154 1358 3209 simile
1384 3155 1679 3219 pinnarum.
1715 3148 1816 3210 Ubi
1843 3157 1949 3212 vid.
1981 3148 2027 3212 C

348 3227 580 3282 Salmas.
608 3226 699 3281 lib.
723 3224 956 3281 1.—Jum
981 3240 1111 3279 vero
1137 3239 1505 3294 maximopere
1523 3226 1712 3282 dubito
1728 3227 1794 3280 de
1814 3229 1956 3284 veri-

348 3308 459 3353 tate
483 3297 750 3353 lectionis.
777 3295 1209 3368 Arnobiusenim
1229 3299 1329 3368 hoc
1345 3296 1467 3352 loco
1485 3297 1720 3366 loquitur
1738 3297 1805 3353 de
1825 3301 1955 3368 phe-

347 3369 602 3425 nomenis
631 3384 736 3423 non
771 3367 942 3438 igneis
965 3367 1062 3422 sed
1090 3367 1329 3437 aquosis.
1362 3368 1499 3432 Quid
1533 3369 1678 3438 quod
1707 3378 1761 3423 et
1813 3367 1953 3424 dila-

349 3451 460 3496 tare
483 3441 696 3512 fulgura
715 3437 819 3512 dici
864 3453 1023 3512 posse
1049 3437 1143 3512 vis
1171 3438 1518 3512 crediderim.
1546 3437 1954 3512 :Qunreklegen-

346 3508 704 3567 dum'cehseo
739 3527 750 3563 :
780 3508 933 3577 Quod
961 3510 1096 3562 nives
1123 3509 1178 3562 in
1211 3509 1412 3575 plumas
1453 3508 1559 3577 (vel
1581 3526 1703 3566 cum
1745 3508 1953 3568 Stcwe-

344 3583 469 3638 chio
500 3583 550 3636 in
573 3579 858 3652 plumttlas)
889 3589 943 3635 et
965 3579 1146 3635 foliola
1169 3581 1428 3636 dilatarit.
1453 3579 1656 3637 Οιιειι.

417 3676 521 3729 Aut
565 3685 838 3728 terrarum.
890 3672 1110 3728 Fulvius
1161 3673 1386 3746 Ursinus
1423 3675 1606 3730 neScio
1646 3693 1748 3746 qua
1787 3692 1951 3732 causa

344 3755 518 3803 mutat
541 3755 840 3818 cwterarttm
867 3760 1137 3818 aquarum.
1166 3744 1441 3800 Terrarum
1467 3748 1586 3801 scil.
1618 3744 1783 3812 aqua,
1806 3749 1948 3818 quod

343 3818 673 3888 cogitatione
715 3814 1228 3888 subintelligendum
1260 3831 1329 3871 ex
1376 3818 1702 3886 prmcedenti
1759 3814 1944 3886 maria,

343 3885 498 3958 quasi
525 3888 725 3942 dixerit
753 3885 1022 3958 Arnobius
1058 3902 1204 3954 aqua:
1249 3885 1426 3944 utaris.
1461 3887 1530 3944 At
1562 3889 1832 3944 lenissima
1863 3885 1946 3944 vi?

343 3956 535 4031 detur,
585 3959 751 4031 immo
803 3956 1133 4031 unice‘lera
1179 3966 1235 4031 et
1265 3961 1331 4031 in
1375 3959 1580 4031 textum
1637 3962 1944 4031 recipienda

343 4029 655 4086 emendatio
683 4027 981 4083 doctissimi
1011 4025 1360 4093 Wakefield,
1383 4030 1436 4084 in
1467 4031 1600 4084 Silv.
1629 4025 1788 4095 CritI,
1811 4044 1940 4086 tom.

340 4119 422 4166 ιιι,
453 4111 586 4156 sect.
625 4101 748 4167 145,
782 4114 902 4170 pag.
929 4098 1071 4154 132:
1106 4101 1204 4154 Aut
1237 4111 1386 4157 terra:
1405 4119 1658 4172 aquarum
1691 4104 1801 4157 Itwc
1826 4107 1952 4158 dul-

341 4189 444 4242 ces,
476 4185 582 4228 ctc.
609 4173 812 4228 Ossan.

419 4267 560 4333 Quid
589 4282 743 4321 venas
773 4264 1029 4338 fistulatas
1060 4274 1119 4338 _et
1149 4265 1510 4338 commeabiles‘
1527 4269 1719 4338 fecerit.
1751 4267 1953 4323 Fecerit

383 4350 476 4394 tuo
501 4352 746 4393 errorem
779 4335 945 4391 fuis~e
971 4335 1140 4404 ipsius
1173 4337 1396 4392 Arnobii
1428 4335 1784 4408 properanter
1814 4343 1951 4395 scri-

418 4409 589 4464 utiset
615 4424 644 4464 a
672 4410 873 4462 directa
903 4408 1325 4478 interrogatione
1351 4409 1709 4464 transilientis
1736 4411 1945 4466 iniudi-

343 4490 546 4536 rertum
586 4498 599 4533 :
633 4494 801 4549 quare
845 4478 978 4549 nilnil
1031 4479 1344 4534 mutandum
1386 4494 1606 4535 censeo.
1649 4480 1950 4538 Gontextus

341 4553 609 4623 ﬂagitaret
639 4547 774 4622 facit.
809 4547 1072 4604 Meursius
1089 4553 1252 4605 etiam
1286 4551 1336 4604 in
1371 4554 1804 4620 przecetlentibus
1828 4569 1952 4608 ver-

342 4622 434 4678 bis
449 4624 673 4677 solidata
697 4630 822 4695 sunt
841 4622 1242 4695 conjunctivmu
1260 4623 1357 4678 sint
1379 4627 1612 4692 reponit.
1635 4635 1689 4678 et
1717 4640 1951 4695 sequen-

343 4697 414 4750 tia
457 4697 525 4750 ιω
573 4695 745 4766 legit:
783 4690 922 4758 Quid
951 4690 1017 4747 in
1063 4694 1257 4748 mundo
1300 4690 1494 4767 faciant
1537 4696 1757 4822 bu(b)ones
1777 4690 1812 4761 ,“
1835 4708 1946 4753 etc.

1647 4783 1802 4822 Βειι.

1647 4783 1802 4829 ιιειι..

415 4859 738 4916 lmmussuli.
761 4861 960 4918 Festus
981 4879 992 4914 :
1012 4859 1350 4916 luimustulus
1379 4859 1488 4914 ales
1509 4877 1573 4914 ea:
1593 4877 1775 4932 genere
1799 4862 1948 4932 aqui-

341 4932 510 4988 larum
534 4941 628 4993 est.
651 4934 743 4988 sed
769 4936 1027 4987 minorum
1048 4934 1254 4994 virium,
1284 4949 1436 4998 quam
1463 4933 1650 4998 aquilte
1683 4949 1702 4986 :
1721 4949 1835 5002 qua
1861 4949 1947 4988 vo-

339 5004 498 5058 lucris
525 5020 644 5057 raro
673 5015 719 5058 et
749 5022 849 5059 non
887 5008 1012 5075 fere.
1040 5015 1376 5074 prouerqu
1403 5019 1532 5062 vere.
1559 5016 1791 5073 apparet,
1825 5007 1947 5072 quia

337 5085 517 5158 mlum
549 5076 878 5158 algoremque
909 5077 1082 5157 metuit
1108 5093 1126 5141 ;
1158 5075 1450 5158 appellatur
1475 5086 1647 5158 autem
1683 5078 1775 5142 ita,
1797 5079 1947 5158 _quod

337 5149 505 5200 subito
537 5156 582 5200 et
610 5144 960 5216 inexspectata
977 5163 1029 5202 se
1050 5147 1290 5199 immitat.
1316 5144 1462 5200 Idem
1487 5162 1498 5200 :
1525 5144 1940 5203 fmmusculus...

338 5218 446 5290 avis
465 5233 654 5290 genus,
675 5235 830 5288 quam
852 5219 943 5272 alii
994 5219 1250 5288 regulum,
1281 5218 1373 5270 alii
1405 5219 1712 5290 ossifragam
1739 5221 1938 5274 dicunt.

338 5286 440 5343 Ubi
463 5286 782 5358 interpretes
798 5286 1198 5353 demonstrant,
1216 5286 1577 5343 immuscalttm
1599 5286 1654 5345 ἐι
1676 5296 1942 5344 intmustu-

337 5359 445 5413 lum
478 5357 622 5414 FeSIi
667 5369 721 5413 et
760 5362 1088 5415 immusulum
1117 5361 1202 5415 vel
1246 5361 1604 5416 immussulum
1638 5363 1859 5416 Arnobii
1889 5373 1944 5418 et

335 5430 736 5487 Glo~sariorum
783 5442 1023 5503 veterum
1056 5447 1178 5487 esse
1226 5447 1391 5488 unum
1443 5432 1710 5503 idemque,
1745 5449 1942 5501 nempe

331 5503 528 5573 aquilo:
557 5517 748 5572 genus.
783 5502 1008 5573 Plinius,
1042 5503 1177 5557 llist.
1208 5503 1352 5562 N:it..
1379 5504 1471 5559 lib.
1506 5521 1564 5568 χ,
1591 5502 1711 5573 cap.
1743 5507 1772 5559 ⁸7
1796 5523 1808 5559 :
1834 5504 1940 5559 lm-

333 5572 623 5647 mussulum
669 5591 890 5646 augures
916 5572 1158 5647 Romani
1188 5591 1387 5647 magna:
1415 5572 1707 5644 quaestionis
1731 5577 1934 5632 habent.

329 5644 506 5715 Aliqui
537 5644 753 5700 vulturis
810 5646 1010 5715 pullum
1061 5644 1396 5712 arbitrantur,
1442 5647 1732 5702 Massurius
1770 5659 1937 5704 autent

330 5717 530 5790 pullum
557 5718 767 5786 aquilar,
815 5718 1116 5790 priusquam
1144 5718 1326 5790 albicet
1353 5719 1540 5790 cauda.
1576 5719 1810 5790 Etymon
1839 5737 1937 5775 vo-

331 5786 411 5862 cis
431 5786 718 5862 diligenter
746 5786 1036 5846 excutitG.
1068 5789 1109 5845 l.
1145 5787 1394 5859 Vossius,
1425 5791 1476 5845 in
1512 5786 1746 5862 Etyniol.
1768 5807 1934 5857 rom.,

333 5854 438 5921 hoc
468 5854 655 5917 verbo.
686 5861 889 5917 Οιιειι.

2055 2873 2124 2929 dc
2153 2872 2474 2940 Philomela,
2509 2889 2649 2930 vers.
2676 2874 2746 2929 42
2781 2891 2794 2928 :

2312 3030 2469 3093 Inque
2493 3029 2783 3095 paludiferis
2808 3032 2946 3082 butio
2975 3032 3100 3083 butit
3126 3033 3286 3096 aquis.

2062 3197 2159 3253 per
2181 3181 2468 3253 buteonem
2495 3181 2799 3253 intelligere
2816 3182 3031 3238 videtur
3051 3197 3212 3236 avem
3240 3179 3474 3253 aliquam
3505 3182 3659 3252 palu-

2057 3251 2250 3320 strenu,
2281 3251 2528 3308 fortassis
2557 3251 2774 3308 ardeam
2817 3255 3118 3318 stellarem,
3169 3252 3660 3380 αἱποιιτάοηεκιι.

3321 3339 3439 3380 ειι..

3321 3339 3439 3380 ειι..

2133 3416 2272 3485 Quid
2303 3417 2449 3471 alites
2477 3426 2524 3471 et
2553 3418 2784 3472 volucres
2808 3427 3024 3472 cetera.
3056 3416 3217 3470 Alites
3241 3416 3496 3472 Romanis
3523 3417 3665 3473 dicc—

2060 3487 2258 3542 bantur
2285 3502 2437 3558 aves,
2471 3504 2592 3558 quae
2621 3489 2721 3542 alis
2746 3498 2802 3544 et
2827 3489 3029 3554 volatu,
3061 3489 3280 3558 oscines,
3306 3504 3428 3558 qua:
3454 3504 3550 3542 ore
3569 3503 3659 3543 ca-

2059 3569 2251 3615 nentes
2299 3557 2568 3614 faciebant
2595 3560 2912 3630 auspicium.
2951 3558 3084 3614 Vide
3116 3557 3264 3614 Fest.
3288 3599 3305 3626 ,
3326 3557 3504 3614 verbo
3534 3561 3662 3614 lates

2061 3642 2116 3686 et
2152 3631 2366 3686 oscines.
2397 3631 2534 3696 Cic.,
2580 3629 2650 3685 de
2678 3629 2798 3686 Nat.
2849 3631 3029 3697 deor.,
3070 3646 3128 3694 ιι,
3167 3630 3260 3692 61.
3307 3640 3361 3686 et
3390 3631 3456 3684 ad
3485 3630 3664 3698 Fam.,

2061 3701 2166 3773 lib.
2184 3718 2268 3773 Δγι,
2301 3703 2458 3773 epist.
2485 3718 2561 3765 Vl,
2595 3701 2775 3773 ibique
2801 3700 3003 3756 Manut.
3028 3703 3119 3772 qui
3147 3701 3305 3773 de__iis
3330 3703 3532 3757 multus
3559 3711 3662 3773 est,

2059 3782 2114 3827 et
2158 3771 2332 3836 Vosi.,
2367 3772 2604 3843 Etymol.
2649 3770 2813 3834 rom.,
2846 3774 3013 3827 verbo
3037 3770 3164 3827 ales.
3205 3770 3302 3827 llic
3348 3775 3531 3842 itaque
3580 3772 3658 3827 di.

2058 3846 2334 3915 stinguere
2387 3843 2598 3897 videtur
2639 3845 2908 3899 Arnobius
2939 3843 3120 3908 alites,
3150 3859 3278 3898 aves
3321 3844 3610 3910 augurales
3633 3858 3663 3898 a

2056 3917 2268 3998 caeteris
2290 3915 2599 3970 volucribus
2615 3957 2629 3980 ,
2664 3931 2893 3985 quorum
2921 3916 3103 3970 nullus
3121 3930 3251 3970 usus
3265 3925 3380 4041 erant
3405 3915 3456 3969 in
3479 3915 3662 3984 auspi-

2056 4001 2176 4041 cns.
3361 4001 3523 4041 ιιιιι..

2056 4001 2176 4041 (3118.
3310 4001 3523 4041 υιιιιι..

2139 4077 2280 4144 Quid
2305 4079 2624 4148 impudentes
2647 4093 2852 4132 musca.
2877 4075 3040 4143 Infra,
3070 4076 3166 4131 lib.
3207 4093 3256 4131 vi
3291 4093 3305 4131 :
3353 4076 3555 4144 Quibus
3585 4092 3659 4130 vo-

2061 4151 2197 4204 latus
2249 4150 2508 4204 iunectare
2543 4148 2879 4204 stridularum
2925 4151 3122 4220 possint
3164 4149 3666 4218 imprudentiamque

2059 4238 2371 4276 muscarum.
2412 4221 2562 4275 liena
2571 4235 2655 4275 ιι).

2129 4337 2357 4394 Sorices.
2387 4337 2524 4394 Vide
2547 4352 2711 4409 supra
2734 4337 2801 4394 ad
2824 4353 2948 4408 cap.
2973 4338 3065 4395 52.
3089 4338 3294 4396 Οκειι..

2127 4450 2388 4524 Τίρρνιιε.
2419 4450 2611 4506 Festus
2645 4469 2671 4524 :7
2693 4450 2920 4522 Tippula
2956 4451 3181 4506 bestiola
3201 4469 3356 4524 genus
3382 4468 3473 4506 sea:
3514 4454 3668 4523 pedes

1977 4504 2031 4564 D
2057 4504 2437 4587 ιιαιελιῑεᾳέεα-
2456 4504 2627 4594 tanta
2655 4504 2893 4594 ιερεῐαιειμ
2939 4532 2994 4576 ιιι
3023 4504 3667 4594 ⁷,.’ρενσάάιλάσι-ἐάξερξ

2057 4609 2158 4648 non
2186 4594 2402 4648 desidat.
2449 4593 2646 4660 Plaut.,
2677 4593 2882 4662 (Fers,
2916 4604 3022 4648 act.
3053 4593 3111 4663 n,
3143 4609 3292 4650 sccn.
3325 4612 3360 4650 ιι
3396 4595 3436 4666 :)

2148 4751 2326 4814 Neque
2351 4750 2552 4816 tippulae
2574 4749 2735 4803 levius
2751 4751 3050 4817 poodusest,
3089 4765 3238 4818 quam
3277 4752 3398 4804 ﬁdes
3443 4753 3664 4805 lenonia.

2054 4900 2143 4956 ubi
2170 4899 2277 4956 vid.
2304 4901 2474 4970 intpp.
2510 4900 2698 4958 Germ.
2733 4902 2818 4959 die
2845 4902 3106 4960 Schnake.
3141 4903 3346 4960 Οιιειι..

2127 4992 2264 5060 Quid
2293 5008 2482 5056 avenae,
2516 4994 2654 5071 quid
2677 4995 2886 5050 lolium!
2907 4995 3196 5067 Coniungit
3219 4997 3378 5052 etiam
3403 4997 3666 5071 Virgilius

2050 5062 2275 5135 Georg,
2301 5079 2340 5118 ι.
2372 5062 2534 5120 vers.
2552 5066 2656 5122 155
2692 5083 2705 5119 :

2175 5217 2352 5269 infelix
2379 5219 2544 5269 lolium
2567 5226 2616 5270 et
2641 5221 2846 5272 steriles
2867 5223 3177 5275 dominantur
3197 5239 3382 5277 avenae.

2045 5366 2134 5444 ubi
2160 5365 2269 5444 vid.
2315 5366 2456 5423 Voll.
2495 5367 2768 5430 Servius,
2793 5367 2860 5424 ad
2886 5371 3068 5444 Eclog.
3103 5373 3336 5444 Virgilii.
3365 5391 3509 5432 vcrs.
3540 5379 3610 5433 57
3643 5396 3657 5432 ;

2047 5435 2262 5512 Steriles
2289 5449 2481 5512 _autem
2524 5452 2712 5512 avenas
2760 5435 3045 5497 secundum
3091 5435 3246 5499 situm
3295 5445 3462 5501 Italiae
3500 5450 3659 5512 dixit,

2044 5508 2513 5589 ωηιξη-Πιναρία
2543 5511 2967 5589 [γυρὶίενωᾲειιηι.
3009 5515 3090 5589 Ex
3122 5531 3230 5584 quo
3274 5517 3392 5570 loco
3434 5508 3663 5589 coniicit

2044 5580 2367 5662 etplnribus
2389 5580 2749 5662 ilemOnstr‘at
2794 5587 3091 5662 _Salmas_ius
3117 5580 3180 5640 a'tl
3217 5589 3456 5644 Solinum
3480 5633 3496 5647 .
3537 5580 3656 5662 pag.

2045 5652 2172 5711 155.
2203 5668 2346 5722 ειη..
2389 5653 2668 5708 Romanos
2717 5658 2922 5712 nullam
2969 5658 3130 5711 aliam
3176 5675 3403 5715 avenam
3439 5652 3664 5720 novisse

2084 5732 2243 5778 mter
2273 5727 2411 5798 lianc
2439 5726 2682 5780 sterilem
2724 5737 2780 5782 ct
2825 5739 3019 5797 Sponte
3051 5731 3488 5798 provenientem,
3521 5735 3665 5791 inter

2068 5797 2299 5876 iumenti
2347 5797 2473 5876 vitia
2505 5801 2968 5876 annumeraudam
3005 5819 3017 5854 :
3053 5797 3188 5856 nihil
3216 5802 3405 5876 itaque
3443 5803 3517 5861 dé
3547 5806 3665 5873 ejus

2043 5867 2253 5924 satione
2282 5867 2386 5938 legi
2409 5867 2552 5939 apud
2577 5869 2827 5942 antiquos
2853 5873 3168 5942 scriptores,
3197 5873 3267 5930 de
3292 5867 3661 5947 Agricultura.
