3872 6364
157 340 259 402 905

1433 340 1668 404 LIBER'
1683 338 2067 406 SECUNDUS.

3354 357 3461 416 906

159 458 364 514 naribus
384 497 398 522 ,
446 465 542 514 aut
588 456 760 515 tristia
790 457 845 512 ln
880 457 1142 517 odoribus
1177 458 1427 516 semina?
1457 460 1660 528 Immo,
1690 462 1738 518 si
1766 464 1815 523 Α
1844 471 1938 517 aut
1966 476 2064 516 cur
2093 461 2396 532 oportuerit
2420 476 2527 520 non
2553 478 2705 532 esse,
2732 467 3117 529 verecundiam
3147 473 3459 532 convenitis

158 554 342 624 aliquid
358 554 505 620 sciri,
527 552 914 622 comprehendi
932 563 1026 608 aut
1054 554 1254 625 aliquid
1286 569 1444 624 posse
1472 558 1735 623 censetis,

157 648 272 717 quid
289 648 357 702 sit
380 647 638 713 triticum,
664 644 825 703 dicite
848 665 860 700 :
881 646 985 713 far,
1012 647 1298 716 hordeum,
1324 649 1554 713 milium,
1573 650 1738 717 cicer,

163 737 293 806 faba,
323 740 595 806 lenticula,
618 739 907 803 melonula,
944 741 1219 795 cuminum
1248 750 1294 807 τι,
1327 743 1569 811 porrina,
1603 742 1741 812 ulpi-

155 849 288 900 cum,
316 837 488 906 cepe?
517 835 634 891 Non
661 836 806 892 enim
835 837 880 891 si
913 834 1107 892 fructui
1135 838 1288 894 vobis
1317 848 1479 905 sunt,
1510 848 1564 895 et
1589 838 1742 894 cibo-

155 943 264 982 rum
294 927 486 983 mediis
513 929 566 981 in
596 929 888 998 generibus
908 929 1204 984 constituta
1225 971 1240 996 ,
1269 930 1581 1000 expeditum
1609 972 1625 997 ,
1653 938 1747 985 aut

156 1027 449 1090 promptum
498 1029 602 1086 est,
645 1020 772 1090 quid
821 1021 932 1075 sint
957 1020 1187 1090 singula,
1207 1021 1353 1076 scire
1384 1040 1396 1076 :
1424 1038 1520 1077 cur
1550 1022 1747 1076 talibus

155 1117 364 1185 figurata
389 1115 501 1169 sint
527 1113 751 1169 formis?
784 1114 947 1170 fuerit
985 1115 1282 1170 necessitas
1309 1116 1506 1186 aliqua,
1541 1127 1600 1169 ut
1640 1131 1747 1171 non

154 1208 280 1263 alios
308 1223 552 1278 sapores,
582 1209 718 1264 alios
754 1208 973 1274 odores,
1005 1207 1140 1263 alios
1169 1209 1400 1272 colores,
1425 1224 1584 1277 quam
1615 1223 1750 1279 quos

153 1300 340 1357 habent
388 1302 614 1372 singulae
667 1317 778 1366 res,
833 1302 1034 1358 habere
1078 1302 1385 1370 debuerint,
1436 1319 1503 1357 an
1531 1312 1586 1358 et
1615 1303 1750 1358 alios

154 1394 412 1464 potuerint
436 1394 688 1449 sumere?
732 1393 851 1463 Ipsa
882 1393 1082 1449 deinde
1114 1395 1228 1449 haec
1270 1395 1398 1464 quid
1428 1395 1557 1460 sint,
1587 1409 1752 1463 sapor

157 1485 289 1550 dico,
318 1495 375 1540 ut
415 1497 501 1541 est
529 1500 714 1556 sapor,
745 1496 800 1541 et
826 1495 1022 1542 extera
1065 1487 1387 1558 qualitatum
1410 1485 1439 1524 ι)
1466 1487 1752 1542 distantias

155 1577 335 1647 quibus
362 1591 432 1632 ex
487 1577 783 1634 rationibus
814 1578 1058 1634 ducant?
1093 1579 1168 1633 Ex
1199 1579 1521 1644 elementis,
1578 1581 1754 1651 inqui-

157 1669 219 1723 tis
235 1710 249 1735 ,
270 1678 324 1724 et
346 1683 409 1724 ex
441 1668 829 1739 principalibus
853 1669 1152 1740 originibus
1180 1686 1383 1726 rerum.
1406 1673 1605 1725 Amara
1630 1682 1755 1727 sunt

155 1764 288 1819 enim
313 1764 606 1827 elementa,
638 1762 724 1819 vel
748 1763 924 1818 dulcia
948 1804 962 1828 ,
991 1763 1174 1819 odoris
1201 1772 1331 1818 sunt
1363 1764 1592 1835 alicujus
1614 1806 1630 1830 ,
1665 1767 1754 1821 vel

1843 554 2228 611 etdilaceratis
2255 566 2496 611 nostram
2526 575 2538 611 :
2565 559 2654 628 qui
2693 576 2812 630 quae
2849 573 3124 631 nequeunt
3168 564 3331 633 sciri,
3367 584 3462 623 ne-

1844 648 1990 702 scire
2031 662 2132 704 nos
2159 649 2500 716 confitemur,
2532 665 2709 720 neque
2735 667 2797 707 ea
2837 655 3160 725 conquirere
3188 667 3281 712 ant
3311 661 3459 715 inve-

1845 739 2046 808 stigare
2107 754 2396 807 curamus,
2439 756 2560 810 quae
2601 746 2988 813 comprehendi
3041 747 3458 817 liquidissimum

1846 840 1929 885 est
1980 847 2086 885 non
2136 847 2296 901 posse
2317 874 2332 898 ,
2365 834 2612 901 quamvis
2642 836 2788 890 mille
2811 851 2907 905 per
2936 839 3100 893 corda
3135 842 3371 910 suspicio
3402 859 3462 898 se

1847 921 2265 992 porrigatatque
2294 923 2536 978 intendat
2558 925 2811 980 humana.
2837 926 2905 981 Et
2929 928 3052 983 ideo
3065 929 3313 986 Christus
3338 932 3467 987 licet

1849 1015 2004 1070 vobis
2027 1016 2208 1070 invitis
2235 1017 2396 1083 Deus,
2431 1018 2573 1072 Deus
2604 1020 2820 1089 inquam
2854 1019 3102 1077 Christus
3123 1065 3138 1090 ,
3190 1024 3295 1080 hoc
3315 1027 3463 1079 enim

1848 1121 1992 1176 saepe
2025 1107 2313 1163 dicendum
2343 1119 2458 1176 est,
2491 1118 2549 1165 ut
2578 1111 2878 1167 infidelium
2916 1113 3148 1170 dissiliat
3173 1127 3228 1171 et
3251 1119 3462 1173 dirum-

1852 1211 2013 1270 patur
2041 1203 2278 1269 auditus,
2311 1204 2405 1259 Dei
2436 1205 2689 1276 principis
2716 1207 2957 1275 jussione
2989 1210 3214 1280 loquens
3235 1213 3338 1266 sub
3371 1213 3469 1268 lto-

1855 1297 2017 1350 minis
2047 1297 2241 1364 forma,
2300 1313 2422 1353 cum
2454 1301 2761 1355 mortalium
2795 1303 2960 1358 sciret
2987 1319 3187 1360 caecam
3219 1320 3340 1360 esse
3380 1322 3468 1361 na-

1854 1397 2050 1457 turam,
2085 1407 2261 1461 neque
2288 1393 2450 1448 ullam
2478 1409 2635 1463 posse
2660 1397 3124 1466 comprehendere
3155 1402 3464 1470 veritatem,

1860 1483 2153 1552 positarum
2186 1501 2287 1541 nec
2314 1497 2440 1542 ante
2469 1489 2653 1542 oculos
2682 1505 2883 1555 rerum,
2921 1506 3019 1561 pro
3049 1474 3331 1564 comperto
3372 1496 3470 1550 ha-

1858 1572 2013 1637 bere,
2045 1583 2099 1629 et
2144 1577 2401 1646 cognito,
2448 1577 2708 1648 quidquid
2760 1580 2863 1634 sibi
2917 1596 3039 1636 esse
3086 1586 3381 1647 suasisset.
3415 1597 3472 1643 ct

1861 1681 2084 1736 prorsus
2121 1678 2142 1704 ο
2174 1669 2576 1737 suspicionibus
2626 1670 2912 1738 haesitare,
2971 1673 3235 1743 litigiosus
3286 1693 3472 1734 serere

1859 1767 2017 1828 atque
2047 1759 2328 1814 intendere
2349 1762 2676 1829 quaestiones
2707 1780 2720 1816 :
2746 1765 2924 1818 omnia
2954 1764 3055 1818 ista
3095 1782 3194 1820 nos
3224 1768 3470 1838 linquere

156 1856 344 1922 oloris,
378 1866 435 1910 ut
465 1871 535 1912 ex
564 1870 750 1911 eorum
800 1857 1151 1912 concretione
1196 1856 1484 1912 credamus
1525 1859 1748 1926 partitas
1781 1844 1826 1904 Β
1853 1861 1908 1906 ει
1941 1851 2263 1920 posthaberc
2295 1857 2588 1923 praecepit:
2622 1872 2794 1926 neque
2827 1859 2879 1912 in
2908 1873 2997 1912 res
3027 1874 3119 1912 cas
3144 1901 3158 1924 ,
3189 1878 3309 1930 quae
3363 1863 3474 1918 sint

156 1963 267 2005 esse
308 1949 359 2004 in
412 1949 761 2005 nascentibus
815 1949 1127 2019 qualitates,
1159 1949 1358 2020 quibus
1387 1960 1481 2004 aut
1510 1951 1753 2006 suavitas

156 2041 401 2106 nascitur,
431 2049 528 2097 aut
554 2042 805 2098 sensibus
828 2041 1061 2098 offensio
1091 2043 1477 2114 comparatur?

217 2131 323 2188 LX.
339 2133 473 2190 Cum
505 2134 665 2205 igitur
694 2142 750 2190 et
771 2148 867 2189 vos
896 2134 1044 2204 ipsos
1075 2143 1345 2188 tantarum
1378 2149 1443 2189 ac
1469 2143 1546 2190 tot
1571 2151 1751 2192 rerum

155 2223 349 2294 fugiant
396 2226 666 2297 origines,
719 2224 928 2296 fugiant
973 2240 1187 2288 causae,
1244 2225 1453 2296 fugiant
1491 2228 1749 2297 rationes,

154 2331 318 2388 neque
347 2318 646 2388 explanare
674 2317 895 2388 possitis
923 2317 1051 2387 quid
1082 2319 1152 2372 sit
1181 2316 1405 2378 factum.
1431 2328 1523 2373 aut
1549 2334 1716 2390 quare
1738 2361 1752 2386 ,

1862 1960 1892 1999 a
1930 1955 2114 2000 nostra
2147 1948 2334 2015 procul
2365 1948 2677 2019 cognitione
2702 1951 2953 2016 dimotze,
2979 1951 3343 2009 infructuosas
3369 1957 3474 2010 im-

1861 2039 2080 2093 mittere
2104 2041 2478 2109 cogitationes.
2531 2042 2636 2096 Scd
2665 2053 2925 2114 quantum
2949 2045 3066 2100 fieri
3094 2048 3236 2117 potis
3257 2062 3340 2102 est
3362 2091 3376 2113 ,
3403 2051 3470 2106 ad

1861 2132 2142 2190 dominum
2171 2151 2351 2191 rerum
2383 2146 2490 2190 tota
2525 2147 2708 2192 mente
2755 2148 2916 2209 atque
2946 2141 3128 2195 animo
3160 2145 3427 2211 prolicisci
3456 2187 3471 2212 ,

1861 2227 2074 2282 sustolli
2102 2227 2172 2281 ab
2202 2228 2284 2282 his
2302 2229 2452 2292 locis,
2475 2239 2634 2299 atque
2654 2228 2706 2284 in
2727 2245 2849 2285 eum
2875 2232 3160 2288 traducere
3181 2249 3475 2303 suspensas

1861 2325 2098 2393 pectoris
2124 2325 2531 2391 conversiones,
2564 2328 2881 2382 memoriam
2906 2327 3024 2398 ejus
3050 2328 3256 2384 habere
3280 2345 3475 2401 perpe-

1412 2433 1708 2492 LECTION
1718 2436 1796 2495 ES
1835 2437 2256 2496 VARIANTES.

211 2551 864 2626 “.Corrige:melo,lnula,
910 2565 1179 2605 cuminum.
1225 2554 1318 2605 Ms.
1368 2550 1753 2618 vitiose:melo,

156 2628 405 2667 cuminum.

1916 2554 1945 2595 ι)
1984 2555 2015 2605 Ι
2017 2560 2067 2605 ια
2095 2552 2236 2606 Fulv.

1919 2619 1941 2649 °
1979 2617 2086 2668 Nec
2112 2631 2312 2682 prorsus
2334 2632 2425 2670 ms.

1519 2723 2096 2782 COMMENTARIUS.

155 2842 315 2896 Artena
353 2843 536 2915 itaque
576 2841 680 2915 hoc
728 2841 855 2915 loco
890 2840 1205 2915 Graecorum
1258 2841 1498 2915 αὶγίλωψ,
1546 2842 1749 2915 wilder,

155 2915 319 2988 tauber
355 2913 543 2988 Hafer,
575 2913 712 2967 bene
732 2912 1165 2988 distingtendaa
1199 2912 1408 2988 βρρμῳ,
1443 2912 1753 2988 avenafru-

189 2984 310 3039 ifera
342 2994 396 3040 et
421 2983 616 3046 sativa,
647 2999 806 3053 quam
839 2999 868 3037 a
909 2983 1209 3038 Thracibus
1237 2983 1475 3039 'Servius
1526 2983 1566 3037 l.
1616 2985 1679 3047 l.,
1722 2998 1753 3036 a

199 3057 444 3111 ertnanize
464 3055 679 3126 populis
711 3055 841 3126 seri,
873 3055 1092 3126 necialia
1124 3055 1270 3121 pulte
1288 3066 1384 3108 eos
1405 3053 1610 3126 vivere,
1646 3053 1752 3106 Pli-

157 3129 268 3181 nius
294 3124 561 3184 memorat
590 3125 726 3182 Hist.
759 3124 904 3187 Nat.,
943 3125 1033 3179 lib.
1068 3140 1225 3187 xvttt,
1253 3139 1373 3192 cap.
1425 3125 1510 3177 l7.
1544 3124 1750 3178 OnsLL.

223 3205 320 3251 Aut
369 3198 539 3251 tristia
590 3199 642 3248 in
689 3195 934 3250 odoribus
963 3196 1178 3248 semina.
1209 3194 1482 3250 Scht'Cll.
1539 3195 1752 3264 legend.

158 3270 288 3340 conj.
317 3269 487 3323 tristia
535 3267 803 3328 nidoribus
819 3268 1047 3340 semina,
1082 3267 1266 3340 male:
1300 3265 1453 3319 nidor
1479 3267 1622 3320 enim
1667 3281 1756 3340 so-

159 3337 424 3397 lummodo
451 3341 722 3409 signiﬁcat
763 3338 986 3392 odorem
1015 3353 1193 3391 rerum
1224 3337 1590 3409 incensurum,
1623 3337 1756 3390 adu-

159 3423 384 3476 starnm,
438 3407 713 3477 nunquam
769 3409 993 3464 odorem
1046 3409 1239 3462 florum
1290 3418 1385 3460 ant
1440 3407 1750 3462 herbarum.

161 3483 290 3540 Guil.
319 3481 567 3545 Canter.,
604 3481 724 3534 Var.
748 3480 948 3545 Lectt.,
969 3478 1133 3542 ".22,
1158 3494 1276 3547 pag.
1308 3479 1434 3541 584,
1459 3489 1630 3548 putat,
1651 3495 1753 3532 una

160 3570 281 3609 voce
327 3553 617 3623 legendum
668 3551 984 3623 inodoribus,
1045 3550 1096 3605 id
1147 3561 1231 3623 est
1277 3549 1454 3623 nullis
1486 3549 1569 3623 vel
1599 3549 1753 3603 malis

160 3621 427 3682 odoribus.
453 3623 910 3694 quemadmodum
961 3622 1245 3694 Lucretius
1288 3621 1486 3674 dixerit
1526 3621 1754 3694 intactus

161 3691 686 3779 pro'nullusvtactus.
729 3692 835 3779 Sed
867 3692 1042 3779 fateor
1085 3705 1170 3779 tne
1213 3691 1754 3779 frustra'qtluesivisse

161 3761 210 3822 in
247 3767 498 3822 Lucretio
538 3765 934 3821 substantivum
967 3765 1208 3822 intactus,
1259 3774 1313 3817 et
1361 3761 1497 3815 nihil
1547 3771 1758 3816 mutan-

161 3838 302 3902 dum,
335 3854 460 3894 nam
502 3835 912 3906 praepositiones
936 3835 1012 3906 in,
1040 3850 1124 3897 ex,
1153 3833 1246 3906 sub
1273 3833 1756 3906 apudAArnobium

162 3911 452 3984 saepissime
467 3903 933 3984 grapﬂxrmsupra
952 3905 1384 3984 observavimus.
1414 3903 1681 3984 Caeterum
1698 3904 1755 3984 in

162 3975 588 4050 pri'cedentibu's
618 3977 794 4050 verbis
825 3975 921 4046 pro
947 3976 1232 4050 redolentia
1263 3975 1562 4050 Salmasius
1589 3975 1760 4050 edidit

163 4045 524 4106 suaveolentia.
559 4048 664 4104 Sed
699 4047 772 4101 nil
803 4045 1138 4101 mutandum.
1174 4045 1302 4100 Nam
1334 4047 1566 4099 redolere
1594 4046 1754 4102 abso-

164 4121 264 4194 lute
291 4123 777 4194 positutnpsemper
807 4119 921 4174 fere
949 4118 1128 4194 legem
1157 4117 1389 4194 aliquem
1431 4132 1758 4187 suavemque

163 4187 386 4263 odorem
404 4187 702 4263 signiﬁcat.
720 4188 796 4244 Ita
823 4189 963 4263 apud
994 4188 1264 4263 Ovidium,
1286 4187 1584 4263 Met.._vttt_,
1612 4203 1756 4242 vers.

167 4263 265 4319 675
301 4283 312 4319 :
344 4261 412 4318 Et
439 4257 492 4316 ιῖι
538 4262 732 4333 patulis
761 4259 1049 4333 redolentia
1079 4260 1217 4333 mala
1245 4257 1760 4333 canistris._Frustra

167 4343 428 4389 tentarunt
446 4329 818 4401 alii-legentes,
835 4332 1089 4390 Italantia,
1111 4332 1200 4383 alii
1225 4331 1468 4384 ridentia.
1503 4329 1706 4384 ORELL.

234 4404 388 4461 Melo.
416 4406 493 4460 lta
519 4420 622 4458 ms.
644 4403 852 4472 Legunt
874 4401 960 4455 alii
985 4402 1152 4455 inula.
1177 4401 1441 4455 Vcennius
1459 4417 1599 4455 nunc
1627 4417 1761 4455 enu-

167 4477 264 4532 lam
293 4494 322 4532 a
349 4490 530 4541 graeco
573 4474 712 4527 forte
730 4471 931 4529 ίέλένιον.
962 4472 1109 4526 lnnla
1143 4488 1272 4527 vero
1307 4471 1507 4544 (Alunt)
1542 4473 1766 4540 proritat

168 4548 524 4610 stomachum,
545 4555 601 4600 et
616 4547 815 4599 excitat
836 4546 1132 4613 appetitum
1154 4565 1165 4597 :
1184 4544 1415 4611 duplicis
1426 4553 1508 4597 est
1527 4545 1763 4613 generis;

169 4619 327 4673 acida:
376 4629 502 4673 sunt
536 4617 658 4671 alia:
680 4657 694 4677 ,
726 4614 844 4670 alia:
893 4630 1113 4670 antarze.
1160 4613 1278 4670 Vid.
1331 4614 1495 4680 Plin.,
1530 4615 1622 4669 lib.
1653 4629 1763 4679 xix,

170 4704 280 4761 cap.
307 4691 360 4753 5;
388 4690 606 4749 Horat,
640 4702 696 4751 ll,
728 4695 830 4741 sat.
858 4702 893 4740 ιι
926 4703 941 4739 :

352 4805 521 4869 Atque
545 4802 710 4853 acidas
733 4801 920 4852 mavult
944 4800 1118 4850 inulas.

173 4919 225 4967 et
247 4910 436 4968 eodem
461 4909 604 4963 libro
630 4917 731 4961 sat.
757 4923 847 4963 vnt
881 4924 896 4965 ε

417 5063 429 5075 .
470 5062 482 5074 .
525 5061 538 5072 .
581 5062 591 5072 .
626 5020 790 5071 Innlas
807 5034 903 5082 ego
928 5021 1116 5084 primus
1149 5031 1342 5068 amaras

421 5085 692 5136 Monstravi
719 5084 1008 5146 incoquere.
1441 5141 1483 5197 Ρ

1486 5156 1608 5198 nton

246 5262 493 5318 Porrina.
527 5261 584 5316 In
612 5259 758 5316 fuam.
783 5272 981 5329 genere
1003 5273 1099 5326 pro
1120 5272 1276 5327 porro
1301 5255 1583 5323 usurpavit
1614 5253 1774 5329 etiam

181 5333 306 5389 (lato
340 5333 408 5390 de
455 5334 537 5388 Re
584 5341 720 5385 rust.
765 5323 886 5395 cap.
916 5323 1017 5382 47(
1040 5340 1091 5381 ιιι
1120 5323 1307 5397 cepina
1350 5342 1446 5394 pro
1473 5343 1596 5397 cepa
1637 5323 1776 5393 apud

181 5405 482 5462 Columell..
513 5418 730 5472 κηρίῳ.
756 5404 810 5461 3.
834 5401 861 5472 §
886 5400 974 5463 36,
1008 5400 1093 5472 ed.
1122 5396 1442 5472 schneiiler.
1477 5396 1675 5472 OBELL.

254 5475 519 5542 Ulpicum.
551 5467 737 5529 Genus
763 5467 874 5525 allii
904 5471 1182 5542 grandius,
1205 5470 1348 5541 quod
1380 5467 1574 5530 Grtcci,
1606 5477 1662 5520 ιιι
1694 5482 1778 5542 re-

185 5545 282 5602 fert
303 5539 603 5603 Colunnella
629 5545 722 5610 (de
748 5543 828 5598 lle
859 5539 1017 5615 rust”
1048 5543 1144 5597 lib.
1176 5539 1252 5602 χι.
1274 5555 1410 5615 cap.
1448 5543 1503 5615 ὅ)
1537 5539 1783 5615 depono:

187 5615 847 5694 E0601,‘qlllganlh?_"illl‘ll
889 5614 1146 5694 Punicum
1206 5613 1288 5665 vel
1317 5610 1781 5694 C)’D‘l"illnl;:8l(‘ll.ll

188 5681 577 5764 'docet_Piinius
605 5684 768 5764 _(_llist.
795 5684 952 5764 βαι...
1114 5700 1225 5747 χιχ,
1263 5681 1492 5764 οίιρζβὶε
1521 5682 1611 5764 alii
1642 5681 1784 5764 (ιιιιὲ-

190 5759 431 5814 scorodon
457 5751 756 5829 appellant.
794 5757 866 5810 De
886 5755 976 5810 illo
995 5755 1215 5811 Plautus
1240 5751 1434 5810 cecinit
1455 5752 1532 5821 (in
1556 5751 1782 5816 Poenuli,

191 5840 287 5888 act.
313 5846 368 5898 v,
396 5826 595 5888 sana.
624 5827 678 5881 5.
709 5826 728 5896 )
755 5845 768 5881 :

591 5924 866 5984 PATROL.
915 5921 990 5980 ν.

1992 2881 2092 2909 ._
2146 2878 2169 2909 ._
2203 2882 2222 2909 ._
2253 2879 2270 2909 ._
2307 2880 2317 2891 .
2362 2877 2374 2891 .
2411 2877 2425 2890 .
2470 2885 2478 2893 .
2520 2878 2533 2892 .
2569 2844 2695 2894 Tum
2718 2855 2883 2909 autem
2907 2848 3100 2909 plenior

1981 2904 2094 2954 Allii
2123 2905 2394 2966 ulpicique,
2417 2919 2563 2968 quam
2584 2917 2697 2956 sunt
2720 2904 2923 2958 Romani
2951 2915 3189 2976 remiges.

1857 3008 2075 3063 Videsis
2090 3007 2267 3062 adhuc
2292 3007 2590 3063 Palladium
2609 3010 2678 3064 de
2701 3011 2781 3065 Re
2810 3022 2970 3089 rt_t_st.,
2996 3014 3088 3068 lib.
3127 3032 3224 3075 ιιι.
3261 3032 3380 3089 cap.
3423 3023 3474 3077 6.

2847 3083 3081 3145 Nouum,
3113 3105 3164 3153 p.
3201 3089 3331 3144 570.

1935 3157 2108 3226 Sapor
2156 3160 2292 3217 dico.
2324 3169 2377 3211 ut
2421 3169 2492 3213 est
2539 3177 2713 3228 sapor,
2771 3171 2817 3214 cl
2864 3174 3068 3217 cwtcra.
3119 3166 3191 3219 lla
3244 3173 3484 3227 correxit

1784 3249 1829 3313 ρ
1862 3228 2127 3313 Meursius
2159 3240 2211 3283 et
2238 3230 2324 3283 ed.
2355 3230 2532 3313 L_ugd._
2560 3231 2763 3313 Daunia
2795 3244 2870 3313 est
2903 3251 3082 3302 sapor,
3118 3238 3235 3292 scil.
3268 3240 3331 3313 in_
3363 3243 3471 3295 sin-

1864 3302 2001 3368 gulis
2049 3301 2232 3364 rehus,
2266 3303 2408 3371 quod
2456 3301 2973 3370 sttbintelligendum
3008 3323 3072 3360 ex
3106 3311 3481 3366 antecedenti.

1864 3371 1984 3426 bus.
2007 3371 2164 3446 _(_Iod._
2187 3387 2288 3446 ins.
2319 3373 2384 3446 id
2400 3384 2472 3426 est
2496 3389 2673 3446 sapor,
2700 3373 2850 3446 nullo
2875 3391 3056 3431 senSn.
3086 3379 3349 3446 Equidem
3382 3400 3480 3438 an-

1865 3451 1972 3518 tem
1997 3443 2242 3518 _lleraldo
2275 3443 2437 3497 verba
2474 3448 2594 3518 lure
2617 3444 2684 3496 de
2710 3444 3050 3500 Glossemate
3093 3443 3346 3518 suspecta
3381 3457 3444 3508 Ita
3465 3487 3480 3497 -

1864 3514 2008 3585 benti
2033 3514 2337 3582 legentiqnc
2360 3531 2517 3582 sapor
2542 3515 2657 3567 dico
2684 3527 2730 3566 et
2754 3529 2937 3571 Cretera
2955 3514 3476 3585 prorsnsassentior.

1861 3584 2131 3662 Qeterstin
2149 3585 2418 3662 Arnobius-
2434 3591 2533 3640 hoc
2553 3587 2671 3640 loco
2690 3584 3189 3655 expressitversum
3209 3593 3443 3650 Lucretii
3464 3639 3479 3662 ,

1863 3654 1956 3708 lib.
1993 3671 2072 3721 ιιι,
2103 3670 2247 3709 vers.
2279 3655 2409 3710 268.

1989 3769 2076 3835 Est
2092 3770 2231 3835 odor,
2258 3777 2312 3819 et
2333 3769 2530 3832 quidam
2554 3769 2689 3835 calor
2713 3780 2769 3822 ct
2794 3787 2956 3835 sapor,
2987 3783 3037 3825 et
3062 3784 3227 3828 tamen
3249 3794 3312 3829 ex
3336 3783 3414 3831 his

1992 3831 2234 3883 Omnibus
2251 3838 2328 3881 est
2352 3831 2500 3881 unum
2523 3833 2794 3896 perfectum
2818 3831 3041 3899 corporis
3065 3854 3298 3901 augmen.

3015 3904 3220 3957 “neu.

1943 4009 2133 4061 Oderis
2176 4017 2295 4061 sunt
2342 4009 2566 4076 alicujus
2611 4008 2689 4060 vel
2741 4008 2920 4062 oloris.
2971 4010 3282 4066 Lectionem
3338 4019 3475 4075 hanc

1866 4081 2239 4153 probaverunt
2256 4079 2365 4153 _viri
2395 4079 2720 4153 doctissimi,
2755 4079 3018 4135 Meursius
3050 4084 3100 4135 in
3129 4087 3375 4153 Append.
3411 4090 3472 4144 C.

1865 4150 2136 4226 Dartliitts,
2193 4149 2573 4226 Ad_ve_rs.._lib.
2631 4166 2831 4226 xxxv”.
2881 4167 3000 4226 capp.
3036 4149 3254 4226 egoeg.
3309 4160 3478 4226 N384;

1865 4222 2088 4294 Colvius
2141 4230 2197 4294 et
2241 4220 2616 4294 Oudendorp,
2676 4221 2740 4294 ad
2798 4221 3035 4294 Apulei,
3091 4220 3241 4290 Meti,
3294 4229 3386 4282 lib.
3436 4220 3474 4294 t,

1868 4307 1990 4366 pag.
2023 4291 2360 4366 57._Opponit
2385 4293 2639 4366 nimirum
2667 4291 2957 4366 Arnobius,
2986 4305 3041 4346 ιιι
3067 4296 3242 4350 dulcia
3259 4291 3472 4366 (turmis,

1869 4361 2018 4417 ita’el
2052 4363 2260 4416 odorem
2305 4362 2456 4424 olori,
2512 4362 2560 4413 Μ
2605 4369 2688 4415 est
2737 4362 2956 4428 bonum,
2981 4381 3199 4420 suavem
3251 4361 3474 4428 odorcni

1872 4435 2012 4486 malo
2034 4443 2082 4488 et
2117 4443 2277 4486 tetro.
2311 4433 2438 4485 Olor
2469 4431 2592 4485 scil.
2618 4445 2692 4484 est
2723 4434 2893 4485 malus
2912 4435 3064 4494 odor,
3090 4439 3266 4492 [mum
3295 4442 3474 4498 Gloss.

1871 4505 2059 4560 Isidor.
2099 4505 2444 4558 Olacitas.....
2478 4502 2794 4568 (mittentia,
2828 4505 2958 4558 olor.
3008 4507 3222 4565 Apulei.
3271 4512 3307 4565 Ι.
3347 4513 3381 4566 l.
3415 4519 3477 4570 Αι

1794 4570 1959 4630 Dille
1988 4577 2136 4655 o_lore_
2158 4575 2708 4655 alioquispurcissimi
2754 4577 2984 4655 [tumoris
3028 4594 3320 4648 percussus.
3377 4606 3477 4655 quo

1877 4660 1957 4700 me
1986 4643 2335 4719 Laiatiwuilltt:
2357 4647 2660 4712 infecerant,
2685 4643 3037 4719 uehementer"
3050 4664 3374 4719 asperum”.
3389 4643 3478 4715 ἰιζι

1878 4717 2018 4788 apud
2056 4717 2220 4780 Virgil
2254 4758 2266 4776 .
2297 4715 2517 4784 Georg,
2563 4732 2634 4777 tv,
2670 4715 2758 4772 49.
2789 4717 2995 4784 aliquot
3025 4715 3350 4779 ineinbranze
3380 4729 3476 4783 ha.

1880 4790 2009 4844 bent
2045 4807 2056 4842 :
2091 4789 2193 4840 Aut
2223 4789 2306 4839 ubi
2331 4789 2442 4840 olor
2466 4789 2594 4840 omni
2624 4788 2824 4855 gravis,
2852 4799 2956 4842 etc.
2991 4806 3087 4858 pro
3110 4794 3257 4849 odor.
3291 4797 3479 4855 Etlitor

1882 4859 2054 4936 Lugd.
2101 4859 2218 4912 Bal.
2251 4874 2332 4936 _ex
2380 4873 2479 4936 tus.
2513 4858 2662 4936 dedit
2701 4859 2937 4936 :pdoris
2987 4873 3103 4914 sunt
3141 4866 3363 4936 alicujus
3406 4875 3481 4928 vel

1883 4929 2089 4987 coloris.
2123 4933 2265 4999 quod
2307 4929 2522 4998 quidem
2555 4929 2768 4983 defendi
2811 4942 3010 4996 posset,
3047 4942 3103 4986 nt
3144 4929 3334 4994 sensns
3365 4945 3433 4996 sit
3465 4963 3478 4998 ε

1890 5002 2078 5080 Odm-.58
2096 5012 2214 5080 8,5,."
2240 5000 2551 5080 “geminare!
2572 5002 2759 5054 coloris
2782 5012 2868 5080 aut
2888 5005 3056 5056 suavis
3072 5017 3159 5057 aut
3186 5009 3477 5080 injuruudi,

1886 5073 2028 5143 quod
2071 5071 2580 5140 subintelligentlttm
2611 5086 2640 5124 c
2674 5073 2916 5143 prosinte
2957 5071 3306 5143 Seque-utilius
3357 5071 3478 5139 γε·τᾷ

1885 5142 1968 5198 bis
2004 5161 2016 5196 :
2051 5153 2106 5196 et
2137 5144 2236 5195 ista
2271 5144 2428 5196 lectio
2458 5142 2888 5209 pratcedentibns
2916 5142 3100 5208 etiam,
3135 5150 3287 5212 fuerit
3311 5171 3484 5209 nec“-

1884 5216 2010 5270 sitas
2050 5214 2253 5285 aliqua,
2299 5223 2354 5285 ut
2387 5230 2486 5285 non
2525 5213 2653 5265 alios
2685 5230 2926 5281 sapores,
2965 5216 3094 5267 alios
3122 5220 3327 5285 odores,
3356 5229 3486 5282 alios

1885 5283 2196 5358 colores”...
2233 5283 2415 5358 habere
2440 5284 2740 5358 debuerint,
2771 5287 3016 5358 apprime
3042 5283 3402 5358 congrumita
3429 5311 3486 5353 ut.

1885 5357 2146 5421 dubitent,
2181 5356 2412 5410 ulralioc
2445 5359 2559 5408 loeti
2582 5355 2910 5422 przl'fercnda
2939 5358 3026 5408 sit.
3060 5355 3263 5416 Otii-:LL.

1962 5426 2074 5481 LX.
2108 5457 2180 5469 —
2239 5427 2471 5480 Dissiliat
2526 5438 2570 5478 et
2629 5426 2953 5493 dirumputur
3010 5432 3238 5488 auditus.
3299 5435 3491 5492 Cicero

1889 5515 1988 5569 pro
2018 5499 2180 5552 dotno
2212 5514 2307 5553 sua
2352 5497 2416 5550 ad
2465 5497 2755 5551 Pontifices
2788 5497 3201 5569 {Disrmnpatur
3247 5507 3360 5558 licet
3395 5511 3490 5562 ista

1891 5567 2222 5650 Ῑιινὶςίηαιηιιε
2248 5569 2427 5621 audiat
2451 5569 2558 5621 haec
2577 5583 2640 5620 ex
2669 5583 2767 5620 me.
2796 5567 3276 5643 Εωιεκιιζνίτεηη
3302 5577 3486 5650 Eclog.

1892 5641 1986 5708 vit,
2002 5641 2167 5696 26....

2111 5731 2296 5781 Invidia
2318 5737 2608 5794 rumpantur
2635 5737 2689 5779 ut
2715 5730 2797 5779 illa
2824 5729 2999 5780 Codro.

1897 5815 2494 5880 OnsLL.—-llemSterlt.
2516 5813 2580 5870 ad
2595 5813 3067 5880 Lueian.'l‘imon.,
3087 5817 3212 5887 gto.
3233 5817 3503 5882 Ocusxnn,

2817 5904 2896 5968 29
