3872 6348
97 390 202 450 909

1389 385 1598 444 LIBER
1635 384 2018 445 SECUNDUS.

3325 393 3430 446 91v

95 505 414 576 pollicetur,
445 511 717 561 certorum
749 503 1060 559 animalium
1103 504 1366 575 sanguine
1399 503 1709 559 numinibus
1737 507 1790 568 Λ
1816 502 2001 558 mundi
2026 501 2286 573 partibus,
2307 509 2400 557 aut
2428 502 2740 575 regionibus
2767 501 2983 570 fuerint,
3017 503 3431 573 corruptibiles,

96 597 260 653 certis
282 594 436 664 dato,
469 597 678 652 divinas
706 597 913 652 animas
940 596 1076 663 ﬁeri,
1100 605 1157 652 et
1186 597 1254 652 ab
1283 595 1494 665 legibus
1523 605 1719 650 morta-

95 689 263 745 litatis
287 689 468 745 educi.
497 689 872 745 Blandimenta
904 690 1023 744 Iuno
1048 704 1203 750 cassa
1225 698 1372 754 sunt,
1401 699 1458 744 et
1478 687 1718 743 inanium

97 783 338 840 fomenta
369 790 641 839 votorum.
695 783 928 839 Servare
970 782 1180 838 animas
1227 783 1387 848 alius,
1443 781 1544 836 nisi
1578 781 1720 837 Deus

98 878 449 948 omnipotens
488 893 594 933 non
624 887 834 948 potest;
862 892 961 932 nec
988 885 1251 948 praeterea
1284 876 1566 946 quisquam
1613 884 1717 942 est,

98 972 185 1043 qui
218 972 502 1043 longaevas
533 971 733 1035 facere,
785 971 1158 1040 perpetuitatis
1186 970 1359 1041 possit
1386 978 1441 1024 et
1467 969 1716 1038 spiritum

99 1065 424 1136 subrogare,
484 1063 586 1120 nisi
638 1065 729 1135 qui
773 1063 1096 1119 immortalis
1137 1074 1192 1119 et
1239 1071 1530 1133 perpetuus
1572 1062 1720 1117 solus

100 1166 203 1224 est,
226 1166 282 1212 et
307 1156 517 1212 nullius
540 1157 798 1226 temporis
821 1154 1327 1225 circumscriptione
1358 1153 1556 1208 ﬁnitus.
1586 1151 1720 1208 Cum

102 1249 242 1304 enim
290 1249 364 1303 dii
397 1263 612 1314 omnes,
644 1248 730 1302 vel
762 1248 1087 1317 quicumque
1137 1256 1265 1301 sunt
1317 1246 1452 1312 veri,
1507 1246 1592 1301 vel
1631 1245 1722 1316 qui

103 1355 222 1396 esse
244 1355 472 1395 rumore
499 1349 660 1410 atque
701 1339 957 1410 opinione
981 1339 1259 1407 dicuntur,
1306 1339 1641 1395 immortales
1669 1347 1724 1394 et

105 1433 351 1504 perpetui
379 1433 660 1487 voluntate
685 1432 804 1502 ejus
831 1433 961 1497 sint,
994 1441 1048 1488 et
1067 1431 1318 1487 beneﬁcii
1347 1446 1605 1495 munere;
1636 1431 1728 1502 qui

105 1525 217 1581 ﬁeri
249 1527 394 1598 potis
416 1538 523 1591 est,
558 1533 618 1581 ut
643 1526 735 1580 alii
781 1525 1152 1596 prmstsre,'id
1181 1525 1322 1596 quod
1353 1527 1453 1595 ipsi
1481 1533 1609 1580 sunt
1638 1539 1728 1578 va-

108 1619 268 1684 leant,
295 1633 422 1674 cum
449 1618 688 1674 alienum
712 1617 763 1672 id
789 1617 1023 1673 habeant
1045 1625 1071 1654 ⁸
1091 1658 1106 1681 ,
1134 1627 1187 1672 et
1216 1615 1438 1685 majoris
1470 1619 1728 1689 potentia:

109 1711 554 1766 commodatum?
578 1708 765 1766 Caedat
791 1709 916 1765 licet
949 1709 1154 1765 hostias
1188 1707 1553 1780 quantaslibet
1577 1708 1730 1763 Etru-

107 1802 213 1869 ria;
242 1805 484 1859 bumana
530 1802 634 1860 sibi
663 1803 843 1857 omnia
873 1803 1146 1875 sapientes
1175 1811 1403 1872 negent;
1437 1800 1571 1871 Magi
1599 1816 1731 1856 cun-
1762 1843 1788 1904 ι

109 1905 222 1951 etas
273 1896 561 1951 emolliant
606 1903 661 1950 et
707 1894 1109 1949 commulceant
1157 1902 1494 1964 potestates;
1547 1893 1649 1948 nisi
1699 1907 1731 1948 a

115 1985 341 2042 Domino
386 2002 575 2042 rerum
607 1993 790 2040 datum
847 1983 1009 2040 fuerit
1058 1985 1255 2040 animis
1299 1985 1374 2052 id,
1419 1983 1562 2054 quod
1595 1985 1732 2039 ratio

114 2081 366 2148 postulat,
395 2080 560 2150 idque
591 2094 686 2148 per
717 2078 1052 2144 mandatum,
1088 2080 1315 2134 multum
1350 2090 1535 2148 p05tea
1563 2079 1733 2148 patui-

116 2171 242 2227 tebit
269 2173 438 2227 fuisse
469 2173 650 2228 irrisui
672 2172 701 2211 δ
726 2213 742 2239 ,
768 2185 891 2228 cum
921 2172 985 2227 ad
1017 2186 1236 2228 sensum
1258 2181 1280 2211 ο
1300 2171 1528 2241 emperit
1550 2171 1734 2226 interi-

117 2261 274 2318 tionis
313 2264 530 2320 accedi.

186 2356 369 2412 LXIII.
393 2355 513 2425 Sed
542 2358 611 2423 si,
643 2358 908 2428 inquiunt,
942 2355 1193 2411 Christus
1222 2355 1274 2409 in
1319 2355 1424 2410 hoc
1475 2356 1676 2410 missus
1706 2369 1735 2408 a

129 2445 236 2503 Deo
262 2456 362 2512 est,
400 2459 462 2502 ut
496 2448 741 2504 infelices
782 2451 989 2503 animas
1020 2448 1089 2504 ab
1117 2448 1442 2502 interitionis
1483 2447 1648 2502 exitio
1676 2447 1740 2501 li-

119 2541 347 2606 beraret,
370 2539 504 2610 quid
532 2542 726 2596 sarcula
755 2550 1196 2596 comtneruerunt
1227 2542 1426 2610 priora,
1466 2555 1586 2610 quae
1613 2548 1740 2595 ante

123 2633 283 2703 ipsius
313 2635 611 2690 adventum
664 2635 1013 2690 mortalitatis
1059 2634 1369 2690 conditione
1419 2642 1743 2703 consumpta

123 2726 272 2781 sunt?
323 2727 562 2782 Potestis
607 2727 754 2782 enim
802 2731 981 2790 scire,
1029 2726 1157 2796 quid
1187 2727 1406 2780 sitcum
1437 2727 1518 2782 eis
1547 2725 1742 2780 animis

127 2828 299 2872 actum
356 2820 662 2889 priscorum
691 2820 1216 2888 veterrimorumque
1249 2819 1598 2873 mortalium?
1626 2818 1751 2873 sul)-

125 2922 338 2968 ventum
379 2926 434 2969 et
464 2913 554 2968 his
581 2929 647 2967 an
674 2913 747 2968 sit
775 2913 984 2968 ratione
1010 2913 1212 2982 aliqua,
1245 2913 1551 2968 consultum
1585 2922 1749 2982 atque

129 3004 438 3073 provisum?
475 3005 730 3071 Potestis,
767 3007 1007 3075 inquam,
1049 3005 1192 3058 scire
1242 3003 1317 3067 id,
1351 3003 1496 3072 quod
1527 3001 1748 3059 Christo

136 3095 296 3164 potuit
322 3095 562 3150 docente
587 3095 840 3165 agnosci;
865 3093 1097 3161 inﬁnita,
1117 3110 1184 3149 an
1212 3094 1360 3148 ﬁnita
1388 3095 1585 3149 saecula
1615 3093 1747 3162 sint,

135 3203 192 3242 cx
217 3202 324 3257 quo
355 3187 409 3242 in
441 3187 604 3241 terris
632 3199 754 3242 esse
783 3199 954 3257 genus
979 3183 1259 3242 hominum
1295 3185 1498 3256 coepit?
1528 3186 1748 3256 quando
1780 3157 1826 3222 Ο

136 3282 360 3350 primum
387 3279 590 3336 animai
633 3280 950 3350 corporibus
983 3279 1236 3350 illigatas?
1261 3277 1384 3350 quis
1409 3289 1601 3334 auctor
1630 3279 1746 3334 vin-

133 3378 319 3432 ctionis
363 3375 545 3438 istius,
576 3373 876 3446 quinimmo
907 3374 1074 3444 ipsius
1105 3374 1352 3444 quisnam
1400 3373 1636 3428 hominis
1668 3371 1746 3428 fa-

136 3468 392 3526 bricator?
423 3482 534 3540 quo
564 3468 801 3537 priorum
829 3466 1193 3522 abscesseriut
1220 3465 1436 3530 animae,
1467 3467 1665 3536 quibus
1694 3466 1748 3520 in

1826 611 1892 648 an
1924 595 2147 650 contra?
2185 594 2529 665 potuerintnc
2560 597 2818 652 accedere
2856 597 2922 650 ad
2968 598 3265 666 periculum
3317 615 3436 653 mo-

1826 687 2022 754 riendi,
2055 687 2155 742 nisi
2204 695 2448 758 tempore
2495 689 2806 744 necessario
2850 699 3202 744 conservator
3245 704 3438 745 occur-

1827 781 2301 837 rissethristus?
2355 781 2615 852 Deponite
2661 784 2755 839 bas
2806 798 2986 851 curas,
3036 794 3090 840 et
3138 785 3440 855 incognitas

1828 873 1978 928 vobis
2007 872 2293 943 relinquite
2317 875 2666 944 quaestiones,
2702 875 2978 931 miseratio
3009 876 3062 930 et
3093 875 3198 930 illis
3246 875 3440 943 imper-

1831 968 1924 1020 tita
1947 976 2032 1022 est
2055 967 2226 1038 regia,
2249 977 2302 1024 et
2325 969 2604 1039 aequaliter
2629 984 2724 1039 per
2749 985 2939 1025 omnes
2967 969 3148 1024 divina
3180 970 3446 1028 beneﬁcia

1829 1070 2208 1126 cucurrerunt,
2239 1073 2576 1117 conservatae
2605 1074 2750 1127 sunt,
2781 1063 3024 1120 liberata:
3050 1075 3196 1130 sunt,
3221 1074 3276 1120 et
3299 1079 3447 1120 mor-

1831 1152 2054 1207 talitatis
2093 1161 2295 1209 sortem
2324 1153 2800 1216 conditionemque
2847 1163 3165 1226 posuerunt.
3199 1156 3318 1225 Quo
3348 1172 3446 1227 ge-

1833 1260 1986 1309 nere,
2010 1261 2154 1317 qute,
2177 1247 2428 1317 quando?
2455 1248 2509 1306 Si
2536 1251 2864 1320 arrogantia,
2896 1252 2942 1305 si
2968 1251 3183 1322 typhns.
3212 1253 3256 1307 si
3286 1253 3451 1309 elatio

1831 1339 2048 1395 abesset
2091 1356 2120 1394 a
2166 1342 2358 1408 vobis,
2400 1341 2719 1412 jamdudum
2767 1359 2833 1399 eo
2877 1345 3019 1400 scire
3067 1345 3318 1415 potuistis
3362 1361 3456 1401 auc

1835 1441 2010 1486 ctore.

1907 1522 2092 1578 LXIV.
2132 1524 2238 1581 Sed
2276 1525 2321 1580 si
2360 1529 2573 1596 generis
2609 1528 2858 1585 Christus
2887 1529 3145 1594 humani,
3177 1531 3442 1601 inquitis,

1837 1627 2195 1673 conservator
2225 1619 2478 1688 advenit,
2510 1639 2609 1678 cur
2640 1624 2862 1678 omnino
2893 1637 3003 1679 non
3033 1639 3225 1680 omnes
3255 1624 3455 1695 aequali

1838 1711 2208 1767 munificentia
2238 1714 2466 1770 liberat?
2488 1715 2605 1772 Non
2633 1718 2918 1788 aequaliter
2941 1718 3136 1775 liberat
3157 1719 3246 1788 qui
3277 1733 3460 1786 aequa-

1839 1803 1963 1859 liter
1981 1819 2171 1860 omnes
2191 1803 2374 1862 vocat?
2393 1819 2485 1864 aut
2510 1811 2579 1866 ab
2601 1810 2935 1882 indulgentia
2957 1813 3248 1884 principali
3270 1827 3463 1882 quem-

1838 1912 2000 1968 quam
2029 1899 2266 1968 repellit,
2296 1913 2387 1957 aut
2421 1902 2670 1973 respuitd
2694 1947 2708 1970 ,
2743 1905 2837 1975 qui
2869 1906 3223 1968 sublimibus,
3262 1905 3464 1960 inlimis

1839 1991 2035 2055 servis,
2081 1989 2345 2058 fmminis,
2389 1995 2598 2064 pueris,
2633 1994 2982 2050 uniformiter
3013 2005 3336 2066 potestatem
3373 2011 3466 2052 ve-

1839 2081 2024 2136 niendi
2050 2083 2116 2138 ad
2152 2099 2214 2138 se
2246 2085 2412 2140 facit?
2437 2087 2621 2151 Patet,
2649 2088 2861 2156 inquit.
2889 2090 3145 2145 omnibus
3171 2088 3292 2143 fons
3313 2091 3461 2156 vitae,

1840 2191 2017 2246 neque
2037 2177 2106 2233 ab
2131 2179 2256 2250 jure
2287 2181 2506 2248 potandi
2535 2182 2822 2253 quisquam
2856 2183 3200 2253 prohibetur,
3227 2194 3319 2238 aut
3347 2183 3468 2253 pel-

1840 2267 1986 2323 litur.
2012 2269 2066 2325 Si
2093 2270 2186 2324 tibi
2220 2270 2494 2328 fastidium
2534 2283 2745 2329 tantum
2772 2284 2892 2343 est,
2919 2285 2976 2331 ut
3016 2273 3190 2332 oblati
3239 2289 3468 2346 respuas

1847 2361 2171 2419 beneficium
2205 2368 2485 2434 muneris,
2525 2369 2831 2439 quinimmo
2872 2371 2915 2426 si
2951 2381 3160 2426 tantum
3200 2374 3472 2444 sapientia

1849 2456 2150 2523 prmvales,
2187 2467 2242 2511 ut
2277 2473 2338 2512 ea
2371 2500 2383 2523 ,
2421 2475 2542 2530 quae
2572 2459 2877 2517 offeruntur
2917 2479 2946 2517 a
2989 2463 3244 2529 Christo,
3284 2465 3472 2523 ludum

1848 2557 2010 2614 atque
2040 2547 2274 2616 ineptias
2307 2552 2557 2606 nomines
2582 2570 2594 2604 :
2619 2553 2751 2623 quid
2782 2554 3019 2609 inritans
3047 2556 3098 2609 in
3129 2566 3180 2612 te
3209 2569 3392 2626 peccat
3422 2567 3470 2625 ο,

1851 2637 2007 2706 cujus
2037 2640 2168 2694 sola:
2200 2650 2329 2696 sunt
2363 2644 2444 2698 hae
2477 2654 2692 2713 partes,
2731 2657 2787 2700 ut
2816 2647 2918 2702 sub
2949 2650 3020 2702 tui
3061 2649 3202 2718 juris
3243 2651 3471 2706 arbitrio

1853 2728 2088 2786 fructum
2124 2749 2238 2788 suae
2270 2734 2619 2804 benignitatis
2648 2751 2881 2807 exponat
2911 2739 2934 2792 ?
2961 2740 3178 2797 Sortem
3212 2743 3334 2796 vitae
3367 2743 3472 2798 eli-

1852 2824 2013 2892 gendi
2040 2827 2057 2862 ί
2089 2827 2222 2880 nulli
2256 2837 2338 2883 est
2361 2872 2374 2891 ,
2403 2830 2577 2898 inquit
2605 2831 2780 2898 I-‘lato,
2810 2833 2954 2889 Deus
2979 2849 3165 2900 causa,
3191 2850 3370 2905 neque
3397 2836 3476 2891 aI-

1857 2918 2028 2972 terius
2059 2920 2310 2975 voluntas
2339 2922 2576 2978 adscribi
2619 2934 2801 2993 potest
2839 2927 3091 2996 cuiquam
3137 2937 3314 2993 recte,
3347 2945 3476 2985 cum

1856 3008 2150 3064 voluntatis
2182 3011 2409 3067 libertas
2440 3013 2492 3067 in
2525 3014 2695 3082 ipsius
2726 3018 2797 3071 sit
2831 3019 3006 3086 posits
3051 3028 3354 3088 potestate,
3386 3022 3482 3091 qui

1857 3099 2049 3157 voluit.
2084 3100 2166 3156 An
2200 3103 2464 3174 numquid
2496 3106 2737 3162 orandus
2767 3124 2856 3175 es,
2889 3121 2946 3166 ut
2971 3111 3303 3168 beneﬁcium
3335 3116 3485 3171 saltt-

1860 3190 1926 3245 tis
1955 3192 2024 3246 ab
2054 3191 2169 3247 Deo
2200 3193 2443 3264 digneris
2474 3197 2758 3268 accipere,
2790 3209 2841 3256 et
2879 3203 2976 3257 tibi
3007 3207 3323 3274 aspernanti
3346 3249 3361 3273 ,
3395 3207 3484 3262 lu-

1855 3284 2138 3355 gientique
2163 3285 2514 3358 longissime,
2543 3290 2878 3347 infundenda
2913 3295 2964 3349 in
2990 3297 3258 3366 gremium
3285 3308 3369 3354 est
3399 3299 3486 3354 di-

1857 3377 1998 3430 vina:
2033 3377 2430 3436 benevolentia:
2454 3383 2664 3453 gratia?
2689 3383 2783 3440 Vis
2811 3400 3029 3444 sumere
3055 3389 3199 3458 quod
3227 3390 3482 3460 olIertur,

1856 3477 2020 3537 atque
2065 3472 2116 3525 in
2168 3482 2290 3528 tuos
2331 3488 2459 3530 usus
2489 3481 2852 3534 convertere?
2891 3481 3238 3538 consulueris
3273 3493 3328 3539 tu
3363 3486 3482 3542 tibi.
3517 3555 3531 3564 D

1373 3555 1761 3616 LECTIONES
1801 3557 2229 3621 VARIANTES.

195 3659 220 3688 °
254 3655 338 3710 Sic
360 3670 452 3709 ms.
475 3655 575 3706 Vel
591 3656 806 3706 habeant
827 3655 933 3707 alii.

193 3721 220 3760 δ
246 3721 323 3770 ne
345 3722 464 3784 risui
490 3731 584 3784 ms,
602 3719 775 3784 Lego:
795 3717 1006 3769 derisui.
1031 3715 1217 3768 λίθω-ε.

196 3786 218 3814 ε
251 3784 330 3833 Ita
361 3778 528 3832 Geten.
558 3778 752 3831 Absens
775 3794 888 3830 cum
914 3794 1014 3832 ms.

1924 3659 1954 3696 (ι
1974 3658 2202 3724 Despuit
2224 3675 2314 3715 ms.

1925 3724 1950 3787 ε
1973 3722 2246 3787 Exspectat
2268 3739 2358 3777 ms.
2381 3726 2624 3779 mendose.

1929 3782 1951 3822 ί
1991 3782 2208 3849 Eligenti
2231 3800 2321 3840 ms.

1544 3861 2120 3928 COMMENTARIUS.

146 3961 426 4026 Ilalicarn.,
441 3959 675 4024 Gellius,
691 3955 1028 4020 Lactantius,
1050 3955 1160 4026 alii.
1183 3957 1408 4026 At_vero
1427 3953 1654 4026 istorum
1677 3954 1740 4026 lig

145 4030 348 4102 brorum
391 4023 609 4102 emptor
629 4023 772 4102 _uu_|li
803 4026 1004 4102 dicitur
1024 4024 1234 4102 _At_'_uns'
1253 4023 1625 4102 Tarquipitls;_
1642 4025 1740 4079 sed

149 4104 258 4173 aliis
276 4095 607 4173 Tarquinius
627 4100 866 4173 I’risgus,
885 4095 1736 4173 aliis_L.'I‘arquiniusSuperbus.

149 4172 255 4227 Vid.
279 4165 640 4230 Ilituéntanm.
661 4170 727 4225 ad
747 4169 992 4224 Lactant.
1013 4167 1170 4230 Iust.,
1191 4165 1231 4232 ις
1249 4181 1300 4220 c.
1317 4165 1502 4234 6,pag.
1521 4166 1612 4220 41.
1632 4166 1742 4221 Nec

150 4246 299 4299 etiam
331 4247 446 4301 libri
463 4241 816 4298 Aruntt‘cidici
843 4251 1067 4309 possunt
1090 4238 1209 4309 libri
1235 4238 1301 4290 ad
1333 4237 1744 4292 averruncauda

149 4316 295 4382 mala,
319 4312 656 4384 procuranda
680 4307 906 4365 infausta
929 4312 1130 4384 omina.
1150 4307 1640 4384 NdmACOnll'iICllItll
1677 4309 1746 4362 ab

151 4379 454 4441 Averruncus
484 4397 569 4441 est
599 4384 896 4446 Arruncus,
930 4382 1199 4451 Arruugus
1221 4421 1236 4446 ,
1269 4379 1604 4451 Arruncictts,
1639 4394 1746 4434 non

153 4458 433 4512 Arunticu's.
467 4457 658 4526 Itaque
689 4455 1065 4526 unicegvcruut
1099 4449 1706 4526 Acherottticis;_(_)nst.t..

219 4527 420 4584 Divinas
445 4519 649 4582 animus
689 4525 820 4592 ﬁeri.
853 4522 910 4579 Id
938 4534 1020 4578 est
1049 4523 1386 4577 immortales.
1424 4519 1557 4576 Vide
1606 4521 1748 4576 infra

153 4597 211 4652 ad
239 4615 355 4672 cap.
387 4615 537 4654 LXIV.
570 4597 776 4672 0R_ELL.
1084 4671 1087 4672 ν
1173 4665 1186 4672 _
1369 4663 1380 4672 .

221 4665 317 4737 Qui
346 4673 606 4740 longteras
635 4665 1210 4740 {acere,>pe_rpetu_ttatis
1243 4665 1400 4740 possit
1430 4673 1478 4740 et
1504 4665 1750 4740 spiritum

157 4734 544 4813 subrogareflta
560 4734 760 4813 exitus.
788 4734 956 4792 edidit
984 4747 1032 4813 et
1063 4736 1396 4813 interpunsit
1427 4734 1748 4813 Saltna_sius,

158 4805 464 4868 rectissime.
503 4810 727 4864 Variant
768 4817 948 4861 autem
993 4806 1098 4862 hoc
1127 4808 1246 4859 loco
1292 4805 1553 4860 editores.
1591 4805 1745 4860 Fulv.

160 4879 367 4937 Ursinus
395 4893 448 4938 et
474 4881 734 4937 Gelenius
763 4879 885 4948 legit
915 4879 1157 4950 longam:
1182 4893 1267 4950 eos
1299 4881 1467 4950 facere
1494 4879 1750 4950 perpetui-

161 4961 266 5023 tatis
295 4955 468 5023 possit,
492 4964 539 5008 et
562 4951 798 5020 spiritum
819 4949 1113 5023 subrogare,
1136 4949 1743 5023 probanteStewecbio.

163 5020 405 5079 Canterus
433 5037 484 5077 et
526 5023 795 5077 Ileraldus
827 5023 878 5075 itt
918 5020 1073 5076 Citris
1110 5020 1364 5074 secundis
1393 5021 1620 5090 (augura:
1659 5020 1745 5086 [τις

165 5109 261 5146 cere
283 5095 629 5164 perpetuitatis
645 5093 822 5164 possit,
853 5105 958 5146 etc.
979 5091 1084 5146 Sed
1107 5090 1272 5144 verbo
1288 5091 1644 5164 perpetuitatis
1664 5106 1753 5164 ref

168 5160 450 5223 lcreudfad
485 5160 719 5234 sequens
745 5165 1007 5233 spiritum,
1041 5177 1218 5234 neque
1252 5162 1438 5228 viden,
1473 5162 1603 5231 quid
1651 5160 1754 5217 sibi

169 5235 279 5307 Velit
301 5238 532 5304 spiritum
562 5233 838 5307 subrogare
867 5235 1111 5289 absolute
1143 5233 1620 5307 dlcltlln._0ItELL_.

237 5303 464 5362 Humana
502 5309 598 5361 sibi
642 5303 815 5360 omnia
858 5308 1113 5376 sapientes
1145 5315 1343 5374 negent.
1381 5303 1534 5358 Fulv.
1573 5303 1752 5360 Ursin.

173 5383 350 5449 mavult
375 5388 635 5449 arrogeut,
675 5379 831 5431 male.
864 5375 1179 5445 Respicittnt
1213 5380 1328 5449 Itzl‘c
1369 5376 1433 5428 ad
1469 5376 1673 5443 jejunia
1703 5384 1759 5430 et

173 5447 525 5514 abstinentias,
559 5450 754 5520 quibus
787 5450 925 5518 magi
958 5461 1173 5520 veletes
1204 5447 1432 5520 deorum
1462 5449 1759 5520 apparitio-

175 5533 279 5590 nem
294 5518 662 5590 auxiliumque
679 5522 780 5574 sibi
799 5519 1089 5574 conciliare
1105 5518 1238 5572 arbit
1251 5521 1526 5572 rabantnr.
1549 5519 1753 5573 ()ttsLL.

240 5587 412 5645 Datum
436 5587 588 5664 fuerit
611 5593 796 5645 animis
824 5593 896 5643 id.
925 5591 1119 5664 Animis
1144 5590 1285 5664 apud
1311 5590 1760 5664 AITIIMIIIIIII‘CCII'

177 5668 359 5732 §tanter
390 5660 481 5732 pro
511 5663 800 5725 animabus,
827 5662 968 5731 quod
1001 5661 1170 5718 setnnl
1197 5661 1472 5715 monuisse
1503 5660 1759 5715 sufﬁciat.

181 5727 294 5787 Vide
321 5727 649 5790 Bitnemann.
688 5735 754 5789 ad
785 5727 1054 5799 Lactant.,
1085 5735 1217 5788 Inst.
1256 5747 1358 5794 vtt,
1394 5747 1513 5802 cap.
1546 5733 1600 5789 2.
1639 5746 1758 5803 pag.

181 5799 286 5856 860.
325 5803 520 5861 ORELL.

217 5823 286 5856 υυι
325 5823 520 5862 URELL.

241 5874 353 5929 Cum
380 5878 444 5930 ad
468 5894 668 5934 sensum
694 5877 899 5949 coeperit
941 5875 1252 5934 interitionis
1278 5874 1470 5929 accedi.
1500 5873 1578 5929 Ita
1607 5874 1766 5931 Gele-

1851 3961 1992 4027 nius,
2023 3972 2199 4019 acute.
2233 3964 2332 4018 Ms.
2374 3981 2490 4020 cum
2517 3965 2698 4020 absens
2745 3982 2861 4019 cum
2892 4007 2906 4028 ,
2940 3975 3073 4034 etc.,
3106 3971 3256 4026 nullo
3284 3987 3478 4031 sensu.

2732 4038 2965 4103 MEURS.,
2999 4041 3054 4092 iu
3085 4042 3327 4103 Append.

1921 4103 2108 4185 LXIII.
2148 4137 2218 4185 -ς
2263 4105 2564 4185 Quinimmo
2617 4107 2800 4185 ipsius.
2864 4110 2960 4185 Ms.
3024 4110 3322 4185 Quinimmo
3374 4135 3472 4185 po-

1851 4177 2000 4248 tinse.
2045 4175 2328 4232 Vinctionis
2358 4179 2409 4232 in
2445 4194 2610 4248 prwc.
2645 4179 2878 4234 debetur
2907 4175 3163 4237 Meursio.
3196 4183 3304 4239 Alii
3333 4175 3470 4243 Jun-

1849 4247 2057 4303 ctionis.
2091 4250 2297 4304 Οιιειι..

1926 4317 2182 4391 Deponite
2203 4323 2297 4376 has
2323 4337 2494 4376 curas.
2524 4321 2623 4376 Ed.
2651 4321 2826 4392 Lugd.
2852 4322 2992 4390 Bat.,
3019 4328 3260 4395 exponite
3283 4343 3349 4382 ex
3374 4345 3478 4386 ms.

1928 4460 1989 4517 Si
2014 4462 2170 4539 elatio
2198 4463 2390 4539 abesset
2417 4480 2450 4516 a
2475 4463 2635 4539 vobis,
2660 4465 2976 4539 jamdudum
2997 4483 3056 4520 eo
3084 4397 3482 4539 sc?r:E;:luistis

1857 4544 2085 4608 auctore.
2119 4534 2389 4608 Meursius
2417 4545 2474 4608 et
2501 4533 2652 4608 Fulv_.
2692 4534 2922 4590 Ursinus
2966 4533 3251 4608 legendum
3290 4551 3484 4597 censet

1779 4600 1834 4662 D
1861 4606 2176 4672 potuissetis.
2219 4603 2327 4660 Sed
2359 4605 2584 4660 Latinos
2627 4605 2729 4659 hoc
2771 4609 2936 4660 modo
2959 4651 2974 4674 ,
3010 4600 3068 4663 ut
3094 4612 3270 4664 oratio
3299 4622 3372 4665 sit
3413 4628 3483 4668 eo

1859 4676 2458 4753 certioraloquidncet
2488 4677 2655 4753 Certe
2684 4678 2750 4753 ad
2785 4678 3007 4734 Sallust.
3039 4680 3319 4753 Jugurtb.,
3353 4699 3476 4753 cap.

1985 4747 2011 4815 §
2038 4746 2129 4812 48,
2160 4758 2212 4800 et
2241 4747 2460 4824 liragﬁm'.
2495 4746 2665 4824 Hist),
2690 4748 2781 4824 lib.
2815 4765 2893 4824 nt,
2924 4765 3044 4819 pag.
3077 4746 3198 4806 967.
3237 4752 3307 4805 Ita
3337 4746 3482 4824 Livi,

1859 4817 1952 4871 lib.
1990 4833 2048 4879 Il,
2078 4833 2198 4885 cap.
2233 4818 2320 4872 IO.
2359 4817 2501 4870 Pons
2531 4817 2782 4874 sublicius
2830 4821 2927 4872 iter
2960 4817 3086 4885 pene
3127 4823 3354 4878 hostibus
3387 4817 3480 4880 de;

1857 4890 2069 5015 ait,”2
2066 4906 2198 4943 unus
2225 4890 2301 4942 vir
2331 4891 2529 4960 fuisset,
2567 4888 2815 4944 Horatius
2843 4890 3040 4946 Cocles.
3075 4893 3288 4965 Virgil.,
3324 4895 3480 4966 ASIL,

1857 4976 1930 5015 XI.
2075 4999 2086 5014 .

1857 4976 1930 5026 XI,
1967 4963 2086 5016 112.

2022 5052 2128 5103 Nec
2151 5055 2284 5112 veni,
2315 5053 2409 5103 nisi
2430 5053 2555 5103 facta
2593 5053 2751 5104 locum
2775 5056 3052 5120 sedemque
3076 5057 3353 5111 dedissent.

1865 5159 1934 5214 Et
1964 5160 2212 5228 apposite
2240 5159 2303 5212 ad
2332 5170 2575 5213 nostrum
2609 5160 2784 5214 locum
2809 5159 3049 5228 Curtius,
3084 5164 3176 5216 lib.
3205 5181 3278 5229 tv,
3304 5180 3352 5219 c.
3390 5165 3481 5220 12.

1867 5229 2030 5307 Quod
2049 5232 2092 5285 si
2122 5231 2369 5307 perculsis
2402 5229 2646 5285 Mazaeus
2675 5235 3070 5302 supervenisset,
3093 5236 3273 5307 ingens
3305 5237 3480 5296 clades

1865 5302 2030 5367 accipi
2058 5298 2240 5370 potuit.
2273 5298 2478 5357 Oltl-ZLL.

1940 5372 2125 5428 LXIV.
2154 5403 2226 5414 ——
2262 5373 2442 5446 l’atet.
2486 5376 2671 5441 inquit,
2727 5377 2960 5430 omnibus
3018 5377 3134 5443 fons
3184 5379 3319 5446 vitm,
3368 5390 3475 5436 etc.

1872 5447 2163 5512 llespirete
2186 5445 2397 5497 videtur
2419 5445 2692 5500 Arnobius
2721 5448 2784 5500 ad
2812 5450 2974 5504 verba
2994 5447 3194 5502 Citriin
3214 5495 3227 5514 ,
3246 5445 3379 5511 Job,
3410 5469 3482 5514 γι.

1867 5517 1937 5571 53
1969 5533 2020 5568 ct
2051 5518 2118 5569 37
2146 5534 2156 5570 τ
2185 5518 2304 5588 Ἑγώ
2329 5519 2427 5586 εἰμι
2454 5515 2659 5594 isi/ipim;
2682 5529 2772 5578 τῆς
2799 5525 2955 5583 ζωῆς.
2973 5520 3029 5572 Ὀ
3056 5522 3336 5594 ἐρχόμενος
3358 5525 3486 5594 πρὸς

1868 5591 1990 5658 μέθ’)
2016 5595 2083 5658 μή
2107 5593 2442 5663 πεινάσῃ-κριὲ
2464 5587 2488 5641 ὁ
2512 5579 2771 5643 τξιστεύων
2793 5595 2862 5650 εἰς
2894 5593 2977 5661 ἐμὲ
3002 5594 3055 5643 σν)
3071 5579 3139 5662 tim
3163 5579 3356 5663 διψήσῃ
3381 5579 3488 5649 {.44.-

1868 5681 1993 5714 ποτε
2029 5699 2040 5711 .
2075 5697 2112 5712 ..
2151 5667 2250 5714 Ιιάν
2279 5641 2304 5714 ii
2334 5658 2518 5714 δίδωσί
2553 5683 2637 5746 μοι
2684 5661 2708 5716 ὁ
2754 5674 2918 5734 Ιιατηρ
2972 5665 3099 5737 πρὸς
3137 5641 3374 5733 ἐςλὲῐγιξέυ
3400 5669 3482 5721 καὶ

1870 5732 2249 5807 τὸνῄέρχόμενῳ
2274 5732 2411 5807 πρὸς⁸
2599 5732 3032 5807 μὴὲξκϐαλῶ
3063 5732 3263 5789 UBELL.

1947 5801 2567 5874 sortemvitw'eligeudi
2598 5801 2726 5874 nulli
2757 5815 2862 5867 est,
2914 5804 3072 5872 inquit
3117 5805 3294 5874 Pluto,
3348 5808 3488 5863 [lens

1874 5890 2048 5927 causa.
2106 5873 2278 5938 Plato,
2335 5873 2404 5928 dc
2449 5872 2730 5942 Renum...
2768 5874 2858 5929 lib.
2897 5891 2948 5940 Χ,
2982 5891 3101 5946 pag.
3134 5879 3257 5941 M7,
3284 5872 3381 5935 Sed.
3417 5881 3482 5938 II.
