3872 6336
134 372 245 433 θῖὅ
1472 353 1676 412 LIBER
1717 345 2099 413 SECUNDUS.
3364 328 3475 385 926

136 500 247 557 quo
273 480 457 553 capite
482 478 633 536 lovis
657 487 814 536 enata
840 487 946 545 est,
969 485 1154 534 etesse
1181 488 1271 531 res
1291 472 1455 543 coepit
1484 466 1745 525 nonnulla
1774 467 1829 527 Α
1854 464 1949 519 bus
1980 464 2171 531 quibus
2214 457 2396 557 coepit,
2432 470 2568 512 nova
2602 452 2701 508 fuit
2729 466 2792 507 ac
2818 449 3124 552 repentina.
3164 445 3470 557 Religionis

139 536 194 635 in
224 536 467 634 esscrntia
494 574 807 631 constituta.
834 536 1006 628 liabet
1026 586 1156 641 ergo
1198 536 1547 639 primigenios
1565 572 1749 625 ortos,
1858 564 2039 609 autem
2090 552 2382 607 auctoritas
2410 564 2515 602 non
2560 555 2643 601 est
2691 557 2932 615 tempore
2983 540 3301 641 tcstimauda
3327 579 3342 603 ,
3378 536 3474 593 sed

139 634 195 727 et
224 686 255 725 ι
285 679 444 724 certo
468 676 645 739 empta
676 676 760 721 est
785 676 1026 735 tempore
1066 634 1165 717 d'ea
1192 634 1319 724 dici,
1354 634 1524 714 sacris
1550 657 1601 709 in
1625 653 1755 709 ωδε-
1862 647 2082 701 numine
2112 664 2123 697 :
2159 660 2257 699 nec
2286 644 2467 698 colere
2488 656 2590 710 qua
2622 638 2731 739 die,
2758 638 2850 691 sed
2880 635 3007 706 quid
3041 634 3275 705 emperis
3302 647 3474 739 ,“con-

142 724 253 819 bus
270 762 463 828 statui,
501 724 572 815 et.
594 724 1180 827 inviolabili'religione
1206 753 1425 808 sanciri.
1450 749 1604 819 Quod
1631 762 1755 801 cum
1864 739 2122 796 convenit
2166 737 2384 792 intueri.
2418 730 3009 828 Ante-quadringentos
3040 740 3226 828 annos
3250 724 3480 828 religio,

142 856 216 910 ita
249 870 310 909 se
341 814 561 914 habeat,
592 866 714 905 cum
749 850 816 905 de
847 814 1084 903 novitaie
1119 844 1397 916 loquimini
1437 814 1756 911 religionum
1866 832 2088 901 inquitis
2112 870 2129 889 .
2181 838 2362 883 vestra
2393 840 2498 879 non
2550 822 2669 877 fuit.
2787 820 2862 876 dii
2892 818 3055 916 vestri
3104 831 3212 916 non
3266 814 3484 916 fueritnt

142 958 487 1010 nostrarum,
517 954 712 997 vestrm
734 942 887 995 vobis
906 944 958 995 in
989 949 1224 995 mentem
1248 953 1354 992 non
1387 936 1629 999 veniunt,
1663 948 1763 986 nec

144 1041 350 1097 curatis
393 1036 666 1107 inspicere
710 1034 927 1105 quando
957 1034 1066 1088 sint
1097 1032 1269 1086 exorti
1307 1030 1385 1083 Dii
1420 1028 1606 1092 vestri,
1630 1038 1763 1094 quas

145 1133 393 1205 origines
442 1130 695 1195 habeant,
739 1142 873 1198 quas
912 1141 1124 1189 causas,
1154 1125 1234 1178 vel
1261 1140 1325 1179 ex
1357 1122 1552 1192 quibus
1575 1135 1764 1190 proru-

147 1226 333 1299 perint
355 1225 787 1292 emicueriutque
814 1218 1126 1275 radicibus?
1152 1216 1317 1284 Cujus
1340 1224 1423 1267 est
1465 1221 1644 1266 autem
1670 1226 1767 1280 pu-

149 1318 319 1385 doris,
350 1316 654 1387 quinimtno
694 1310 1091 1367 inverecundis:
1131 1308 1308 1377 cujus,
1342 1304 1482 1376 quod
1524 1318 1683 1372 agere
1714 1313 1764 1356 te

152 1412 366 1476 videas,
404 1411 458 1463 in
484 1424 548 1463 eo
572 1397 799 1462 alterum
833 1402 1259 1474 reprehendere,
1293 1398 1564 1454 maledicti
1590 1396 1767 1451 ctcri-

153 1505 315 1560 minis
363 1504 487 1557 loco
530 1500 663 1555 dare
701 1515 787 1565 ea,
835 1514 955 1569 quae
996 1497 1050 1552 in
1092 1506 1143 1550 te
1188 1494 1395 1564 possint
1435 1492 1766 1561 reciprocata

153 1594 538 1651 vicissitudine
570 1589 912 1660 retorqueri?

229 1685 423 1742 LXXI.
454 1683 561 1741 Sed
589 1681 731 1753 quod
760 1682 969 1751 agimus
998 1693 1117 1741 nos,
1148 1692 1345 1731 novum
1369 1683 1483 1737 est,
1511 1672 1653 1745 quod
1681 1686 1774 1724 au-

158 1788 261 1835 tem
304 1793 428 1843 vos,
448 1777 683 1847 priscum
726 1783 828 1837 est,
858 1781 912 1828 et
936 1773 1112 1827 nimia:
1141 1770 1456 1825 vetustatis:
1480 1765 1676 1836 etquid
1702 1766 1771 1819 is-

160 1871 253 1925 tud
317 1876 416 1923 aut
445 1883 545 1922 vos
572 1868 741 1936 juvat,
764 1873 857 1920 aut
889 1872 1127 1919 nostram
1158 1874 1376 1915 causam
1401 1858 1769 1925 rationemque

160 1964 449 2020 contristat
470 1961 652 2017 ’Nova
681 1975 768 2015 res
789 1970 869 2015 est
892 1973 1052 2030 quam
1074 1955 1313 2028 gerimus
1338 1973 1349 2007 :
1381 1950 1699 2022 quandoque
1716 1957 1770 2005 et

162 2056 275 2128 ipsa
302 2066 463 2111 vetus
483 2052 596 2109 fiet.
632 2052 801 2108 Vetus
825 2068 985 2121 quam
1024 2064 1119 2103 vos
1146 2047 1304 2119 agitis
1336 2064 1347 2099 :
1377 2044 1471 2100 sed
1504 2042 1763 2112 tempori-

1869 938 1995 980 ante
2042 923 2211 977 millia
2265 934 2531 974 annorum
2577 917 2705 971 duo.
2736 914 2943 981 Quibus
2987 910 3128 965 istud
3179 908 3484 963 rationibus

1871 1017 2075 1085 colligi,
2110 1024 2201 1068 aut
2221 1012 2417 1084 quibus
2445 1004 3161 1081 supputationibus’potest?
3190 1000 3309 1058 Non
3338 998 3485 1055 difll-

1872 1113 2081 1172 cilibus,
2115 1126 2222 1163 non
2249 1107 2493 1161 obscuris
2518 1148 2532 1171 ,
2574 1103 2667 1158 sed
2701 1118 2833 1174 quas
2869 1099 3035 1168 possit
3061 1096 3247 1151 videre
3275 1094 3365 1165 qui
3394 1107 3488 1145 vo-

1873 1206 1969 1273 let,
1994 1217 2047 1261 et
2071 1211 2442 1266 contrectare,
2476 1195 2930 1270 quemadmodum
2955 1192 3151 1245 dicitur
3171 1230 3186 1255 ,
3217 1188 3490 1243 manibus.

1875 1300 2004 1366 Quis
2034 1297 2223 1353 Jovem
2255 1310 2376 1349 eum
2427 1292 2681 1347 fratribus
2720 1287 2942 1359 genuit?
2982 1284 3313 1355 genitalilms
3358 1279 3491 1349 Opis

1875 1392 2160 1462 adjunctus
2190 1397 2217 1426 α
2247 1391 2531 1447 Saturnus,
2578 1392 2634 1436 ut
2666 1397 2759 1435 \os
2804 1379 2986 1437 fertis.
3017 1377 3169 1430 Cario
3191 1383 3351 1441 atque
3384 1371 3492 1424 lle-

1876 1493 1992 1539 cata
2035 1490 2373 1553 procreatus.
2419 1478 2549 1544 Quis
2597 1476 2779 1528 l’icum
2832 1471 3004 1529 Fauni.
3040 1477 3283 1537 patrem,
3331 1474 3493 1533 atque

1879 1593 2036 1631 avum
2064 1574 2241 1629 Latini
2265 1574 2287 1626 ?
2315 1573 2598 1633 Saturnus,
2634 1576 2693 1621 ut
2720 1566 2879 1620 iidem
2917 1578 3015 1617 vos
3041 1559 3237 1615 vestris
3272 1558 3493 1625 scriptis

1882 1680 2043 1738 atque
2092 1664 2408 1721 auctoribus
2442 1661 2672 1715 traditis.
2708 1660 2848 1728 Ergo
2874 1658 2916 1710 si
2950 1655 3067 1709 ba-c
3121 1654 3191 1706 ita
3230 1660 3377 1714 sunt,
3408 1665 3494 1703 se-

1884 1762 2069 1831 quitur
2125 1768 2181 1812 ut
2229 1758 2384 1811 l’icus
2416 1764 2468 1809 et
2514 1750 2724 1821 Jupiter
2762 1746 3134 1819 germanitatis
3170 1743 3271 1799 sibi
3305 1741 3500 1797 sociati

1808 1824 1846 1881 η
1877 1854 2125 1922 sintjure
2151 1872 2163 1905 :
2190 1860 2375 1919 utpote
2406 1865 2510 1904 uno
2533 1864 2596 1903 ex
2630 1845 2910 1915 sanguine,
2947 1856 3161 1911 unoque
3189 1857 3252 1894 ex
3285 1837 3495 1893 semine

1879 1946 2169 2016 procreati.
2214 1940 2649 1997 Consentaneum
2693 1949 2775 1994 est
2825 1938 2893 1991 ita
2924 1951 3044 1990 esse
3084 1933 3226 2003 quod
3276 1932 3494 1986 dicitur.

1878 2041 1961 2095 Ab
2011 2039 2144 2095 Jove
2174 2081 2187 2102 ,
2245 2050 2301 2094 et
2348 2037 2474 2093 Pico
2509 2075 2523 2103 ,
2572 2044 2705 2106 quot
2756 2043 2883 2089 sunt
2937 2030 3151 2101 generis
3198 2042 3368 2101 usque
3430 2024 3498 2079 ad

1422 2156 1807 2214 LECTIONES
1847 2153 2262 2212 VABlANTES.

229 2288 257 2317 ⁸
293 2288 391 2338 Is.
426 2282 723 2337 Geuialibus
756 2280 879 2345 Opis
901 2278 1163 2342 adjunctis.

1538 2379 2113 2442 COMMENTARIUS.

248 2530 316 2585 In
368 2530 591 2585 essentia
636 2528 934 2582 constituta.
978 2525 1044 2579 In
1090 2525 1394 2590 essentiam,
1439 2523 1584 2596 quod
1634 2523 1796 2578 habet

182 2603 350 2657 eode:
383 2616 489 2655 ms.
510 2642 525 2661 .
560 2600 845 2670 legendum
871 2608 1059 2653 censet
1086 2598 1425 2670 Stewechins
1450 2638 1464 2661 ,
1490 2668 1496 2670 Α
1519 2611 1670 2670 more
1701 2610 1795 2649 so-

184 2672 276 2727 lito
327 2672 557 2728 Arnobii
606 2668 976 2725 accusativum
1028 2669 1261 2736 ponendi
1308 2684 1403 2737 pro
1453 2668 1686 2721 ablativo
1741 2677 1797 2722 el

189 2745 299 2798 vice
340 2759 523 2796 versa.
554 2742 689 2796 Vide
714 2756 899 2807 supra.
934 2739 1137 2794 Οιιειι..

252 2814 554 2867 lnviolabili
585 2812 831 2882 religione
873 2813 1080 2864 sanari.
1131 2811 1376 2879 Proprie.
1419 2809 1550 2863 Nam
1597 2812 1798 2862 sancire

184 2897 263 2941 est
294 2902 410 2940 rem
442 2895 687 2939 sanctam
720 2892 879 2952 atque
908 2882 1270 2937 inviolabilem
1295 2882 1512 2935 eltirere
1536 2885 1649 2949 [uso
1676 2898 1797 2933 san-

184 2958 337 3024 guine
360 2957 546 3011 hostia:
566 3000 578 3020 ,
615 2956 689 3009 ait
726 2953 950 3009 Servius
981 2953 1046 3007 ad
1084 2953 1266 3024 \‘irgil.
1297 2952 1477 3019 Quare
1508 2952 1758 3007 Lucanus
1778 2993 1793 3018 ,

185 3028 275 3082 lib.
306 3044 383 3084 vit
411 3048 423 3082 :

368 3138 618 3189 Romanas
640 3138 834 3187 sancire
857 3135 1029 3185 volent
1045 3135 1140 3185 hoc
1164 3135 1404 3197 sanguine
1432 3132 1592 3197 leges.

1905 2542 1999 2579 nos
2045 2543 2153 2581 esse
2180 2536 2430 2582 trecentos
2458 2526 2577 2596 plus
2624 2526 2825 2590 minus,
2875 2540 2937 2579 ex
2965 2540 3064 2591 quo
3094 2522 3359 2596 christiani
3394 2539 3508 2596 esse

1905 2600 2181 2665 rmperint,
2232 2609 2278 2652 et
2328 2602 2379 2652 in
2406 2594 2525 2652 orbe
2569 2610 2819 2650 terrarum
2865 2598 3057 2650 censeri
3083 2611 3100 2649 :
3126 2595 3280 2649 facile
3320 2594 3505 2653 videre

1906 2678 1989 2724 est
2015 2711 2029 2732 ,
2066 2671 2117 2723 in
2147 2671 2451 2738 objectione
2483 2670 2567 2721 illa
2597 2670 2827 2739 pagani,
2873 2683 2993 2720 cum
3049 2667 3219 2734 inquit
3260 2666 3506 2731 quadrin-

1904 2752 2115 2807 gentos,
2154 2744 2203 2796 iu
2237 2756 2583 2795 numerorum
2628 2742 2768 2793 notis
2818 2740 2970 2791 valde
3017 2739 3322 2791 alwrratutn
3358 2752 3499 2791 esse.

1906 2809 1964 2863 lu
1998 2814 2487 2867 cnnsideratiouem
2519 2826 2731 2879 quoque
2762 2812 2944 2863 venire
2973 2809 3131 2861 debet
3159 2852 3171 2869 ,
3205 2809 3346 2877 quod
3372 2809 3508 2861 scri-

1907 2894 2028 2949 ptor
2081 2884 2164 2938 hic
2208 2900 2333 2938 ninx
2370 2884 2581 2946 subdit,
2629 2896 2827 2934 annum
2860 2883 3007 2934 urbis
3034 2879 3265 2934 conditae
3291 2881 3506 2933 circiter

1908 2955 2051 3009 1οῗἱο
2077 2971 2220 3018 esse,
2255 2970 2377 3009 cum
2430 2954 2542 3006 ha'c
2575 2954 2870 3015 scriberet;
2904 2967 2966 3004 ac
2992 2952 3098 3004 duo
3131 2951 3216 3003 illa
3242 2965 3505 3003 annorum

1906 3025 2069 3078 tnillia
2123 3026 2210 3093 (de
2260 3026 2453 3094 quibus
2483 3022 2671 3094 supra)
2721 3023 2846 3075 inibi
2898 3023 3093 3091 repetit
3123 3036 3184 3074 ac
3236 3033 3503 3076 ret-enset.

1910 3096 2043 3150 llum
2079 3096 2246 3150 fastos
2279 3099 2643 3149 llouianorum
2675 3094 2921 3163 inspicio.
2952 3109 3013 3146 ac
3044 3103 3235 3163 praeter
3266 3109 3347 3151 ea.
3390 3110 3509 3159 quae

1906 3169 2114 3221 calculo
2148 3169 2269 3221 huic
2298 3167 2635 3234 subjicienda
2672 3159 2831 3229 sunt,
2872 3159 3189 3217 Diocletiani
3214 3159 3506 3231 imperium

192 3242 499 3302 EtLivius,
533 3242 627 3295 lib.
659 3257 791 3313 XHXIII
826 3258 836 3292 :
873 3238 994 3292 Jam
1022 3256 1131 3313 ego,
1166 3240 1382 3313 inquit,_
1409 3240 1660 3313 sanguine
1692 3239 1793 3291 Αη-
1832 3251 1876 3313 C
1910 3241 2160 3307 expendo
2208 3241 2331 3308 (sub
2371 3254 2478 3313 quo
2510 3238 2807 3291 Arnolnmn
2858 3238 3081 3313 vixisse.
3131 3236 3188 3288 Β.
3241 3235 3509 3313 llrrrony-

190 3316 369 3367 nibalis
398 3317 632 3368 sanciam
668 3312 956 3364 Romanum
990 3312 1173 3381 (trdus.
1203 3310 1343 3379 Ergo
1372 3310 1440 3363 ita
1472 3311 1690 3364 sancito:
1716 3328 1799 3364 re-

192 3386 413 3453 ligiones
441 3396 494 3436 et
526 3388 641 3452 ipsi
676 3384 893 3436 numina
929 3382 999 3435 ita
1044 3393 1393 3442 consecrata,
1444 3398 1563 3448 qua:
1598 3384 1799 3436 violare

192 3458 338 3509 nefas
366 3456 571 3509 idcircii
602 3466 719 3508 erat
740 3496 755 3520 ,
785 3466 839 3508 ct
866 3468 985 3520 quae
1016 3453 1204 3521 siquis
1242 3453 1577 3517 violaverat,
1613 3454 1793 3522 piacu-

194 3529 296 3581 lum
334 3530 513 3598 capite
552 3526 753 3598 luebat.
782 3526 869 3579 Sic
898 3526 1042 3594 leges
1067 3526 1255 3598 sanciri
1283 3524 1468 3587 dieue,
1499 3534 1554 3598 et
1579 3526 1801 3598 sanctio-

193 3616 277 3652 nes
307 3616 319 3651 τ
351 3596 476 3668 quia
506 3639 521 3660 ,
563 3598 607 3651 si
634 3597 753 3666 quis
781 3598 833 3651 in
863 3614 955 3649 0:18
995 3596 1338 3668 commiserat
1358 3596 1571 3668 ,ﬂrapite
1613 3596 1802 3664 punie-

195 3667 456 3735 batur,’nt
480 3670 735 3723 observat
760 3668 1039 3736 Ulpiauus.
1077 3668 1165 3722 lib.
1200 3684 1250 3721 Ix
1276 3667 1342 3721 de
1373 3667 1573 3721 Rerum
1604 3668 1711 3721 div.
1748 3678 1801 3721 et

193 3741 334 3810 qual.
390 3741 573 3808 Quare
622 3753 814 3793 sam-ta:
860 3740 1142 3809 appellatae
1182 3751 1307 3793 stitit
1364 3754 1452 3793 res
1501 3739 1798 3810 abhomi-

198 3809 317 3865 num
363 3812 562 3881 injuria
594 3812 831 3866 defensa:
877 3830 939 3865 ac
988 3810 1241 3873 natuita),
1290 3810 1379 3863 lib.
1424 3826 1540 3863 vui.
1594 3809 1793 3877 Digest.

198 3883 314 3937 cod.
348 3885 439 3940 Sic
473 3885 635 3954 legati
683 3882 853 3937 sancti
898 3892 950 3935 et
998 3882 1264 3942 inviolati;
1314 3890 1363 3934 et
1400 3882 1593 3954 tribuni
1626 3886 1675 3948 pl
1706 3884 1799 3934 this

196 3956 389 4028 sancti,
422 3951 746 4028 sive'potius
789 3964 1154 4028 sacrosancti,
1206 3955 1327 4028 ἱεροὶ
1374 3958 1455 4028 mi
1484 3951 1695 4017 ἄσυλοι,
1744 3963 1801 4006 ut

199 4026 584 4095 interpretatur
620 4025 903 4097 Dionysius
938 4024 1103 4078 llalic.
1134 4064 1148 4082 ,
1173 4022 1289 4097 _lib.
1340 4040 1387 4077 vt
1417 4022 1600 4092 Anttq.
1655 4041 1793 4079 roni.

199 4098 536 4151 Sacrosancti
587 4094 805 4159 autem,
864 4096 985 4166 quia
1040 4094 1302 4148 sancitum
1354 4106 1501 4161 erat,
1561 4106 1652 4160 ut,
1707 4100 1799 4162 qui

198 4170 289 4220 eos
333 4168 621 4232 violasset,
673 4179 831 4235 caput
881 4168 997 4235 ejus
1042 4166 1161 4219 Jovi
1213 4182 1425 4221 sacrum
1472 4179 1639 4221 esset.
1688 4167 1794 4221 Tit.

204 4236 408 4301 Livius,
444 4239 540 4293 lib.
591 4254 667 4292 ιιι.
705 4238 1019 4300 Sunciemlo,
1072 4254 1157 4299 ut,
1197 4240 1283 4307 qui
1330 4239 1544 4291 tribunis
1607 4240 1799 4307 plebis,

202 4310 463 4374 adilibus,
517 4310 816 4380 judicibus,
868 4310 1163 4364 decemviris
1221 4313 1502 4372 nocuisset,
1549 4312 1663 4379 ejus
1716 4328 1804 4364 ca-

206 4393 291 4450 put
319 4380 438 4434 Jovi
466 4379 670 4434 sacrum
702 4394 865 4445 esset;
918 4382 1119 4450 [ancilia
1166 4383 1233 4434 ad
1260 4383 1421 4435 cedem
1452 4379 1648 4436 Cereris
1668 4426 1682 4448 ,
1714 4385 1777 4436 Li
1789 4413 1805 4423 -

206 4449 338 4515 beri,
371 4450 672 4521 Libertzque
700 4468 881 4505 uenam
917 4464 1015 4505 eat.
1045 4452 1147 4519 Qui
1179 4452 1249 4506 ita
1296 4455 1489 4506 sacrati
1530 4463 1583 4507 et
1626 4455 1805 4509 devoti

206 4532 386 4588 erant,
432 4540 547 4600 eos
582 4526 808 4600 quili_hel.
849 4532 1061 4600 poterat
1107 4522 1225 4579 ἄνευ
1258 4528 1475 4600 κρὶᾳξεως
1506 4536 1664 4600 atque
1708 4530 1807 4579 itit-

211 4610 343 4667 pune
374 4582 667 4650 'occider'e.
701 4582 1065 4649 Sacrahautur
1095 4582 1409 4649 autem'diis
1455 4582 1641 4651 inl'el'is
1676 4614 1814 4667 prte-
1842 4582 1895 4641 D

208 4666 356 4734 cipue
375 4708 390 4729 ,
424 4668 564 4728 θεοῖς
592 4669 961 4739 καταχθονίοις.
997 4667 1129 4739 llinc
1160 4668 1230 4721 dii
1258 4668 1421 4720 sancti
1440 4710 1453 4730 ,
1485 4666 1813 4723 sancta’deo-

209 4752 316 4789 rum
356 4741 585 4808 templa,
634 4737 894 4808 Sanguine
949 4749 1002 4791 et
1032 4737 1224 4793 hostiis
1271 4741 1425 4793 enisis
1454 4753 1809 4805 consecrata;

213 4808 301 4879 sed
332 4818 385 4864 et
413 4825 645 4879 quorum
677 4812 1016 4879 majestatcm
1046 4812 1088 4863 si
1120 4812 1239 4879 quis
1267 4811 1517 4865 violasset
1548 4825 1598 4865 et
1638 4813 1814 4866 inuni-

215 4878 447 4952 nuisset,
477 4882 741 4951 sanguine
769 4898 869 4935 suo
900 4878 1263 4937 satis-faciebat
1304 4892 1357 4935 et
1386 4883 1592 4937 facith
1629 4888 1814 4952 expia-

216 4950 319 5005 bat.
357 4950 781 5023 l’roprie’tgitur
812 4954 1081 5008 Arnobius
1110 4954 1391 5006 iuviolabili
1422 4955 1671 5023 religione
1701 4950 1815 5009 san-

217 5023 304 5075 ciri
333 5024 436 5089 ait,
484 5026 613 5095 quia
664 5041 859 5079 numen
911 5025 978 5077 ila
1028 5026 1291 5078 Sttttt'iluttl
1328 5034 1445 5077 erat
1482 5039 1725 5079 saurtuut
1758 5038 1813 5081 et

218 5095 646 5162 inviolatnm;et
691 5098 808 5167 ejus
852 5096 1107 5162 majestas
1146 5096 1187 5148 si
1230 5096 1423 5150 violata
1452 5106 1602 5161 erat,
1638 5100 1817 5162 Capite

218 5172 297 5219 τοῦ
328 5168 682 5229 ἀσοϐἠσαντος
713 5168 1054 5237 expiabatur.
1086 5167 1325 5221 "enato.

284 5238 467 5293 LXXI.
518 5270 593 5279 —
642 5238 753 5292 Nec
802 5240 966 5292 colere
1020 5256 1121 5307 qua
1178 5241 1286 5302 die,
1347 5240 1438 5293 sed
1490 5240 1604 5308 quis
1648 5256 1819 5310 cmpe-

222 5310 287 5361 ris
331 5312 535 5365 intueri.
578 5310 716 5377 Quid
762 5321 845 5366 est
898 5326 928 5365 e
983 5311 1320 5365 correctione
1369 5312 1576 5366 Gelenii
1616 5330 1627 5365 :
1661 5324 1821 5367 antea

226 5381 487 5449 legebatur
528 5384 618 5452 qui
670 5384 921 5451 coeperis,
972 5398 1131 5451 quam
1191 5382 1475 5437 lectionem
1524 5382 1821 5439 defendere

224 5464 433 5506 conatur
477 5453 774 5519 llcraldus,
831 5455 920 5520 qui
964 5454 1235 5522 accipiens
1279 5470 1375 5523 pro
1423 5457 1719 5525 quomodo,
1767 5466 1822 5509 ut

226 5535 406 5579 sensus
448 5526 551 5590 sit;
586 5540 695 5579 non
724 5542 845 5580 esse
884 5525 1333 5579 considerandam
1369 5527 1645 5595 religionis-
1694 5539 1820 5581 :rta-

229 5600 345 5669 tetu,
392 5597 483 5649 sed
521 5597 804 5651 rationem.
860 5597 964 5652 Sed
1015 5598 1242 5663 prml’ero
1285 5599 1438 5669 quill,
1495 5607 1551 5651 ut
1594 5615 1819 5669 respou-

229 5663 345 5719 deat
372 5672 709 5724 antecedenti
744 5672 973 5723 numine.
1008 5669 1213 5724 Oniztt.

300 5758 421 5832 Ante
447 5762 850 5831 quadringentos
890 5779 1053 5816 annos
1080 5762 1281 5831 religio,
1306 5764 1469 5832 inquit
1488 5804 1500 5824 ,
1531 5774 1695 5816 vestra
1718 5782 1819 5818 non

237 5826 342 5893 fuit.
374 5826 571 5886 Locum
596 5826 845 5888 vitiosum
872 5850 993 5889 esse
1015 5875 1030 5901 ,
1081 5826 1193 5889 non
1219 5826 1412 5889 attinet
1441 5836 1641 5891 dicere.
1686 5835 1820 5891 Nam

238 5912 298 5956 es
323 5917 386 5958 eo
410 5904 553 5974 quod
594 5906 868 5963 Arnobius
890 5948 903 5968 ,
944 5906 1040 5963 lib.
1072 5920 1120 5975 ι,
1154 5920 1273 5976 cap.
1308 5907 1377 5961 t3
1421 5907 1635 5975 scripsit
1671 5925 1684 5961 :
1717 5908 1821 5962 Au-

1912 3325 2138 3380 nyinus,
2187 3313 2278 3364 alii
2332 3312 2458 3365 mihi
2514 3320 2740 3374 ieslﬂs),
2782 3312 3059 3375 comperio
3112 3324 3312 3360 annum
3355 3311 3513 3380 tubis

1914 3378 2096 3435 liorua:
2154 3383 2384 3435 conditu:
2444 3381 2614 3444 10.30,
2674 3380 2775 3433 hoc
2816 3392 2892 3431 est
2948 3381 3284 3431 consulatum
3339 3378 3511 3433 Anicii

1911 3452 2093 3507 Fausti
2114 3464 2166 3508 et
2192 3454 2326 3509 Galli
2359 3454 2593 3507 inridere
2616 3452 2832 3505 dctnum
2866 3451 2917 3504 in
2944 3468 3143 3505 annum
3164 3452 3509 3515 μηνίειν-298,

1910 3540 2078 3591 quare
2110 3526 2457 3580 restituamus
2488 3524 2627 3586 apud
2670 3529 2799 3578 Arni
2823 3523 2971 3578 biutu
3004 3541 3015 3575 :
3052 3535 3169 3576 ante
3200 3521 3323 3577 CCC
3350 3540 3514 3577 atinas

1911 3596 2121 3666 religio,
2184 3599 2381 3667 inquit,
2423 3607 2586 3650 vestra
2644 3613 2741 3649 nou
2788 3596 2903 3664 fuit.
2954 3595 3195 3648 Allusnm
3254 3593 3394 3646 enim
3447 3596 3514 3649 ad

1914 3667 2173 3721 iro:.ic:un
2205 3666 2610 3723 coiit-essionem
2652 3670 2792 3721 illam
2831 3667 3267 3734 pra-cedentem;
3301 3666 3389 3718 sed
3419 3682 3486 3719 no

1912 3740 2099 3791 vellunt
2131 3754 2199 3793 est
2246 3758 2427 3794 nomen
2457 3751 2707 3801 nostrum,
2743 3751 2788 3792 et
2827 3749 2945 3791 utile
2977 3740 3085 3791 dies
3116 3756 3305 3807 paucos
3339 3738 3519 3806 religio

1910 3820 1985 3863 est
2011 3822 2151 3869 nutu,
2182 3830 2334 3881 quam
2387 3814 2661 3880 sequimur.
2720 3812 3013 3864 STEWECII.
3051 3810 3129 3862 Nl
3164 3810 3476 3862 tntttatnlttut
3505 3825 3518 3867 :

1913 3899 2034 3935 naui
2082 3894 2355 3936 attt'tot‘ern
2406 3894 2649 3937 ttoSIrutn
2710 3884 2759 3933 in
2801 3899 3068 3934 anuortun
3115 3881 3519 3947 I‘OII'IllII‘dIi'tltc

1913 3970 2018 4006 non
2068 3954 2197 4008 satis
2230 3954 2330 4007 sibi
2375 3966 2627 4007 constare
2682 3954 2745 4005 ιιι.
2795 3953 2915 4005 aliis
2945 3952 3078 4017 jnm.
3119 3953 3265 4007 \Ctbi
3319 3968 3516 4018 causa,

1914 4026 2143 4079 liatmiio
2181 4026 2244 4078 ad
2297 4027 2493 4078 Annal.
2552 4023 2675 4085 302,
2722 4022 2749 4094 §
2788 4024 2883 4083 l7;
2940 4026 3253 4080 btnlwi-llo.
3293 4024 3516 4077 lhsserl.

1911 4096 2051 4150 lt'eu.
2078 4137 2091 4159 ,
2128 4113 2196 4161 tt,
2232 4096 2391 4166 §.\6;
2445 4096 2639 4166 l’agio,
2676 4101 2739 4148 ad
2783 4095 2978 4166 Annal.
3027 4096 3162 4155 502,
3216 4094 3243 4165 §
3302 4096 3389 4157 15,
3420 4095 3520 4149 ιιι)-

1913 4180 2184 4229 servatum
2212 4165 2315 4221 est.
2342 4167 2603 4222 Nuuirmn
2634 4183 2696 4223 ex
2733 4165 2909 4221 verbis
2933 4170 3052 4232 ejus
3078 4184 3239 4235 supra
3260 4182 3287 4220 a
3312 4167 3521 4222 Stewe-

1914 4239 2036 4293 chi»
2066 4240 2238 4292 allatis
2260 4282 2274 4305 ,
2306 4240 2400 4293 lib.
2434 4256 2481 4298 t.
2513 4256 2633 4307 cap.
2672 4240 2756 4302 i3.
2788 4249 2842 4292 cl
2871 4254 2933 4292 ex
2985 4241 3047 4292 iis
3077 4256 3196 4307 qum
3239 4242 3287 4291 in
3334 4249 3519 4291 nostro

1914 4312 2089 4374 capite
2142 4310 2278 4364 infra
2335 4311 2584 4381 leguntur
2631 4330 2643 4365 :
2686 4313 2859 4364 Annos
2914 4310 3055 4365 ducit
3104 4310 3271 4382 (Urbs
3325 4311 3518 4379 lloiiia)

1914 4384 2286 4453 quinquaginta
2318 4393 2364 4435 et
2395 4384 2562 4446 mille,
2604 4394 2693 4436 aut
2736 4399 2833 4435 non
2864 4383 3081 4436 multum
3114 4384 3175 4433 ab
3205 4385 3283 4436 Itis
3312 4383 3478 4434 minus
3504 4424 3518 4445 ,

1919 4465 2064 4507 recte
2096 4456 2393 4509 elicuerunt
2415 4497 2430 4519 ,
2464 4455 2762 4510 Arnobiuni
2793 4454 2907 4507 Iure
2940 4456 3224 4521 scripsisse
3256 4458 3395 4507 circa
3427 4469 3525 4504 an-

1921 4542 2046 4579 nuut
2080 4529 2275 4580 Christi
2308 4526 2435 4588 297,
2462 4530 2611 4596 juxta
2642 4526 3028 4580 Varronianatn
3058 4528 3137 4580 vel
3164 4543 3362 4580 anunut
3391 4524 3521 4590 298,

1919 4599 2070 4665 juxta
2104 4598 2465 4663 Capitolinam
2514 4615 2776 4651 armorum
2816 4596 2975 4653 Urbis
3007 4598 3241 4652 conditae
3297 4598 3526 4667 putatio;

1927 4685 2071 4723 nem.
2108 4670 2177 4723 At
2206 4686 2337 4723 vero
2377 4670 2497 4722 huic
2529 4679 2785 4739 computo
2811 4672 3031 4723 obstare
3060 4671 3308 4723 videntur
3341 4668 3525 4731 verba,

1924 4758 2044 4809 qna:
2077 4744 2211 4794 intra
2239 4742 2496 4809 legimus,
2531 4742 2619 4795 lib.
2653 4758 2701 4793 tv
2722 4783 2736 4805 ,
2772 4757 2890 4810 cap.
2926 4742 3014 4795 50.
3055 4740 3193 4795 Nam
3224 4751 3395 4793 nostra
3420 4740 3529 4809 qui-

1925 4814 2040 4865 dem
2071 4814 2261 4881 scriptu
2304 4828 2393 4863 cur
2421 4813 2620 4882 ignibus
2667 4824 2959 4865 meruerunt
2982 4814 3126 4870 dati.
3158 4830 3250 4865 cur
3294 4812 3530 4864 immuni-

1927 4896 2003 4937 ter
2029 4884 2379 4937 conventicula
2403 4885 2559 4947 dirui,
2594 4902 2733 4952 qua',
2760 4895 2811 4937 ut
2850 4889 3055 4937 monuit
3085 4885 3345 4937 Batonius
3382 4884 3416 4936 Ι.
3452 4884 3485 4935 l.
3510 4925 3524 4948 ,

1925 4971 2032 5009 non
2066 4956 2316 5008 videntur
2346 4956 2543 5022 scripta
2572 4970 2693 5009 esse
2722 4966 2846 5008 ante
2872 4972 3068 5007 mittil.“
3106 4964 3224 5025 post
3253 4954 3530 5008 Chi-idum

1926 5040 2107 5079 natum
2142 5027 2285 5091 505,
2319 5042 2426 5093 quo
2457 5028 2783 5081 Dittclcliatta
2828 5028 3133 5094 persecutio
3178 5029 3375 5080 saivire
3416 5040 3531 5079 (‘03-

1925 5100 2020 5168 pil.
2054 5099 2228 5167 Quid,
2261 5098 2401 5166 quod
2450 5115 2623 5166 neque
2669 5101 2731 5151 de
2783 5108 3059 5165 tutnporu.
3094 5117 3199 5169 quo
3246 5098 3531 5164 scripserit

1929 5172 2097 5242 libros
2124 5186 2251 5223 suos
2290 5212 2303 5232 ,
2339 5187 2512 5237 neque
2548 5171 2615 5224 de
2647 5184 2789 5242 anno
2831 5186 2936 5237 quo
2984 5172 3176 5223 obici-it
3220 5170 3531 5233 Arnobius,

1929 5241 2323 5295 accuratiorem
2358 5244 2602 5295 notitiam
2654 5241 2945 5302 habemus,
2994 5242 3093 5295 nisi
3136 5243 3275 5306 quod
3310 5257 3373 5293 rx
3416 5258 3536 5293 vrr-

1930 5314 2012 5367 his
2046 5314 2352 5385 "ltil'Oltyllli
2376 5356 2390 5378 ,
2439 5315 2506 5365 de
2535 5313 2677 5367 Viris
2726 5314 3021 5365 illustribus
3045 5356 3058 5375 ,
3108 5330 3225 5381 cap.
3263 5314 3515 5385 79.71am-

1931 5385 2157 5439 cludunt
2180 5384 2373 5439 eruditi
2400 5428 2413 5448 ,
2442 5386 2589 5439 illum
2621 5385 2686 5438 ad
2720 5400 2919 5437 annum
2948 5385 3076 5444 5L6,
3110 5396 3229 5450 pust
3258 5384 3534 5437 Christum

1934 5467 2116 5509 uatum
2168 5458 2326 5510 vitam
2378 5459 2711 5524 produxisse.
2764 5458 2988 5521 Quodsi
3042 5458 3199 5524 igitur
3241 5474 3343 5507 uno
3392 5470 3536 5509 anno

1936 5539 2056 5595 post
2090 5530 2527 5581 trecentesimum
2562 5530 2853 5595 scripserat
2900 5528 2963 5578 ha
2986 5544 3014 5580 c
3042 5538 3250 5591 ant-tor,
3281 5527 3538 5580 adversa-

1932 5600 2041 5653 rius
2086 5599 2173 5651 ille
2218 5615 2487 5667 paganus,
2539 5616 2698 5667 qui-nt
2734 5600 2935 5652 inducit
2970 5596 3071 5653 ltoc
3119 5599 3258 5657 loco,
3312 5613 3538 5650 ltlllllt'lO

1931 5671 2163 5725 rotundo
2208 5670 2386 5725 dicere
2436 5683 2643 5737 poterat
2687 5690 2698 5723 :
2747 5671 2875 5723 Ante
2920 5672 3323 5740 quadringenos
3374 5685 3539 5721 annos

1929 5745 2111 5813 religio
2141 5754 2303 5794 restru
2326 5759 2446 5813 quon
2477 5743 2593 5812 fuit.
2644 5743 2799 5795 (lonf.
2837 5742 3257 5795 Sclitmictnanni
3293 5740 3541 5793 uolitant

1932 5816 2249 5869 litterariam
2273 5857 2285 5878 ,
2316 5812 2343 5885 ᾗ
2378 5815 2423 5867 l.
2460 5816 2663 5869 Uni;t.t..

2006 5907 2135 5975 Quis
2163 5907 2347 5962 Picum
2381 5904 2557 5960 Fauni
2587 5917 2818 5975 putrem,
2868 5918 3020 5964 utque
3047 5922 3203 5961 arrm
3242 5902 3456 5956 Latini?
3485 5904 3563 5959 Sa
