3872 6352
312 342 420 400 997

1460 343 1746 403 ARNOBII
1775 340 2146 401 ADVERSUS
2183 343 2462 401 GENTES

3539 344 3643 402 928

313 452 566 511 Latinum
592 455 792 526 gradus
812 497 828 521 ,
857 455 985 513 trini
1017 473 1032 512 :
1061 465 1120 513 ut
1149 457 1350 514 indicat
1370 459 1558 514 series.
1593 457 1761 514 Vultis
1791 457 1933 512 Fau-
1959 466 2014 524 Α
2038 459 2452 531 quamplurimis
2471 459 2698 525 anteire,
2718 475 2840 515 cum
2865 476 2893 515 a
2913 470 3062 517 certo
3084 460 3356 518 eiecerint
3378 463 3645 532 tempore?

311 561 450 609 nus.
482 547 706 605 Latinus
727 591 742 616 ,
773 557 828 605 et
854 548 1036 616 Picus,
1070 551 1226 605 annis
1253 550 1486 605 vixerint
1512 550 1718 606 vicenis
1767 560 1929 620 atque

313 642 606 697 centenis?
655 641 792 697 ultra
841 644 983 698 enim
1039 653 1270 712 negatur
1325 657 1489 713 posse
1537 643 1773 697 hominis
1823 643 1928 696 vita

314 731 564 802 produci.
597 733 908 789 Estimatio
927 734 1071 805 justa
1095 745 1149 788 ct
1171 735 1372 805 liquida
1395 745 1498 790 est.
1521 734 1772 790 Trecenti
1803 749 1932 806 ergo

316 838 446 882 sunt
490 827 636 899 pleni
687 843 738 884 et
760 828 1036 899 sexaginta
1066 838 1185 897 post
1216 828 1317 884 hos
1345 830 1474 884 anni
1503 846 1516 882 :
1547 844 1635 885 res
1664 829 1735 884 ita
1765 839 1848 884 est
1877 838 1934 884 nt

319 923 524 980 indicat
550 927 883 996 supputatio.
911 925 1081 993 Cujus
1110 940 1268 981 socer
1300 927 1532 982 Latinus
1548 926 1679 982 luit?
1716 925 1928 984 diluere.

321 1013 549 1070 Genitor
577 1017 624 1072 is
670 1016 870 1085 cujus?
922 1017 1119 1074 Albani
1170 1019 1352 1088 oppidi
1401 1019 1718 1074 conditoris.
1787 1020 1932 1087 Quot

321 1109 464 1178 apud
491 1111 680 1165 Albam
716 1119 998 1180 regnatum
1033 1121 1113 1166 est
1166 1114 1363 1167 annis?
1392 1112 1820 1184 quadringentis,
1880 1124 1935 1168 et

320 1213 490 1270 prope
543 1201 628 1256 bis
658 1201 831 1256 denis.
883 1200 1082 1256 Aitatis
1134 1204 1262 1258 urbs
1301 1203 1471 1258 Roma
1523 1205 1678 1274 cujus
1719 1219 1840 1260 esse
1877 1205 1931 1259 in

321 1291 605 1347 annalibus
659 1292 957 1347 indicitur?
1009 1308 1180 1348 annos
1233 1294 1378 1350 ducit
1446 1296 1829 1367 quinquaginta
1881 1306 1936 1351 et

321 1386 494 1453 mille,
520 1397 614 1443 aut
644 1404 749 1442 non
784 1389 1010 1444 multum
1039 1390 1108 1445 ab
1132 1390 1215 1444 his
1267 1392 1463 1446 minus.
1497 1392 1637 1462 Ergo
1666 1391 1733 1446 ab
1759 1390 1891 1446 Jove
1916 1433 1932 1458 ,

323 1481 412 1549 qui
446 1479 614 1534 I'rater
660 1491 744 1535 est
795 1481 930 1549 Pici,
975 1483 1174 1552 quique
1227 1497 1378 1553 pater
1405 1493 1489 1538 est
1539 1485 1832 1550 minorum,
1881 1494 1936 1538 et

323 1571 660 1644 reliquorum
681 1574 928 1641 deorum,
953 1579 1077 1630 anni
1099 1577 1162 1630 ad
1189 1576 1301 1631 hrrc
1325 1586 1562 1646 tempora
1586 1592 1754 1647 prope
1773 1576 1934 1631 millia

323 1663 436 1721 duo
481 1678 626 1731 sunt,
657 1677 751 1721 aut
778 1667 942 1736 pleni,
977 1679 1033 1723 ut
1078 1669 1369 1738 largiamur
1399 1671 1566 1724 aetati.
1612 1668 1765 1736 Quod
1813 1685 1934 1724 cum

327 1757 574 1828 redargui
627 1775 731 1813 non
765 1762 956 1830 possit,
986 1777 1092 1815 non
1125 1773 1328 1815 tantum
1360 1777 1551 1816 recens
1595 1771 1713 1816 nata
1747 1762 1936 1831 religio

2037 565 2130 609 aut
2159 556 2316 625 spatii
2348 555 2500 623 cujus
2526 563 2653 608 sunt
2680 555 2846 610 millia
2879 571 3144 611 annorum
3167 556 3299 621 duo,
3328 557 3648 614 saeculorum

2037 649 2200 702 tantis
2231 656 2541 715 comparata
2574 662 2693 701 cum
2727 649 2990 703 millibus?
3009 650 3089 705 Ac
3113 659 3294 703 tamen
3329 664 3396 704 ne
3427 665 3641 704 causam

2036 749 2141 793 tam
2169 740 2323 809 longa
2352 738 2578 807 prodere
2605 738 3034 794 dissimulatione
3060 739 3366 803 videamur,
3398 742 3500 794 nisi
3530 757 3645 796 nio-

2035 832 2230 887 lesmm
2283 841 2389 898 est,
2420 830 2604 893 dicite.
2635 831 3002 900 omnipotens,
3033 839 3089 886 et
3119 832 3324 901 primus
3356 830 3497 886 Deus
3545 847 3644 884 no-

2034 925 2169 980 vella
2193 925 2348 979 Vobis
2377 924 2586 978 videtur
2632 939 2718 979 res
2763 939 2905 989 esse,
2935 933 2988 977 et
3013 925 3102 993 qui
3145 940 3268 979 eum
3320 935 3645 979 venerantes

2036 1019 2242 1084 colunt,
2277 1018 2567 1082 inauditas,
2585 1019 2908 1088 incognitas,
2928 1019 3236 1088 repentinas
3259 1019 3464 1090 agitare
3486 1030 3647 1083 atque

2041 1112 2304 1166 inducere
2351 1111 2674 1181 religiones?
2700 1111 2866 1167 Estne
2913 1112 3002 1165 illo
3034 1111 3305 1182 antiquius
3333 1112 3644 1182 quidquam,

2036 1213 2127 1256 aut
2170 1204 2311 1272 quod
2341 1219 2462 1257 eum
2498 1201 2768 1270 praecedat
2795 1219 2876 1268 re,
2903 1213 3168 1273 tempore,
3199 1193 3438 1266 nomine,
3476 1212 3651 1271 potest

2036 1294 2235 1364 aliquid
2269 1294 2546 1349 inveniri?
2589 1294 2779 1350 Nonne
2805 1298 2953 1350 solus
2985 1296 3254 1365 ingenitus
3277 1339 3290 1362 ,
3327 1296 3648 1352 immortalis

2037 1395 2087 1442 et.
2118 1398 2410 1458 perpetuus
2438 1391 2586 1442 solus
2613 1389 2740 1443 est?
2787 1389 2919 1456 Quis
2941 1401 3121 1458 caput,
3151 1404 3237 1444 aut
3294 1390 3413 1444 fons
3468 1407 3647 1445 rerum

2038 1482 2162 1535 est?
2193 1496 2298 1536 non
2331 1483 2483 1551 ipse?
2510 1483 2594 1536 cui
2622 1482 2782 1538 debet
2832 1483 3106 1537 mternitas
3135 1483 3238 1537 hoc
3283 1484 3483 1553 ipsum.
3505 1483 3650 1551 quod

2039 1585 2379 1642 nuncupatur
2408 1574 2724 1629 mtcruitas?
2749 1591 2852 1630 non
2884 1574 3021 1643 ipsi?
3046 1574 3253 1629 inﬁnita
3285 1585 3342 1629 ut
3384 1575 3651 1644 prodeant

1993 1724 2006 1738 ,
2038 1668 2252 1732 sarcula,
2289 1684 2393 1723 non
2423 1683 2490 1724 ex
2520 1669 2634 1739 ejus
2662 1669 3020 1739 perpetuitate
3057 1669 3376 1738 perﬁcitur?
3418 1669 3638 1724 ludubi-

2041 1761 2204 1815 tabile
2229 1762 2367 1815 istud
2399 1771 2454 1815 et
2484 1778 2704 1815 verum:
2737 1776 2842 1815 non
2875 1776 3004 1830 ergo
3044 1760 3187 1830 quod
3233 1763 3510 1830 sequimur
3547 1777 3645 1815 no-

326 1851 671 1918 ostenditur,
723 1868 882 1922 quam
923 1853 1087 1909 obitis
1115 1896 1128 1908 .
1155 1854 1251 1909 sed
1304 1854 1536 1910 infantes
1583 1866 1636 1909 et
1682 1855 1934 1918 parvulos
1966 1837 2012 1906 B
2043 1870 2162 1908 vum
2194 1864 2295 1919 est,
2343 1855 2436 1909 sed
2476 1869 2572 1908 nos
2621 1869 2746 1909 sero
2789 1853 3167 1916 addidieim’us,
3200 1853 3454 1923 quidnam
3500 1855 3677 1924 St‘qui.

326 1957 452 1999 esse
478 1944 624 2014 ipsos
653 1945 830 2000 adhuc
859 1946 1008 2011 deos,
1036 1949 1230 2018 quibus
1259 1958 1442 2003 tauros
1471 1960 1629 2017 atque
1652 1949 1784 2004 alias
1809 1951 1930 2004 hos-

329 2035 433 2090 tias
459 2051 580 2091 cum
621 2036 862 2106 periculo
885 2041 1250 2110 corruptionis
1273 2042 1597 2112 suggeritisa
1616 2057 1751 2112 quos
1775 2056 1936 2112 opor-

328 2126 480 2184 tebat
506 2128 684 2184 adhuc
710 2131 958 2187 mammis
981 2142 1140 2203 atque
1161 2134 1363 2188 stillato
1387 2135 1520 2188 lacte
1550 2134 1758 2190 nutriri.

402 2219 614 2276 LXXII.
661 2223 732 2278 At
761 2223 1049 2293 religiones
1078 2236 1273 2281 vestrae
1296 2227 1476 2280 multis
1525 2227 1681 2280 annis
1734 2241 1935 2296 βιωθε-

326 2310 464 2366 dunt
493 2322 757 2378 nostram,
781 2325 838 2369 et
866 2329 932 2370 eo
963 2325 1088 2372 sunt
1143 2317 1402 2385 veriores,
1463 2318 1602 2389 quod
1655 2320 1935 2374 vetustatis

325 2405 646 2462 auctoritate
690 2407 914 2463 munitas
961 2417 1106 2464 sunt.
1143 2407 1355 2481 thuid
1376 2424 1468 2466 eas
1518 2411 1741 2483 prodest
1782 2412 1940 2466 annis

2042 1957 2286 2016 oporteat
2319 1957 2368 2001 et
2419 1946 2599 2001 colere
2632 1964 2645 2000 :
2675 1954 2766 1999 aut
2797 1944 3011 1999 ubinam
3049 1945 3356 2010 conveniat,
3405 1953 3459 1999 et
3502 1960 3653 2014 spent

2043 2040 2231 2094 salutis
2257 2039 2477 2110 afﬁgere
2499 2085 2512 2107 ,
2548 2049 2603 2095 et
2633 2038 2886 2093 salutaria
2918 2037 3152 2094 subsidia
3185 2039 3474 2093 collocare.
3507 2037 3654 2093 Noa-

2043 2132 2168 2186 dum
2198 2132 2342 2186 enim
2369 2131 2662 2198 allulserat,
2694 2130 2782 2200 qui
2806 2131 2944 2184 viam
2970 2139 3300 2184 monstraret
3321 2130 3650 2193 errantibus,

2043 2232 2097 2278 et
2122 2222 2348 2292 caligine
2389 2224 2440 2276 in
2472 2222 2732 2278 altissima
2761 2221 3067 2276 constitutis
3095 2221 3418 2290 cognitionis
3467 2222 3649 2276 lumen

2043 2319 2373 2384 immitteret,
2400 2328 2456 2373 et
2481 2317 2831 2390 ignorationis
2857 2315 3149 2373 discuteret
3174 2316 3495 2373 cecitatem.

1615 2525 1994 2584 LECTIONES
2033 2523 2448 2581 VARIANTES.

393 2643 422 2673 ι
455 2639 718 2705 Oggerttis
737 2641 877 2695 Fulv.

1713 2729 2285 2788 COMMENTARIUS.

331 2834 675 2900 turnus.etc.
730 2831 805 2884 De
855 2830 1068 2887 Saturni
1118 2845 1284 2900 regno
1333 2831 1538 2898 profugi
1584 2831 1821 2884 adventu
1872 2833 1922 2885 in

329 2899 536 2955 Italiam
555 2943 569 2962 ,
597 2900 746 2963 Pico.
779 2902 966 2956 Fauno
985 2944 998 2966 ,
1026 2912 1133 2957 etc.
1159 2899 1327 2958 [vide
1371 2903 1616 2970 inprimis
1648 2905 1923 2956 Aurelium

329 2970 606 3027 Victorem
628 3014 643 3032 ,
669 2973 734 3025 de
762 2973 982 3043 Origine
1009 2972 1199 3028 Gentis
1229 2989 1498 3040 romanre,
1530 2989 1647 3040 cap.
1680 2990 1733 3027 ιιι
1769 2986 1820 3028 et
1851 2991 1925 3036 iv,

329 3043 511 3107 ibique
543 3043 882 3110 interpretes.
914 3046 1117 3100 UnsLL.

416 3098 585 3167 Vultis
620 3098 834 3167 Ftiunus
867 3098 1149 3169 Latiuuiswet
1180 3115 1330 3169 Picus
1361 3117 1510 3169 annis
1536 3117 1760 3170 vixerint
1801 3117 1933 3170 vice-
1967 3098 2012 3159 (ἶ

329 3186 414 3241 nis
443 3197 592 3253 atque.
619 3187 882 3240 centenis?
909 3189 1046 3240 ultra
1093 3187 1227 3240 enim
1279 3199 1494 3257 negatur
1526 3204 1672 3254 posse
1718 3188 1938 3240 hominis

331 3259 437 3312 vita
466 3257 698 3326 produci.
751 3257 884 3312 Nota
940 3259 1161 3310 historia
1192 3260 1368 3324 magni
1423 3259 1584 3312 Panis
1633 3258 1832 3311 mortui
1886 3269 1939 3310 et

333 3328 566 3400 aliorum
596 3329 898 3400 Agenioruut
950 3331 1196 3384 interitus
1241 3330 1382 3400 apud
1440 3329 1820 3383 Plutarchum.
1872 3329 1940 3383 de

334 3398 549 3453 defectu
583 3397 958 3454 Orneulorum.
1015 3397 1295 3455 Manifestii
1340 3402 1542 3456 Statius
1589 3400 1760 3454 ΤΙιιιΙ).
1791 3441 1805 3464 ,
1841 3417 1889 3453 vt
1922 3443 1936 3463 ,

334 3471 438 3532 96,
475 3469 801 3524 deteriorem
844 3471 1104 3542 Nymphis
1131 3471 1432 3525 Faunorum
1464 3471 1828 3524 conditionem
1865 3471 1940 3523 la-

335 3542 445 3602 cit,
503 3556 624 3594 cum
670 3559 843 3595 eorum
881 3560 1056 3613 greges
1102 3543 1354 3596 interiisse
1399 3545 1535 3596 dicat
1590 3544 1808 3595 durante
1847 3545 1942 3595 hac

336 3614 487 3667 silva.
525 3614 745 3668 Servius
775 3613 840 3667 ad
884 3613 1012 3668 Ᾱζιι.
1038 3656 1051 3672 .
1085 3631 1132 3678 t,
1169 3615 1308 3670 372:
1351 3613 1606 3682 Nympha:
1631 3631 1729 3666 non
1769 3615 1940 3667 omnia

335 3685 544 3747 sciunt;
585 3701 705 3737 nam
750 3694 796 3737 et
843 3686 1130 3738 moriuntur
1175 3687 1451 3739 secundum
1500 3687 1853 3746 Aristotelem,
1889 3697 1942 3739 ut

340 3753 514 3881 gigni
565 3756 848 3825 Panesquc.
881 3755 1162 3811 Claudian.
1189 3799 1201 3821 ,
1235 3757 1303 3812 de
1351 3757 1506 3826 llapt.
1561 3757 1813 3826 Proserp.
1849 3773 1939 3824 tu,

465 3972 478 3986 .
522 3975 532 3985 .
575 3975 586 3987 .
626 3973 636 3986 .
679 3975 711 3986 ..
753 3974 766 3988 .
803 3975 816 3986 .
873 3938 1068 3989 Pariter
1088 3945 1294 3989 traxere
1314 3941 1532 3996 ruinam,

463 3999 524 4065 Et
548 4001 734 4059 pariter
758 4012 969 4065 Liosuere
993 4015 1199 4056 comam.
1223 4016 1502 4065 campoque
1522 4003 1820 4053 recumbunt

466 4062 1121 4126 FaunorumDryadumque
1158 4064 1318 4113 dolor.

738 4125 969 4191 ΒΑιιτιι..
1001 4128 1068 4180 ad
1093 4126 1252 4193 Stat.,
1277 4129 1376 4181 vol.
1410 4143 1486 4192 Ill,
1522 4145 1640 4196 pag.
1676 4128 1803 4183 582.

415 4237 620 4310 ﬂuere.
666 4237 876 4292 Genitor
917 4239 960 4292 is
991 4241 1185 4310 cujus?
1216 4240 1397 4292 Albani
1430 4241 1608 4310 oppidi
1644 4242 1940 4296 conditoris.

341 4307 419 4364 Ita
466 4308 610 4362 edidi
644 4326 705 4363 ex
759 4307 1140 4365 emendatione
1187 4307 1543 4366 Freinshemii
1590 4313 1641 4364 in
1676 4313 1850 4366 Iudice
1883 4314 1946 4366 ad

345 4379 568 4434 Florum
599 4382 766 4434 verbo
798 4381 966 4435 Iulus.
997 4383 1128 4436 (10d.
1179 4399 1277 4436 ms.
1316 4393 1370 4437 et
1401 4383 1668 4436 editiones
1699 4400 1819 4436 eum
1857 4401 1946 4437 se-

343 4461 480 4506 cuta'.
513 4451 707 4505 habent
741 4471 752 4505 :
783 4451 1000 4515 .Euew,
1035 4456 1276 4522 genitoris
1316 4455 1464 4507 latini
1493 4456 1719 4521 :cujus?
1761 4456 1946 4508 Albani

344 4524 522 4594 oppidi
555 4524 852 4587 conditoris,
900 4524 1266 4590 vitiosissime,
1297 4538 1346 4579 et
1396 4537 1585 4579 contra
1620 4541 1834 4578 onmem
1891 4533 1950 4578 ti-

345 4595 468 4648 dem
526 4595 860 4648 historicatn.
916 4595 1015 4649 0b.
1066 4596 1313 4652 Gifattius
1368 4597 1490 4658 lcgit
1531 4595 1762 4650 :xEnctc
1807 4599 1950 4666 geni-

347 4666 499 4719 toris?
529 4669 696 4720 cuius.
725 4675 809 4721 etc
839 4708 852 4732 ,
905 4667 1165 4731 probante
1217 4667 1318 4721 'I‘h.
1363 4667 1616 4721 (lauti-ro.
1664 4669 1814 4720 Fulv.
1853 4668 1951 4722 Ur-

346 4737 500 4791 sinus
520 4756 533 4790 :
557 4736 744 4791 xEueo’
765 4740 1004 4804 genitoris
1025 4739 1441 4805 Ascanii,Albani
1458 4739 1636 4806 oppidi
1653 4742 1947 4794 conditoris.

351 4807 668 4869 Salmasius,
703 4809 752 4862 in
783 4810 847 4861 ed
881 4810 1047 4873 Lugd.
1098 4811 1238 4864 Bat..
1273 4811 1444 4865 edidit
1473 4821 1525 4862 et
1568 4812 1902 4868 interpunxit
1936 4829 1948 4862 :

351 4877 559 4952 (Enetz.
594 4877 805 4952 Genitor
850 4882 893 4934 is
925 4882 1148 4934 Ascanii.
1181 4881 1374 4952 Cujus?
1405 4881 1589 4935 Albani
1617 4882 1794 4942 oppidi
1827 4897 1954 4934 cou-

350 4951 532 5004 ditoris
564 4968 582 5004 .'
616 4951 686 5004 ita
721 4962 777 5002 ut
817 4953 1078 5006 Ascanius
1121 4951 1269 5007 sum
1308 4955 1561 5005 Conditor
1590 4953 1956 5018 distinguatur

351 5023 422 5094 ab
448 5022 578 5094 aliis
609 5023 890 5082 Ascaniis,
924 5024 1073 5078 verbi
1117 5039 1276 5078 causa
1320 5025 1544 5077 ductore
1592 5024 1860 5094 Phrygum
1903 5025 1954 5076 iu

351 5091 496 5146 bello
539 5093 796 5159 Troiano,
828 5095 1248 5158 cujusmeniinit
1295 5094 1580 5149 Homerus.
1617 5091 1786 5157 ll.,'u,
1829 5095 1953 5156 862.

351 5174 405 5216 et
434 5180 550 5236 xui.
585 5165 710 5218 792.
745 5165 851 5218 Sed
900 5168 1325 5236 quotusquisque
1378 5177 1492 5219 erat
1547 5168 1805 5221 lectorum
1859 5170 1958 5220 Ar-

353 5235 522 5307 nobii.
553 5237 641 5303 qui
693 5238 858 5290 alium
892 5235 1179 5290 Ascanium
1214 5239 1524 5307 cogitasset.
1567 5254 1726 5307 quam
1768 5238 1958 5293 xEnetn

355 5304 546 5366 Iilintu,
605 5309 943 5361 conditorem
980 5310 1161 5361 Albae?
1192 5304 1454 5364 Meursius
1489 5304 1706 5364 tandem
1753 5313 1828 5364 sic
1874 5327 1956 5364 re-

355 5376 506 5444 lingit
538 5397 550 5428 :
586 5375 792 5431 Αῑηριιι.
828 5377 1038 5433 Generis
1072 5380 1260 5434 Latini.
1295 5381 1498 5436 OanLL.

428 5469 603 5522 Annos
650 5470 790 5522 ducit
843 5472 1209 5540 quinquaginta
1257 5483 1302 5527 ct
1358 5474 1516 5527 mille.
1565 5472 1747 5532 Ducit,
1785 5474 1838 5525 id
1888 5484 1962 5526 est

356 5551 635 5603 computat.
670 5551 921 5604 numerat,
962 5552 1017 5594 ιιι
1047 5543 1181 5596 bene
1215 5547 1596 5611 interpretatur
1623 5545 1670 5599 .l.
1705 5544 1789 5598 Fr.
1820 5545 1957 5598 Gro-

360 5615 570 5686 novius,
603 5614 784 5677 0|)ss.,
819 5613 936 5686 lih.,
967 5629 1026 5676 ιι.
1058 5630 1176 5682 cap.
1207 5618 1290 5679 I0,
1325 5633 1442 5686 pag.
1484 5619 1600 5672 I30.
1634 5632 1774 5683 seq..
1799 5630 1844 5670 et
1881 5631 1962 5670 re-

342 5685 490 5756 futat
541 5685 713 5739 virum
758 5684 1060 5742 eruditum.
1100 5690 1280 5740 nescio
1328 5684 1483 5751 quem
1509 5731 1521 5749 ,
1551 5690 1907 5756 explicantem
1946 5705 1958 5740 :

361 5753 544 5809 Durat.
583 5756 775 5812 Ducere
807 5758 1028 5812 verbum
1061 5759 1426 5813 aritlnnetiees
1457 5772 1507 5814 ct
1541 5753 1803 5813 ratiocinii
1841 5774 1963 5814 uro~

365 5828 560 5896 prium,
589 5844 694 5885 non
743 5839 948 5886 tantum
975 5826 1044 5883 de
1070 5827 1364 5888 additium.
1395 5841 1455 5884 ut
1497 5829 1607 5883 vult
1641 5826 1873 5886 Ernesti.
1911 5829 1962 5878 in

2035 2830 2170 2883 elavi
2202 2829 2336 2894 Cic.,
2357 2829 2459 2881 hoe
2489 2828 2672 2885 verbo.
2696 2827 2789 2880 sed
2823 2825 2889 2880 de
2905 2827 3050 2880 omni
3082 2826 3454 2890 computo.lta
3486 2826 3658 2892 Gell.,

2041 2901 2132 2955 lib.
2166 2918 2180 2956 ι
2207 2943 2220 2964 ,
2253 2917 2371 2969 cap.
2407 2901 2477 2954 “20
2512 2920 2522 2953 :
2559 2898 2621 2952 In
2653 2900 2874 2952 numeris
2896 2900 3047 2951 etiam
3073 2898 3309 2950 similiter
3333 2900 3486 2958 κύϐος
3516 2900 3662 2950 duci-

2040 2983 2122 3025 tur
2153 2990 2267 3024 cum
2297 2990 2445 3025 omne
2473 2972 2607 3024 latus
2634 2969 2863 3035 ejusdem
2913 2971 3110 3022 numeri
3139 2969 3413 3036 trquuliter
3450 2987 3506 3022 tu
3555 2986 3663 3023 sese.

2043 3045 2276 3099 solvitur.
2313 3045 2441 3095 sicut
2473 3045 2549 3104 ﬁt,
2577 3059 2690 3094 cum
2719 3052 2791 3093 ter
2815 3041 2945 3094 dena
2972 3041 3253 3093 ducuntur.
3280 3039 3486 3094 Οιιειι..

2117 3116 2216 3167 Aut
2246 3115 2402 3182 pleni.
2450 3116 2521 3166 Ita
2565 3113 2850 3176 legendum
2880 3127 3000 3167 esse
3035 3127 3156 3165 cum
3208 3110 3402 3164 Fulvnv
3437 3111 3659 3178 Ursino,

2044 3186 2238 3240 docent
2272 3187 2552 3251 sequentia
2585 3184 2747 3238 verba
2780 3193 2832 3236 ut
2861 3183 3148 3254 largiamur
3188 3184 3350 3237 (etuti.
3388 3182 3522 3238 Cod.
3556 3200 3662 3238 ms.

2047 3257 2186 3310 haud
2220 3257 2376 3322 pleni.
2408 3258 2615 3312 ORELL.

2125 3327 2412 3397 Religto....
2445 3346 2595 3397 quam
2625 3328 2791 3381 abitis.
2825 3327 2880 3381 Id
2911 3337 2992 3380 est
3018 3341 3177 3394 quam
3223 3326 3421 3379 colitis.
3454 3327 3546 3381 Sic
3577 3328 3662 3379 in-

2048 3400 2126 3453 fra
2170 3402 2257 3452 lib.
2313 3416 2396 3462 ιιι,
2444 3415 2560 3463 cap.
2613 3398 2646 3452 5
2697 3417 2706 3450 :
2747 3398 3074 3465 Reliquorum
3105 3399 3318 3449 deorum
3351 3399 3515 3466 ofﬁcia
3563 3416 3664 3450 non

2049 3471 2217 3531 abitis,
2255 3487 2350 3535 pro
2383 3491 2394 3522 ε
2430 3469 2548 3522 Non
2585 3473 2838 3535 praestatis
2867 3469 3075 3530 reliquis
3113 3470 3212 3522 diis
3235 3469 3420 3593 agit-ia.
3457 3469 3662 3524 Οιιειλ..

2120 3541 2243 3593 Cum
2274 3543 2500 3593 nericulo
2528 3542 2873 3593 corruptionis
2919 3541 3211 3593 suaacritis.
3293 3543 3529 3593 orruntio
3562 3559 3662 3593 stt:-

2120 3541 2243 3595 Cuin
2274 3543 2500 3608 periculo
2528 3542 2873 3608 corruptionis
2919 3541 3211 3608 sugg/vitis.
3249 3541 3529 3608 Corruptio
3562 3559 3665 3593 srv-

2052 3614 2267 3679 pissiine
2298 3613 2366 3666 de
2397 3614 2606 3672 inorbo.
2639 3613 2780 3680 quod
2813 3625 3010 3678 corpus
3040 3611 3260 3663 invadit.
3294 3611 3384 3664 Sic
3410 3623 3525 3664 ater
3547 3629 3664 3664 cor-

2048 3687 2185 3751 rupti
2211 3685 2438 3748 carparis
2466 3688 2649 3736 humor
2676 3700 2760 3748 ap.
2797 3682 3039 3740 Lucret.,
3070 3699 3148 3740 III.
3180 3680 3310 3736 502.
3345 3681 3450 3736 Pro
3481 3699 3667 3752 sugge-

2047 3757 2181 3818 ritis,
2219 3754 2370 3808 Fulv.
2404 3754 2587 3810 Ursin.
2624 3755 2825 3808 mavult
2875 3753 3134 3823 oggeritis,
3169 3753 3314 3821 quod
3361 3753 3661 3820 allliquills.

2047 3827 2154 3879 Sed
2189 3828 2261 3881 nil
2292 3827 2623 3878 mutandum.
2662 3824 2808 3879 Cibus
2836 3841 3107 3893 suggerere
3136 3824 3294 3878 alicui
3325 3825 3457 3879 dicit
3500 3825 3663 3879 etiam

2051 3898 2274 3955 Statius,
2306 3897 2503 3958 Theb.,
2541 3913 2614 3955 ix.
2647 3897 2770 3950 740.
2802 3898 3006 3951 Οιιειι..

2123 3969 2335 4024 LXXII.
2367 3998 2433 4009 —
2467 3972 2538 4020 Ac
2588 3981 2754 4021 tamen
2804 3985 2865 4020 ne
2919 3985 3126 4020 causam
3180 3979 3284 4019 tant
3335 3969 3492 4036 longa
3547 3985 3667 4034 pro-

2049 4043 2228 4096 cedere
2261 4041 2669 4093 dissimulatione
2698 4041 2983 4093 videamur.
3022 4039 3094 4091 lta
3129 4039 3268 4092 edidi
3308 4055 3374 4092 ex
3408 4042 3666 4093 emenda-

2052 4113 2197 4167 tione
2225 4113 2328 4166 Tli.
2362 4113 2598 4172 Cauteri,
2635 4128 2794 4178 quam
2832 4112 3023 4178 probat
3049 4111 3224 4164 editor
3254 4110 3423 4180 Lugd.
3454 4109 3576 4163 Bat.
3613 4123 3666 4165 et

2051 4184 2462 4239 Freinshemius
2521 4201 2570 4234 ιιι
2615 4183 2792 4237 lmlice
2848 4181 2913 4235 ad
2972 4181 3192 4236 Florum
3239 4186 3407 4236 verbo
3454 4193 3662 4236 veteres.

2050 4254 2182 4309 Cod.
2217 4271 2317 4310 ms.
2353 4266 2403 4306 et
2434 4253 2517 4309 ed.
2557 4254 2804 4323 princeps
2835 4253 2991 4306 Rom.
3028 4254 3225 4323 habent
3257 4270 3269 4307 :
3303 4255 3374 4306 Ac
3405 4263 3574 4305 tamen
3605 4272 3668 4306 ne

2052 4344 2261 4380 causam
2314 4337 2415 4378 tam
2465 4322 2691 4394 longam.
2721 4337 2854 4386 etc.,
2904 4325 3047 4392 quod
3094 4322 3392 4379 defendere
3439 4334 3666 4378 ennatttr

2056 4399 2318 4451 lleraldus
2351 4409 2544 4466 putans
2570 4412 2838 4451 excusiire
2864 4412 2922 4449 se
2953 4396 3273 4454 Arnohinni,
3305 4397 3446 4461 quod
3479 4397 3530 4448 in
3567 4395 3664 4448 hac

1975 4484 2029 4542 1)
2053 4471 2416 4536 disputatione
2441 4469 2641 4521 diutius
2673 4470 3010 4542 humori-tur,
3037 4467 3218 4542 dicere
3240 4468 3443 4536 itaque,
3476 4467 3577 4520 huc
3607 4483 3665 4542 se

2055 4542 2302 4595 consulto
2347 4542 2555 4600 lccis-‘e,
2614 4556 2679 4593 ne
2731 4539 2946 4592 brevius
2973 4539 3203 4601 agendo,
3237 4549 3289 4591 et
3333 4557 3392 4592 ea
3439 4555 3559 4608 quas
3600 4539 3665 4591 ad

2057 4628 2170 4665 rem
2225 4613 2563 4678 pertinebant
2593 4611 2890 4670 reticendo,
2923 4609 3194 4663 videretur
3227 4626 3469 4668 c.ms:im.
3503 4625 3666 4679 quam

2058 4683 2450 4736 defendendam
2505 4691 2839 4746 susceperat,
2869 4683 3098 4750 prodere
3147 4681 3404 4735 voluisse.
3435 4679 3542 4734 Sed
3581 4696 3666 4741 ea,

2058 4769 2178 4822 quin
2209 4766 2362 4805 antea
2395 4754 2446 4804 in
2480 4754 2577 4804 hoc
2614 4753 2748 4804 libro
2779 4753 3146 4818 disputaverat
3180 4754 3479 4814 Arnobius,
3518 4753 3665 4806 verbi

2059 4840 2242 4889 causa,
2281 4825 2347 4877 de
2389 4834 2509 4876 ortu
2553 4827 2875 4884 animarum,
2921 4824 2984 4876 ad
3033 4840 3246 4877 causam
3280 4824 3421 4876 illam
3449 4823 3669 4878 minime

2061 4896 2352 4960 pertinent.
2389 4907 2441 4948 et
2470 4896 2537 4946 ab
2559 4895 2738 4963 operis
2772 4895 3001 4948 consilio
3035 4911 3255 4964 prorsus
3283 4905 3411 4949 sunt
3439 4896 3613 4947 aliena
3650 4914 3663 4948 :

2060 4966 2189 5020 dicit
2221 4969 2398 5027 itaque
2449 4967 2606 5033 plane
2643 4968 2993 5029 contrarium,
3030 4967 3304 5026 nimirum.
3352 4983 3410 5020 se
3455 4967 3566 5033 jam
3599 4967 3667 5021 ad

2061 5041 2241 5107 operis
2274 5039 2608 5104 propositum
2639 5039 2935 5097 rcllcctere,
2971 5055 3036 5090 ne
3066 5037 3309 5091 videatur
3358 5040 3520 5092 rebus
3563 5040 3668 5090 mi~

2064 5125 2164 5163 ltus
2219 5109 2540 5162 necessariis
2589 5110 2787 5161 diutius
2842 5109 3180 5163 immorando
3231 5125 3450 5162 causam
3509 5125 3658 5162 suam

2064 5182 2290 5250 prodere
2321 5181 2556 5234 voluisse
2598 5200 2609 5231 :
2647 5180 2907 5234 hactenus
2931 5187 3071 5232 enim
3115 5180 3390 5234 distulerat
3429 5181 3550 5250 veri
3579 5195 3667 5233 ar-

2062 5249 2300 5321 gumenti
2349 5252 2514 5304 robur
2559 5267 2825 5315 promere.
2881 5251 3185 5320 Legcndum
3237 5253 3416 5319 itaque
3475 5269 3486 5304 :
3540 5249 3668 5304 Tum

2064 5327 2306 5392 Ionam...
2360 5324 2783 5376 dissimulatione.
2819 5322 3195 5384 Dissimulatio,
3227 5325 3571 5385 dissimulare,
3601 5322 3670 5376 de

2065 5397 2128 5449 iis
2155 5395 2246 5460 qui
2287 5398 2532 5448 consulto
2564 5395 2785 5447 reticent
2825 5395 3126 5448 veritatem.
3156 5395 3412 5446 omittunt
3442 5410 3502 5447 ea
3551 5409 3669 5461 qua:

2064 5471 2128 5520 ad
2160 5483 2373 5518 causam
2432 5467 2718 5532 pertinent.
2752 5465 2882 5518 Vide
2911 5482 3070 5533 supra
3120 5465 3183 5516 ad
3233 5481 3350 5530 Cap.
3387 5465 3474 5518 Η.
3509 5463 3668 5517 Gele-

2065 5544 2186 5592 nius
2212 5539 2375 5590 edidit
2409 5557 2418 5588 :
2461 5537 2540 5589 Ne
2571 5555 2776 5589 causam
2802 5547 2902 5588 tum
2923 5539 3102 5589 bonum
3131 5537 3345 5604 prodere
3375 5536 3668 5590 dissimula-

2066 5612 2201 5664 tione
2229 5610 2508 5662 videamur.
2540 5608 2695 5661 Male.
2728 5609 2930 5663 (IREI.I..

2143 5682 2291 5748 Quod
2319 5691 2643 5746 nuncupatur
2669 5692 2946 5734 aztermtas.
2979 5679 3050 5733 Ita
3100 5677 3369 5733 Meursius
3398 5688 3448 5731 et
3495 5678 3671 5732 editor

2066 5752 2237 5821 Lugd.
2270 5753 2381 5805 Bal.
2413 5752 2514 5804 Alii
2543 5770 2554 5804 :
2586 5755 2699 5817 Quo
2736 5763 3058 5821 nuncupatur
3078 5751 3353 5821 arttjrnitus.
3386 5752 3590 5805 OnELL.

2148 5793 2366 5876 Filium"
2399 5799 2686 5875 conveniat.
2713 5833 2818 5879 me,
2846 5793 3079 5874 linrti‘utv
3127 5816 3352 5874 Ιτι-«ῑηιιςι
3400 5821 3509 5866 una
3560 5836 3639 5872 ,ηρ
