3872 6338
138 364 248 419 937

149 506 3142 536 ΜΨ

1499 359 1701 417 ΗΒΕιῖ
1744 355 2060 417 TERTIUS.
3367 353 3470 407 953

1178 615 1656 725 LIBER
1721 609 2440 721 TERTI

1250 864 2253 889 Μ

1456 996 1711 1060 INDEX
1751 994 2127 1058 CAPITUM.

141 1180 443 1238 Christiana
472 1176 653 1250 religio
680 1176 742 1231 ab
768 1173 967 1232 eximiis
1007 1171 1131 1229 viris
1166 1169 1480 1242 jamdudum
1509 1165 1635 1222 satis
1660 1181 1752 1219 su-
1783 1166 1837 1224 Α
1861 1164 2026 1221 Suam
2063 1168 2365 1223 sententiam
2404 1169 2676 1237 conﬁrmat
2703 1180 2902 1235 auctor,
2945 1172 3128 1227 horum
3159 1172 3467 1243 o/[iciorum,

210 1288 408 1342 perque
433 1272 676 1337 adserto;
705 1284 819 1341 qua:
844 1277 1012 1322 tamen
1039 1264 1183 1320 nullo
1214 1278 1423 1335 prorsus
1454 1259 1654 1315 vindice
1674 1258 1757 1311 in-

212 1367 353 1435 diget
383 1382 477 1436 per
497 1365 716 1436 seipsam
744 1363 896 1436 plane
924 1363 1248 1415 inconcussa.
1520 1354 1651 1424 Cap.
1700 1354 1753 1407 il.

141 1456 495 1527 Interceptam
538 1454 881 1526 defensionem
927 1467 1185 1508 resumens
1226 1447 1502 1513 Arnobius,
1541 1444 1756 1500 ethnicis

214 1546 530 1616 respondet,
560 1561 652 1600 cur
678 1544 949 1599 christiani
974 1544 1096 1598 deos
1125 1558 1217 1597 nec
1244 1541 1465 1596 colerent
1493 1554 1582 1592 nec
1619 1536 1755 1590 ado-

210 1650 407 1693 rarent.
442 1637 513 1691 In
546 1635 655 1691 Deo
683 1653 852 1692 rerum
877 1637 1107 1690 omnium
1139 1643 1368 1689 creatore
1397 1632 1645 1704 quidquid
1666 1646 1752 1684 co-

216 1731 427 1785 lendum
462 1741 509 1785 et
538 1730 858 1785 adorandum
897 1739 991 1796 est,
1030 1747 1061 1783 a
1103 1728 1398 1783 christianis
1428 1728 1525 1781 coli
1556 1735 1601 1780 et
1625 1724 1752 1778 ado-

212 1824 339 1877 rari.
377 1823 442 1879 Si
472 1824 558 1893 qui
581 1838 702 1895 ergo
732 1823 806 1876 dii
831 1822 957 1888 sint,
1005 1821 1177 1876 abillo
1206 1821 1457 1890 originem
1480 1833 1626 1871 suam
1657 1818 1754 1869 du-

212 1926 334 1972 cunt
364 1926 519 1987 atque
545 1916 598 1970 in
629 1933 686 1970 eo
714 1916 974 1970 coluntur.
1435 1910 1563 1979 Cap.
1592 1910 1648 1976 2,
1693 1911 1746 1963 5.

146 2009 210 2064 At
253 2010 373 2064 illos
417 2025 593 2064 revera
633 2025 738 2063 esse
777 2009 897 2063 deos
932 2006 1138 2080 probari
1175 2021 1450 2074 numquam
1490 2002 1652 2073 potuit
1686 2002 1749 2054 ab

215 2103 436 2158 ethnicis
466 2102 647 2172 quibus
677 2102 1046 2170 incompertum
1086 2115 1284 2170 semper
1309 2098 1408 2168 fuit
1431 2139 1447 2164 ,
1500 2106 1588 2149 aut
1617 2094 1753 2148 unde

221 2195 434 2249 nomina
460 2210 554 2248 sua
595 2193 905 2262 acceperint,
948 2201 1038 2246 aut
1067 2201 1258 2261 quanta
1285 2192 1348 2244 sit
1379 2204 1551 2244 eorum
1579 2187 1754 2240 multi-

221 2288 367 2340 tudo.
1440 2281 1569 2350 Cap.
1600 2281 1653 2343 4,
1695 2278 1751 2333 5.

158 2378 382 2435 Ulterius
414 2380 744 2450 progreditur
772 2387 949 2431 auctor
984 2384 1132 2445 atque
1156 2390 1219 2428 ea:
1246 2374 1324 2427 his
1349 2388 1461 2443 qua:
1488 2370 1673 2425 ethnici
1694 2369 1757 2423 de

220 2472 316 2527 diis
361 2474 475 2526 suis
512 2472 891 2543 prwdicabant,
937 2470 1106 2523 nullos
1151 2484 1256 2523 esse
1296 2465 1615 2535 apertissime
1662 2464 1753 2516 de-

224 2573 497 2618 monstrat.
550 2562 727 2617 Priino
758 2566 890 2617 enim
921 2564 1042 2615 deos
1074 2577 1238 2613 mares
1268 2568 1315 2612 et
1346 2557 1565 2625 [eminus
1595 2571 1749 2608 vene-

224 2657 498 2721 rabantur,
526 2666 576 2709 at
607 2656 829 2711 divinam
854 2666 1088 2709 naturam
1114 2654 1307 2708 nullius
1336 2668 1443 2706 esse
1470 2666 1623 2705 sexus
1665 2665 1757 2702 ca-

229 2766 406 2819 pacem
434 2749 817 2814 comprobatur.
853 2746 1109 2800 Prwterea
1138 2746 1182 2798 si
1225 2744 1299 2797 dii
1326 2744 1553 2814 gentium
1596 2757 1753 2811 gene-

218 2858 334 2896 rare
362 2857 425 2895 ac
442 2840 679 2910 generari
696 2848 922 2907 possent,
944 2853 1103 2901 quum
1120 2837 1389 2905 ﬁngantur
1414 2832 1752 2898 immortales,

211 2936 327 3004 jam
356 2933 595 3001 inﬁnitus
623 2939 753 2986 esset
782 2945 959 2985 coruus
990 2943 1246 2981 numerus.
1296 2926 1424 2996 Cap.
1452 2925 1506 2989 6,
1532 2926 1586 2988 7,
1612 2925 1665 2991 8,
1693 2924 1750 2980 9.

152 3024 229 3080 Ad
257 3025 366 3080 hcec
397 3024 551 3097 [adis
573 3021 939 3092 cupiditatibus
970 3035 1031 3073 ac
1059 3016 1404 3088 voluptatibus
1427 3016 1747 3071 contamina-

218 3126 389 3171 rentur
414 3116 511 3169 dii.
548 3114 670 3169 Non
711 3123 786 3168 est
826 3128 969 3184 ergo,
1022 3128 1115 3165 cur
1139 3110 1329 3165 ethnici
1374 3124 1508 3180 aegre
1560 3109 1749 3177 ferant,

217 3208 337 3261 deos
383 3205 644 3275 ejusmodi
699 3212 999 3276 generantes
1050 3218 1110 3254 ac
1159 3200 1359 3272 genitos
1408 3197 1672 3267 reprobari
1721 3214 1753 3250 a

219 3299 532 3355 christianis.
1219 3289 1347 3362 Cap.
1392 3291 1482 3356 10,
1528 3291 1613 3355 ii,
1661 3288 1749 3343 12.

162 3390 355 3445 Deinde
388 3389 685 3461 perstringit
713 3388 923 3460 gentiles
949 3386 1203 3441 Arnobius
1223 3426 1239 3452 ,
1283 3384 1418 3455 quod
1450 3398 1751 3451 persuasum

218 3486 489 3549 habebant,
515 3482 943 3553 quemadmodum
965 3481 1211 3545 saducazi,
1232 3479 1353 3534 deos
1367 3493 1614 3549 corporea
1640 3478 1741 3530 hu-

219 3578 656 3648 manaqueforma
685 3575 902 3646 ﬁgurari
916 3585 1067 3644 atque
1096 3572 1354 3641 componi.
1385 3569 1514 3640 Cap.
1541 3569 1632 3633 12,
1659 3568 1748 3623 13.

157 3668 262 3725 Hoc
289 3682 461 3725 autem
486 3669 643 3724 semel
680 3667 929 3733 admisso,
962 3666 1036 3720 dii
1066 3665 1162 3719 sibi
1188 3664 1403 3717 invicem
1432 3670 1519 3715 aut
1558 3660 1749 3716 similes

216 3772 300 3816 aut
346 3760 625 3816 dissimiles
654 3760 758 3813 dici
800 3758 1050 3813 deberent.
1106 3755 1389 3825 Utrumque
1432 3770 1549 3808 vero
1595 3755 1747 3808 abso-

219 3872 357 3909 nunt.

156 3944 328 4018 Neque
355 3963 443 4003 eos
474 3962 587 4001 esse
614 3947 899 4001 audiendos
920 3986 934 4011 ,
982 3944 1069 4015 qui
1097 3944 1198 4018 diis
1226 3944 1505 3998 humanam
1530 3946 1752 4013 formam

217 4042 609 4109 accommodari,
660 4042 869 4096 honoris
900 4050 1099 4095 tantum
1129 4057 1306 4107 causa,
1352 4040 1748 4111 respondebant,

225 4137 401 4189 evincit
432 4135 704 4190 Arnobius.
1493 4129 1623 4199 Cap.
1659 4131 1746 4186 16.

161 4224 315 4282 Nulla
344 4228 503 4297 igitur
542 4224 673 4293 Dei,
722 4225 919 4281 tametsi
966 4225 1176 4290 audiat,
1225 4223 1423 4291 videat,
1473 4222 1744 4293 intelligat,

216 4321 403 4389 species
442 4329 530 4373 aut
563 4318 733 4389 ﬁgura
771 4334 877 4373 esse
916 4327 1098 4388 potest.
1152 4314 1322 4371 Unum
1367 4315 1577 4379 scimus,
1612 4314 1742 4367 nihil

218 4414 440 4481 corporei
457 4422 549 4466 aut
576 4412 916 4464 humanorum
940 4407 1215 4476 aﬂ‘ectuum
1233 4408 1408 4462 essein
1432 4406 1561 4473 Deo,
1592 4407 1741 4477 cujus

219 4514 400 4559 natura
427 4505 571 4559 nullo
601 4512 765 4574 potest
792 4502 1042 4573 explicari
1072 4502 1284 4555 mortali
1314 4515 1565 4554 sermone.

1220 4592 1349 4662 Cap.
1384 4593 1470 4657 17,
1513 4591 1604 4655 18,
1646 4590 1737 4646 19.

154 4689 334 4749 Irridet
366 4694 621 4750 Arnobius
650 4693 899 4756 ethnicos,
917 4690 1052 4760 quod
1075 4688 1195 4744 deos
1226 4688 1474 4742 inducant
1502 4687 1743 4741 humanis

216 4790 405 4857 ofﬁciis,
440 4787 681 4860 negotiis,
708 4787 957 4857 rebusque
984 4783 1103 4838 aliis
1142 4782 1248 4838 sive
1276 4780 1420 4835 bonis
1459 4779 1563 4834 sive
1593 4778 1743 4832 malis

218 4882 559 4949 pra'sidentes.

1937 1260 2119 1321 quibus
2145 1263 2218 1316 dii
2245 1273 2493 1334 prtesunt,
2527 1267 2906 1321 enumeratione
2927 1276 3158 1339 peracta.

2851 1360 2982 1430 Cap.
3014 1361 3105 1425 29,
3135 1362 3227 1428 25,
3259 1364 3351 1427 2b,
3380 1362 3473 1418 9.1).

1866 1466 2015 1522 Idem
2057 1471 2376 1539 persequitur
2421 1482 2815 1544 argumentum,
2861 1475 3219 1544 concluditque
3275 1477 3470 1545 placita

1940 1562 2195 1631 ejusmodi
2216 1565 2469 1617 neminem
2492 1583 2731 1635 umquam
2756 1583 3119 1636 persuasurum
3141 1565 3473 1633 Christianis,

1934 1657 2299 1723 quantumlibet
2317 1659 2462 1727 impii
2483 1669 2530 1712 et
2545 1661 2683 1713 athei
2707 1660 2967 1713 dicantur.
2993 1660 3123 1731 Cap.
3149 1662 3243 1725 9.6,
3268 1662 3362 1723 :27,
3380 1662 3472 1715 9.8.

1861 1743 2101 1801 Fictitios
2145 1760 2390 1819 prtvterea
2431 1753 2639 1806 omnino
2680 1769 2786 1807 esse
2832 1753 3099 1821 gentilium
3133 1751 3269 1806 Deos
3312 1754 3466 1806 luen-

1935 1840 2092 1895 lenter
2119 1842 2435 1898 demonstrat
2464 1844 2721 1898 Arnobius
2750 1862 2813 1898 ex
2850 1846 3005 1898 variis
3038 1844 3243 1899 illorum
3271 1847 3473 1913 opinio-

1934 1932 2101 1998 nibus,
2136 1950 2251 2003 quaz
2278 1934 2340 1988 de
2380 1936 2559 1989 iisdem
2589 1936 2881 1990 numinibus
2914 1938 3368 2007 circumferuntur,
3427 1947 3473 1990 et

1936 2023 2157 2092 primum
2182 2026 2246 2079 de
2274 2030 2434 2093 Jano,
2467 2027 2716 2093 Saturno,
2752 2028 2879 2081 Jove
2906 2038 2955 2082 et
2984 2027 3213 2084 Junone.

3080 2123 3210 2193 Cap.
3242 2127 3336 2190 ‘29,
3380 2126 3470 2179 δυ.

1864 2228 2061 2285 Deinde
2082 2232 2144 2284 de
2170 2231 2422 2298 Minerva,
2450 2232 2712 2305 Neptuno,
2743 2233 3020 2303 Mercurio,
3053 2236 3245 2307 Magna
3274 2238 3467 2304 Matre,

1937 2323 2119 2379 Libero
2167 2336 2318 2395 atque
2358 2328 2612 2396 Apolline.
2662 2329 2744 2381 Ad
2788 2330 2895 2383 lucc
2936 2331 2999 2384 de
3033 2331 3245 2396 Diana,
3291 2333 3475 2387 Cerere

1937 2416 2167 2486 aliisque,
2218 2434 2308 2470 nec
2347 2435 2448 2471 non
2480 2420 2543 2473 de
2576 2418 2797 2482 Mundo,
2833 2438 2981 2488 quem
3013 2426 3207 2491 frustra
3237 2426 3480 2477 nonnulli

1795 2491 1842 2550 Β
1943 2507 2110 2563 Deum
2137 2520 2383 2563 wternum
2415 2528 2521 2565 esse
2559 2522 2825 2580 putarunt.
2864 2513 2946 2567 Ea:
2982 2531 3083 2581 qua
3122 2516 3323 2585 quidem
3365 2518 3478 2585 opi-

1940 2602 2148 2655 nionum
2193 2604 2347 2672 plane
2374 2604 2709 2656 ridicularum
2741 2606 2985 2659 varietate
3010 2618 3313 2659 eteterorum
3348 2607 3475 2661 ileo-

1939 2709 2053 2747 rum
2082 2694 2286 2763 falsitas
2316 2694 2687 2749 euidentissime
2714 2697 3020 2751 ostenditur.
3101 2697 3233 2767 Cap,
3258 2700 3347 2762 5i,
3379 2702 3473 2753 .‘sb‘.

1864 2785 2015 2841 Idem
2044 2804 2145 2841 non
2173 2789 2341 2842 minus
2371 2790 2639 2858 efficaciter
2663 2793 2871 2861 con/icit
2901 2794 3154 2847 Arnobius
3182 2812 3245 2848 ex
3270 2814 3477 2851 eorum-

1942 2880 2058 2933 dem
2102 2880 2423 2934 ethnicorum
2453 2882 2690 2937 absurdis
2720 2884 2949 2938 dissidiis
2981 2886 3043 2938 de
3079 2888 3273 2955 origine
3303 2899 3347 2941 et
3380 2906 3475 2941 nu-

1937 2987 2073 3025 mero
2089 2973 2300 3026 deorum
2322 2985 2555 3029 suorum.
2580 2975 2679 3030 Ubi
2697 2979 2921 3046 primum
2938 2980 2999 3031 tle
3020 2980 3201 3034 Musis.
3230 2984 3361 3048 Cap.
3381 2985 3475 3038 5'7.

1862 3061 1942 3117 De
1972 3062 2357 3119 Novensilibus.
3087 3073 3217 3141 Cap.
3249 3075 3469 3135 58,-39.

1863 3154 1942 3210 De
1972 3153 2276 3211 Penatibus.
3213 3168 3343 3237 Cap.
3378 3171 3472 3224 41).

1862 3244 1943 3301 De
1966 3245 2213 3302 Laribus.
3088 3259 3215 3327 (ξαρ.
3247 3262 3273 3313 -l
3287 3263 3307 3315 1
3326 3303 3338 3323 ,
3381 3262 3477 3318 42.

1862 3361 2026 3434 Atque
2044 3364 2174 3417 inter
2200 3373 2370 3420 tantas
2392 3365 2736 3423 dissensiones
2760 3371 2889 3424 nulli
2920 3372 3114 3425 homini
3143 3376 3347 3429 ethnico
3370 3377 3478 3430 (lis-

1929 3469 2134 3508 cernere
2164 3456 2327 3521 licuit,
2361 3459 2475 3526 quis
2503 3476 2564 3513 ex
2588 3461 2695 3515 illis
2722 3478 2867 3516 verus
2898 3474 3004 3517 erat
3036 3462 3192 3531 Deus,
3234 3470 3346 3536 quis
3378 3470 3473 3523 ho-

1932 3546 2215 3611 norandus,
2247 3548 2560 3604 invocandus
2589 3562 2635 3605 et
2658 3554 2969 3608 exorandus.
3086 3556 3214 3626 Cap.
3248 3558 3341 3622 45,
3373 3561 3468 3615 44.

1930 3656 1971 3710 l.
2001 3656 2324 3715 Jamdudum
2356 3661 2571 3731 quidem
2600 3665 2914 3720 criminilms
2944 3667 3027 3722 his
3059 3670 3331 3733 omnibus,
3354 3688 3475 3726 mn-

1858 3746 2237 3805 lcdictionibus
2263 3753 2460 3821 potius,
2487 3762 2547 3808 ut
2573 3771 2700 3810 vera
2726 3758 2968 3815 dicamus
2994 3761 3060 3815 ab
3084 3764 3476 3821 excellentibus

1372 3846 1498 3918 Cap,
1538 3849 1626 3913 η,
1660 3847 1748 3902 15,
1779 3812 1824 3875 C
1859 3851 2013 3912 parte
2061 3844 2113 3898 in
2164 3844 2264 3901 hac
2308 3847 2456 3909 viris.
2503 3859 2557 3903 et
2601 3852 2881 3907 verilulem
2936 3854 3091 3909 istam
3139 3862 3475 3916 cmumeritis

1860 3953 2044 4005 nosse,
2073 3940 2203 3994 satis
2231 3940 2391 4010 plene
2413 3954 2771 4015 accurateque
2802 3962 3126 4016 responsum
3154 3962 3266 4017 est;
3298 3969 3474 4024 neque

1858 4047 1997 4102 apex
2037 4033 2180 4087 ullus
2230 4035 2391 4089 ullius
2439 4042 2833 4105 praetermissus
2873 4052 2958 4095 est
3002 4046 3338 4110 qurestionis,
3376 4051 3467 4117 qui

1860 4138 1966 4179 non
1998 4124 2068 4179 sit
2098 4124 2273 4181 modis
2304 4126 2454 4182 mille
2499 4138 2554 4182 et
2602 4130 2903 4185 rationibus
2935 4134 3284 4194 validissimis
3316 4141 3464 4195 refu-

1861 4226 2020 4273 tatus.
2080 4218 2197 4274 Non
2248 4230 2331 4275 est
2385 4221 2546 4291 igitur
2608 4227 2972 4280 necessarium
3048 4241 3199 4297 parte
3254 4233 3304 4285 in
3366 4236 3466 4289 hac

1852 4323 2027 4364 causa:
2054 4310 2255 4365 diutius
2288 4312 2582 4368 immorari.
2625 4314 2809 4383 Neque
2854 4320 2997 4372 enim
3042 4331 3186 4376 stare
3231 4324 3347 4378 sine
3380 4341 3467 4381 ns-

1852 4402 2150 4457 sertoribus
2190 4417 2295 4457 non
2327 4414 2504 4474 potest
2532 4404 2723 4476 religio
2753 4408 3084 4464 christiana?
3113 4424 3207 4468 aut
3234 4431 3297 4467 eo
3340 4433 3465 4473 esse

1852 4495 2291 4565 comprobabitur
2322 4512 2448 4553 vera
2468 4538 2482 4559 ,
2513 4498 2558 4552 si
2607 4500 3029 4569 adstipulatures
3059 4505 3307 4562 habuerit
3336 4510 3455 4578 plu-

1851 4588 2056 4655 rimos,
2113 4598 2171 4645 et
2217 4592 2591 4645 auctoritatem
2643 4592 2712 4645 ub
2762 4592 3071 4653 hominibus
3128 4605 3462 4670 sumpserit?

1849 4679 1973 4737 Suis
2020 4678 2110 4735 illa
2161 4690 2415 4737 contenta
2462 4691 2548 4738 est
2576 4682 2803 4748 viribus,
2846 4693 2903 4741 et
2938 4688 3180 4743 veritatis
3223 4695 3458 4761 preprim

1852 4774 2259 4831 fundaminibus
2287 4776 2513 4831 nititur:
2544 4791 2644 4831 nec
2682 4778 2945 4848 spoliatur
2986 4782 3034 4835 vi
3076 4796 3168 4837 sua
3196 4826 3211 4849 ,
3241 4786 3455 4843 etiamsi

1368 4870 1500 4943 Cap.
1526 4870 1621 4940 20,
1648 4870 1739 4925 21.
1766 4860 1819 4919 Ι)
1846 4869 2058 4925 nullum
2086 4868 2282 4926 habeat
2301 4869 2568 4927 vindicem
2593 4888 2606 4936 ;
2636 4870 2801 4926 immo
2822 4872 2866 4927 si
2894 4874 3090 4945 linguae
3116 4892 3306 4933 omnes
3328 4895 3458 4935 con-

1524 5004 2095 5066 COMMENTARIUS.

214 5154 253 5209 l-
285 5184 352 5197 -—
392 5158 572 5226 Neque
619 5157 753 5213 enim
799 5164 965 5226 stare
994 5153 1104 5209 sine
1148 5150 1484 5226 assertoribus
1506 5167 1610 5205 non
1649 5164 1741 5219 po-

154 5234 238 5280 test
257 5229 428 5297 religio
455 5222 755 5284 christiana.
782 5228 934 5283 Stare
955 5224 1213 5297 hocﬁloco
1233 5222 1499 5297 signiﬁcat
1523 5236 1737 5297 peruia-

154 5311 270 5354 uere
310 5292 368 5355 ett
412 5300 741 5371 perdurare},
799 5308 862 5354 ut
911 5313 997 5368 np.
1055 5292 1449 5367 Virgil.,_}Eu.
1478 5310 1552 5352 tv.
1580 5292 1685 5349 539
1719 5307 1732 5344 :

320 5434 381 5485 Et
395 5436 527 5486 bene
548 5435 677 5498 apud
699 5446 951 5484 memores
972 5434 1164 5484 veteris
1186 5438 1283 5481 stat
1300 5433 1461 5493 gratia
1486 5430 1622 5480 facti.

154 5568 356 5629 Sueten.
383 5576 434 5630 in
475 5576 625 5637 0th.,
660 5591 710 5631 c.
740 5577 772 5631 5
804 5592 817 5629 :
854 5574 1033 5644 Neque
1061 5576 1195 5628 enim
1220 5574 1596 5637 dissimulabat,
1637 5575 1736 5629 nisi

154 5644 412 5723 principem
437 5660 650 5723 seqstare
675 5662 775 5701 non
796 5662 967 5723 posse
977 5647 1220 5723 nihilque
1258 5649 1465 5723 referre,
1486 5647 1560 5723 ab
1592 5646 1735 5723 hoste

156 5716 205 5766 in
228 5716 346 5781 acie,
376 5736 440 5771 an
488 5721 542 5774 in
589 5721 701 5785 foro
728 5716 823 5772 sub
848 5717 1184 5773 creditoribus
1213 5718 1435 5771 caderet.
1486 5716 1604 5771 Vet.
1659 5718 1733 5771 in-

156 5790 345 5868 termes
373 5788 513 5845 Libri
543 5788 1084 5868 .Ecclesi-ust._(.lesu
1138 5788 1442 5868 Sirncidse),
1489 5803 1541 5868 c_.
1594 5804 1679 5868 ut"
1716 5807 1731 5845 :

159 5852 299 5913 Fides
320 5859 372 5913 in
400 5862 641 5917 siveulum
670 5861 843 5919 stabit.
874 5852 1336 5917 Ebusum—Cod.
1384 5852 1487 5916 ius.
1520 5859 1684 5917 habet
1716 5877 1730 5915 :

599 5957 887 6018 ΡΑτιιοι..
940 5956 1019 6016 ν.

1849 5147 2042 5222 ᾔνεσας
2080 5147 2466 5222 εηὶηιλνεειανε,
2516 5160 2637 5215 etc.,
2683 5151 2827 5222 quod
2882 5152 3177 5211 defendere
3228 5168 3458 5218 conatur

1847 5218 2111 5297 Meursius
2140 5220 2192 5275 in
2216 5219 2490 5297 A_pper_id..
2525 5232 2579 5276 et
2606 5218 2862 5297 Salinas.
2898 5228 2948 5278 in
2982 5225 3242 5282 Exercitt.
3278 5230 3417 5285 Plin.
3441 5276 3456 5297 ,

1845 5288 1913 5345 ad
1941 5292 2136 5353 Solin.,
2171 5309 2220 5359 p.
2368 5293 2581 5347 Restare
2610 5294 2845 5369 verlnun
2862 5298 3138 5365 antiquum
3170 5316 3269 5367 pro
3293 5288 3450 5369 stare,

1882 5378 2162 5487 qrmanere,
2210 5362 2498 5419 adstruens
2535 5366 2787 5435 exemplo
2821 5362 3082 5437 Propertii
3112 5362 3189 5428 ur.
3236 5371 3305 5426 el.
3338 5362 3453 5439 vui,

1937 5543 2070 5595 Dum
2096 5547 2291 5597 vincunt
2312 5544 2486 5608 Danai,
2514 5547 2629 5598 dum
2650 5554 2809 5599 restat
2826 5546 3066 5601 barbarus
3088 5551 3134 5601 Η
3140 5562 3295 5604 ρ(·1υι·.

1840 5648 2215 5725 ldem‘tamcn
2260 5661 2584 5725 retrectasse
2630 5653 2839 5709 videtur
2887 5655 3026 5711 hanc
3075 5660 3447 5725 sententiam;

1842 5736 1964 5803 nam
1999 5722 2051 5775 in
2086 5722 2325 5803 editione
2370 5724 2537 5794 Lugd.
2577 5725 2691 5803 But.
2740 5727 2917 5781 locum
2950 5728 3019 5780 ita
3052 5728 3237 5785 dedit:
3270 5722 3451 5801 Neque

1843 5795 1977 5868 enim
2009 5810 2091 5868 res
2117 5804 2254 5868 stare
2279 5795 2389 5849 sine
2419 5797 2758 5868 asset-toribus
2801 5814 2901 5850 non
2950 5808 3132 5868 potest,
3176 5811 3220 5855 et
3271 5795 3451 5868 religio

1842 5864 2144 5933 christiana,
2163 5864 2252 5921 ubi
2276 5876 2485 5923 etesset
2502 5866 2643 5924 idem
2663 5868 2803 5939 quod
2824 5869 2875 5922 id
2893 5862 2994 5924 est.
3019 5862 3152 5927 Vide
3179 5872 3241 5927 ad
3275 5862 3450 5942 libf'u,

2790 5958 2869 6022 30
