3872 6360
399 361 503 417 959

1525 358 1800 417 ARNOBll
1839 360 1877 413 A
1890 354 2204 414 DVERSUS
2239 355 2511 416 GENTES

3607 365 3699 417 9w

397 475 699 538 trafaciant,
727 483 1022 542 contraque
1051 475 1311 540 nitantur,
1343 483 1397 530 et
1419 473 1484 529 ad
1508 475 1666 530 (idem
1691 476 1831 531 illius
1851 474 2006 530 abro-
2036 488 2087 548 Α
2113 473 2426 528 nominatim
2481 473 2534 528 in
2586 472 2914 544 principibus
2965 471 3214 540 adorare,
3258 471 3357 528 sed
3412 473 3469 528 in
3526 489 3698 545 regum

400 565 624 635 gandam
655 564 1029 620 consensionis
1059 566 1223 620 unita:
1253 565 1596 621 anintositate
1626 567 1954 637 conspirent.

469 656 530 710 ll.
582 654 737 711 Nunc
783 655 849 710 ad
890 656 1137 711 ordinem
1183 666 1539 723 revertamur,
1588 673 1616 710 a
1661 674 1766 728 quo
1811 671 1997 712 sumus

398 752 704 804 necessario
732 750 894 820 paulo
919 763 1043 804 ante
1071 750 1296 818 digressi
1325 768 1337 801 :
1373 765 1440 804 ne
1467 749 1667 804 diutius
1700 751 1995 820 interrupta

398 841 643 896 defensio
675 842 907 909 palmam
946 841 1186 895 criminis
1224 841 1558 907 comprobati
1586 841 1994 895 calumniatori-

399 934 498 988 bus
541 935 877 990 concessisse
908 935 1133 988 dicatur.
1184 933 1487 1002 Subjiciunt
1534 935 1677 1004 enim
1725 933 1888 988 haec:
1939 933 1995 989 Si

408 1025 552 1079 vobis
578 1025 754 1079 divina
796 1040 883 1080 res
912 1024 1059 1079 cordi
1087 1033 1192 1090 est,
1223 1040 1320 1080 cur
1344 1025 1478 1079 alios
1505 1025 1786 1079 nobiscum
1820 1041 1994 1096 neque

397 1114 529 1170 deos
557 1115 753 1178 colitis,
785 1130 958 1182 neque
989 1113 1250 1179 adoratis,
1283 1129 1381 1169 nec
1423 1131 1542 1169 cum
1589 1117 1785 1171 vestris
1825 1117 1998 1186 genti-

396 1208 498 1262 bus
523 1205 824 1259 communia
852 1221 1006 1261 sacra
1046 1207 1306 1271 miscetis,
1333 1215 1387 1260 et
1415 1207 1729 1277 religionum
1772 1208 1999 1278 conjun-

394 1297 519 1367 gitis
550 1295 721 1350 ritus?
749 1296 1042 1351 Possumus
1085 1299 1298 1351 interim
1346 1297 1549 1364 dicere,
1589 1299 1655 1354 ad
1683 1300 1884 1354 cultum
1916 1299 1996 1353 di-

394 1387 633 1441 vinitatis
680 1387 989 1441 obeundum
1042 1389 1173 1442 satis
1218 1398 1302 1442 est
1351 1389 1505 1444 nobis
1556 1389 1694 1444 Deus
1741 1390 1985 1459 primus;

397 1481 558 1546 Deus,
607 1481 849 1550 inquam,
901 1481 1126 1550 primus,
1168 1482 1329 1536 Pater
1377 1499 1555 1536 rerum
1599 1498 1663 1537 ac
1705 1483 1993 1549 Dominus,

395 1570 719 1624 constitutor
747 1572 1164 1641 moderatorun
1209 1585 1565 1638 cunctorum;
1601 1575 1652 1627 in
1686 1574 1787 1628 hoc
1836 1589 1997 1629 omne

395 1664 537 1732 quod
568 1665 853 1719 colendum
883 1673 989 1730 est,
1015 1665 1269 1730 colimus;
1302 1665 1444 1736 quod
1475 1665 1689 1720 adorari
1715 1666 1994 1734 convenit,

395 1757 714 1818 adoramus;
762 1757 904 1826 quod
950 1758 1268 1824 obsequium
1314 1757 1673 1812 venerationis
1715 1759 1994 1826 exposcit,

395 1847 833 1900 venerationibus
886 1864 1276 1916 promerentur.
1325 1848 1459 1902 Cum
1510 1850 1652 1904 enim
1704 1850 1998 1905 divinitatis

399 1938 568 2003 ipsius
597 1947 875 1992 teneamus
904 1949 1086 2008 caput,
1124 1955 1152 1992 a
1200 1955 1306 2008 quo
1349 1940 1463 2009 ipsa
1511 1941 1762 1996 divinitas
1797 1941 2006 1997 divino-

404 2046 522 2084 rum
537 2030 808 2098 omnium,
828 2047 1178 2101 qturcumque
1199 2043 1343 2098 sunt,
1363 2033 1592 2096 ducitur,
1612 2049 2001 2103 supervacuum

402 2130 648 2189 putamus
678 2124 1032 2190 personaliter
1051 2123 1128 2177 ire
1147 2139 1241 2192 per
1266 2125 1535 2194 singulos;
1562 2140 1682 2180 cum
1701 2137 1755 2180 et
1783 2127 1881 2195 ipsi
1912 2127 2003 2196 qui

401 2211 510 2266 sint
536 2221 592 2268 et
614 2229 734 2282 qua:
763 2213 996 2268 habeant
1023 2215 1241 2268 nomina
1271 2217 1609 2281 nesciamus;
1641 2227 1696 2272 et
1725 2218 1878 2288 cujus
1903 2220 2012 2272 sint

405 2317 666 2374 praeterea
691 2306 919 2370 numeri,
952 2319 1125 2374 neque
1147 2305 1426 2375 liquidum,
1453 2323 1625 2378 neque
1651 2308 2010 2378 comprehen-

399 2411 540 2462 sum,
571 2411 746 2464 neque
779 2395 1117 2466 exploratum
1149 2397 1345 2452 habere
1378 2414 1681 2468 possumus.

479 2487 566 2542 ΙΙΙ.
609 2488 784 2557 Atque
831 2497 890 2543 ut
946 2488 996 2542 in
1054 2490 1398 2544 terrestribus
1451 2493 1631 2560 regnis
1686 2495 2009 2548 necessitate

412 2581 554 2636 trulla
589 2581 983 2652 compellimur,
1025 2581 1292 2651 regalibus
1333 2583 1384 2637 in
1430 2582 1646 2640 familiis
1686 2588 2009 2641 constitutos

2101 565 2340 633 ipsorum
2371 565 2540 630 cultu,
2589 564 2849 635 quidquid
2880 563 2985 619 illis
3021 579 3292 619 annexum
3325 573 3431 630 est,
3466 565 3620 619 tacita
3651 574 3700 620 et

2099 671 2158 710 se
2185 657 2347 710 sentit
2369 664 2392 692 η
2422 654 2831 711 honoriﬁcentia
2859 656 3250 725 comprehendi
3276 675 3289 710 :
3321 671 3429 712 non
3475 655 3577 709 alia
3622 672 3702 710 ra-

2103 747 2246 802 tione
2276 748 2602 818 quicumque
2631 747 2682 801 1ιὶ
2713 747 2787 801 dii
2825 757 2970 814 sunt,
2997 763 3136 818 quos
3165 763 3286 804 esse
3320 749 3478 803 nobis
3509 763 3700 818 propo-

2100 838 2226 893 nitis
2253 855 2265 891 :
2297 839 2340 892 si
2371 837 2476 893 sint
2509 839 2796 908 progenies
2825 839 2973 909 regia
3004 847 3056 892 et
3086 838 3370 909 principali
3404 840 3650 893 oriuntur
3677 855 3703 894 e

2097 931 2296 1000 capite,
2341 931 2503 986 etiam
2546 932 2590 985 si
2633 931 2812 986 nullos
2848 929 3116 999 accipiant
3147 933 3469 985 nominatim
3500 945 3528 984 a
3561 931 3706 984 nobis

2100 1025 2273 1077 cultus
2296 1022 2604 1092 intelligunt
2629 1037 2687 1077 se
2716 1033 2892 1077 tamen
2918 1023 3170 1077 honorari
3199 1025 3567 1077 communiter
3591 1037 3704 1075 cum

2099 1129 2199 1168 suo
2227 1129 2375 1184 rege,
2406 1124 2568 1183 atque
2597 1114 2651 1166 in
2679 1112 2824 1167 illius
2855 1112 3292 1168 venerationibus
3323 1114 3618 1167 contineri.
3649 1111 3709 1165 Et

2102 1205 2204 1259 hoc
2251 1204 2464 1273 quidem
2505 1219 2532 1256 a
2579 1204 2735 1258 nobis
2766 1203 2930 1258 fuerit
2961 1203 3029 1256 ita
3063 1204 3429 1272 pmpalatum,
3466 1204 3511 1256 si
3553 1201 3707 1256 modo

2099 1297 2268 1365 liquet
2293 1305 2348 1351 et
2373 1304 2584 1350 constat
2617 1305 2814 1364 praeter
2861 1297 3034 1364 ipsum
3083 1310 3264 1365 regem
3309 1305 3366 1350 et
3409 1295 3706 1365 principem

2100 1404 2221 1443 esse
2246 1389 2476 1442 alienum
2506 1389 2704 1456 capita,
2736 1401 2857 1457 qua:
2887 1386 3094 1456 digesta
3123 1395 3178 1440 et
3208 1398 3458 1455 separata
3490 1400 3588 1456 per
3618 1403 3705 1439 nu.

2101 1495 2334 1542 merum,
2368 1479 2514 1533 velut
2545 1477 2832 1547 quemdam
2868 1477 3128 1547 p0pulum
3159 1476 3387 1545 plebeia:
3413 1476 3709 1531 multitudi-

2101 1570 2184 1626 nis
2212 1570 2426 1625 faciant.
2458 1569 2643 1638 Neque
2674 1569 2830 1624 nobis
2860 1569 2911 1623 in
2942 1568 3149 1626 :cdibus
3177 1567 3347 1621 sacris
3375 1567 3585 1636 effigies
3617 1583 3708 1634 pro

2101 1665 2205 1718 diis
2232 1673 2285 1717 et
2317 1664 2403 1718 illa
2433 1661 2722 1718 simulacra
2755 1662 2930 1717 velitis
2957 1659 3246 1716 ostendere
3272 1677 3284 1712 :
3315 1676 3437 1730 quae
3464 1659 3707 1731 intelligi-

2104 1761 2170 1813 tis
2201 1774 2297 1812 vos
2327 1771 2563 1827 quoque,
2610 1764 2665 1812 et
2693 1756 2960 1813 recusatis
2991 1763 3046 1809 et
3075 1754 3303 1809 renuitis
3334 1753 3605 1821 confiteri,
3636 1754 3709 1807 vi-

2109 1852 2300 1908 lissimi
2332 1866 2452 1905 esse
2482 1851 2684 1907 formas
2714 1849 2832 1914 luti,
2864 1860 2918 1905 et
2947 1848 3221 1904 fabrorum
3254 1849 3510 1918 ﬁgmenta
3540 1850 3709 1920 pueri-

2112 1945 2204 1998 lia.
2238 1944 2305 1998 Et
2335 1959 2456 1999 cum
2487 1943 2555 1998 de
2596 1960 2654 1998 re
2690 1943 2960 2012 loquimur
2986 1941 3167 1996 divina
3196 1943 3502 2009 vobiscum,
3531 1944 3633 1997 hct.
3659 1953 3710 1998 ut

2115 2035 2412 2091 ostendatis
2458 2036 2824 2105 exposcimus,
2869 2049 2992 2090 esse
3036 2033 3169 2088 deos
3215 2034 3353 2088 alios
3397 2045 3610 2098 natura,
3660 2035 3709 2101 σ’ἰ,

2116 2127 2367 2189 nomine;
2403 2143 2508 2182 non
2537 2128 2590 2182 in
2620 2128 2925 2182 simulacris
2954 2128 3262 2197 propositos
3285 2144 3423 2197 quos
3452 2130 3707 2195 videmus,

2113 2219 2209 2274 sed
2249 2221 2300 2273 in
2331 2234 2393 2274 ea
2422 2220 2739 2284 substantia,
2766 2221 2818 2274 in
2848 2235 2952 2288 qua
2980 2219 3272 2274 conveniat
3294 2221 3560 2276 aestimari
3592 2221 3711 2276 tanti

2118 2326 2238 2366 esse
2284 2313 2516 2365 nominis
2548 2321 2800 2381 oportere
2829 2314 3100 2368 virtutem.
3146 2310 3256 2367 Sed
3276 2313 3580 2366 consilium
3616 2326 3712 2366 non

2117 2414 2202 2457 est
2246 2414 2395 2472 parte
2441 2404 2491 2457 in
2536 2403 2634 2457 hac
2673 2418 2852 2458 causa:
2890 2402 3090 2458 diutius
3135 2404 3438 2470 immorari,
3490 2421 3558 2459 ne
3602 2404 3711 2459 lites

2120 2496 2381 2550 maximas
2425 2498 2719 2561 concitare,
2763 2511 2823 2550 ac
2857 2496 3185 2551 tumultuosa
3216 2511 3516 2552 conserere
3546 2495 3715 2552 videa-

2120 2603 2238 2640 mur
2272 2586 2410 2643 velle
2439 2589 2758 2643 certamina.

1596 2720 1976 2779 LECTIONES
2024 2722 2447 2779 VARIANTES.

464 2851 490 2879 ⁸
524 2850 688 2901 Tacita
712 2852 758 2901 vi
782 2864 838 2902 se
868 2853 1024 2902 sentit
1051 2850 1169 2902 Sab.

1774 2982 2342 3044 COMMENTARIUS.

411 3144 457 3203 ρ.
513 3124 647 3203 70_,__
673 3133 851 3203 notam
902 3121 1331 3203 δμβκςίεςοιρίὶ.ηξέι
1372 3124 1593 3203 omnino
1645 3124 1776 3177 nihil
1827 3127 2016 3203 probat
2043 3127 2089 3189 C
2123 3130 2227 3203 pita
2252 3169 2265 3192 ,
2315 3131 2458 3199 quod
2490 3131 2684 3203 merito
2711 3145 3019 3203 suspectum
3056 3135 3183 3189 viris
3219 3135 3420 3190 doctis.
3477 3137 3718 3192 Gelenius

411 3199 563 3251 locus
594 3193 685 3248 ille
715 3194 994 3262 Propertii.
1032 3193 1162 3245 Nam
1213 3193 1282 3245 ibi
1336 3205 1489 3247 restat
1527 3193 1714 3247 Hector
1759 3205 1843 3248 est
1876 3196 2015 3252 idem

411 3266 553 3334 quod
605 3263 831 3328 resistit,
875 3262 1154 3334 abnuitur,
1188 3275 1468 3332 repugnat.
1503 3266 1634 3330 Qua:
1662 3265 1925 3320 Heraldns
1952 3268 2020 3321 ad

415 3333 555 3391 Itttne
583 3338 761 3389 locum
794 3333 1017 3403 profert,
1052 3347 1214 3387 ιιιοντρ
1240 3335 1464 3403 argutia}
1495 3347 1636 3387 sntit.
1693 3335 1798 3389 Alii
1853 3337 2018 3391 inter-

413 3415 657 3476 pungunt
690 3425 702 3458 :
739 3403 917 3474 Neque
939 3405 1089 3456 enim.
1128 3445 1138 3455 .
1179 3444 1189 3455 .
1227 3447 1238 3458 .
1276 3405 1488 3473 .religio
1511 3406 2016 3476 christiaun?malc.

413 3475 546 3533 Nam
577 3493 734 3545 neque
764 3479 895 3528 enim
921 3491 1208 3544 numquam
1235 3487 1414 3541 potest
1444 3485 1589 3530 stare
1619 3478 1670 3530 in
1696 3475 1920 3531 exordio
1947 3480 2022 3532 in-

419 3547 818 3616 terrogationis.
847 3545 1050 3599 ORELL.

493 3615 754 3684 Ad'ﬁdcm
787 3618 925 3670 illius
955 3616 1319 3685 abrogandam.
1372 3615 1506 3671 Cod.
1544 3634 1644 3671 ms.
1697 3638 1707 3671 :
1757 3621 1825 3671 ad
1868 3620 2021 3687 finem

415 3690 554 3744 illius
576 3689 948 3757 adrogantiam.
977 3687 1237 3740 Pessnue.
1273 3689 1476 3743 Mettus.
1516 3688 1576 3741 In
1603 3690 1836 3758 Append.

497 3761 560 3814 ll.
588 3790 655 3798 —-
711 3758 987 3811 Possumus
1038 3759 1240 3811 interim
1288 3760 1454 3813 dicere
1484 3777 1500 3812 :
1530 3759 1744 3813 Interim
1787 3763 1836 3813 id
1881 3761 2022 3830 quod

425 3831 739 3887 Grammum
789 3832 936 3886 τέως.
994 3831 1078 3898 [iir
1119 3830 1264 3894 jetzt,
1321 3835 1402 3898 pn-
1446 3831 1650 3884 eiumal.
1702 3832 1774 3884 Ita
1825 3831 2019 3897 Tacit.,

425 3902 648 3964 Annal.,
681 3916 716 3958 t.
751 3914 869 3965 cap.
904 3898 957 3952 5.
995 3916 1006 3949 :
1041 3897 1344 3966 Duobuqu
1367 3901 1571 3965 insuper
1596 3903 2022 3966 adolescentibus,

462 3976 512 4025 ui
529 3968 896 4037 rempublicam
910 3969 1111 4021 interim
1122 3981 1374 4036 premunt,
1396 3973 1694 4039 quandoque
1711 3973 2019 4028 distrahant.

476 4044 528 4099 bi
561 4041 667 4094 vid.
699 4039 936 4093 Oberlin.
971 4039 1173 4092 OBELL.

506 4131 643 4186 Deus
675 4131 889 4205 primus.
917 4128 1178 4205 Nourrius
1206 4139 1375 4197 putat.
1407 4132 1702 4205 Arnobium
1738 4135 1903 4189 Deum
1937 4153 2027 4205 pa-

429 4215 567 4261 trem
615 4204 832 4272 primum
861 4201 1182 4272 appellasse
1233 4214 1478 4272 respectu
1531 4204 1620 4257 Dei
1670 4203 1758 4257 tim
1787 4247 1801 4266 ‘
1854 4209 1903 4260 id
1939 4201 2029 4262 ἐει

435 4276 659 4330 Christi.
707 4272 809 4325 Sed
848 4271 982 4324 Deus
1013 4271 1207 4338 primus
1246 4271 1374 4324 nihil
1405 4274 1548 4327 aliud
1588 4287 1670 4328 ρει
1701 4291 1861 4342 quam
1893 4277 2030 4332 Deus

437 4347 678 4402 omnium
710 4358 895 4414 rerum
919 4343 1259 4409 principium,
1291 4343 1430 4402 fons.
1463 4346 1632 4414 origo.
1658 4344 1860 4401 OnttLL.

512 4415 596 4470 lll.
628 4444 698 4453 —
741 4412 1060 4484 Nominatim
1099 4429 1216 4466 cum
1261 4412 1576 4484 principibus
1618 4417 1853 4469 adorare.
1904 4416 2032 4473 Cum

444 4484 760 4560 principibus
787 4526 799 4548 ,
822 4483 882 4560 id
916 4493 996 4560 est
1023 4483 1703 4560 Ῑηξιξια-..-ριόρεςρνὶηεὶρεδ
1728 4528 1742 4554 ,
1776 4490 1888 4558 pari
1918 4506 2030 4543 cum

444 4554 548 4615 illis
576 4559 788 4611 honore.
821 4555 892 4607 Ita
923 4555 1059 4609 Stat.
1094 4554 1316 4621 Achill,,
1343 4571 1379 4609 ι.
1409 4555 1477 4610 l3
1511 4575 1525 4610 ;

581 4712 591 4721 .
635 4712 644 4721 .
686 4714 695 4722 .
741 4712 753 4723 .
794 4711 803 4719 .
847 4706 858 4717 .
899 4708 910 4720 .
949 4670 1132 4727 Meque
1158 4671 1290 4720 inter
1316 4672 1472 4733 prisca
1505 4679 1762 4736 parentum

543 4736 766 4795 Nomina,
789 4745 999 4795 cumque
1022 4746 1114 4783 suo
1145 4742 1420 4783 memorant
1445 4736 1721 4798 Amphione
1745 4737 1948 4787 Thebaa.

2124 3200 2345 3275 edtnon
2367 3217 2474 3275 esse
2495 3200 2821 3275 aliaeapitai
2850 3206 3132 3269 Meursius,
3167 3221 3287 3275 pag.
3323 3207 3395 3261 87
3430 3226 3442 3261 :
3476 3224 3583 3262 esse
3607 3226 3720 3263 nou-

2126 3269 2486 3343 ttullaAeapita.
2535 3273 2638 3326 Alii
2673 3293 2684 3324 :
2724 3274 2850 3328 Esse
2871 3279 2976 3329 alia
3006 3293 3134 3329 nova
3165 3269 3360 3343 capita.
3406 3277 3608 3332 Tuetut’
3635 3295 3721 3333 au-

2127 3351 2234 3415 tem
2267 3341 2531 3415 Hcraldus
2551 3385 2564 3407 ,
2604 3355 2814 3411 putans,
2854 3346 2961 3400 alia
2997 3364 3095 3399 non
3122 3341 3293 3415 capita
3323 3348 3430 3403 dici
3460 3349 3530 3404 ab
3560 3352 3718 3404 Arno-

2126 3411 2213 3463 bin
2247 3413 2456 3487 plebem
2487 3413 2715 3468 deorum
2750 3427 2948 3486 przeter
2978 3429 3137 3486 caput
3159 3411 3212 3471 et
3245 3418 3571 3487 principem.
3605 3420 3720 3473 Milli

2127 3482 2559 3555 nonprofecutm
2587 3482 2800 3540 videtur
2844 3504 2872 3540 a
2907 3482 3125 3542 librario
3153 3482 3340 3543 vocem
3384 3482 3562 3555 capita
3601 3491 3721 3544 male

2128 3553 2477 3624 intelligente.
2512 3554 2774 3610 Nimirum
2823 3561 2993 3624 capita
3045 3558 3146 3613 hoc
3199 3561 3318 3614 loco
3353 3553 3580 3616 minime
3613 3570 3721 3614 sunt

2131 3623 2398 3692 principes
2429 3665 2443 3688 ,
2493 3627 2758 3694 primores
2788 3623 3012 3683 dearum
3037 3672 3049 3692 ,
3104 3630 3198 3683 sed
3224 3641 3416 3684 contra
3450 3631 3526 3685 dii
3568 3636 3714 3685 mino-

2131 3709 2243 3746 rum
2268 3697 2536 3770 gentium,
2557 3698 2720 3770 plebs
2748 3699 2994 3762 deorum,
3027 3711 3081 3753 nt
3113 3701 3162 3752 iu
3192 3701 3549 3770 sequentibus
3577 3701 3709 3766 dicit,

2127 3766 2280 3841 quasi
2315 3765 2590 3832 proletarii
2621 3779 2675 3841 et
2703 3771 2891 3841 capite
2932 3771 3100 3825 censi.
3137 3771 3211 3825 lta
3260 3765 3566 3840 saepissime
3598 3765 3722 3841 apud

2133 3835 2405 3910 liontanos
2427 3847 2582 3910 caput
2607 3839 2806 3892 dicitur
2830 3855 2950 3892 cum
2979 3841 3212 3910 quodam
3235 3835 3557 3910 contemptu
3587 3835 3642 3897 et.
3660 3845 3722 3896 ir-

2131 3907 2354 3982 risione,
2382 3905 2532 3982 verbi
2563 3923 2746 3982 Causa,
2781 3920 2928 3979 turpe
2953 3905 3108 3977 caput
3132 3953 3147 3978 ,
3180 3913 3412 3979 lepidum
3439 3905 3616 3982 caput.
3655 3913 3719 3968 Ita

2129 3981 2294 4054 gregis
2324 3980 2495 4054 capita
2525 3993 2629 4054 n_on
2674 3981 2870 4054 arietes
2889 4020 2902 4042 ,
2935 3984 3029 4054 sed
3059 3997 3177 4052 quae
3208 3992 3380 4054 totum
3411 3980 3631 4054 gregem
3654 3983 3720 4038 ef-

2132 4049 2334 4122 ficiunt.
2359 4048 2504 4122 _\fide
2536 4049 2764 4122 Gesner.
2791 4093 2804 4116 ,
2853 4052 2904 4104 in
2935 4048 3234 4106 Thesauro.
3272 4048 3539 4108 Facessai
3563 4056 3722 4122 itaque

2131 4119 2190 4172 C.
2229 4118 2479 4194 Barthius
2503 4161 2516 4181 ,
2551 4121 2839 4175 Adversar.
2862 4164 2876 4186 ,
2914 4123 3005 4177 lib.
3039 4139 3185 4177 wn.
3210 4165 3224 4185 ,
3260 4139 3381 4193 cap.
3417 4126 3450 4178 6
3477 4167 3490 4186 ,
3519 4143 3573 4194 p.
3603 4118 3720 4181 1935

2132 4206 2212 4258 sq.
2250 4191 2438 4259 legens
2484 4203 2814 4260 monoptota,
2863 4195 3012 4260 quasi
3063 4191 3341 4249 Arnobius
3385 4191 3628 4250 alluserit
3661 4195 3718 4248 ad

2133 4271 2444 4328 tuonoptota
2464 4264 2956 4331 grammaticorum.
2979 4263 3030 4317 id
3053 4275 3133 4318 est
3156 4267 3388 4326 nomina,
3406 4267 3591 4335 quibus
3611 4282 3720 4320 unus

2133 4341 2328 4405 tantum
2352 4348 2500 4405 casus
2531 4343 2624 4397 est,
2658 4344 2708 4386 ut
2736 4345 2933 4405 sponte,
2966 4336 3112 4404 quod
3136 4337 3202 4390 ab
3231 4335 3333 4390 hoc
3366 4337 3490 4392 loco
3516 4337 3715 4392 alienis-

2134 4401 2348 4455 simum.
2379 4401 2584 4458 ORELL.

2211 4491 2236 4545 1
2243 4494 2311 4546 lla
2333 4503 2379 4546 et
2410 4494 2684 4548 simulacra
2713 4496 2875 4556 velitis
2902 4497 3180 4551 ostendere.
3225 4496 3578 4556 Constructio
3603 4515 3712 4555 vere

2211 4535 2311 4546 ...η
2333 4535 2379 4546 ν.
2410 4535 2683 4548 ..
2715 4535 2806 4548 η..
2833 4535 2874 4548 ..
2902 4535 3180 4551 meum...
3227 4535 3411 4553 νυιηιι
3433 4535 3537 4554 ..ιιι
3608 4535 3712 4555 πη

2059 4535 2112 4594 Ῑ)
2152 4565 2477 4637 Arnobiana.
2528 4565 2712 4620 Miscet
2747 4535 2888 4620 enim
2922 4579 2975 4622 et
3015 4569 3211 4636 trajicit
3254 4584 3402 4636 stepe
3447 4535 3716 4637 pariiculas

2152 4634 2630 4708 iSlaS.‘HERALDUS.
2665 4667 2734 4677 —
2763 4636 2861 4692 Ed.
2893 4637 3062 4708 Lugd.
3095 4634 3209 4693 Bat.
3238 4650 3285 4692 et
3317 4634 3411 4693 illa
3435 4634 3718 4707 simulacra,

2152 4714 2257 4759 etc.
2299 4704 2502 4760 Onam“

2230 4797 2356 4870 Qua:
2376 4798 2663 4870 intelligitis
2697 4815 2781 4853 vos
2807 4818 2999 4868 quoque
3021 4845 3033 4864 ,
3063 4806 3152 4856 sed
3177 4806 3428 4859 recusatis
3462 4816 3509 4860 et
3539 4805 3727 4860 renuitis

2157 4869 2405 4936 conﬁteri.
2448 4869 2554 4924 Sic
2579 4869 2720 4924 edidi
2765 4888 2884 4926 cum
2920 4873 3150 4928 Heraldo
3190 4877 3243 4929 in
3269 4875 3428 4931 Curis
3459 4878 3725 4940 secundis.

2157 4941 2254 5019 qui
2276 4941 2608 5019 itaAcorrexit
2633 4956 2696 4994 ex
2727 4958 2832 5019 ms.
2881 4944 2963 4996 ubi
2998 4944 3198 5013 legitur‘
3235 4963 3314 5019 ses
3357 4963 3459 5019 pro
3488 4950 3580 5002 sed
3603 4965 3728 5002 recu-

2158 5012 2299 5088 satis.
2333 5009 2438 5088 lilii
2470 5022 2560 5088 :“et
2591 5013 2825 5088 renuitis,
2853 5009 3329 5088 omisso'recusatis
3354 5009 3376 5080 ξ
3401 5020 3547 5088 quod
3579 5022 3729 5073 Arno-

2161 5081 2449 5135 bioetjod.
2486 5081 2614 5150 Reg.
2649 5084 2850 5150 primus
2882 5086 3114 5138 restituit
3144 5081 3484 5142 Stewecbius
3519 5108 3532 5144 :
3567 5090 3725 5145 lleral-

2161 5153 2259 5226 dus
2288 5163 2464 5205 autem
2509 5154 2558 5205 in
2587 5154 2823 5226 editione
2859 5171 2952 5207 sua
2987 5155 3055 5209 de
3092 5157 3267 5225 glossa
3317 5169 3626 5226 suspectum
3655 5160 3730 5213 ha-

2165 5224 2288 5277 bet:
2321 5226 2482 5286 male.
2525 5224 2739 5293 opinor,
2772 5240 2893 5278 nam
2924 5224 3216 5280 Arnobimn
3246 5229 3368 5282 talia
3408 5224 3571 5284 verba
3612 5230 3730 5285 idem

2163 5294 2890 5368 signiﬁcantiaconjungere
2934 5297 3232 5366 saepissime
3273 5301 3388 5368 ipse
3433 5300 3730 5356 observavit.

2165 5365 2306 5419 Idem
2341 5365 2394 5421 in
2421 5364 2657 5420 editione
2688 5380 2780 5419 sua
2824 5364 3106 5436 legendum
3137 5364 3320 5425 censet
3352 5387 3365 5427 :
3400 5387 3491 5424 nec
3521 5372 3726 5435 renuitis,

2165 5438 2286 5510 quia
2308 5478 2328 5510 _,
2377 5437 2546 5510 inquit
2572 5477 2585 5498 ,
2636 5436 2732 5510 ipsi
2763 5439 2990 5510 gentiles
3030 5440 3337 5510 neutiquam
3367 5441 3731 5508 diffitebautur,

2167 5508 2562 5578 simulacrzrilla
2592 5522 2619 5557 a
2651 5508 2814 5562 labris
2842 5525 2962 5564 esse
2992 5508 3288 5578 composita
3317 5527 3381 5565 ex
3409 5527 3519 5566 tere
3539 5555 3554 5578 ,
3603 5514 3725 5576 luto,

2169 5587 2410 5645 argento.
2444 5576 2716 5643 Sedipse,
2751 5589 2806 5632 ut
2833 5579 3062 5635 vidimus
3082 5623 3096 5646 ,
3121 5576 3435 5636 retractavit
3465 5576 3603 5638 hanc
3627 5598 3733 5638 sen-

2171 5648 2391 5701 tentiam
2423 5649 2476 5702 itt
2504 5647 2657 5702 Curis
2702 5651 2968 5706 secundis.
3020 5652 3314 5708 Salmasius
3352 5652 3558 5710 edidit:
3586 5666 3633 5707 at
3667 5670 3733 5707 re-

2171 5722 2455 5792 cusatis_et
2495 5718 2724 5792 renuitis,
2767 5730 2896 5792 etc.;
2948 5723 3090 5790 quod
3137 5723 3538 5792 recipiendum,
3571 5741 3677 5781 cum
3706 5738 3731 5781 e

2173 5799 2334 5844 msto.
2368 5789 2604 5852 ﬂuxerit,
2636 5797 2774 5845 teste
2796 5789 3105 5850 Stewecltio
3131 5805 3184 5850 et
3205 5789 3462 5850 Meursio.
3485 5789 3672 5854 Οιειι.

2249 5859 2508 5916 Nominis.
2541 5859 2805 5918 Meursius
2830 5865 2974 5938 conj.
2999 5865 3242 5931 numinis.
3269 5863 3476 5924 Οιιιι..

453 4845 544 4902 ubi
571 4844 676 4898 vid.
704 4841 764 4896 C.
799 4841 1009 4906 Bartlt.,
1039 4840 1144 4895 'tol.
1177 4856 1231 4894 ttt
1255 4883 1270 4907 ,
1306 4857 1425 4912 pag.
1459 4843 1618 4909 1590,
1641 4859 1749 4914 sq.,
1781 4855 1834 4900 et
1855 4845 1962 4900 vol.
1996 4847 2048 4913 1,

458 4933 576 4988 pag.
605 4915 694 4968 ξι).
725 4915 928 4966 Onus.

531 5007 778 5061 Adaratio
827 5003 1040 5072 regibus
1090 5004 1250 5058 etiam
1296 5004 1550 5059 attributa
1601 5025 1612 5060 :
1663 5009 1803 5063 unde
1852 5027 2046 5063 sncran.

460 5094 743 5152 purpuram
766 5076 1014 5152 adorare
1039 5075 1258 5141 passim.
1287 5074 1525 5152 HsnALn.
1555 5107 1622 5115 ——
1645 5077 1799 5152 conf.
1839 5082 2052 5134 Elmen-

467 5145 635 5206 horst.
664 5189 680 5212 ,
715 5146 779 5200 ad
825 5145 966 5198 hunc
1002 5145 1176 5198 locum
1222 5156 1275 5198 et
1317 5148 1570 5201 Arntzen'.
1596 5188 1608 5208 ,
1644 5150 1706 5201 ad
1751 5151 2054 5206 Mamertini

463 5219 797 5278 Genetliliac.
855 5215 1142 5292 blattiminl
1171 5231 1290 5292 cap.
1344 5231 1436 5292 tu,
1488 5219 1539 5292 in
1598 5219 1857 5292 Panegyr.
1907 5223 2051 5288 Vet.,

472 5295 578 5345 vol.
637 5307 692 5353 t,
739 5305 859 5357 pag.
910 5286 1031 5360 l-i‘i.
1093 5285 1409 5360 Nominatim
1464 5289 1546 5360 rld
1585 5300 1669 5360 est
1724 5285 2055 5360 singulorum

471 5361 685 5416 ttomina
739 5358 1112 5424 eontpellante.
1144 5358 1409 5412 Cmterttm
1441 5359 1508 5412 de
1532 5358 1843 5415 adoratione
1889 5378 2058 5418 saera:

513 5445 724 5500 ttrplll‘tl’
761 5427 1024 5500 videndus
1073 5429 1625 5500 impritnisgvalesius
1669 5432 1734 5485 ad
1785 5435 2055 5488 Ammian.

525 5498 708 5574 arcell.
741 5498 889 5574 ,“lib.
930 5514 1014 5551 xw
1039 5541 1051 5563 ,
1093 5514 1211 5570 cap.
1240 5501 1272 5554 5
1299 5498 1370 5571 ,ἕ
1409 5499 1471 5553 18
1498 5542 1510 5564 ,
1548 5516 1598 5569 ρ.
1639 5503 1776 5566 152,
1810 5521 1922 5574 seq.
1950 5548 1963 5569 .
1991 5505 2057 5560 ed

473 5573 730 5640 Wagner.
767 5569 969 5623 Olli-ZLL.

547 5639 614 5698 Et
641 5644 734 5697 hoc
765 5642 965 5706 quidem
992 5656 1024 5693 a
1050 5639 1189 5693 nobis
1212 5641 1363 5708 fuerit
1395 5641 1465 5694 itu
1501 5644 1795 5712 prolatum,
1829 5648 1870 5698 si
1911 5647 2062 5701 modo

475 5718 626 5785 liquet
660 5725 707 5767 et
734 5722 929 5766 constat
961 5721 1142 5785 pra’ter
1170 5711 1335 5781 ipsum
1369 5711 1534 5783 regem
1561 5723 1608 5769 et
1647 5715 1928 5782 principem
1959 5735 2066 5772 esse

478 5783 580 5841 alia
601 5785 876 5839 etiamnum
895 5785 1084 5850 cupita.
1107 5783 1332 5838 Secutus
1354 5798 1472 5838 sum
1495 5785 1927 5842 emendationum
1950 5787 2066 5843 edi-

483 5857 610 5912 toris
631 5854 799 5926 Lugd.
831 5853 946 5907 Bal.
980 5853 1163 5909 Codex
1197 5867 1298 5907 ms.
1332 5852 1492 5910 habet
1527 5871 1540 5908 :
1571 5872 1678 5911 esse
1705 5854 1810 5912 cilia
1831 5874 1932 5914 non
1963 5875 2066 5914 ca-
