3872 6338
77 362 172 418 9H

1437 365 1639 423 LIBER
1678 366 1990 426 TERTIUS.

3288 379 3398 435 942

150 479 239 534 IV.
287 479 368 537 Sit
411 481 532 548 ista,
570 487 629 536 ut
667 481 991 551 praedicatis,
1042 481 1194 552 plebs
1239 483 1538 546 numimnn,
1571 487 1681 539 sint
1711 493 1758 552 Α
1787 503 1880 541 sus
1907 485 2278 541 desideramus
2301 484 2487 540 audire
2515 497 2542 538 a
2572 487 2744 554 vobis,
2785 503 2853 545 ne
2878 492 3126 561 imposita
3157 491 3396 547 habeant

78 575 306 629 deorum
358 577 652 630 innumerte
701 575 1071 644 gentilitates;
1121 574 1543 645 adstipulatnur,
1597 593 1684 631 ac-

74 667 431 734 quiescimus.
456 669 830 732 connivetnus,
857 683 956 722 nec
983 669 1034 722 iu
1058 667 1233 738 aliqua
1263 671 1558 738 qtucstione
1587 670 1682 724 du-

75 761 300 816 bitanile
340 760 480 814 istud
520 761 937 831 ambiguumque
972 761 1308 827 conﬁgimus.
1336 761 1466 815 Illud
1506 771 1680 816 tamen

74 867 100 903 a
131 853 290 908 vobis
331 852 518 907 audire
564 854 911 922 exposcimus
954 864 1007 907 et
1052 869 1320 922 rogamus,
1357 854 1495 908 unde
1534 855 1683 911 vobis

74 955 416 1013 compertum
463 955 566 1007 est,
615 946 700 1000 vel
753 946 949 1014 quibus
996 945 1290 1000 rationibus
1331 948 1686 1016 comprehen-

73 1052 211 1102 sum,
263 1037 394 1092 hinc
440 1037 619 1093 desint
651 1040 701 1092 in
736 1039 898 1104 coelo,
931 1054 1065 1106 quos
1106 1055 1229 1094 esse
1273 1040 1592 1095 existimatis
1633 1052 1686 1096 et

75 1130 288 1193 colitis;
320 1147 388 1185 an
421 1133 604 1186 nescio
635 1133 724 1202 qui
756 1133 869 1199 alii,
903 1133 1172 1202 opinionis
1195 1142 1247 1188 et
1278 1133 1506 1186 nominis
1536 1135 1686 1187 inatt-

75 1221 207 1276 diti?
239 1222 430 1277 Potest
471 1225 613 1278 enim
663 1225 800 1291 ﬁeri,
834 1234 891 1278 ut
937 1236 991 1279 et
1035 1225 1088 1278 hi
1130 1226 1238 1280 sint
1265 1241 1399 1294 quos
1427 1241 1546 1281 esse
1579 1243 1683 1281 non

77 1319 305 1380 remitti;
340 1327 395 1371 et
435 1333 570 1387 quos
609 1334 730 1373 esse
769 1318 1059 1381 conﬁditis,
1090 1321 1142 1371 in
1175 1319 1314 1372 nulla
1343 1320 1686 1374 inveniantur

79 1417 225 1476 parte
250 1417 481 1461 natur-.e.
516 1407 696 1479 Neque
723 1410 866 1464 enim
889 1410 1010 1463 οωιί
1037 1409 1332 1479 aliquando
1360 1410 1682 1465 subvolastis

77 1499 138 1553 ad
182 1500 389 1567 sidera,
437 1501 768 1572 singulorum
817 1503 981 1557 facies
1017 1510 1183 1572 atque
1215 1517 1308 1555 ora
1340 1503 1551 1556 vidistis
1585 1519 1597 1554 :
1631 1511 1685 1557 et

79 1607 210 1660 quos
237 1607 368 1647 esse
399 1593 755 1648 memineritis
795 1593 902 1647 illic
930 1592 1083 1657 deos,
1115 1593 1334 1648 eosdem
1369 1592 1453 1646 hic
1481 1594 1683 1659 colcre,

1793 579 1905 632 haec
1937 578 2152 632 nomina
2185 578 2378 648 quibus
2405 594 2496 632 cos
2529 580 2753 646 vocatis,
2785 597 2850 635 an
2880 583 2978 650 ipsi
3012 585 3125 638 htec
3155 585 3253 638 sibi
3284 584 3390 639 dici

1791 669 1889 723 bus
1919 671 2270 739 imposuerint
2302 669 2580 724 lustricis?
2608 671 2664 724 Si
2695 672 2874 728 divina
2910 674 3023 728 haec
3050 686 3176 728 sunt
3204 686 3256 730 ct
3283 693 3396 732 ca:-

1793 761 1944 816 lestia
1969 764 2228 825 nomina,
2271 762 2391 831 quis
2423 761 2613 816 detulit
2650 763 2716 816 ad
2749 780 2841 817 vos
2884 765 2982 817 ea?
3023 767 3116 820 Siti
3150 777 3328 821 autem
3361 784 3394 823 ει

1790 862 1942 914 vobis
1968 860 2237 929 appositas
2259 859 2644 928 appellationes
2668 860 2763 915 has
2787 860 3007 926 habent,
3038 865 3391 932 quemadmo-

1792 951 1916 1004 dum
1947 949 2194 1021 potuistis
2221 951 2480 1005 vocabula
2510 950 2594 1005 his
2623 951 2774 1018 dare,
2806 968 2941 1022 quos
2972 969 3145 1022 neque
3179 955 3398 1010 videba-

1792 1043 1858 1094 tis
1890 1041 2196 1110 aliquando,
2229 1057 2402 1111 neque
2434 1043 2620 1113 quales
2660 1054 2752 1098 aut
2789 1046 2879 1114 qui
2921 1056 3120 1113 essent,
3157 1048 3208 1102 in
3239 1049 3342 1103 ulla
3369 1058 3395 1085 α

1793 1134 2112 1197 cognatione
2140 1133 2379 1186 noratis?

1866 1225 1930 1280 ν.
1973 1224 2076 1278 Sed
2105 1236 2160 1280 ut
2192 1227 2352 1280 vultis
2379 1236 2433 1280 et
2462 1227 2704 1293 creditis,
2734 1237 2896 1299 atque
2918 1241 2969 1284 ut
2999 1232 3148 1286 vobis
3179 1249 3399 1301 persua-

1793 1332 1910 1370 sum
1962 1326 2063 1380 est,
2111 1316 2162 1370 hi
2209 1317 2282 1370 dii
2328 1319 2532 1374 sint”:
2585 1322 2890 1376 nominibus
2930 1326 3271 1393 appellentur
3315 1327 3398 1383 his

1792 1408 1974 1474 etiam,
2008 1408 2204 1478 quibus
2234 1424 2328 1464 eos
2367 1413 2654 1480 populares
2682 1425 2703 1450 ο
2735 1416 2947 1469 censeri
2979 1419 3248 1486 pepularis
3277 1421 3400 1472 vul-

1791 1501 1988 1569 garitas
2023 1501 2211 1555 ducit:
2244 1503 2390 1558 unde
2430 1515 2605 1560 tamen
2635 1506 2785 1561 vobis
2811 1509 2971 1574 scire,
3004 1521 3134 1579 quot
3167 1513 3401 1568 nominis

1798 1591 1958 1660 hujus
1982 1607 2204 1648 censum
2233 1596 2562 1665 compleant,
2593 1598 2695 1652 etsi
2724 1600 2832 1653 sint
2861 1601 3024 1670 aliqui
3054 1603 3200 1657 vobis
3230 1604 3282 1658 in
3309 1620 3402 1660 co-

81 1692 349 1753 tamquam
371 1693 527 1738 notos
558 1684 869 1739 instituistis
895 1700 958 1739 ac
981 1685 1150 1740 visos.
1181 1683 1290 1741 Sed
1319 1693 1372 1739 et
1401 1684 1533 1737 illud
1562 1700 1681 1738 rur-
1715 1677 1763 1736 B
1790 1684 2109 1754 guitionem,
2152 1686 2204 1739 in
2248 1703 2402 1740 usum
2442 1689 2732 1760 aliquando
2774 1691 3129 1762 notitiamque
3172 1696 3403 1764 perlati?

1315 1794 1700 1854 LECTIONES
1737 1797 2159 1852 VARIAN'I‘ES.

138 1915 164 1943 ⁸
198 1914 253 1964 In
277 1913 411 1964 nulla
436 1913 553 1965 Sab.

136 1977 164 2016 δ
198 1976 324 2028 Sunt
343 1977 468 2028 Sab.
491 1975 671 2027 Desint
690 1989 781 2028 ms.

1847 1914 1869 1944 ο
1914 1913 2058 1963 Hanc
2083 1925 2246 1964 vocent
2271 1913 2414 1964 Fulv.
2444 1912 2649 1966 inducit.
2679 1915 2984 1979 Popularem
3009 1933 3100 1971 ms.

1441 2082 2000 2142 COMMENTARIUS.

149 2200 235 2256 IV.
288 2231 360 2241 —
408 2200 821 2270 Adstipnlamur,
873 2197 1302 2270 acquiesciin_us,_
1330 2203 1676 2270 _connivemus.

80 2270 416 2326 Conniremus
473 2266 799 2324 addiderunt
845 2282 875 2321 e
927 2274 1091 2321 mst’o.
1145 2266 1413 2322 Heraldus
1462 2279 1516 2323 ct
1563 2270 1682 2326 Ste-

81 2343 336 2397 wechius.
370 2340 579 2395 Onam“

147 2412 444 2468 Dubitabile
473 2411 610 2464 istud
640 2410 1030 2478 ambiguumque
1061 2409 1383 2478 conﬁgimus.
1413 2410 1681 2467 Meursius

83 2485 274 2536 mavult
323 2483 645 2548 can/irintus.
693 2481 799 2536 Sed
830 2481 1223 2550 signiticmitius
1248 2491 1331 2536 est
1375 2483 1680 2553 con/ignitus

82 2556 222 2624 quasi
265 2554 404 2606 telis.
438 2554 641 2608 ORELL.

147 2625 221 2677 An
262 2627 372 2678 luet:
411 2626 525 2692 ipsa
563 2624 657 2677 sibi
705 2625 880 2677 diebns
925 2623 1260 2686 imposuerint
1311 2623 1550 2676 lustricis.
1603 2627 1679 2680 Ita

84 2697 337 2750 Mem-sius
364 2705 420 2749 et
454 2695 714 2749 Ileraldus
736 2737 749 2757 ,
806 2695 1064 2761 probante
1096 2695 1301 2748 etlitorc
1331 2693 1500 2763 Lugd.
1559 2696 1673 2749 Bat.

85 2767 259 2820 Recte.
291 2765 413 2820 Dies
444 2767 588 2819 enim
611 2766 851 2818 lustricus
875 2769 916 2818 is
948 2777 1041 2827 est,
1075 2782 1173 2832 quo
1201 2765 1422 2832 infantes
1453 2767 1678 2820 lustran-

85 2851 157 2889 tur
185 2849 229 2890 et
256 2854 442 2891 nomen
473 2838 726 2906 accipiunt
752 2854 768 2899 ,'
796 2838 837 2889 is
864 2849 972 2888 erat
1003 2841 1140 2906 apud
1171 2836 1428 2889 Romanos
1453 2839 1676 2890 maribus

86 2926 236 2962 nonus
258 2951 272 2971 ,
299 2910 507 2974 feminis
530 2919 756 2969 octavus,
785 2919 917 2959 tosto.
941 2907 1231 2970 Macrobio,
1257 2915 1359 2958 sat.
1391 2923 1424 2963 ι,
1447 2922 1564 2975 cap.
1585 2911 1670 2967 Ili.

85 2978 270 3044 Festo,
302 2979 616 3032 Plutarcho.
653 2977 808 3045 Apud
837 2978 1056 3031 Graecos
1085 2986 1264 3030 autem
1303 2977 1544 3029 decimus
1570 3019 1583 3037 ,
1619 2987 1674 3030 ut

87 3053 239 3118 liquet
267 3067 334 3104 ex
374 3051 798 3116 llarpoeratinne
823 3091 838 3112 ,
871 3048 1058 3105 Suida.
1095 3048 1365 3117 llesycltio
1391 3088 1404 3109 ,
1442 3051 1674 3103 Auctore

87 3121 488 3176 Proveibiorntn
513 3162 526 3184 ,
559 3119 932 3189 Aristophanis
961 3119 1262 3172 Scltoliaste
1291 3128 1344 3171 et
1370 3118 1510 3183 aliis,
1538 3134 1670 3171 non-

85 3208 362 3260 numquam
409 3200 464 3246 et
491 3205 768 3263 septimus.
804 3190 937 3263 Vide
977 3191 1170 3242 Meurs.
1194 3229 1208 3254 ,
1249 3204 1371 3263 pagi:
1410 3189 1499 3242 87.
1546 3190 1674 3263 (_Iod.

88 3281 178 3316 ms.
203 3260 763 3321 dicbus.....lu'dibriis.
797 3260 939 3330 quod
972 3276 1107 3313 unus
1136 3269 1314 3312 tuetur
1341 3260 1679 3314 Stewechius

87 3336 341 3403 accipiens
376 3351 477 3403 pro
523 3334 696 3386 diebus
745 3333 1000 3403 ludicris;
1051 3341 1107 3384 ut
1139 3332 1244 3382 dies
1271 3340 1546 3403 autumnos
1583 3347 1680 3396 pro

87 3400 432 3459 autumnale-5.
473 3403 590 3457 V'id.
622 3418 802 3472 supra,
833 3401 899 3454 ad
943 3404 1030 3456 lib.
1061 3418 1072 3454 ι
1100 3443 1114 3462 ,
1155 3417 1273 3466 cap.
1301 3401 1392 3472 2|.
1425 3400 1680 3456 Gelenius

89 3476 180 3544 leg.
214 3477 386 3529 diebus
440 3476 650 3528 ludicris
673 3471 701 3537 ,⁷
742 3473 883 3542 quod
935 3473 1172 3525 defendit
1200 3473 1262 3544 β.
1299 3471 1481 3544 Barth.
1509 3514 1522 3536 ,
1572 3475 1682 3526 Ad-

89 3542 302 3611 versum,
334 3548 428 3601 lib.
461 3562 606 3600 mn.
639 3560 758 3614 cap.
804 3545 836 3596 6
859 3585 870 3604 ,
903 3544 1128 3596 ludicros
1155 3542 1260 3594 dies
1290 3542 1592 3606 intelligens
1615 3544 1682 3598 de

89 3617 263 3688 diebus
288 3661 301 3680 ,
349 3619 548 3688 quibus
575 3617 697 3688 ludi
727 3629 996 3688 sacraque
1042 3615 1150 3688 pen
1197 3614 1419 3688 cuilibet
1445 3614 1678 3688 _liebant.

91 3687 229 3741 Fulv.
260 3684 529 3743 Ursinus:
562 3687 637 3739 De
663 3686 927 3738 rebus.....
961 3686 1195 3739 ludicris.
1229 3685 1336 3739 Sed
1367 3684 1524 3737 unice
1555 3701 1681 3740 vera

91 3757 286 3813 .lleursii
316 3759 650 3814 emendatio.
693 3758 898 3810 Οιιειι..

164 3828 433 3884 Videbatis.
467 3828 733 3882 Meursius
763 3840 817 3880 et
846 3825 1109 3880 lleraldus
1141 3825 1426 3894 legendum
1456 3836 1684 3881 censent

93 3901 314 3953 videretis
340 3943 353 3964 ,
382 3902 506 3969 quia
540 3900 780 3968 sequitur
808 3899 1032 3969 noratis.
1064 3897 1178 3969 Sed
1215 3899 1348 3949 tales
1377 3908 1682 3966 temporum

92 3972 329 4044 ἡμέρα-ναὶ
359 3972 671 4044 frequentes
700 3968 837 4036 apud
872 3968 1190 4044 Arnobium.
1223 3969 1425 4044 OneLL.

155 4042 214 4098 V.
250 4040 336 4083 ⁷-
393 4041 701 4095 Nominibus
752 4041 1075 4106 appellentur
1129 4040 1206 4093 Itis
1257 4041 1409 4092 etiam
1439 4080 1450 4100 ,
1504 4040 1686 4106 quibus

94 4129 165 4164 eos
208 4115 478 4184 papnlures
508 4113 699 4165 censeri
747 4111 1011 4180 popularis
1040 4109 1319 4184 vulgaritas
1364 4111 1546 4184 ducit._
1571 4112 1683 4177 Eji-

95 4181 226 4238 ciunt
256 4181 497 4239 nonnulli
527 4199 712 4237 vorent
742 4223 756 4247 ,
814 4198 970 4241 quam
999 4182 1311 4235 existimant
1354 4181 1683 4248 snperlluatn

95 4265 139 4306 et
165 4255 397 4309 inutilem
426 4296 440 4316 ,
491 4255 783 4323 populares.
826 4252 931 4307 Sed
974 4252 1109 4306 hanc
1156 4251 1442 4305 lectionem
1489 4253 1688 4306 aSSerit

95 4327 240 4379 etiam
274 4343 372 4379 ms.
426 4341 538 4396 reg.
585 4325 671 4380 ubi
721 4326 976 4396 scriptum
1028 4338 1307 4390 perperam
1360 4323 1680 4391 popularem.

97 4397 252 4463 Atque
284 4397 398 4452 hmc
446 4395 748 4450 luculenter
796 4395 1068 4462 explicant
1112 4409 1172 4446 ea
1221 4409 1340 4460 qua:
1389 4408 1685 4462 praecesse-

98 4477 208 4520 runt
234 4483 247 4520 :
277 4485 382 4522 esse
409 4469 515 4521 alia
547 4469 562 4534 (
587 4484 686 4520 non
711 4466 730 4537 )
762 4472 930 4533 capita
957 4507 969 4524 ,
1003 4481 1116 4529 quia
1142 4465 1338 4537 digesta
1358 4475 1424 4537 _et
1443 4475 1683 4537 separata

1792 2211 2017 2278 patrum,
2050 2201 2272 2278 equitum
2299 2203 2556 2278 complere
2576 2202 2785 2278 dicitur
2798 2204 2867 2278 de
2897 2220 2996 2274 eo,
3031 2209 3121 2278 qui
3149 2211 3282 2265 satis
3308 2212 3405 2268 ha-

1790 2271 1879 2325 bet
1924 2273 2212 2350 pecuniao,
2260 2272 2392 2324 utin
2438 2272 2616 2350 album
2650 2271 3000 2350 patriciorum
3045 2271 3125 2333 vel
3161 2284 3401 2350 equitum

1753 2384 1771 2403 ,
1794 2345 1961 2406 possit
1991 2341 2213 2396 inscribi
2246 2359 2259 2395 :
2292 2359 2451 2410 quam
2481 2344 2736 2412 loquendi
2767 2348 3031 2402 rationem
3065 2366 3170 2404 non
3204 2341 3404 2409 intelli-

1791 2423 1978 2486 gentes
2017 2413 2241 2466 Sabaeus
2276 2423 2330 2468 et
2369 2413 2630 2486 Gelenius
2665 2416 2948 2472 ediderunt
2979 2437 2991 2473 :
3021 2437 3136 2486 qua:
3181 2426 3405 2481 nominis

1791 2484 2176 2562 Itujussensunt
2203 2485 2480 2562 complent.
2515 2487 2574 2537 (Σ.
2613 2485 2862 2541 Barthius
2892 2489 2941 2541 itt
2973 2484 3228 2553 Atlvers.,
3263 2496 3300 2548 I.
3336 2513 3401 2562 1.,

1793 2565 1932 2621 putat
1963 2554 2281 2616 legendum;
2317 2553 2466 2608 Unde
2487 2567 2651 2608 tamen
2675 2574 2844 2623 qttteso
2868 2562 3155 2616 nominibus
3188 2565 3265 2616 Itis
3291 2553 3403 2621 cett;

1792 2627 2218 2702 Sil-tilcodttpleill?
2241 2625 2502 2680 Memsius
2530 2645 2540 2678 :
2570 2628 2712 2702 unde
2743 2639 2909 2682 tamen
2950 2635 3086 2684 robis
3118 2651 3287 2702 (μιαν.ςο
3313 2655 3407 2691 no-

1791 2696 1937 2747 minis
1970 2696 2124 2770 hujus
2141 2712 2342 2748 censum
2362 2701 2636 2770 complent.
2684 2698 3019 2755 διε-περιῄεις
3047 2696 3172 2770 legit
3209 2725 3218 2757 :
3254 2705 3406 2763 Unde

1788 2774 1954 2839 tamen
1985 2767 2125 2839 vobis
2154 2769 2468 2834 cognominis
2489 2770 2640 2831 liuius
2667 2787 2871 2822 censum
2899 2767 3190 2839 complent?
3215 2778 3406 2834 Editur

1783 2835 1978 2902 Lugd..
2007 2837 2122 2889 Bal.
2157 2839 2332 2890 locum
2364 2845 2439 2891 sic
2460 2841 2708 2901 relingit;
2743 2839 2892 2894 Unde
2914 2835 3079 2898 tanien
3107 2850 3241 2900 vobis
3273 2853 3406 2904 scire

1787 2903 1926 2982 (sq-il.
1965 2910 2080 2982 est),
2114 2919 2231 2972 quot
2260 2911 2474 2960 nominis
2515 2911 2669 2978 Itnjus
2699 2929 2900 2964 srnsnnt
2928 2917 3234 2982 compleant.
3274 2903 3402 2975 Mihi

1784 2976 1920 3058 t'obis
1940 2979 2153 3057 videtur
2175 2995 2294 3030 cum
2321 2976 2670 3058 sq‘tptentibus
2698 2983 2897 3058 verbis,
2919 3003 2983 3035 an
3003 2976 3119 3037 sunt
3137 2990 3295 3058 aliqui
3319 3009 3406 3044 vo-

1783 3046 1875 3108 bis,
1895 3061 2026 3125 βψ..
2048 3047 2307 3125 ingratam
2327 3048 2542 3125 el'licere
2566 3051 2958 3116 repetitione-tn.
2978 3068 3052 3120 et,
3076 3057 3119 3109 si
3138 3046 3261 3125 quid
3289 3073 3405 3116 ten-

1789 3127 1900 3197 tare
1923 3119 2097 3180 liceat,
2128 3122 2302 3197 lotaltm
2333 3118 2413 3197 ita.
2434 3129 2696 3173 mutarent
2720 3137 2732 3173 :
2758 3125 2890 3176 unde
2921 3118 3085 3178 tamen
3117 3118 3296 3190 nostis,
3318 3135 3404 3197 qui

1785 3189 1865 3260 vel
1890 3199 2008 3260 quot
2029 3188 2312 3260 nominibus
2333 3190 2438 3240 suis
2461 3207 2664 3242 censum
2686 3197 2989 3260 compleant.
3013 3196 3224 3250 Censnm
3248 3188 3406 3257 intel-

1786 3257 2109 3332 ligoaibuni,
2137 3258 2220 3312 cui
2253 3259 2473 3332 deorum
2501 3265 2713 3332 nomina
2737 3257 3054 3332 inferuntur,
3082 3271 3173 3321 das
3204 3271 3406 3325 (latter-

1785 3333 2013 3398 rcgister.
2037 3329 2314 3383 Verterem
2343 3331 2522 3397 itaque
2556 3349 2568 3385 :
2606 3331 2796 3386 Walter
2821 3337 2976 3400 wisst,
3016 3329 3167 3391 licunt
3191 3343 3272 3393 i/tr
3301 3346 3403 3399 alte

1785 3400 2072 3479 diejenigen
2095 3403 2223 3479 ,“die
2255 3401 2340 3479 init
2365 3441 2379 3465 ,
2425 3403 2568 3454 iltren
2620 3402 2858 3479 Na/tnten
2890 3409 2982 3460 das
3015 3408 3404 3479 Gotterregistcr

1785 3471 2063 3538 antiillen?
2097 3471 2192 3524 Vel
2221 3474 2382 3524 etiam
2414 3481 2558 3524 stare
2590 3485 2761 3540 potest
2799 3478 2908 3539 Itis,
2943 3480 3060 3532 scil.
3093 3471 3402 3540 uomiiiib'us

1790 3540 2032 3615 plebeiis,
2074 3544 2344 3595 initiorum
2374 3545 2638 3612 gentium,
2674 3546 2740 3599 de
2772 3548 2965 3615 quibus
2999 3551 3050 3603 in
3078 3556 3402 3612 antcccdcn-

1788 3611 1927 3664 tibus
1956 3623 2137 3678 egerat
2162 3611 2444 3666 Arnobius.
2479 3615 2682 3668 Unum.
2792 3611 2800 3615 ⁷
2885 3667 2896 3671 -

1859 3680 2422 3764 Ρορηίυείιαεευῃιηιίι
2453 3685 2537 3764 sit:
2575 3685 2904 3764 Ropulositas
2933 3707 3030 3759 pro
3058 3693 3353 3764 frequentia
3384 3742 3401 3764 ,

1786 3762 1841 3805 ut
1865 3754 2163 3830 papulosus,
2182 3755 2506 3830 dqcliuanlis
2524 3754 2701 3811 latina:
2725 3754 3221 3830 lingtue'votabula,
3249 3754 3406 3824 usur;

1788 3836 1908 3906 pata
1930 3824 2429 3906 ‘Apuleioxnsoliuo.
2463 3824 3028 3906 Vegetio._Ammiano
3061 3824 3396 3906 Marcellino,

1791 3893 1906 3977 χω.
1930 3895 2172 3977 Voss..de
2191 3896 2339 3949 Vitiis
2359 3912 2522 3977 serm.
2542 3893 2593 3952 et
2719 3900 2964 3977 Bor‘rich.
2987 3906 3179 3977 Cogitt.
3206 3926 3256 3977 p.
3280 3893 3402 3968 I97:

1800 3921 1818 3947 ν
1839 3921 1906 3946 tu.
1939 3921 2083 3949 sua».
2106 3921 2172 3949 ut:
2198 3921 2217 3949 ν
2236 3921 2339 3949 ulla
2359 3921 2522 3950 scrin.
2542 3921 2593 3952 ut
2611 3921 2693 3952 Ut.
2719 3921 2964 3956 Dorl'ICll.
2987 3921 3059 3955 LO
3101 3921 3179 3960 Ill.
3206 3921 3402 3977 p.197.

1787 3966 2140 4046 Constructiti
2179 3977 2304 4018 est:
2341 3969 2416 4018 An
2464 3969 2784 4046 populositas
2811 3921 3094 4046 (eorum?y
3134 3987 3244 4032 sine
3294 3982 3406 4035 nlla

1787 4053 1986 4088 summa
2017 4037 2098 4119 sit,
2131 4038 2236 4119 hoc
2258 4047 2339 4115 est
2372 4039 2610 4119 opineris
2636 4037 2864 4119 exprimi
2901 4037 3152 4112 nequeat,
3179 4053 3320 4119 quod
3346 4053 3404 4107 in

1787 4107 2320 4189 scqttcntibusudicit
2349 4123 2361 4160 ε
2399 4106 2573 4189 Potest
2601 4110 2834 4189 .deorttnt
2863 4106 3063 4189 summa
3094 4106 3209 4173 es'se'
3231 4106 3401 4189 nulla,

1790 4194 1877 4230 nec
1906 4178 2208 4230 numerabili
2237 4178 2710 4245 circutitscriptione
2741 4182 2908 4248 ﬁnita.
2943 4183 3148 4242 ORELL.

1861 4249 1938 4299 An
1967 4258 2083 4300 sunt
2127 4249 2286 4314 aliqui
2319 4250 2456 4303 vobis
2496 4250 2745 4320 incogniti
2787 4255 2992 4308 nomine
3021 4258 3072 4311 in
3111 4277 3258 4313 usum
3301 4263 3406 4316 ali-

1787 4320 1992 4392 quando
2025 4320 2356 4392 notitiamque
2398 4321 2580 4386 perlali
2604 4323 2629 4373 ἱ)
2671 4322 2865 4392 llecepi
2894 4325 2947 4379 in
2984 4338 3183 4383 textum
3215 4347 3404 4386 emen-

1789 4391 2061 4469 dationetn
2093 4391 2228 4469 hanc
2255 4394 2794 4469 sz'tgacissitnam,et,
2818 4391 2876 4469 ttl
2913 4397 3039 4451 mihi
3073 4403 3290 4469 quidem
3331 4406 3402 4458 vi.

1790 4463 1969 4538 detur,
1996 4463 2425 4538 vcriSsitnauLC.
2449 4463 2668 4538 Barthii,
2698 4466 2748 4517 in
2774 4463 3102 4532 Adversar.,'
3127 4473 3218 4527 lib.
3250 4490 3404 4538 xuii,

99 4553 176 4600 per
201 4555 464 4591 numerum
485 4579 500 4602 ,
532 4531 662 4592 velut
691 4531 960 4604 quemdam
989 4536 1234 4606 populum
1265 4534 1472 4601 plebeia:
1503 4535 1678 4587 ntulti-
1708 4531 1759 4593 D
1786 4549 1904 4606 cap.
1939 4533 1972 4585 6
1994 4575 2007 4596 ,
2044 4549 2162 4599 pag.
2216 4531 2355 4606 19ᾆῖ
2385 4549 2397 4586 :
2433 4552 2450 4606 ᾳ
2490 4534 2787 4605 lnlcrrogat
2823 4539 2938 4592 scil.
2977 4531 3246 4596 Arnobius
3273 4531 3405 4601 suos

99 4608 272 4662 tudinis
319 4610 532 4680 faciant.
580 4608 715 4661 Hinc
758 4608 918 4680 igitur
961 4605 1064 4660 eos
1095 4605 1678 4680 appr-llatApopulares,

99 4684 234 4743 quasi
265 4677 502 4744 plebeios
541 4688 596 4734 et
653 4695 757 4730 non
807 4679 896 4730 illo
937 4681 1112 4745 primo
1151 4682 1288 4730 loeo.
1343 4677 1678 4742 Lactantius,

102 4748 180 4805 lib.
205 4766 240 4816 I,
265 4769 382 4820 cap.
416 4752 450 4806 5
485 4769 498 4806 ε
547 4751 865 4803 Antisthenes
905 4751 1092 4801 multos
1138 4748 1341 4812 quidem
1371 4765 1480 4800 esse
1519 4765 1682 4817 popu-

103 4820 218 4874 lares
244 4822 396 4887 Deos,
425 4839 582 4876 ununt
608 4833 775 4874 tamen
807 4820 1111 4880 naturalem,
1143 4820 1198 4870 id
1223 4829 1295 4871 est
1316 4861 1330 4884 ,
1363 4835 1574 4872 summie
1599 4831 1681 4873 to-

103 4891 187 4943 tius
211 4895 475 4951 arti/icent.
509 4893 748 4947 IIEMLD.
778 4921 845 4930 —
875 4890 936 4944 C.
971 4891 1216 4944 Barthius
1242 4891 1290 4942 in
1321 4891 1680 4953 Athersariis,

104 4960 184 5035 lib.
219 4979 358 5035 sun,
389 4981 510 5035 cap.
542 4967 609 5028 ti,
642 4981 759 5031 pag.
796 4963 954 5021 1937,
988 4963 1270 5035 legendum
1304 4973 1488 5015 censet
1522 4961 1684 5035 {Alo-

105 5033 299 5087 miuibus
326 5033 649 5106 appellentur
691 5036 770 5088 Itis
811 5036 982 5094 etiam,
1018 5033 1221 5106 quibus
1269 5049 1350 5106 eos
1398 5033 1685 5106 populatint

105 5106 281 5176 cettseri
310 5104 574 5176 popularis
601 5106 878 5173 vulgat-itas
907 5105 1063 5157 ducit.
1096 5104 1224 5176 Non
1244 5104 1403 5157 male.
1438 5104 1642 5156 UIlELL.

171 5174 310 5229 [Inde
339 5174 502 5231 tamen
532 5180 668 5231 vobis
693 5219 707 5240 ,
748 5191 859 5246 qua:
895 5177 1182 5227 nominibus
1207 5175 1286 5227 Itis
1313 5192 1517 5226 censum
1536 5191 1684 5246 com-

108 5245 250 5308 plent.
277 5247 347 5302 Ita
375 5265 406 5303 e
433 5248 566 5304 Cod.
601 5250 731 5314 Reg.
762 5245 931 5300 edidit
959 5246 1242 5306 lleraldus,
1275 5247 1372 5299 nisi
1404 5245 1543 5314 quod
1572 5262 1687 5297 scn-

108 5332 203 5388 sum
231 5359 245 5382 ,
295 5323 433 5388 quod
461 5330 576 5374 erat
607 5322 657 5372 iu
690 5318 1016 5388 membranis
1045 5359 1058 5380 ,
1113 5319 1340 5370 mutavit
1373 5318 1422 5370 itt
1454 5332 1680 5370 censum.

109 5384 220 5448 Sed,
245 5401 295 5442 ut
315 5384 468 5446 recte
498 5392 749 5446 observat
776 5390 836 5443 G.
866 5387 1138 5450 Barthius,
1166 5390 1215 5440 in
1242 5389 1496 5451 Adrers.,
1532 5389 1571 5441 l.
1605 5404 1639 5444 I.
1668 5429 1684 5455 ,

112 5456 222 5509 illiti]
250 5478 356 5524 qua:
382 5480 487 5517 non
520 5461 673 5517 habet
710 5461 774 5513 ad
806 5463 944 5529 quod
977 5461 1259 5523 rcl'eratut‘,
1293 5459 1390 5510 nisi
1416 5460 1685 5523 dicamus,

112 5529 382 5587 Arnobiuzn
409 5544 764 5602 protierantcr
793 5531 1121 5585 scribentem
1155 5533 1202 5581 in
1229 5533 1407 5583 animo
1435 5531 1687 5584 habuisse

114 5602 300 5668 ῗιωηίηα
321 5646 334 5662 .
363 5621 481 5659 cum
515 5619 690 5659 tamen
720 5606 768 5656 in
796 5602 1241 5656 ειιιραυιιιειιιὼιιε
1287 5602 1563 5668 scripserit
1592 5602 1684 5653 dii.

115 5667 278 5726 Melius
319 5675 494 5742 itaque
525 5675 679 5729 Fulv.
716 5674 948 5731 Ursinus
977 5689 989 5725 :
1022 5674 1104 5740 qui
1133 5673 1351 5726 nominis
1383 5667 1538 5742 ltujus
1567 5689 1687 5725 cen-

117 5758 211 5794 sum
248 5749 494 5814 complent
521 5789 536 5813 ,
567 5747 616 5800 id
640 5757 754 5811 est,
784 5747 873 5814 qui
906 5745 1050 5814 (ligni
1084 5756 1206 5798 sunt
1229 5787 1242 5809 ,
1295 5755 1350 5797 ut
1380 5745 1429 5796 in
1463 5759 1689 5798 censum

120 5815 324 5888 quninis
350 5818 525 5888 hujus.
557 5818 675 5873 scil.
707 5817 962 5880 deorum,
998 5815 1323 5871 referantur.
1374 5815 1579 5888 Alludit
1609 5816 1690 5870 tti-

120 5884 287 5939 tuirunt
316 5884 582 5945 Arnobius
610 5888 678 5943 ad
706 5903 928 5944 censum
962 5889 1350 5943 lloutanorum.
1378 5886 1450 5941 Ita
1479 5902 1687 5942 censum

1787 4605 2170 4666 advel-Sanos;
2205 4603 2346 4657 unde
2373 4605 2543 4656 sci:-nt
2565 4646 2579 4668 ,
2611 4603 2793 4661 omnia
2823 4622 2881 4663 se
2922 4611 3143 4666 deorum
3177 4619 3398 4672 nomina

1788 4679 1928 4728 seire
1949 4675 1990 4754 ?.
2023 4674 2339 4754 ttn_de_ip~is
2389 4684 2635 4740 constet,
2689 4678 2869 4754 plures
2920 4682 3051 4736 deos
3099 4700 3204 4738 non
3252 4703 3402 4754 esse,

1787 4763 1948 4825 quam
1982 4747 2080 4814 ipsi
2110 4746 2310 4808 colant,
2346 4757 2400 4825 et
2430 4761 2777 4825 atrumquatn
2795 4750 3081 4825 aliquibus,
3113 4746 3404 4825 incognitis

1789 4822 2028 4881 nemine,
2064 4832 2322 4870 numerus
2344 4817 2434 4871 ille
2466 4817 2534 4870 ab
2557 4818 2687 4883 ipsis
2713 4817 2986 4876 institutus
3011 4827 3162 4879 luerit
3185 4817 3402 4883 auvctus.

1788 4888 2182 4964 Non__poterattt
2236 4887 2548 4964 hinc-elabi
2602 4892 3106 4964 quomodocnmque
3138 4899 3407 4954 halathro.

1789 4975 1884 5012 nes
1916 4960 2010 5013 illi.
2036 4958 2191 5019 Nam,
2223 4959 2450 5028 singulis
2481 4961 2729 5023 gentibus
2751 4962 2997 5023 deviCIis.
3021 4958 3160 5020 nova
3185 4972 3408 5025 numina

1787 5046 1816 5084 a
1848 5030 2107 5084 Ronianis
2138 5039 2292 5082 erant
2334 5041 2671 5084 consecrata.
2729 5032 2796 5086 Et
2839 5037 3090 5101 possibile
3139 5056 3244 5092 non
3288 5050 3408 5095 erat

1790 5104 1918 5170 ipsis
1952 5101 2146 5177 ducere
2177 5110 2385 5154 certum
2435 5118 2716 5177 numerum
2747 5147 2761 5168 ,
2796 5108 2878 5158 vel
2920 5107 3144 5162 deorum
3190 5126 3403 5177 corum,

1789 5189 1924 5241 quos
1954 5172 2250 5244 adorabunt
2278 5211 2291 5231 ,
2345 5173 2541 5226 nedum
2572 5174 2810 5228 omnium
2836 5217 2848 5237 ,
2883 5194 3110 5244 quorum
3142 5172 3403 5236 numerus

1791 5260 1886 5313 per
1914 5246 2059 5310 ipsos
2091 5242 2332 5294 inlinitus
2373 5259 2496 5297 esse
2527 5253 2753 5309 poterat.
2793 5242 2916 5298 ΙΙωό
2956 5255 3225 5305 sententia
3256 5254 3409 5308 ('iarc

1790 5331 1818 5368 a
1845 5314 2196 5384 sequentibus
2226 5315 2597 5386 conﬁrmatur.
2635 5317 2685 5368 in
2723 5319 3016 5386 cognitione
3050 5324 3147 5374 luit
3181 5325 3232 5376 iit
3275 5325 3412 5377 scri-

1793 5398 1884 5455 pto
1937 5386 2074 5439 libro
2112 5404 2122 5437 ε
2155 5383 2296 5438 unde
2337 5401 2434 5438 nos
2475 5387 2721 5456 incogniti
2767 5383 2973 5444 nomine
3009 5392 3254 5447 l'rcitnus.
3300 5393 3413 5448 One

1790 5457 1933 5511 enini
1979 5457 2186 5509 nomine
2225 5467 2300 5508 est
2346 5457 2720 5511 abrcviatinnc
2768 5471 2999 5515 vctu-ta.
3035 5463 3097 5516 Et
3138 5467 3202 5518 de
3241 5465 3412 5518 notui-

1793 5531 1952 5582 nibus
1978 5527 2329 5598 deorumihie
2373 5537 2457 5598 est
2497 5531 2672 5582 oumis
2720 5533 2968 5598 quarstio,
3002 5544 3059 5586 ut
3096 5546 3147 5586 ct
3192 5537 3259 5590 dc
3306 5552 3410 5588 nu-

1793 5615 1974 5674 mero.
2007 5619 2023 5651 ι
2057 5596 2494 5674 Il:ct:___l_3arthius.
2543 5596 2747 5674 licete,
2786 5600 3168 5674 Dei-incogniti
3211 5608 3413 5660 nomine

1792 5682 1917 5725 sunt
1966 5672 2144 5740 itaque
2171 5669 2249 5741 illi
2280 5710 2294 5734 ,
2350 5685 2579 5738 quorum
2615 5673 2801 5723 notitia
2835 5671 3014 5741 aliqua
3041 5669 3120 5728 'ad
3165 5676 3415 5732 homines

1793 5743 2070 5814 pervcnit._
2093 5740 2186 5796 sed
2221 5740 2288 5794 de
2315 5757 2543 5814 quorum
2577 5743 2814 5807 nomine,
2845 5740 3092 5809 numero,
3128 5758 3412 5814 potestate,

1793 5811 1896 5869 etc.
1931 5811 2258 5884 ambigitur,
2292 5824 2349 5865 ιιι
2377 5813 2448 5867 dii
2481 5813 2836 5884 Novensiles,
2870 5814 3096 5869 Penates
3119 5811 3139 5873 ,⁷
3179 5811 3420 5872 Consen-

1799 5895 1899 5951 tes,
1934 5883 2134 5951 Lares,
2172 5895 2276 5940 etc.
2312 5883 2380 5940 de
2410 5887 2605 5954 quibus
2636 5883 2805 5951 infra,
2837 5900 2959 5956 cap.
2993 5887 3078 5942 ll.
3126 5902 3240 5958 seq.
3276 5888 3425 5948 Talis
