3872 6338
421 310 519 364 931
1484 305 1762 362 AHNOBll
1799 302 2170 363 ADVERSUS
2211 302 2484 360 GENTES
3629 309 3720 366 952

414 423 604 478 iiorum
635 436 846 481 semper
875 423 925 476 in
953 421 1294 491 expeditione
1318 430 1547 490 paratas.
1582 423 1739 488 Avet,
1765 423 2004 492 inquam,
2036 425 2090 484 Α
2115 433 2250 475 nova
2278 435 2506 492 quicque
2530 420 2770 491 quotidie
2791 429 3025 488 struere,
3057 421 3256 492 quibus
3287 421 3477 477 ulcisci
3511 437 3573 479 se
3605 439 3720 495 pos-

416 513 600 567 vitlcre
626 512 755 566 deas
782 512 1052 582 gravidas,
1085 515 1211 567 deas
1233 511 1411 578 festas,
1439 513 1892 582 gliscentibusque
1917 529 2010 583 per

411 603 531 658 dies
552 604 685 659 alvis
705 605 941 660 lllleslllll
977 604 1225 674 ponderis
1253 604 1564 658 morositate
1590 605 1852 670 cunctari,
1884 619 2008 674 par-

410 696 577 750 turire
610 697 743 750 alias
767 706 937 751 tractu
969 697 1149 761 longo.
1180 703 1235 750 et
1264 709 1455 749 manus
1497 695 1836 750 obstetricias
1862 709 2009 764 quae-

408 801 576 842 rere:
633 787 752 842 illas
803 787 924 842 telis
963 787 1244 856 gravibus,
1292 797 1347 840 et
1374 787 1618 842 dolorum
1670 787 2008 842 acuminibus

411 878 548 934 fixas
593 879 796 949 ejulare
822 921 836 942 ,
893 878 1080 932 tortari
1109 888 1164 932 et
1196 880 1334 932 inter
1361 877 1477 932 haec
1507 879 1685 932 omnia
1735 878 2008 947 suppetias

409 971 640 1024 .lnnonis
681 971 966 1038 implorare
995 968 1231 1024 Lucinae.
1275 969 1464 1024 Nonne
1505 969 1671 1024 multo
1701 978 1785 1024 est
1813 969 2009 1025 rectius

410 1062 733 1116 maledicere
757 1061 1072 1129 conviciari,
1092 1074 1253 1132 alque
1274 1063 1377 1116 alia
1402 1064 1645 1132 ingerere
1668 1063 1767 1117 diis
1790 1063 2004 1132 probra,

406 1168 564 1222 quam
593 1155 814 1209 obtentu
851 1162 873 1190 ο
906 1155 991 1223 pio
1025 1154 1148 1208 talia
1177 1154 1244 1210 de
1274 1155 1359 1209 his
1398 1164 1632 1209 monstra
1690 1155 2004 1224 opinionum

405 1244 720 1308 indignitate
750 1246 1116 1322 prmsuntere?

481 1333 569 1388 XI.
601 1334 668 1388 Et
694 1327 900 1390 audetis
929 1335 1238 1391 adscribere
1265 1351 1478 1391 causam
1506 1338 1663 1392 nobis
1693 1337 2004 1393 offensionis

403 1428 630 1483 deorum
655 1471 668 1491 ,
700 1444 818 1481 cum
845 1470 859 1491 ,
892 1430 933 1482 si
962 1429 1220 1497 judicatio
1268 1431 1358 1484 liat
1382 1473 1396 1496 ,
1451 1431 1744 1486 certissima
1775 1431 1826 1484 in
1853 1430 2003 1484 vobis

401 1519 702 1588 reperiatur
730 1519 846 1574 bz'ec
871 1535 1012 1583 esse.
1047 1536 1146 1577 nec
1174 1524 1226 1575 in
1247 1523 1597 1586 contumelia,
1623 1537 1783 1591 quam
1816 1523 2004 1590 opina-

403 1611 557 1672 mini.
593 1625 758 1666 starc.
791 1611 920 1666 Nam
946 1614 989 1667 si
1019 1613 1114 1677 dii,
1148 1625 1205 1668 ut
1233 1616 1438 1679 dicitis,
1473 1616 1778 1670 afficiuntur
1808 1616 1907 1680 ira,
1950 1624 2005 1671 et

401 1704 703 1759 animorum
755 1705 1210 1776 iudiguatioaihns
1240 1710 1572 1763 incalescunt
1606 1727 1618 1762 :
1652 1726 1748 1764 cur
1775 1725 1870 1766 eos
1897 1726 2004 1766 non

398 1807 650 1864 putemus
677 1813 820 1868 :egrc
847 1809 1005 1868 atque
1033 1802 1296 1854 acerrime
1322 1803 1591 1855 Sustinere
1622 1842 1636 1866 ,
1684 1801 1798 1856 dari
1843 1801 1945 1856 sibi
1976 1817 2004 1856 a

2119 512 2229 566 sint
2248 522 2372 567 tota
2396 513 2548 567 vobis
2571 511 2783 582 injuriis
2805 520 2861 568 et
2881 511 3361 570 maledictionibus
3384 515 3716 584 exasperati:

2119 604 2602 669 Maledictiouibus,
2638 605 2877 675 inquam,
2910 615 2961 660 et
2995 605 3229 675 injuriis,
3257 620 3395 676 quas
3417 608 3621 676 partim
3649 607 3719 661 fa-

2119 695 2262 752 bulis
2287 697 2554 764 turpibus,
2587 698 2786 767 partim
2815 696 3160 768 opinionibus
3189 699 3464 754 indecoris
3494 697 3542 764 δ,
3597 713 3720 770 quas

2117 786 2280 840 vestri
2313 786 2580 855 theologi,
2615 803 2747 858 quas
2776 797 2985 858 poetas,
3035 803 3172 859 quas
3220 790 3323 859 ipsi
3370 806 3465 846 vos
3505 806 3716 861 quoque

2113 877 2486 948 ignominiosis
2513 878 2798 934 celebratis
2830 881 2880 934 in
2909 879 3100 935 ritibus
3122 920 3138 943 ,
3173 895 3262 936 res
3289 882 3528 951 perditas
3569 882 3717 936 inve-

2115 971 2274 1024 nietis
2315 973 2576 1026 humanas
2603 1013 2618 1034 ,
2659 983 2713 1027 et
2741 972 3008 1042 abjecisse
3035 975 3250 1029 clavum
3279 975 3445 1044 deos;
3483 977 3527 1031 si
3563 975 3716 1032 modo

2113 1060 2326 1115 illorum
2354 1076 2536 1116 curam
2580 1072 2785 1132 Spectat
2811 1107 2826 1130 ,
2879 1065 3185 1120 mortalium
3213 1083 3403 1137 regere
3430 1080 3599 1140 atque
3629 1071 3713 1123 ad-

2114 1153 2418 1209 ministrare
2446 1153 2708 1209 fortunas.
2742 1155 2875 1210 Nam
2905 1157 3061 1213 nobis
3090 1157 3309 1226 quidem
3340 1173 3439 1214 cur
3465 1160 3706 1215 irascan-

2114 1253 2220 1308 tur,
2254 1261 2360 1300 non
2393 1245 2590 1301 habent
2620 1264 2632 1299 :
2672 1261 2806 1316 quos
2838 1247 3019 1301 vident
3045 1258 3100 1303 et
3127 1250 3397 1317 sentiunt,
3429 1265 3610 1321 neque
3655 1266 3707 1307 se

2109 1338 2322 1402 colere,
2354 1354 2529 1408 neque
2558 1338 2807 1394 deridere
2828 1381 2844 1406 ,
2873 1339 3017 1409 quod
3049 1340 3246 1395 dicitur
3267 1383 3282 1407 ,
3332 1351 3389 1396 et
3437 1343 3712 1398 honestius

2109 1446 2266 1501 quam
2295 1445 2389 1486 vos
2419 1431 2588 1486 multo
2616 1431 2683 1486 de
2711 1432 2794 1487 sui
2819 1432 3056 1488 nominis
3085 1432 3351 1503 dignitate
3374 1435 3708 1504 existimare,

2109 1524 2348 1579 credere.

2183 1615 2298 1671 ΧΠ.
2345 1617 2417 1671 De
2439 1630 2572 1672 sexu
2617 1615 2897 1672 hactenus.
2927 1615 3081 1673 Nunc
3120 1618 3186 1673 ad
3227 1618 3468 1687 speciem
3521 1621 3698 1674 venia-

2113 1724 2232 1763 mus
2257 1717 2312 1762 et
2337 1707 2569 1772 formas,
2612 1708 2806 1778 quibus
2839 1723 2966 1764 esse
2989 1708 3296 1779 descriptos
3322 1707 3456 1764 deos
3487 1725 3710 1780 superos

2112 1798 2370 1854 creditis:
2403 1797 2598 1868 quibus
2625 1800 2790 1853 immo
2835 1798 3078 1853 formatis
3115 1809 3171 1853 et
3220 1800 3552 1868 templorum
3598 1813 3707 1855 am-

399 1888 556 1942 vobis
585 1904 744 1942 sexus
770 1931 784 1954 ,
829 1890 1024 1959 quibus
1053 1905 1216 1945 canes
1241 1892 1492 1962 porcique
1517 1893 1725 1947 formati
1759 1894 1923 1949 sunt?
1950 1905 2003 1950 et
2037 1869 2084 1928 Β
2112 1890 2369 1962 plissimis
2412 1889 2687 1945 collocatis
2730 1889 2782 1944 in
2812 1889 3055 1944 sedibus.
3091 1888 3278 1959 Neque
3302 1889 3588 1960 quisquam
3625 1891 3706 1959 ju-

397 1994 521 2033 cum
553 1981 622 2033 ita
649 1981 909 2045 credatis,
945 1997 1049 2036 nou
1077 1983 1233 2038 aliter
1260 1998 1318 2038 se
1353 1985 1508 2054 tingi,
1546 1995 1601 2039 et
1639 1985 2002 2056 ignominiosa

399 2085 524 2126 cum
578 2074 939 2128 ostentatione
989 2075 1254 2144 proponi?
1303 2076 1444 2147 Ergo
1484 2092 1603 2133 cum
1633 2078 1748 2133 haec
1777 2079 1848 2133 ita
1871 2079 1999 2144 sint,

397 2164 738 2218 miseriarum
767 2167 1009 2220 onmium
1037 2183 1195 2222 causa
1226 2184 1320 2222 vos
1341 2171 1492 2234 estis,
1517 2186 1615 2225 vos
1646 2171 1778 2226 deos
1805 2173 2000 2242 impel-

398 2255 532 2322 litis,
562 2271 657 2311 vos
680 2259 927 2314 excitatis
955 2259 1212 2315 infestare
1260 2261 1508 2318 omnibus
1534 2263 1687 2318 malis
1723 2273 1914 2325 terras,
1948 2272 2004 2317 et

2110 1982 2288 2036 daicas
2330 1979 2381 2034 in
2413 1980 2515 2036 lioe
2548 1980 2665 2034 loco
2708 1979 2864 2035 nobis
2895 1988 3133 2049 opponat
3169 1989 3224 2034 et
3273 1979 3508 2034 saducaei
3536 1995 3694 2051 gene-

2112 2075 2188 2129 ris
2217 2073 2454 2136 l'abulas,
2490 2081 2762 2142 tamquam
2794 2071 2998 2126 formas
3027 2072 3327 2127 tribuamus
3359 2083 3414 2127 et
3444 2087 3540 2126 nos
3560 2075 3704 2127 Deo:

2113 2166 2215 2222 hoc
2243 2166 2386 2220 enim
2420 2172 2638 2234 putatur
2667 2164 2720 2217 iu
2751 2178 2939 2219 eorum
2985 2164 3178 2218 litteris
3216 2163 3356 2230 dici,
3390 2174 3444 2218 et
3476 2165 3631 2220 veluti
3651 2180 3704 2219 re

2110 2271 2278 2327 certa,
2303 2268 2462 2329 atque
2482 2259 2801 2316 auctoritate
2824 2256 3032 2315 ﬁrmari
3056 2277 3069 2314 :
3100 2273 3223 2329 qua:
3243 2268 3338 2314 aut
3366 2258 3502 2315 nihil
3528 2258 3595 2316 ad
3614 2273 3704 2315 nos

1637 2376 1932 2436 LECTION
1939 2379 2019 2435 ES
2059 2374 2477 2433 VARIANTES.

462 2469 485 2496 "
524 2469 678 2528 Quam
698 2477 750 2521 ut
773 2471 995 2531 obtenta,
1020 2483 1110 2521 ms.
1134 2469 1274 2521 male.

2165 2467 2195 2505 ιι
2233 2467 2502 2519 ludecorus
2519 2481 2607 2518 ms.

1757 2551 2319 2612 COMMENTARIUS.

397 2665 519 2720 pag.
558 2651 682 2713 448,
717 2651 802 2722 ed.
853 2651 1069 2706 Gratvii.
1116 2650 1236 2705 Fuit
1284 2650 1397 2722 hanc
1437 2651 1662 2706 honesta
1709 2653 1989 2722 expressio

395 2725 474 2776 rei
509 2724 695 2787 turpis.
729 2721 801 2774 lta
837 2723 972 2790 apud
1013 2723 1229 2776 Latinos
1262 2739 1272 2773 :
1313 2721 1435 2773 Haec
1461 2723 1639 2784 multa,
1671 2723 1761 2776 illa
1789 2721 1985 2788 multa,

395 2792 478 2845 lue
506 2809 584 2844 res
616 2794 819 2851 multm;
847 2793 984 2853 apud
1009 2793 1226 2847 Grmcos
1263 2811 1274 2846 :
1299 2797 1465 2848 πάντα
1491 2799 1673 2859 ταῦτα,
1706 2793 1773 2846 de
1800 2795 1984 2862 volup-

397 2864 595 2916 tatibus
615 2863 854 2920 nefariis.
876 2874 923 2916 et
943 2864 1169 2917 Veneris
1193 2865 1335 2916 ludii.
1351 2863 1480 2916 Vit‘le
1501 2865 1712 2917 Ilcrald.
1728 2907 1740 2925 ,
1759 2864 1826 2917 ad
1848 2864 1987 2918 hunc

394 2933 596 2990 locum.
642 2933 902 2986 Similiter
954 2933 1262 2987 Wielandus
1301 2933 1362 2987 V.
1398 2931 1507 2998 CL,
1557 2935 1605 2987 iu
1652 2936 1987 2989 versionibus

396 3004 509 3056 Suis
542 3005 684 3060 talia,
719 3021 836 3065 ιιιωι
873 3004 1094 3056 honeste
1123 3004 1271 3057 effari
1297 3003 1462 3069 nefas,
1492 3005 1669 3059 verbis
1696 3007 1985 3060 circumlo-

394 3074 579 3142 quitur
611 3091 621 3124 :
663 3073 788 3125 Was
815 3075 896 3126 i/ir
923 3077 1050 3128 wist.
1083 3073 1287 3128 ORELL.

472 3143 782 3196 Prmliorum
832 3145 883 3196 iu
932 3145 1248 3213 expeditione
1299 3156 1528 3212 paratas.
1586 3147 1775 3200 Pra‘lia
1834 3163 1996 3201 sensu

396 3226 536 3288 turpi
570 3215 634 3268 de
665 3230 959 3288 congressu
989 3231 1238 3269 \‘CllCl'eO.
1275 3215 1350 3268 lta
1381 3216 1654 3285 Virgilius,
1691 3217 1887 3288 Georg.
1915 3234 1992 3284 ut,

395 3284 468 3340 98
496 3286 560 3340 de
588 3301 726 3357 equo
750 3286 996 3340 confecto
1028 3304 1039 3340 :

1026 3400 1078 3448 Si
1101 3400 1294 3462 quando
1315 3401 1372 3449 ad
1395 3400 1560 3464 praelia
1578 3408 1778 3451 ventum
1805 3411 1899 3452 est.

395 3505 483 3558 ubi
532 3506 639 3559 vid.
688 3505 872 3574 llcyuc
918 3505 976 3554 V.
1005 3504 1061 3559 S.
1097 3514 1150 3558 et
1193 3506 1396 3559 Auson.
1436 3505 1624 3573 Popm.
1666 3507 1734 3560 ad
1761 3506 1987 3563 Varron.

393 3575 701 3642 Fragment.
740 3591 856 3644 pag.
888 3574 1013 3639 527,
1039 3575 1125 3628 ctl.
1154 3575 1361 3644 Bipont.
1395 3575 1596 3630 OHELL.

469 3646 710 3699 Intestiui
743 3647 980 3714 ponderis
1025 3648 1337 3700 morositate.
1378 3645 1684 3701 lutestinttm
1714 3651 1911 3716 pondus
1940 3652 1992 3706 id

395 3717 537 3785 quod
585 3719 714 3769 uteri
750 3719 970 3776 carsina,
1005 3733 1090 3786 ap.
1122 3716 1466 3778 Tertulliau..
1503 3718 1595 3771 lib.
1630 3736 1669 3783 ι,
1698 3721 1762 3772 ad
1797 3720 1990 3784 Uxor,,

393 3802 513 3852 cap.
548 3789 600 3840 5.
637 3787 911 3840 Marositas
957 3787 1220 3856 hoeloco
1249 3787 1386 3840 idem
1437 3790 1578 3856 quod
1631 3790 1878 3844 molestia
1908 3794 1991 3845 vel

394 3860 566 3910 active
607 3858 747 3925 quod
783 3871 1024 3909 morosos
1067 3855 1193 3908 facit
1224 3855 1471 3921 gravidas
1503 3876 1515 3910 :
1549 3876 1653 3925 quo
1695 3877 1856 3914 sensu
1891 3862 1993 3918 hoc

391 3928 710 3983 vocabulum
736 3927 860 3981 alibi
895 3943 979 3979 me
1010 3926 1204 3996 legisse
1234 3927 1370 3980 haud
1402 3931 1639 3982 memini.
1669 3929 1874 3986 OllELL.

467 4001 595 4051 Aliis
644 3999 754 4072 telis
796 3996 1330 4072 gravibu_s_....._[i§as_.
1387 3998 1724 4053 Steweebius
1775 4004 1992 4072 eonjicit

392 4072 552 4128 tricis,
587 4077 643 4121 ut
675 4069 805 4120 infra
835 4083 952 4132 cap.
985 4069 1048 4120 Ἡ
1091 4086 1103 4120 :
1133 4066 1371 4136 Difficiles
1402 4073 1788 4134 puerperiorum
1813 4066 1985 4128 tricas.

389 4143 462 4195 At
485 4140 556 4193 nil
586 4139 906 4211 mutandum
943 4137 1046 4190 hoc
1071 4139 1206 4191 loco.
1228 4139 1323 4211 (iui
1355 4155 1458 4191 ItHll
1487 4152 1606 4192 uota
1638 4140 1736 4192 tela
1760 4141 1986 4211 Lucinae,

391 4213 616 4282 χαλεπρν
655 4212 796 4282 βέλος
843 4209 1112 4269 Εἰλειθυίας
1161 4225 1190 4263 c
1241 4207 1550 4276 Theocrito,
1601 4211 1753 4281 ldyll.
1814 4207 1988 4281 XXVII,

388 4281 535 4334 vers.
561 4281 630 4333 28
645 4285 666 4332 ‘.’
695 4281 893 4334 OttELL.

467 4350 694 4404 Tartari.
734 4353 802 4404 Ita
837 4352 921 4403 rd.
957 4350 1122 4419 Lugd.
1158 4351 1272 4404 Bat.
1307 4367 1337 4405 c
1370 4350 1677 4405 felicissima
1714 4353 1813 4405 'l‘li.
1845 4353 1987 4410 Can-

392 4424 491 4475 teri
539 4422 916 4496 vitientlatioue
948 4436 1044 4496 pro
1093 4425 1292 4496 inepto,
1326 4422 1468 4490 quod
1499 4434 1662 4496 antea
1687 4423 1987 4496 legebatur,

391 4495 608 4546 hortari.
643 4492 751 4547 Vox
787 4492 1123 4556 Lucretiana,
1158 4492 1249 4544 lib.
1279 4509 1356 4557 Ill,
1395 4509 1533 4547 vers.
1569 4493 1669 4547 661
1707 4511 1718 4546 :

517 4583 688 4645 omnia
706 4585 804 4645 jam
830 4586 1038 4633 seorsim
1059 4597 1240 4632 cernes
1263 4587 1440 4633 ameisa
1459 4586 1651 4633 recenti

519 4644 732 4695 Voluere
758 4646 948 4703 tortari,
976 4653 1026 4694 ct
1049 4653 1230 4695 terram
1253 4659 1589 4710 conspergere
1609 4649 1741 4695 tabo.

393 4747 599 4823 l‘loutus
612 4746 849 4823 LTortor.
865 4790 872 4798 .
889 4789 898 4798 .
915 4764 1011 4823 pro
1030 4759 1283 4823 torqueor.
1307 4749 1623 4819 Pomponius
1643 4754 1870 4807 Decuma
1889 4758 1993 4823 ful-

394 4819 526 4870 lonis
559 4834 577 4871 :
605 4817 668 4893 Et
711 4820 795 4870 ubi
823 4819 1002 4872 insilui
1022 4820 1074 4872 in
1104 4820 1383 4874 cocleatum
1414 4817 1662 4893 eculeum,
1695 4825 1763 4878 ibi
1790 4817 1993 4881 tolutim

393 4898 572 4942 tortor.
605 4890 805 4943 Onam"

464 4960 988 5033 Suppetias_.l_unonis
1032 4962 1309 5031 implorare
1335 4962 1556 5019 Lucinas
1597 4967 1738 5020 Juno
1766 4967 1982 5033 Lucina,

389 5041 528 5106 tuam
557 5031 711 5106 [idem
731 5031 751 5084 ,ν
773 5029 953 5106 Plaut.
985 5029 1190 5098 Aulnl.,
1222 5035 1341 5089 Act.
1369 5051 1439 5102 iv,
1470 5029 1984 5106 scen.vu,vers.10.

388 5101 526 5156 Vide
557 5103 711 5165 intra,
741 5118 857 5171 cap.
884 5103 974 5156 ‘21.
1009 5107 1210 5158 Οιιειι.

461 5171 553 5226 ΧΙ.
585 5203 656 5246 -έ-
697 5171 766 5226 Ει
804 5176 1002 5227 audetis
1042 5175 1330 5229 adscribere
1373 5193 1578 5233 causam
1634 5183 1778 5236 nobis
1822 5181 1986 5246 o/fen-

389 5243 548 5317 sionis
603 5245 834 5310 deorum,
877 5261 1013 5307 cum,
1067 5248 1110 5299 si
1151 5247 1398 5311 iudicatio
1446 5251 1566 5317 ﬁat,
1603 5243 1880 5307 certissima
1930 5254 1985 5309 in

388 5313 529 5394 vobis
586 5317 867 5394 reperiatur
890 5317 1026 5394 _Itmc
1048 5333 1205 5394 “esse,
1254 5335 1344 5394 uec
1379 5313 1454 5373 in'
1475 5313 1799 5388 contumelia,
1830 5341 1984 5394 quant

387 5386 675 5460 opinamini
702 5396 855 5460 stare.
890 5386 963 5460 Ita
998 5387 1140 5460 edidi
1179 5399 1232 5443 et
1275 5391 1578 5460 iuterpunxi
1621 5412 1684 5448 ex
1726 5386 1982 5450 emenda-

386 5457 543 5533 tione
584 5457 886 5533 certissima
934 5457 994 5533 .l._
1034 5458 1390 5533 Ereinsltetuii
1419 5457 1496 5517 ad
1548 5464 1713 5532 Flor.,
1771 5467 1860 5521 lib.
1903 5483 1975 5533 tv,

387 5541 508 5603 cap.
620 5543 736 5603 pag.
756 5527 901 5603 705,
932 5528 1017 5603 ed.
1038 5529 1264 5603 ‘Dukeri.
1300 5533 1470 5587 Antea
1494 5527 1752 5591 edebatur
1782 5556 1792 5590 :
1822 5527 1977 5603 Cum,

385 5599 429 5651 si
446 5599 703 5674 iudicatio
736 5600 826 5674 ﬁat
853 5599 1165 5674 certissima,
1184 5604 1233 5655 in
1255 5604 1389 5657 vobis
1414 5607 1696 5674 reperiatur
1723 5609 1828 5662 lucc
1849 5599 1975 5674 esse,

384 5678 430 5719 et
462 5670 513 5722 in
543 5670 874 5736 contumelia,
898 5686 1053 5739 quant
1083 5673 1364 5740 apinamini
1389 5670 1545 5730 stare.
1575 5677 1713 5734 Male
1745 5697 1756 5732 :
1787 5670 1978 5735 sensus

384 5741 526 5818 enim
555 5751 637 5822 est
669 5759 681 5794 :
717 5741 783 5795 In
825 5745 996 5822 vobis,
1017 5744 1060 5796 si
1078 5743 1334 5814 judicatio
1378 5748 1490 5822 ﬁat,
1521 5752 1798 5804 certissima
1826 5768 1977 5822 repe-

379 5809 536 5865 rietur
564 5812 775 5869 deorum
813 5811 1048 5882 o/fensio,
1078 5809 1187 5871 non
1212 5809 1388 5874 autent
1405 5819 1461 5874 in
1477 5809 1793 5878 contumelia
1817 5809 1972 5895 stare,

2101 2649 2153 2702 id
2194 2659 2276 2703 est
2304 2648 2624 2711 consistere,
2668 2663 2821 2717 quam
2869 2646 3152 2718 apiitarnini
3194 2647 3314 2703 scil.
3352 2663 3381 2700 ει
3427 2648 3579 2703 nobis
3606 2646 3698 2704 diis

2100 2720 2326 2774 illatam.
2359 2718 2568 2773 OBELL.

2173 2789 2341 2860 zEgi-e
2369 2801 2517 2858 atque
2546 2791 2791 2844 acerrime
2813 2791 3076 2844 sustinere.
3110 2788 3432 2844 Necessario
3459 2791 3694 2844 mendum

2097 2871 2213 2921 est;
2248 2877 2369 2915 nam
2397 2863 2642 2916 acerrime
2668 2861 2917 2914 sustinere
2939 2876 3034 2929 pro
3066 2876 3151 2925 eo,
3184 2861 3326 2929 quod
3349 2873 3430 2916 est
3465 2862 3696 2915 molestis—

2095 2934 2242 2995 sime,
2269 2931 2579 2986 Latinorum
2612 2947 2767 2985 nemo
2804 2947 3081 3002 umquam,
3110 2933 3209 2984 nisi
3243 2947 3330 2985 me
3356 2934 3570 3002 egregie
3595 2948 3695 2985 me-

2096 3006 2262 3056 moria
2291 3003 2455 3063 fallat.
2492 3003 2644 3056 dixit.
2680 3002 2824 3072 Lego
2852 3019 2864 3056 :
2896 3001 3062 3071 Aigre
3083 3015 3233 3072 atque
3257 3001 3520 3069 aegerrime
3545 3005 3691 3056 susti-

2016 3070 2060 3131 C
2096 3091 2232 3126 nere.
2266 3073 2387 3126 Hmc
2425 3075 2653 3140 genuina
2697 3070 2907 3140 phrasis
2939 3070 3160 3126 Afruubii
3191 3075 3384 3125 nostri.
3424 3073 3687 3134 Similiter,

2107 3144 2195 3197 lib.
2218 3159 2253 3197 ιι
2276 3162 2290 3197 ;
2320 3144 2510 3209 Quibus
2532 3147 2651 3196 ntali
2679 3161 2853 3196 sumus
2872 3155 2916 3195 et
2939 3143 3161 3208 pessimi,
3181 3143 3563 3211 cupiditatibus,
3589 3155 3684 3198 etc.

2103 3213 2173 3267 Et
2201 3229 2346 3282 smpe
2379 3215 2428 3266 in
2463 3214 2565 3267 hoc
2591 3230 2774 3282 Opere.
2811 3215 3040 3278 Menas,
3077 3229 3198 3281 pag.
3231 3215 3321 3266 89.

2177 3285 2238 3338 Si
2273 3286 2422 3337 modo
2459 3284 2666 3356 illorum
2693 3301 2866 3339 curam
2905 3294 3118 3352 spectat.
3149 3284 3222 3338 Ita
3251 3284 3339 3338 ed.
3371 3284 3538 3356 Lugd.
3571 3286 3677 3340 Bal.

2101 3353 2204 3408 Alii
2245 3374 2256 3407 :
2289 3356 2347 3408 Si
2381 3355 2528 3407 modo
2555 3355 2622 3406 ad
2669 3355 2877 3408 illorum
2916 3371 3092 3408 curant
3132 3364 3344 3424 spectat.
3378 3359 3446 3408 ad
3461 3353 3519 3410 ἐ.
3549 3357 3674 3412 Cod.

2101 3441 2202 3479 ms.
2236 3425 2443 3479 addidit
2469 3426 2738 3480 Stewech.
2771 3425 2974 3481 ORELL.

2173 3516 2448 3571 Honestius
2489 3534 2641 3586 quam
2667 3533 2753 3570 vos
2793 3517 2969 3588 multo
2998 3517 3060 3568 de
3090 3517 3181 3588 fui
3202 3520 3422 3573 nominis
3449 3522 3684 3588 dignitate

2099 3588 2421 3650 existimare,
2453 3589 2674 3643 credere.
2709 3589 2798 3642 Sic
2834 3587 2920 3642 ed.
2955 3587 3122 3656 Lugd.
3150 3587 3266 3641 Bat.
3309 3605 3374 3644 ex
3427 3587 3570 3647 more
3598 3595 3683 3646 Ar-

2100 3659 2244 3728 nobii
2275 3660 2520 3727 copulam
2541 3659 2838 3728 smpiSsime
2864 3658 3178 3712 omitleutis.
3204 3658 3339 3713 Cod.
3369 3678 3472 3717 ms.
3500 3663 3680 3719 habet:

2104 3727 2412 3782 Existimare
2435 3745 2584 3796 quam
2609 3729 2830 3794 credere,
2857 3729 2998 3798 quod
3026 3728 3219 3783 frustra
3242 3741 3426 3786 tuetur
3465 3734 3682 3788 Stewec-

2099 3797 2237 3852 hius.
2268 3799 2520 3855 Gcleuius
2542 3818 2554 3854 :
2574 3801 2734 3867 Atque
2747 3797 2965 3852 credere.
2993 3799 3095 3853 Alii
3123 3820 3132 3852 :
3160 3802 3225 3854 Et
3245 3804 3472 3857 credere.
3493 3804 3678 3859 OBELL.

2170 3889 2282 3943 XII.
2336 3921 2409 3930 —
2458 3890 2634 3958 Neque
2681 3893 2948 3960 quisquam
3014 3894 3266 3947 Judaicas
3315 3899 3370 3948 in
3423 3897 3517 3949 hoc
3584 3900 3680 3949 loco

2096 3962 2239 4038 nobis
2267 3972 2492 4038 opponat
2543 3974 2589 4015 et
2629 3962 2908 4038 Sadducrgi
2935 3967 3132 4034 generis
3163 3965 3392 4032 fabulas,
3442 3978 3677 4038 tamquam

2096 4032 2314 4104 formam
2337 4033 2618 4104 tribuamus
2645 4043 2690 4086 ct
2720 4051 2810 4087 uos
2846 4032 2973 4089 Deo.
3006 4038 3188 4090 Lectio
3213 4038 3346 4090 bOua
3382 4047 3454 4104 et,
3484 4049 3537 4091 ut
3555 4032 3676 4092 'tuihi

2097 4103 2312 4174 quid_em
2343 4103 2571 4160 videtur.
2605 4119 2884 4174 perperam
2919 4118 3119 4162 mutata
3151 4123 3178 4160 a
3211 4108 3481 4162 Salmasio
3521 4109 3675 4162 eden-

2097 4184 2180 4246 te;
2214 4171 2495 4246 Tamquam
2529 4171 2722 4243 {orntus
2751 4177 2973 4234 tribuant
2999 4191 3149 4246 atque
3197 4194 3250 4231 os
3287 4178 3416 4232 Deo.
3460 4180 3676 4234 Gentiles

2096 4245 2236 4318 enim
2261 4243 2606 4318 Christianos
2633 4261 2754 4298 cum
2791 4246 2990 4304 Judteis
3016 4243 3435 4314 confundentes,
3478 4251 3557 4304 vel
3593 4266 3674 4318 pro

2093 4313 2403 4386 .ludteornm
2462 4317 2714 4380 peculiari
2758 4318 2985 4386 quadam
3025 4328 3171 4374 secta
3206 4313 3490 4386 habentes,
3529 4313 3674 4375 multa

2095 4384 2226 4459 ipsis
2273 4386 2482 4459 crimini
2528 4387 2749 4452 dabant,
2776 4384 2914 4458 quae
2957 4392 3258 4456 jlltlﬂllll'lllll
3305 4384 3522 4459 quidem
3570 4408 3674 4459 pro-

2098 4456 2232 4523 pria,
2260 4466 2314 4508 at
2342 4473 2368 4506 τι
2399 4458 2655 4526 religione
2682 4456 2972 4514 christiana
3001 4456 3335 4515 alienissima
3349 4463 3517 4526 fuere,
3546 4456 3689 4517 verbi

2020 4506 2074 4565 D
2100 4506 2270 4601 pausa
2287 4527 2466 4580 odium
2498 4506 2711 4601 generis
2757 4530 2994 4585 humani.
3019 4531 3160 4585 Idem
3207 4532 3385 4601 itaque
3418 4506 3671 4586 audientes

2101 4596 2152 4672 i_n
2181 4596 2518 4672 juilaicoruui
2549 4600 2829 4672 doctorum
2857 4604 3070 4669 scriptis
3100 4596 3324 4655 formam
3353 4604 3670 4672 corporalem

2103 4667 2210 4742 ρει»
2226 4668 2404 4742 tribui.
2423 4670 2789 4742 talesiueptias
2802 4667 3118 4726 Christianis
3130 4673 3288 4726 etiam
3307 4667 3667 4742 impiugebant.

2099 4737 2164 4791 Et
2186 4737 2624 4813 huuelocinostri
2655 4737 3027 4805 sensutuesse,
3054 4745 3331 4813 sequentia
3363 4737 3522 4800 verba
3543 4762 3556 4797 :
3576 4760 3671 4812 quae

2096 4820 2186 4886 aut
2200 4810 2327 4862 nihil
2347 4810 2415 4862 ad
2437 4827 2528 4863 nos
2542 4813 2772 4886 attinent.
2789 4828 2878 4866 nec
2899 4830 2961 4867 ea:
2981 4810 3152 4883 aliqua
3170 4821 3405 4882 portione
3423 4810 3668 4886 quicquam

2097 4881 2280 4935 habent
2307 4896 2572 4935 commune
2592 4885 2868 4943 nobiscum,
2900 4895 2988 4937 aut
3014 4881 3222 4951 si'suut,
3251 4897 3302 4936 ut
3327 4881 3567 4951 creditur,
3594 4903 3666 4940 so-

2093 4952 2186 5004 cia:
2226 4961 2356 5012 etc.,
2395 4954 2731 5019 apertissime
2773 4954 3065 5010 declarant.
3100 4955 3364 5010 C:eterum
3414 4957 3516 5012 hoc
3569 4960 3668 5011 loco

2093 5023 2360 5077 Arnobius
2389 5025 2552 5093 tangit
2577 5025 2959 5080 absurdissima
2982 5027 3067 5080 illa
3089 5038 3393 5082 commenta
3421 5028 3667 5084 Rabbioo—

2092 5107 2234 5159 rum,
2261 5093 2484 5147 formam
2518 5105 2679 5164 atque
2708 5111 2767 5149 os
2807 5095 3098 5152 humanum
3131 5107 3182 5150 et
3214 5113 3524 5154 mensuram
3549 5100 3664 5153 adeo

2089 5165 2422 5234 Corporalem
2445 5165 2551 5220 Deo
2573 5167 2998 5233 attrihtteutium,
3036 5169 3102 5221 tle
3131 5169 3329 5236 quibus
3360 5171 3598 5234 pluribus
3616 5184 3664 5222 a—

2087 5236 2324 5317 git_civis
2363 5236 2705 5317 doctissimus
2727 5237 2868 5317 νργ
2895 5241 2945 5317 ἐγ
2965 5243 3125 5317 agitet:
3143 5239 3320 5317 Ille-ur.
3363 5238 3660 5317 Corrodius,

2089 5305 2142 5360 in
2170 5306 2307 5362 libro
2355 5308 2437 5361 cui
2485 5308 2693 5362 titulus:
2729 5305 3114 5363 Critischte'des
3135 5309 3472 5376 Chiliasmus,
3504 5313 3604 5366 vol.
3626 5329 3655 5374 ι,

2088 5391 2209 5447 pag.
2243 5379 2328 5439 79.
2364 5393 2478 5448 seq.
2506 5379 2566 5432 Et
2590 5380 2808 5432 omnino
2829 5380 3040 5434 videtur
3056 5381 3328 5434 Arnobius
3356 5381 3660 5437 Sadduczeos

2086 5452 2177 5522 qui
2209 5465 2420 5522 omnem
2466 5449 2808 5522 traditionem
2838 5463 3076 5505 veterum
3108 5452 3422 5520 rejiciebaut
3457 5453 3661 5522 ideoque

2085 5519 2344 5574 increduli
2393 5519 2747 5587 habebantur,
2802 5522 3112 5576 confudisse
3159 5519 3280 5575 eum
3363 5519 3660 5578 Pliaristecis

2083 5591 2306 5664 aliisque
2330 5590 2640 5664 Judasorum
2683 5594 2950 5664 magistris
2991 5593 3172 5648 talium
3231 5593 3528 5651 fabularum
3546 5609 3657 5650 auc-

2084 5662 2308 5717 toribus.
2340 5663 2544 5718 ORELL.

2154 5753 2220 5807 Et
2241 5755 2392 5831 ueluti
2418 5773 2472 5831 re
2489 5765 2647 5831 certe,
2680 5765 2781 5831 etc.
2811 5757 2884 5831 lla
2909 5757 3044 5814 Cod.
3072 5775 3181 5831 gms.
3201 5775 3360 5831 quam
3392 5759 3654 5816 lectionem

2081 5833 2259 5884 tuetur
2312 5826 2573 5884 lleraldus
2604 5828 2658 5884 in
2697 5826 2854 5886 Curis
2886 5829 3137 5888 secundis
3188 5826 3232 5883 τ’
3260 5847 3437 5903 neque
3488 5831 3650 5888 video.
