3872 6364
258 379 363 436 961

1630 376 1834 437 LIBER
1871 374 2188 435 TERTIUS.

3475 371 3583 430 902

339 496 497 554 XVII.
544 494 648 553 Sed
681 495 726 550 si
755 495 924 562 vobis,
960 493 1226 566 inquiunt,
1255 501 1439 550 nostra
1470 495 1709 566 opinatio
1740 497 1852 553 dis-
1880 499 1930 557 Α
1960 493 2198 562 irrepere
2240 505 2343 546 vox
2400 491 2571 561 possit
2621 501 2840 544 sensum
2882 487 3202 544 nunciatura
3258 488 3531 545 sermonis
3565 507 3578 542 :

254 593 444 662 plicet.
493 607 588 645 vos
637 591 1027 656 dcmonsurate,
1080 605 1176 644 vos
1226 589 1410 653 dicite,
1446 603 1548 658 qua
1600 590 1672 642 sit
1718 590 1861 644 Deus

256 682 522 753 praeditus
569 682 756 738 forma.
789 681 847 738 Si
880 697 1057 738 veram
1090 681 1254 735 vultis
1296 681 1482 736 audire
1513 681 1858 747 sententiam,

254 785 353 830 aut
398 777 597 831 nullam
641 775 800 829 habet
852 774 992 829 Deus
1035 772 1262 828 fortnam
1311 784 1406 827 aut
1452 774 1497 827 si
1541 773 1861 828 informatus

253 877 346 924 est
374 869 571 939 aliqua,
605 881 668 920 ea
719 882 837 936 qum
891 867 980 928 sit,
1033 864 1276 936 profecto
1327 865 1621 920 nescimus.
1678 864 1862 935 Neque

253 960 404 1018 enim
436 960 578 1031 quod
609 960 838 1014 vidimus
871 974 1185 1030 numquam,
1218 959 1427 1015 nescire
1466 975 1587 1016 esse
1613 959 1861 1016 ducimus

253 1062 417 1122 turpe
452 1070 465 1106 :
495 1061 588 1105 aut
615 1066 677 1106 ea
720 1067 781 1106 re
808 1050 1158 1121 prohibemur
1188 1032 1416 1106 aliorum
1449 1054 1748 1108 sententias
1775 1068 1861 1109 re-

251 1143 456 1208 futare,
489 1147 609 1213 quia
648 1158 810 1213 super
840 1142 939 1197 hoc
968 1155 1206 1198 nostram
1241 1145 1438 1199 nullam
1485 1147 1586 1215 ipsi
1642 1157 1861 1202 sentcn—

251 1235 386 1290 tiam
414 1237 734 1305 promimus.
769 1233 836 1289 Ut
859 1235 1001 1288 enim
1036 1236 1078 1289 si
1113 1235 1448 1292 vitreuseSse
1468 1238 1679 1293 dicatur
1703 1256 1860 1294 mun-

248 1327 378 1395 dus,
411 1332 456 1382 si
487 1341 796 1399 argenteus,
832 1327 1041 1384 ferreus
1069 1330 1153 1383 vel
1188 1344 1253 1383 cx
1287 1329 1460 1399 fragili
1503 1330 1860 1400 conglobatus

249 1433 312 1478 et
347 1420 638 1476 fabricatus
677 1431 834 1484 testa,
867 1437 974 1475 non
1006 1421 1314 1476 dubitemus
1356 1422 1544 1476 falsum
1573 1438 1697 1477 esse
1731 1438 1861 1476 con-

247 1513 502 1580 tendere,
521 1513 768 1584 quamvis
785 1528 904 1581 quae
935 1513 1004 1566 sit
1031 1514 1148 1582 ejus
1175 1514 1398 1568 materia
1424 1515 1762 1569 nesciamus:
1788 1516 1858 1569 ita

247 1621 376 1662 cum
405 1607 474 1663 de
499 1607 679 1676 specie
699 1614 889 1676 agatur
917 1605 1034 1670 Dei,
1061 1622 1223 1677 quam
1255 1607 1547 1676 perhibetis
1576 1618 1600 1645 α
1631 1610 1861 1662 convin-

245 1699 426 1752 cimus
444 1715 550 1752 non
572 1714 713 1763 esse,
737 1699 901 1754 etiam
924 1699 970 1753 si
994 1714 1116 1768 qua:
1133 1700 1226 1768 sit,
1251 1701 1428 1755 minus
1451 1715 1742 1770 possumus
1766 1717 1861 1755 ex-

246 1790 478 1861 plicare.

1963 593 2056 638 aut
2078 584 2122 638 si
2155 584 2313 638 verba
2343 599 2438 638 ore
2468 582 2786 648 funduntur,
2823 581 2963 637 labia
2991 581 3191 636 habere
3230 595 3356 636 cum
3399 580 3582 636 denti-

1963 681 2085 744 bus,
2119 697 2348 751 quorum
2400 681 2607 736 inflictu
2636 688 2690 734 et
2734 677 3036 733 mobilitate
3068 677 3352 748 multiiuga
3395 676 3581 747 lingua

1967 787 2134 828 sonos
2160 773 2414 828 articulet
2434 812 2448 838 ,
2488 779 2545 827 et
2565 785 2755 826 vocem
2787 771 2840 823 in
2873 769 3039 825 verba
3070 768 3400 824 conformet.

2035 863 2178 918 XIX.
2201 865 2256 920 Si
2286 865 2456 920 nostri
2483 862 2652 918 animi
2681 869 2892 917 motum
2923 877 3032 917 non
3064 862 3331 917 recusatis
3361 860 3571 929 audire,

1966 961 2172 1008 tantum
2203 955 2360 1011 abest
2400 964 2458 1010 ut
2492 969 2592 1010 nos
2623 955 2735 1010 Deo
2760 953 3066 1024 corporalia
3112 954 3433 1009 liniamenta
3477 954 3576 1009 tri-

1963 1045 2216 1113 buamns,
2237 1058 2293 1101 ut
2321 1047 2629 1101 animorum
2659 1047 2823 1102 etiam
2855 1046 3057 1101 decora
3078 1085 3094 1110 ,
3125 1045 3382 1118 ipsasque
3408 1046 3577 1101 virtu-

1965 1149 2086 1208 tes,
2154 1140 2353 1211 quibus
2399 1141 2644 1197 eminere
2696 1141 2784 1194 vix
2835 1155 3159 1195 concessum
3213 1147 3299 1195 est
3348 1140 3571 1211 paucis,

1966 1241 2127 1287 tanta:
2152 1235 2227 1287 rei
2253 1250 2544 1289 vereamur
2563 1235 2898 1290 adscribere.
2924 1234 3055 1300 Quis
3075 1235 3219 1289 enim
3241 1235 3408 1290 Deum
3430 1234 3579 1290 dixe-

1961 1325 2033 1378 rit
2064 1325 2280 1390 fortem,
2305 1337 2680 1390 constantem,
2714 1327 2872 1396 frugi,
2906 1326 3253 1396 sapientem?
3282 1326 3405 1395 quis
3453 1341 3580 1396 pro-

1966 1417 2131 1471 bttm?
2158 1418 2280 1487 quis
2304 1419 2589 1473 sobrium?
2621 1419 2742 1488 quis
2771 1419 2937 1471 immo
2980 1418 3189 1487 aliquid
3223 1417 3424 1473 nosse?
3453 1418 3576 1487 quis

1967 1507 2310 1578 intelligere?
2336 1509 2458 1579 quis
2496 1507 2823 1578 providere?
2845 1509 2966 1578 quis
2993 1507 3062 1562 ad
3097 1507 3234 1562 fines
3274 1508 3578 1562 officiorum

1964 1615 2142 1660 certos
2163 1607 2436 1661 actionum
2459 1621 2679 1660 suarum
2703 1606 2920 1661 decreta
2944 1605 3306 1676 dirigentem?
3334 1605 3578 1662 Humana

1963 1709 2090 1751 sunt
2121 1696 2236 1752 haec
2264 1698 2427 1764 bona,
2461 1708 2516 1753 et
2543 1714 2609 1752 ex
2631 1697 2975 1768 oppositione
3001 1698 3259 1753 vitiorum
3292 1699 3579 1754 existima-

1968 1795 2170 1848 tionem
2217 1801 2537 1848 meruerunt
2568 1792 2770 1847 habere
2811 1791 3158 1847 laudabilem.
3186 1793 3321 1859 Quis
3349 1801 3433 1848 est
3478 1808 3581 1847 auo

321 1879 513 1936 XVIII.
538 1881 677 1949 Quid
698 1896 858 1953 ergo,
885 1883 1089 1954 inquiet
1110 1883 1304 1954 aliquis
1324 1924 1336 1948 ,
1372 1899 1476 1938 non
1507 1884 1656 1939 audit
1679 1885 1859 1939 Deus?
1891 1893 1936 1951 Β
1967 1895 2070 1941 tem
2096 1896 2203 1941 tam
2233 1888 2410 1942 obtusi
2442 1888 2696 1954 pectoris,
2733 1895 2839 1940 tam
2869 1887 3035 1948 bruti,
3066 1887 3156 1954 qui
3202 1887 3454 1941 humanis
3484 1887 3581 1943 bo-

247 1992 362 2030 non
392 1976 666 2047 loquitur?
695 1994 801 2032 non
833 1987 959 2032 aute
989 1994 1047 2032 se
1074 1979 1276 2049 positas
1313 1993 1401 2033 res
1426 1977 1603 2032 videt?
1639 1994 1744 2032 non
1776 1980 1856 2032 in-

247 2068 472 2122 tuetur?
497 2068 607 2124 Suo
634 2067 856 2124 forsitan
884 2085 1080 2139 genere
1098 2111 1113 2133 ,
1139 2086 1243 2125 non
1274 2080 1479 2125 nostro.
1499 2069 1684 2141 Neque
1712 2073 1855 2126 enim

244 2158 366 2214 veri
391 2159 588 2230 aliquid
619 2161 759 2216 scire
777 2171 921 2216 tanta
954 2164 1003 2216 in
1039 2178 1095 2216 re
1134 2179 1439 2232 possumus.
1465 2175 1555 2217 attt
1595 2166 1857 2233 suspicio-

244 2252 411 2308 nibus
436 2252 689 2324 indagare
717 2271 730 2307 :
759 2269 893 2324 quas
920 2267 1042 2308 esse
1085 2254 1223 2323 apud
1256 2269 1355 2309 nos
1379 2253 1406 2291 ι)
1436 2254 1603 2322 liquet
1633 2256 1855 2309 instabi-

244 2346 350 2410 les,
381 2345 637 2411 lubricas,
669 2353 724 2399 et
766 2361 1024 2400 vanorum
1073 2345 1450 2399 similitudines
1498 2348 1852 2400 somniorum.

246 2436 305 2491 Si
339 2435 482 2489 enim
513 2435 806 2490 dixerimus
851 2436 1042 2491 iisdem
1074 2436 1372 2492 rationibus
1404 2437 1611 2504 videre,
1663 2439 1858 2508 quibus

246 2538 303 2584 et
332 2546 434 2584 nos
464 2529 710 2584 videmus
743 2550 756 2584 :
783 2531 1025 2602 sequitur
1053 2541 1110 2584 ut
1157 2531 1379 2601 intelligi
1421 2532 1617 2586 debeat
1668 2547 1860 2601 super-

241 2623 421 2695 jcctas
451 2625 648 2694 pupilis
675 2641 798 2679 eum
837 2624 1035 2679 habere
1063 2626 1460 2681 membranulas
1486 2668 1500 2692 ,
1531 2627 1821 2680 connivere
1840 2667 1857 2694 ,

246 2718 456 2772 nictare
480 2757 494 2779 ,
525 2716 708 2783 radiis,
732 2730 824 2772 aut
853 2718 1172 2788 imaginibus
1190 2734 1430 2780 cernere,
1455 2720 1706 2790 autquod
1732 2737 1861 2775 ocu-

247 2808 316 2864 lis
345 2825 635 2864 commune
659 2819 741 2864 cst
769 2810 1037 2873 omnibus,
1063 2811 1178 2865 sine
1216 2811 1438 2865 alterius
1461 2811 1677 2866 luminis
1707 2828 1860 2868 com-

246 2902 512 2957 mixtione
558 2903 686 2957 nihil
710 2904 929 2958 oumiuo
951 2905 1288 2972 conSpicet-c.
1317 2905 1468 2970 Quod
1502 2905 1674 2975 ipsum
1704 2907 1858 2960 simi-

244 2998 377 3054 liter
430 2998 498 3054 de
537 2998 743 3065 auditu,
779 3015 840 3054 ac
890 2999 956 3053 de
999 3000 1194 3069 eloquii
1247 3000 1437 3062 forma,
1467 3009 1520 3053 et
1571 3001 1856 3054 verborum

245 3091 554 3162 prolatione
585 3091 869 3146 dicendum
917 3101 1017 3147 est.
1066 3092 1120 3147 Si
1171 3107 1266 3162 per
1309 3109 1468 3148 aures
1515 3095 1731 3157 audiat,
1765 3110 1859 3149 eas

1967 1981 2050 2033 nis
2083 1979 2251 2034 Deum
2283 1995 2403 2035 esse
2429 1981 2571 2035 dicat
2596 1980 2893 2049 magnum?
2921 1987 3014 2033 aut
3043 1978 3167 2034 ideo
3203 1982 3439 2035 nominis
3467 1996 3582 2035 ma-

1960 2071 2156 2141 jestate
2211 2072 2542 2142 praecellere,
2587 2072 2730 2139 quod
2764 2070 3016 2126 vitiorum
3047 2082 3234 2127 careat
3285 2071 3569 2128 fceditate?

1965 2163 2235 2233 Quidquid
2266 2164 2331 2218 de
2365 2165 2473 2218 Deo
2499 2163 2706 2218 dixeris
2727 2203 2741 2228 ,
2767 2163 3029 2234 quidquid
3060 2164 3236 2218 tacita:
3264 2167 3460 2220 mentis
3487 2179 3581 2221 co-

1967 2255 2227 2323 gitationc
2247 2256 2585 2326 conceperis,
2620 2256 2670 2308 in
2697 2255 2990 2310 humanum
3016 2255 3250 2310 transilit
3272 2268 3326 2311 et
3345 2272 3585 2313 corrum-

1969 2347 2109 2414 pitur
2136 2362 2350 2401 sensum
2387 2366 2398 2400 :
2430 2363 2529 2402 uec
2557 2346 2720 2402 habet
2751 2347 2982 2416 prOpriie
3028 2348 3437 2417 significationis
3482 2367 3583 2406 no-

1968 2447 2097 2503 tam,
2128 2441 2269 2510 quod
2303 2442 2503 2495 n05tris
2549 2441 2744 2495 dicitur
2791 2441 2972 2494 verbis
2996 2479 3012 2501 ,
3044 2449 3204 2510 atque
3238 2441 3306 2495 ad
3359 2443 3584 2512 negocia

1967 2531 2199 2587 lnnuana
2227 2534 2557 2604 compositis.
2595 2533 2743 2588 Unus
2781 2541 2865 2589 est
2893 2533 3128 2588 hominis
3156 2534 3464 2590 intellectus
3515 2535 3583 2592 de

1973 2630 2062 2683 Dei
2109 2638 2298 2683 natura
2348 2629 2704 2694 certissimus,
2738 2629 2782 2683 si
2815 2629 2976 2694 scias,
3006 2637 3062 2683 et
3111 2627 3312 2684 sentias
3341 2628 3477 2684 nihil
3516 2630 3584 2686 de

1969 2723 2062 2777 illo
2091 2737 2247 2791 posse
2276 2723 2489 2777 mortali
2513 2723 2757 2776 oratione
2784 2721 3049 2792 depromi.

2042 2815 2158 2870 XX.
2194 2817 2259 2870 Et
2291 2816 2406 2871 lucc
2434 2830 2562 2871 vero
2602 2817 2773 2884 prima
2822 2823 2906 2869 est
2946 2825 3248 2870 vestrorum
3299 2815 3582 2870 numintun

1969 2911 2321 2974 contumelia,
2351 2927 2510 2982 quam
2539 2910 2607 2965 de
2635 2910 2846 2975 formis,
2877 2924 2932 2965 et
2963 2911 3182 2966 sexibus
3214 2911 3338 2965 boni
3372 2912 3586 2968 scilicet

1968 3003 2232 3071 vindices,
2256 3015 2310 3059 et
2333 3005 2567 3076 religiosi
2598 3005 2953 3059 constituistis
2974 3015 3244 3058 auctores.
3271 3003 3406 3059 Illud
3433 3020 3583 3071 vero,

1968 3098 2110 3167 quod
2139 3098 2404 3167 sequitur,
2438 3097 2600 3164 quale
2640 3105 2746 3162 est,
2778 3096 2922 3166 quod
2965 3095 3098 3150 deos
3126 3096 3282 3150 vobis
3328 3095 3586 3153 inducitis

244 3200 465 3256 quoque
513 3185 714 3240 habere
761 3185 1014 3241 flexuosis
1046 3186 1350 3242 tramitibus
1379 3186 1676 3257 perforatas
1699 3230 1715 3254 ,
1750 3205 1854 3258 qua
1884 3181 1930 3244 C
1961 3192 2097 3246 alios
2149 3191 2328 3246 fabros
2350 3232 2366 3259 ,
2397 3191 2535 3246 alios
2565 3191 2828 3257 medicos,
2859 3189 2996 3244 allos
3025 3188 3260 3245 lanarios
3280 3229 3297 3257 ,
3349 3199 3578 3258 nautas,

1460 3303 1846 3362 LECTIONES
1887 3307 2308 3364 VARIANTES.

313 3421 341 3450 α
377 3418 648 3471 Perbibitis
669 3418 786 3472 Sub.
814 3415 959 3470 male.

2021 3422 2049 3462 b
2075 3423 2176 3473 Vos
2200 3418 2346 3472 Fulv.

1621 3531 2188 3589 COMMENTARIUS.

248 3651 543 3716 Salmasio,
600 3649 886 3705 ediderunt
929 3648 1154 3703 veterino
1180 3663 1295 3702 cum
1337 3662 1538 3714 pecore,
1594 3649 1851 3715 pessime.

249 3725 385 3780 Nam
417 3724 698 3777 ueterinum
729 3737 900 3789 pecus.
947 3731 1003 3772 ιιι
1029 3719 1269 3785 pluribus
1297 3719 1529 3773 ostendit
1561 3718 1857 3772 Lambinus

249 3796 318 3849 ad
377 3796 620 3857 Lucret.,
649 3794 684 3846 Ι.
713 3808 764 3856 v,
800 3807 940 3847 vers.
975 3791 1101 3851 863.
1139 3808 1190 3857 ι).
1223 3790 1352 3855 675,
1394 3792 1646 3844 dicuntur
1678 3791 1858 3843 omnia

248 3865 529 3926 animalia,
586 3879 706 3932 quia
760 3862 957 3918 vehere
1003 3861 1130 3930 quid
1184 3870 1441 3930 possunt,
1495 3862 1680 3920 boves.
1712 3860 1857 3930 equi,

249 3937 406 4000 tituli,
433 3935 591 3994 asini,
626 3943 756 3998 etc.,
778 3948 1006 4003 quorum
1045 3933 1188 3985 nulla
1237 3945 1329 3985 aut
1357 3933 1576 3988 minima
1607 3949 1726 3985 cum
1762 3934 1860 3985 ho-

252 4012 405 4062 mine
435 4006 733 4061 similitudo
754 4017 855 4059 est.
891 4006 1156 4058 Cmterutn
1202 4004 1293 4057 ille
1321 4006 1487 4058 nescio
1516 4007 1627 4072 quis
1656 4014 1858 4066 auctor,

251 4089 314 4133 ut
343 4080 500 4133 docet
531 4076 812 4137 Nonrrius,
847 4075 1057 4129 Ennius
1101 4084 1203 4139 est,
1232 4075 1387 4145 cujus
1435 4089 1592 4129 nonis
1617 4092 1805 4130 versus
1833 4089 1862 4129 c

252 4150 520 4206 Cicerone
545 4147 613 4202 de
637 4148 756 4200 Nat.
786 4147 939 4201 dcor.
975 4164 1010 4212 ι,
1045 4161 1092 4200 c.
1124 4148 1213 4200 55.

350 4262 506 4312 Simia
526 4273 672 4324 quam
695 4260 885 4320 similis,
913 4260 1190 4322 turpissima
1214 4259 1389 4320 bestia,
1420 4261 1578 4309 nobis.

252 4367 369 4424 Nec
386 4363 688 4419 audiendus
707 4363 867 4416 etiam
889 4362 1147 4418 Meursius
1172 4363 1221 4416 iu
1245 4365 1280 4416 Λ
1294 4366 1553 4431 ppetnlice
1577 4363 1862 4433 legentium

255 4437 546 4508 suspicans
571 4435 779 4488 cluniuo
801 4451 915 4508 cum
940 4451 1136 4501 pecore.
1162 4435 1319 4489 Coni‘.
1341 4437 1406 4492 Sa
1418 4452 1542 4490 varo
1559 4437 1626 4490 ad
1650 4437 1862 4502 Sidon.,

256 4507 427 4566 lib.’t.
460 4510 617 4576 epist.
645 4523 682 4568 ι,
719 4523 769 4575 ρ.
801 4507 855 4560 4.
888 4509 1088 4561 υκειι.

334 4579 594 4634 XVII.—
631 4578 988 4632 l’roltibemur.
1043 4579 1115 4632 Ita
1166 4577 1438 4634 Gelenius.
1496 4578 1673 4634 Editio
1717 4579 1865 4649 prin-

258 4668 391 4720 ceps
416 4651 764 4720 prohibemus,
793 4651 944 4703 male.
976 4649 1180 4705 ORELL.

345 4721 436 4776 Vel
463 4737 528 4775 ex
549 4721 724 4790 fragili
753 4721 1083 4790 conglobatus
1129 4731 1174 4774 ct
1219 4722 1500 4790 fabricatus
1529 4732 1674 4774 testa.
1705 4721 1783 4775 Ita
1811 4722 1861 4775 iu

258 4795 386 4850 cod.
424 4809 525 4846 ms.
573 4793 674 4858 legi
722 4792 877 4847 docet
911 4793 1274 4856 Stewrchius,
1325 4802 1377 4846 et
1407 4795 1701 4848 Salmasius
1729 4796 1866 4848 hanc

261 4866 555 4920 lectionem
584 4866 788 4932 primus
812 4866 862 4917 in
895 4873 1098 4919 textum
1129 4868 1420 4918 revocavit.
1447 4865 1860 4932 Itecte,0pinor.

260 4935 400 4992 Nam
433 4936 763 5006 conglobatus
788 4937 961 5002 fragili
998 4946 1149 4989 testa:
1172 4937 1339 4989 multo
1364 4937 1556 4988 melius
1586 4935 1860 4999 com-enit,

263 5023 427 5078 quant
462 5008 783 5069 condolatus.
817 5007 960 5075 quod
993 5022 1022 5062 e
1053 5008 1393 5061 correctione
1420 5007 1629 5062 Gelonii
1660 5006 1867 5078 habent

265 5077 449 5135 exteri
481 5078 737 5132 editores.
769 5077 952 5147 Neque
996 5079 1137 5133 enim
1189 5079 1390 5143 fragilis
1423 5087 1558 5133 festa
1589 5077 1867 5148 efﬁngitur

265 5149 566 5208 dolamine,
601 5151 692 5203 sed
726 5166 755 5202 e
787 5150 932 5203 molli
994 5158 1136 5204 creta
1168 5151 1249 5203 vel
1285 5150 1395 5203 luto
1429 5151 1715 5203 fabrefacta
1752 5162 1864 5202 tor-

264 5230 444 5284 retur,
476 5218 673 5274 deiude
717 5219 931 5276 fornace
960 5220 1229 5290 coquitur.
1267 5220 1436 5274 Porro
1491 5221 1864 5286 maximopere

265 5293 479 5348 dubito.
513 5307 578 5345 an
627 5291 793 5346 latine
823 5293 927 5346 diri
975 5293 1143 5360 possit
1178 5293 1533 5358 compositum
1565 5291 1864 5356 condolare,

264 5364 411 5432 quod
442 5363 660 5416 verbum
708 5360 905 5417 frttstra
950 5365 1170 5433 quzcsivi
1209 5365 1258 5415 ιιι
1298 5363 1525 5417 Lexicis.
1563 5361 1695 5415 Nam
1753 5380 1866 5415 cum

265 5435 351 5488 vel
381 5450 474 5486 con
503 5433 555 5486 in
587 5434 764 5488 verbis
809 5432 1121 5499 compesitis
1148 5432 1748 5502 junCtiouemaliquam
1781 5435 1864 5486 Vt'l

263 5506 597 5560 auditionem
634 5506 715 5559 vel
748 5507 1197 5574 compositionem
1223 5503 1549 5559 t-ltlilllltilfitll.
1583 5505 1741 5571 Atqui
1771 5507 1867 5558 d0-

260 5577 467 5630 Iamine
499 5575 632 5628 nihil
657 5575 893 5637 additur,
923 5578 1015 5630 sed
1047 5578 1286 5631 demitur
1319 5577 1495 5646 potius
1539 5575 1618 5628 vel
1649 5577 1864 5646 abscin-

259 5647 410 5701 ditur
455 5645 656 5714 aliqnid
693 5649 854 5716 ligno,
895 5648 1058 5717 lapidi
1109 5657 1201 5702 aut
1250 5645 1487 5702 metallo.
1525 5646 1657 5700 Fulv
1717 5645 1865 5700 Ursi-

258 5734 362 5772 nus
400 5718 580 5786 itaque
623 5719 906 5788 legendum
929 5719 1149 5788 (-onjicit
1190 5737 1202 5773 :
1235 5720 1313 5775 Eat
1361 5718 1536 5790 fragili
1567 5717 1788 5790 coalitus
1818 5729 1866 5771 et

257 5789 542 5860 fabricatus
568 5799 716 5848 testa.
742 5801 1002 5860 sequente
1030 5789 1458 5847 Elmenhorstio.
1482 5789 1824 5844 Stewechius
1849 5807 1862 5843 :

254 5859 343 5925 Ea:
383 5860 562 5935 fragili
606 5860 746 5932 ligno
787 5859 991 5918 dolatus
1018 5880 1105 5918 seu
1147 5862 1424 5933 fabricatus
1454 5878 1562 5917 esse
1593 5869 1742 5927 testa,
1777 5876 1866 5916 rc-

1965 3647 2200 3718 Spiciens
2230 3644 2452 3702 forsitan
2482 3645 2550 3701 ad
2587 3645 2749 3702 verba
2770 3645 2859 3700 illa
2874 3645 3150 3709 Martialis,
3177 3646 3272 3702 lib.
3296 3662 3371 3715 vt,
3397 3646 3580 3718 Epigr.

1966 3719 2036 3790 {l9
2073 3735 2085 3771 :
2118 3715 2350 3790 Priapus
2376 3718 2440 3771 de
2469 3720 2648 3790 fragili
2674 3719 2879 3771 dolatus
2909 3720 3071 3773 ulmo.
3100 3718 3206 3774 Sed
3252 3718 3411 3790 longe
3441 3715 3583 3790 prie-

1968 3788 2085 3842 fero
2136 3776 2422 3860 lectionem
2467 3776 2673 3844 codicis
2715 3790 3070 3859 conglobatus,
3123 3805 3243 3860 qua:
3286 3776 3586 3846 adstruitur

1969 3862 2132 3914 etiam
2169 3859 2287 3913 loco
2314 3861 2472 3930 plane
2502 3859 2668 3914 simili
2719 3860 3025 3922 Ciceronis,
3076 3859 3151 3915 de
3175 3860 3363 3916 Natur.
3398 3862 3580 3927 deor.,

1972 3930 2009 3982 ι.
2038 3948 2095 3991 ιι,
2119 3946 2165 3984 c.
2196 3931 2265 3985 59
2287 3948 2298 3983 :
2323 3935 2393 3983 Ac
2417 3933 2672 3998 principio
2697 3941 2836 3984 terra
2866 3935 3105 3984 universa
3127 3945 3389 3997 cernatur,
3415 3935 3584 3987 locata

1971 4004 2023 4054 in
2054 4004 2221 4055 media
2245 4002 2424 4055 mundi
2450 4004 2587 4066 sede,
2613 4002 2784 4073 solida
2819 4013 2864 4056 et
2885 4005 3116 4073 globosa.
3145 4013 3193 4056 et
3223 4003 3585 4073 undiqueipsa

1971 4075 2023 4126 in
2052 4091 2161 4128 sese
2192 4074 2396 4127 nutibus
2436 4075 2543 4126 suis
2571 4071 2899 4143 conglobata,
2930 4075 3106 4126 vestita
3134 4073 3369 4140 ﬂoribus.
3405 4071 3584 4130 Cat—tc-

1972 4161 2089 4199 runi
2129 4159 2520 4214 praeceptorem
2568 4159 2726 4198 suum
2758 4144 3056 4197 Arnobium
3093 4145 3330 4199 imitatus
3362 4155 3444 4200 est
3474 4145 3585 4200 La-

1972 4217 2226 4289 ctantius,
2260 4213 2327 4269 de
2366 4213 2509 4279 Opil.
2564 4214 2680 4289 Dei,
2718 4229 2766 4268 c.
2805 4215 2949 4285 i7.§
3063 4215 3180 4267 :Att
3223 4216 3266 4268 si
3313 4217 3437 4289 mihi
3468 4219 3581 4289 quis

1972 4288 2183 4353 dixerit,
2209 4303 2408 4340 aeneum
2454 4303 2560 4339 esse
2588 4287 2792 4349 ctelum,
2844 4297 2930 4358 aut
2973 4287 3207 4347 vitreum,
3238 4296 3290 4337 ut
3323 4286 3582 4358 Empedo-

1972 4359 2074 4413 cles
2107 4361 2199 4421 ait,
2231 4375 2399 4412 aerem
2422 4358 2722 4428 glaciatum,
2755 4357 2994 4410 statimne
3018 4357 3303 4428 adsentiar,
3331 4357 3450 4427 quia
3481 4377 3583 4413 co?-

1971 4432 2097 4496 ltnn,
2149 4446 2211 4483 ea:
2254 4446 2353 4498 qua
2403 4427 2619 4481 materia
2659 4431 2738 4494 ﬁt.
2794 4427 3062 4498 ignorem?
3105 4427 3190 4483 ubi
3243 4427 3365 4483 vide
3396 4429 3580 4486 Burne-

1975 4517 2184 4555 mann..
2219 4516 2270 4568 p.
2311 4500 2468 4566 1207,
2503 4514 2620 4569 seq.
2648 4499 2853 4554 Οιιειι.

1890 4551 1945 4611 Ῑ)
1976 4551 2233 4626 *⁷⁷ῆῇζῆιίῐῖ
2255 4551 2950 4642 έᾙιιρεινίἀιιιῖᾗᾶᾖιὶιὶε.
2977 4569 3052 4624 Ita
3086 4584 3171 4624 ms
3195 4579 3250 4642 et
3277 4568 3364 4625 ed.
3401 4570 3576 4642 Lugd.

1970 4644 2090 4699 Bat.
2159 4643 2262 4697 Alii
2330 4643 2563 4713 pupillis.
2617 4639 2729 4697 Sed
2780 4643 2980 4710 pupula
3054 4641 3377 4713 est_l'oru_ta
3442 4639 3581 4697 anti-

1969 4719 2126 4786 quior
2149 4727 2195 4770 et
2228 4710 2572 4777 Lucretiana,
2599 4713 2785 4782 quales
2808 4710 3272 4786 :uuatArt‘tohius.
3301 4711 3504 4786 Οιιειι.

2045 4786 2328 4857 ΜιεΙιίιιιςα
2367 4786 2546 4855 lingua
2585 4785 3030 4857 soiiosdarticulet.
3065 4784 3231 4853 Magis
3263 4785 3437 4853 placet
3461 4788 3580 4840 Stc-

1969 4858 2164 4983 r'ecgii
2213 4855 2523 4925 conjectura
2552 4870 2566 4908 :
2595 4855 2906 4926 Multiiugos
2954 4856 3132 4926 lingua
3180 4871 3334 4909 sonos
3380 4858 3581 4909 articu-

1990 4940 2069 4982 et.
2131 4944 2285 4983 RELL.

1969 4931 2036 4982 let
2064 4931 2285 4983 .ORELL.

2040 4999 2185 5054 XIX.
2239 5030 2311 5040 —-
2350 4999 2621 5066 Quis......
2680 4999 2984 5069 dirigentem
3012 4998 3038 5050 ἶ)
3082 4996 3159 5052 Ita
3208 4995 3331 5051 cod.
3381 5012 3484 5050 ms.
3526 5008 3582 5054 et

1969 5072 2056 5127 ed.
2107 5072 2278 5142 Lugd.
2321 5070 2437 5124 Bat.
2469 5070 2570 5126 Alii
2617 5069 2823 5124 malunt
2870 5070 3118 5142 dirigere,
3149 5082 3325 5142 Aquia_
3347 5082 3580 5142 praees-

1970 5143 2140 5197 serint
2169 5137 2416 5196 infinitivi
2446 5158 2614 5212 nosse,
2645 5142 2944 5212 intelligere,
2975 5137 3261 5212 providere.
3292 5137 3401 5193 Sed
3430 5140 3576 5212 ejus-

1969 5215 2115 5268 modi
2165 5213 2491 5270 anacolutha
2533 5211 2837 5283 frequentia
2883 5211 3026 5282 apud
3075 5213 3308 5282 Optimos
3337 5211 3577 5282 scripto-

1972 5301 2077 5341 res.
2112 5287 2315 5340 URELL.

2045 5356 2098 5410 N
2103 5360 2234 5411 omiu
2245 5359 2284 5411 is
2305 5357 2602 5427 gntajestate.
2630 5355 2734 5410 Alii
2767 5355 3011 5408 numinis.

2041 5429 2162 5483 XX.
2189 5459 2258 5468 -—
2285 5424 2558 5481 Latiarios.
2578 5426 2773 5482 Annon
2804 5427 3089 5495 legendum
3121 5424 3358 5492 laniﬁcos
3385 5426 3411 5479 ?
3439 5425 3576 5482 Nam

1968 5498 2193 5553 deorum
2244 5499 2586 5562 lanariorum,
2625 5499 2673 5553 id
2705 5510 2786 5552 est
2817 5498 2907 5567 qui
2940 5499 3114 5552 lanam
3149 5497 3403 5551 sordilms
3447 5513 3577 5566 pur-

1969 5572 2261 5641 gant’.(vid.
2296 5587 2479 5637 supra,
2509 5570 2573 5623 ad
2600 5571 2635 5626 Ι.
2663 5587 2718 5637 ιι,
2766 5584 2813 5623 c.
2856 5567 2971 5638 58),
3001 5568 3166 5641 Anulla
3214 5569 3440 5641 mentio,
3479 5567 3574 5623 sed

1971 5638 2330 5697 lanificorum.
2364 5642 2437 5695 Ita
2471 5643 2696 5709 lani/icto
2739 5656 2960 5699 sorores,
2998 5639 3201 5694 Part-te.
3237 5641 3343 5693 Sed
3374 5638 3571 5694 fortas-

1969 5715 2042 5767 sis
2077 5714 2126 5768 in
2163 5714 2358 5769 talibus
2385 5712 2820 5768 distinctiOuibus
2853 5710 3034 5766 minus
3079 5719 3372 5765 accuratus
3396 5714 3571 5765 Arno-

1968 5785 2108 5840 bius.
2137 5787 2344 5841 Οιιειι.

2046 5855 2271 5914 Nautes.
2300 5857 2503 5928 Nugae!
2538 5856 2620 5912 Dii
2665 5855 2799 5912 nulli
2847 5861 3026 5911 nauta:
3052 5871 3065 5909 :
3090 5868 3265 5926 neque
3294 5852 3436 5910 enim
3464 5850 3571 5909 Ne-
