3872 6354
309 327 415 382 965

1455 322 1737 379 ARNOBII'
1771 319 2133 379 ADVERSUS
2171 322 2445 380 GENTES

3513 322 3615 376 961

307 441 612 496 citharis-tas
635 480 648 506 ,
703 439 944 495 aulmdos
967 481 982 505 ,
1013 451 1324 503 venatores,
1359 448 1631 507 pastores,
1663 447 1715 492 et
1760 437 1900 507 quod
1932 441 1984 498 Α
2010 438 2145 493 Sunt
2192 440 2242 493 in
2297 438 2521 493 sidereis
2567 437 2836 492 montibus
2887 436 3084 506 sylvm,
3115 445 3243 489 sunt
3275 433 3464 499 lustra,
3496 449 3613 489 sunt

309 541 606 599 supererat,
632 532 895 585 rusticos?
918 530 984 585 Et
1009 531 1118 589 ille.
1150 532 1338 599 inquit,
1375 531 1608 584 musicus
1631 529 1762 584 deus
1793 539 1907 584 est:

307 633 363 677 et
392 624 478 677 hic
504 622 672 686 alter,
703 624 914 676 divinus
958 634 1058 677 est.
1093 619 1290 675 (ἔπιθι-1
1316 636 1458 675 emm
1499 619 1570 674 dii
1605 635 1709 675 non
1743 630 1908 686 sunt,

310 725 360 769 et
384 725 607 768 ventura
640 715 934 783 pranlicere
979 715 1190 767 inscitia
1226 714 1510 778 nesciunt,
1542 723 1703 782 atque
1757 715 1909 782 igno.

310 807 478 859 rautia
513 805 830 858 futurorum.
871 804 1208 857 Olisaariciis
1240 813 1265 840 α
1295 804 1383 857 ille
1436 803 1754 858 informatus
1782 806 1913 859 arti-

313 901 412 953 bus
435 941 449 963 ,
474 899 800 953 medicorum
825 895 960 950 alius
994 899 1267 951 institutus
1296 908 1379 952 est
1402 897 1716 967 disciplinis.
1749 898 1914 968 Ergo-

315 1008 381 1045 ne
409 989 602 1058 singuli
652 1004 744 1042 sua
778 989 830 1042 111
855 1005 912 1042 re
965 989 1188 1057 pollent,
1226 1004 1323 1042 nec
1353 988 1406 1042 in
1455 988 1712 1042 auxilium
1744 989 1913 1043 vocati

311 1081 498 1135 alienis
526 1092 749 1150 possunt
774 1081 825 1134 in
853 1081 1090 1150 partibus
1116 1081 1441 1135 subvenite?
1469 1081 1565 1135 Hic
1588 1083 1638 1133 in
1666 1096 1915 1135 sermone

309 1169 570 1225 facundus
618 1182 739 1235 est,
787 1182 946 1238 atque
999 1171 1050 1224 in
1084 1173 1370 1226 verborum
1421 1171 1915 1226 continuationibus

314 1274 629 1332 promptus:
664 1263 815 1316 bardi
845 1265 987 1316 enim
1021 1275 1145 1316 sunt
1177 1264 1287 1325 alii,
1324 1278 1422 1318 nec
1461 1272 1682 1333 possunt
1713 1261 1914 1331 aliquid

313 1358 528 1420 scitum,
564 1355 607 1408 si
641 1355 814 1409 oratio
843 1355 1086 1409 facienda
1107 1365 1213 1420 est,
1245 1355 1445 1425 eloqui.

389 1449 528 1503 XXI.
559 1451 624 1502 At
653 1464 803 1518 rogo,
833 1466 950 1520 qua:
981 1451 1118 1503 ratio
1149 1459 1251 1514 est,
1283 1466 1402 1518 quae
1435 1459 1538 1503 tam
1570 1447 1698 1502 dura
1725 1461 1915 1502 ncces-

313 1543 466 1601 sitas.
497 1557 615 1609 quze
637 1555 818 1606 causa,
854 1551 910 1594 ut
940 1540 1164 1594 artiﬁcia
1192 1539 1305 1593 haec
1333 1539 1512 1607 superi
1541 1548 1808 1607 tamquam
1834 1538 1916 1590 vi-

316 1634 392 1688 les
421 1633 666 1688 noverint
695 1643 852 1700 atque
895 1633 1124 1688 habeant
1173 1631 1471 1686 sellularii?
1519 1630 1572 1683 ln
1603 1631 1742 1686 cmlo
1772 1630 1916 1685 enim

313 1736 560 1780 cantatur
584 1735 638 1782 et
667 1727 930 1796 psallitur.
964 1736 1017 1780 ut
1045 1726 1328 1779 intervalla
1357 1735 1410 1780 et
1432 1741 1687 1780 numeros
1716 1738 1907 1780 vocum

313 1835 508 1875 novem
562 1828 852 1875 conserant
905 1818 1111 1876 scitulze
1157 1835 1220 1875 ac
1269 1817 1614 1874 modulcntur
1661 1820 1915 1873 sorores!
1951 1811 1999 1870 B

2015 546 2266 594 nemora,
2295 540 2351 583 ut
2383 528 2726 583 venationmn
2765 535 3071 596 praepotens
3090 525 3359 582 habeatur
3384 528 3437 580 in
3465 541 3616 596 espe—

2015 621 2307 676 ditionilms
2341 620 2541 673 Diana?
2571 618 2912 674 lmminentia
2945 618 3019 673 dii
3062 618 3312 674 nesciunt
3344 634 3358 670 :
3391 628 3446 672 et
3469 619 3618 672 sorti-

2015 716 2113 769 bus
2131 717 2332 778 vivunt,
2360 713 2732 783 agitantur-que
2750 712 3023 778 fatalibus,
3043 709 3243 781 utquid
3262 709 3459 778 cuique
3479 725 3618 764 cras-

2017 809 2154 861 tinus
2173 807 2285 859 dies
2319 808 2474 872 lerat,
2499 815 2592 858 ant
2613 804 3037 871 liora,Latonius
3055 803 3290 872 explicet
3318 809 3480 871 atque
3501 816 3617 870 ape-

2017 900 2117 952 riat
2144 898 2336 952 vates?
2367 898 2486 967 lpse
2513 897 2619 950 alio
2647 896 2898 964 impletur
2924 895 3050 960 deo,
3075 905 3129 949 et
3157 893 3212 948 vi
3237 892 3476 948 nmninis
3495 908 3620 962 prae-

2016 989 2176 1042 mitur
2195 989 2597 1056 exagitaturque
2623 987 2862 1056 majoris,
2887 996 2940 1038 ut
2965 987 3158 1040 merito
3186 984 3403 1039 dieatur
3425 984 3612 1037 habea-

2019 1093 2212 1151 turque
2233 1081 2480 1134 divinus?
2503 1078 2879 1148 Corripiuntur
2898 1078 2970 1132 dii
3001 1077 3226 1142 morbis,
3252 1086 3308 1131 et
3331 1075 3616 1141 vulnerari,

2019 1176 2204 1230 vexari
2225 1176 2400 1242 aliqua
2423 1190 2491 1229 ex
2517 1190 2574 1227 re
2595 1184 2854 1242 possunt:
2880 1181 2936 1226 ut
2957 1187 3080 1226 cum
3098 1171 3346 1242 exegerit
3361 1171 3519 1235 ratio,
3538 1185 3621 1223 auo

2019 1269 2234 1322 xiliator
2253 1267 2535 1321 subveniat
2553 1265 2912 1334 Epidaurius?
2941 1265 3276 1329 Parturiunt,
3306 1265 3539 1333 pariunt,
3564 1271 3617 1318 ut

2017 1359 2263 1414 dilliciles
2289 1359 2693 1427 puerperiorum
2720 1355 2880 1411 tricas
2903 1356 3044 1410 Juno
3068 1356 3322 1420 mulceat,
3347 1355 3617 1424 corripiat-

2019 1470 2125 1524 que
2160 1453 2402 1507 Lucina?
2429 1451 2562 1506 Rem
2595 1451 2846 1504 rusticam
2874 1458 3121 1515 tractant,
3155 1460 3249 1504 aut
3277 1458 3470 1504 curant
3495 1447 3622 1502 mili-

2021 1549 2153 1601 taria
2205 1561 2426 1600 numera
2462 1564 2475 1599 :
2508 1554 2565 1597 ut
2606 1543 3003 1612 ﬂaminipotens
3029 1541 3298 1598 Vulcanus
3342 1541 3623 1597 fabricetur

2022 1640 2104 1694 his
2134 1653 2313 1699 enses.
2357 1647 2448 1691 aut
2478 1637 2620 1691 ruris
2649 1635 2978 1691 ferramenta
3009 1635 3311 1704 procudat?
3340 1634 3517 1689 Vesus
3544 1634 3622 1687 in-

2025 1732 2214 1802 digent
2248 1730 2486 1801 tegmine
2518 1746 2530 1781 :
2566 1737 2625 1783 ut
2655 1725 3056 1798 virgoTritonia
3086 1727 3301 1783 curiose
3322 1727 3390 1783 iis
3424 1736 3621 1782 stamen

1554 1929 1940 1987 LECTIONES
1980 1925 2398 1984 VARIANTES.

381 2050 406 2079 ⁸
439 2048 525 2100 Sic
540 2059 629 2097 ms.
655 2043 953 2096 Obsterticis
972 2041 1080 2094 alii.

1669 2152 2233 2210 COMMENTAlllUS.

315 2279 560 2331 ptimum,
591 2267 711 2332 quia
767 2268 931 2320 maris
962 2269 1142 2321 teneat
1187 2268 1496 2338 imperium,
1531 2279 1770 2332 nautam,
1797 2270 1901 2324 nisi

314 2339 644 2410 ineptissime
670 2338 889 2410 dixeris.
923 2339 1166 2392 llestituo
1191 2340 1691 2410 naccas.Vcteribus
1721 2351 1900 2395 autem

317 2409 486 2463 nacta:
516 2411 740 2462 fullones
783 2409 1122 2463 dicebantur.
1147 2411 1340 2464 Festus
1367 2429 1378 2464 :
1414 2409 1603 2464 Nucem
1629 2412 1902 2479 appellan-

315 2494 396 2533 tur
422 2483 569 2551 vulgo
601 2481 843 2551 fullones,
876 2491 928 2531 ut
981 2483 1049 2532 ait
1105 2481 1381 2551 (iuriulius,
1425 2482 1560 2550 quod
1612 2483 1765 2534 nauci
1801 2500 1904 2535 non

314 2554 434 2604 sint.
468 2549 724 2618 Apuleius
757 2550 924 2604 Miles.
958 2567 1011 2606 Ix
1046 2569 1057 2602 :
1095 2549 1230 2603 Nam
1264 2563 1306 2604 et
1356 2549 1637 2622 Opportune
1689 2557 1904 2605 maritus

315 2623 440 2690 ['oris
474 2623 614 2690 apud
669 2639 877 2673 naccam
927 2624 1217 2691 proximum
1261 2624 1549 2676 cwnitubat.
1589 2626 1723 2678 Deos
1774 2639 1906 2676 vero

317 2694 567 2754 l'nlloaes,
626 2703 680 2744 ut
730 2693 812 2745 hic
868 2711 1070 2753 uaccas.
1116 2705 1274 2747 antea
1332 2694 1622 2762 appellavit
1667 2696 1903 2749 dicens:

321 2763 445 2816 Esse
469 2766 587 2816 deos
633 2763 872 2832 fullones,
917 2781 1023 2817 esse
1053 2773 1299 2822 tonsores,
1328 2768 1412 2832 qui
1437 2765 1513 2817 vcl
1538 2783 1711 2818 sacras
1738 2768 1909 2818 eluant

320 2841 612 2898 vestes,etc.
636 2833 863 2893 MEUBS.,
893 2853 942 2901 ι).
976 2834 1064 2895 91,
1092 2850 1204 2900 seq.
1296 2837 1456 2890 Acuta
1483 2837 1698 2903 quidem
1731 2835 1908 2888 Meur-

317 2903 379 2955 sit
401 2904 687 2957 eori'ectio.
714 2905 819 2956 Nec
839 2915 1015 2958 tamen
1043 2907 1215 2958 ausim
1239 2907 1486 2974 equidem
1507 2915 1716 2958 mutare
1732 2907 1909 2959 lectio-

320 2990 440 3026 nem
466 2974 730 3045 vulgatam
761 2992 771 3025 :
807 2991 926 3026 nam
950 2976 1022 3027 dii
1046 2977 1334 3030 nautcedici
1369 2988 1594 3045 possunt
1626 2987 1907 3029 nautarum

320 3044 596 3109 pra-sides,
631 3045 806 3096 nautis
828 3047 1174 3112 opitulantes,
1205 3047 1352 3100 verbi
1371 3044 1541 3101 causa
1578 3047 1822 3100 Dioscuri
1858 3056 1913 3100 et

2013 2271 2160 2322 scire.
2189 2267 2316 2321 Inde
2342 2266 2538 2332 Gellio,
2559 2265 2652 2322 lib.
2686 2281 2764 2327 111,
2785 2280 2903 2334 cap.
2938 2267 2990 2331 1,
3012 2275 3066 2322 et
3100 2266 3390 2320 Ammiano
3417 2266 3625 2322 1111111111-

2013 2341 2139 2403 lino,
2175 2340 2264 2393 lib.
2300 2355 2406 2392 xxv
2442 2338 2818 2402 Historiarum,
2852 2352 2970 2406 pag.
3024 2337 3154 2402 453,
3205 2347 3436 2406 quastus
3471 2340 3625 2393 sellu-

2015 2412 2171 2462 larius
2202 2419 2438 2477 quaestus
2474 2410 2642 2477 turpis
2671 2417 2726 2462 et
2756 2408 3124 2478 despicabilis.
3169 2409 3417 2463 Euan.

2087 2480 2379 2534 Sellularii.
2428 2479 2888 2544 Cmtlcmptissillti
2937 2479 3077 2546 apud
3123 2482 3397 2548 antiquos.
3430 2479 3624 2546 Livius,

2015 2550 2104 2605 lib.
2139 2567 2252 2608 vui.
2282 2566 2399 2617 eap.
2433 2549 2505 2603 20
2535 2568 2546 2600 :
2583 2550 2841 2619 Opi/iitum
2869 2551 3047 2618 vulgus
3074 2561 3118 2604 et
3147 2551 3401 2605 sellularii
3431 2551 3629 2606 minime

2017 2622 2421 2674 militiwidonei.
2453 2619 2687 2680 Nouum,
2725 2636 2843 2689 pag.
2881 2621 3006 2675 5116.

2091 2693 2226 2746 Sunt
2250 2694 2299 2743 in
2319 2692 2500 2744 sideris
2523 2692 2772 2743 montibus
2792 2691 2968 2761 sylvaz,
2994 2701 3107 2745 sunt
3125 2691 3308 2747 lustra.
3329 2701 3438 2746 etc.
3463 2692 3630 2747 Meur-

2019 2765 2130 2816 sius
2157 2764 2315 2831 legit:
2347 2764 2477 2817 Sunt
2500 2764 2550 2814 in
2569 2762 2818 2815 sideribus
2841 2773 3054 2818 montes.
3081 2772 3198 2814 sunt
3218 2763 3397 2830 sylva.
3423 2761 3486 2816 C.
3507 2764 3629 2817 Bar-

2020 2835 2165 2887 thius
2195 2837 2244 2885 in
2275 2834 2591 2896 Adversar.,
2637 2833 2727 2887 lib.
2762 2849 2835 2894 tv,
2861 2849 2975 2890 can.
3010 2833 3063 2896 5,
3091 2848 3142 2900 p.
3177 2833 3309 2897 266,
3349 2835 3628 2901 legendum

2021 2905 2270 2971 proponit
2298 2922 2310 2956 :
2342 2904 2477 2958 Sunt
2503 2920 2553 2956 in
2581 2905 2789 2957 sidereis
2816 2903 3019 2956 sedibus
3049 2913 3275 2962 montes,
3307 2905 3484 2972 sylm,
3517 2913 3628 2956 sunt

2021 2976 2181 3027 lustra
2211 2992 2228 3027 :
2259 2986 2311 3028 at
2340 2975 2478 3029 idem
2509 2977 2560 3026 in
2591 2975 2828 3042 ejusdem
2857 2975 3037 3042 operis
3071 2974 3162 3028 lib.
3193 2990 3302 3028 Lvu
3339 3016 3350 3029 .
3385 2989 3507 3044 Cap.
3539 2975 3628 3039 17,

2023 3061 2140 3113 pag.
2158 3044 2256 3098 27!
2280 3051 2321 3108 l,
2341 3045 2578 3100 defendit
2603 3045 2807 3098 codicis
2830 3047 2973 3098 msti.
3006 3045 3318 3109 lectionem,
3342 3044 3394 3097 in
3421 3056 3628 3099 textum

321 3093 665 3174 i’ortumnits,
717 3114 783 3166 de
831 3093 938 3182 qiio
993 3093 1260 3170 Arnobius
1306 3116 1472 3180 infra,
1503 3133 1550 3170 c.
1584 3117 1674 3169 Ξῖ).
1705 3119 1909 3171 0111111..
1944 3093 1988 3154 C
2021 3093 2182 3169 Enim
2215 3093 2517 3169 TCVilf‘ﬂlalll
2539 3134 2565 3167 a
2593 3116 2855 3168 Salmasio
2893 3135 2904 3168 :
2937 3115 3069 3169 Sunt
3097 3117 3148 3168 in
3179 3093 3393 3168 sideieis
3420 3115 3631 3169 motibus

395 3185 480 3248 lt't,
515 3186 649 3252 quod
678 3197 960 3252 supererat,
987 3189 1224 3240 rusticos.
1254 3187 1328 3239 Ita
1377 3188 1604 3241 resoluit
1632 3187 1749 3241 Jan.
1786 3187 1919 3240 Gui-

324 3257 539 3309 lielmns
568 3257 616 3306 111
648 3260 850 3319 Qua-st.
893 3258 959 3309 ad
1020 3258 1188 3310 l’lauti
1217 3258 1462 3321 Curcul.,
1493 3276 1540 3310 (ο.
1573 3275 1623 3311 tv
1654 3261 1730 3319 (in
1765 3259 1921 3310 Lam-

324 3327 458 3392 pade
512 3325 643 3379 Crit.
680 3325 917 3386 Gruteri,
953 3337 990 3378 t.
1041 3343 1117 3384 111.
1175 3340 1313 3396 part.
1359 3345 1414 3390 tt,
1448 3345 1567 3397 pag.
1599 3329 1752 3390 5651.
1787 3329 1918 3382 Nam

320 3399 496 3450 solent
551 3399 618 3448 ita
653 3397 848 3459 Latini,
884 3413 1003 3451 cum
1061 3399 1273 3463 indigne
1319 3403 1606 3452 eotnini~sa
1641 3401 1708 3450 ali
1739 3400 1921 3467 aliquo

321 3471 484 3520 nntlta
536 3469 1108 3539 cominetnoraverint,
1143 3482 1417 3539 postremo
1449 3471 1705 3539 adjicere,
1729 3487 1921 3536 snper-

321 3553 462 3601 esso,
505 3547 561 3590 ut
594 3537 692 3591 hoc
749 3548 840 3590 aut
887 3540 1014 3592 illud
1069 3537 1327 3608 praneiea
1373 3537 1526 3595 inse
1561 3541 1826 3592 admittat.
1855 3541 1923 3596 Et

322 3623 504 3680 veram
541 3611 677 3661 hanc
717 3608 1085 3677 conjecturam
1117 3627 1236 3666 esse
1278 3621 1495 3680 prwstat
1520 3611 1694 3666 codex
1740 3627 1838 3663 ms.
1870 3623 1924 3668 et

330 3678 795 3748 Virgiliomastigis
831 3695 1018 3733 versus
1055 3699 1066 3732 :

415 3793 610 3844 Hordea
631 3795 713 3855 qui
733 3793 876 3854 dixit,
897 3804 1147 3856 superest,
1173 3805 1227 3845 ut
1244 3799 1406 3847 tritica
1431 3797 1581 3848 dicat.

1558 3883 1807 3933 Smwscu.

328 3968 428 4023 Alii
463 3986 474 4020 :
506 3967 568 4021 Et
589 3969 723 4037 quod
751 3979 960 4037 superat
991 3970 1229 4025 rusticos.
1258 3971 1460 4028 ORELL.

402 4039 634 4114 Divinas.
692 4039 898 4114 Glossa:
931 4058 942 4092 :
977 4040 1209 4108 Divinas,
1236 4048 1443 4114 μάντις.
1503 4045 1578 4098 lla
1626 4047 1817 4100 (Iicero
1855 4046 1925 4100 de

331 4111 462 4164 Fato
497 4128 509 4162 ι
540 4109 862 4179 Chrysippus
891 4122 1112 4165 testantis
1145 4109 1260 4180 falli
1316 4126 1486 4180 sperat
1517 4114 1787 4170 Chaldaeos
1823 4133 1924 4170 cce-

327 4193 558 4256 terosque
598 4183 816 4256 divinos.
849 4182 1209 4256 ELEESHL—
1238 4184 1527 4256 Notissima
1579 4188 1918 4256 signiﬁcatio.

335 4252 465 4328 Vide
519 4263 695 4305 tamen
750 4252 951 4328 Grzcv.,
994 4255 1060 4307 ad
1091 4253 1204 4308 Cic.
1248 4255 1322 4328 ad
1354 4258 1542 4322 Attio,
1579 4252 1702 4320 l.'x,
1731 4274 1817 4328 ep.
1844 4274 1921 4323 tv,

330 4332 383 4376 et
415 4322 774 4395 llunemann”
799 4325 864 4375 ad
890 4323 1061 4390 Lact.,
1092 4342 1127 4390 1,
1160 4342 1207 4379 c.
1238 4327 1322 4387 11.
1352 4343 1401 4395 p.
1426 4328 1512 4382 6i.
1539 4329 1738 4384 OREIL.

403 4393 583 4468 (iceteri
628 4395 763 4468 enim
792 4395 865 4446 dii
907 4412 1006 4468 non
1035 4408 1171 4456 sunt.
1211 4408 1255 4450 et
1278 4393 1488 4451 ventura
1536 4401 1812 4468 pra'dicere
1843 4403 1924 4453 in-

331 4466 477 4517 scitia
500 4465 730 4518 nesciunt
751 4476 901 4530 atque
936 4467 1227 4534 ignorantia
1251 4465 1558 4535 futurorum.
1583 4471 1736 4525 Fulv.
1775 4471 1924 4526 Ursi—

334 4551 435 4589 nus
461 4538 604 4603 conj.
643 4536 810 4589 cn'teri
847 4537 978 4589 cnim
1027 4540 1185 4591 divini
1230 4557 1328 4592 non
1371 4552 1506 4595 sunt.
1541 4542 1609 4596 At
1641 4544 1769 4597 nihil
1799 4559 1914 4596 mu-

334 4608 552 4659 tamlum
604 4610 872 4661 existimo.
904 4607 1035 4661 Nam
1069 4621 1236 4669 certe.
1272 4612 1316 4664 si
1345 4612 1508 4666 divini
1540 4629 1644 4667 non
1678 4625 1828 4676 sunt,
1863 4613 1913 4666 id

331 4687 433 4739 est,
465 4679 509 4731 si
564 4677 733 4730 futura
786 4694 1133 4754 pramoscere
1165 4683 1567 4754 _ct'_pr:edicerc
1621 4695 1911 4754 nequeunt,

335 4762 508 4820 neque
558 4759 680 4800 sunt
709 4751 1056 4802 existimandi
1105 4751 1198 4804 dii.
1241 4751 1574 4818 Lactantius,
1604 4757 1637 4808 1.
1670 4751 1788 4820 1,(3.
1826 4760 1913 4812 il:

339 4818 570 4896 ἰήνξηρμη
601 4821 652 4896 in
683 4836 739 4872 eo
786 4821 1153 4896 imprudentia,
1188 4838 1287 4874 non
1335 4823 1430 4877 Dei
1460 4818 1777 4896 providentia
1801 4845 1816 4881 :
1836 4829 1917 4881 cui

335 4892 430 4941 nisi
474 4888 677 4944 Themis
732 4896 906 4960 futura
965 4892 1194 4956 dixisset,
1229 4895 1337 4960 ipse
1366 4888 1593 4950 nesciret.
1628 4898 1722 4952 Sin
1750 4910 1920 4952 autent

333 4961 532 5037 divinus
573 4979 672 5037 non
699 4964 781 5020 sit.
818 4979 879 5014 ne
930 4962 1067 5037 licus
1105 4963 1308 5037 quidem
1337 4967 1398 5017 sil
1434 4983 1451 5019 :
1490 4971 1622 5020 unde
1652 4971 1761 5037 ipsa
1791 4972 1920 5024 divi-

333 5032 464 5084 nitas
491 5034 800 5099 nominatur,
831 5045 884 5086 ut
908 5033 971 5086 ub
1001 5036 1203 5087 nomine
1227 5039 1517 5093 ltunmnitas
1574 5032 1810 5094 "nam.

405 5101 472 5154 In
508 5105 1270 5179 verborumcontinuationibus
1299 5119 1584 5179 promptus.
1635 5110 1786 5165 Fulv.
1818 5113 1921 5168 Ur-

333 5173 483 5251 sinus
509 5176 742 5251 mavult:
772 5177 823 5251 in
847 5178 1107 5251 verborum
1131 5173 1605 5251 concinnationibus
1636 5189 1922 5251 promptus.

330 5243 439 5322 Sed
471 5245 897 5322 nillnnttamlum.
920 5246 1244 5302 Continuatio
1265 5250 1524 5304 verborum
1555 5243 1804 5322 loquendi
1823 5259 1929 5320 lor-

334 5316 471 5366 niula
499 5316 852 5370 Ciceroniana
875 5359 888 5378 ,
935 5332 1118 5373 contra
1147 5323 1468 5378 conciunatio
1496 5339 1592 5379 vox
1621 5316 1845 5380 barbara
1873 5316 1928 5381 et

332 5387 576 5453 nttspiam
610 5388 788 5440 obvia.
831 5390 1033 5443 URELL.

401 5456 581 5534 [lar-ili.
613 5457 934 5534 Vide__supra
960 5462 1022 5513 ad
1056 5462 1144 5515 lib.
1177 5480 1232 5520 n.
1258 5480 1376 5534 cap.
1407 5467 1492 5521 l9.
1526 5466 1726 5522 ORELL.

731 5528 864 5604 Viles
918 5535 1146 5584 noverint
1198 5527 1347 5604 atque
1399 5539 1615 5592 [iubeant
1657 5541 1924 5595 sellularii.

332 5598 639 5674 Sel/alarios
689 5603 922 5674 appellat
959 5604 1212 5672 epilices,
1263 5598 1364 5674 'qui
1386 5609 1634 5663 sordidas
1683 5623 1827 5666 artes
1877 5622 1934 5667 et

329 5672 464 5746 vile
489 5681 736 5725 tractant.
788 5673 927 5726 lnl'ra
953 5677 1144 5746 capite
1187 5672 1429 5746 sequenti
1463 5697 1475 5732 :
1509 5678 1636 5734 Cum
1665 5684 1726 5735 sit
1761 5684 1932 5738 nullus

326 5743 464 5806 apud
491 5759 699 5809 superos
719 5746 911 5797 artibus
939 5745 1015 5796 his
1050 5746 1190 5799 locus
1215 5789 1228 5810 ,
1259 5743 1418 5815 neque
1433 5767 1555 5804 usus
1580 5753 1784 5807 illorum
1808 5795 1818 5813 ,
1854 5771 1934 5808 ne-

327 5825 422 5879 que
449 5821 631 5866 natura
658 5816 895 5884 deposcat
925 5816 1241 5886 ingeniosum
1267 5819 1465 5888 aliquid
1494 5833 1580 5874 aut
1613 5824 1936 5880 sellularium

1953 4505 2004 4565 D

2022 3189 2194 3254 sylva',
2219 3198 2344 3248 etc.,
2372 3187 2420 3238 id
2451 3195 2532 3240 est
2562 3187 2610 3238 in
2633 3186 2897 3239 sideribus
2931 3197 3189 3254 perpetuo
3222 3198 3370 3238 motu
3400 3187 3628 3252 agitatis,

2024 3258 2092 3308 ita
2129 3267 2177 3307 ut
2215 3257 2491 3318 Arnobius
2519 3256 2619 3310 hoc
2648 3257 2766 3309 loco
2797 3258 3020 3309 miretur
3066 3296 3078 3307 .
3126 3257 3334 3318 Sidera,
3377 3273 3492 3324 quin
3521 3273 3629 3309 cunt

2024 3330 2278 3399 perpetuis
2329 3327 2544 3399 motibus
2588 3338 2632 3378 et
2683 3327 2961 3379 irremissso
3002 3326 3193 3399 ambitu
3244 3329 3625 3399 circunwoleut,

2021 3397 2274 3464 quomodo
2298 3398 2439 3449 alant
2467 3397 2634 3466 sylvas
2663 3440 2675 3459 ,
2719 3413 2925 3449 nemora
2955 3398 3279 3466 sustineant?
3326 3397 3388 3449 Et
3421 3399 3518 3451 hac
3549 3399 3626 3450 in-

2025 3469 2389 3534 terrogatione
2430 3465 2720 3532 exprobret
2771 3467 3131 3520 adversarios.
3174 3465 3446 3521 Montibus
3491 3479 3625 3521 este

2022 3539 2356 3590 correctione
2397 3537 2626 3590 Gelenii.
2677 3537 2936 3591 Ileraltltts
2979 3547 3130 3602 putat
3169 3537 3270 3590 hoc
3313 3539 3439 3591 loco
3468 3537 3629 3592 allttdi

2023 3610 2330 3675 Opinionem
2380 3609 2448 3662 de
2499 3609 2768 3662 montibus
2810 3618 2862 3678 et
2908 3610 3077 3678 sylvis
3122 3610 3174 3661 in
3213 3609 3354 3661 luna:
3388 3609 3625 3672 circulo;

2023 3695 2182 3746 quam
2217 3680 2531 3732 Anaximcni
2560 3680 2670 3742 alii,
2701 3680 2786 3731 alii
2823 3677 3140 3745 chophani
3174 3680 3416 3733 tribuunt
3438 3721 3450 3738 .
3482 3679 3626 3734 verbi

2025 3765 2182 3802 causa
2232 3749 2459 3811 Cicero,
2513 3748 2679 3803 Acad.
2720 3767 2786 3814 11,
2841 3766 2960 3818 cap.
2992 3751 3059 3804 59
3087 3791 3103 3813 ,
3146 3751 3234 3802 ubi
3266 3749 3378 3802 vid.
3418 3750 3624 3814 Davis;

2026 3821 2290 3888 Diogenes
2308 3820 2535 3874 Lazrtius
2557 3831 2734 3891 autem
2769 3820 2858 3891 lib.
2887 3836 2944 3878 II.
2968 3821 3152 3890 Segni.
3176 3819 3264 3874 88.
3302 3825 3628 3891 Anaxagora:

2024 3891 2180 3945 (lonl'.
2216 3892 2515 3951 Plutarclt.,
2541 3891 2607 3944 de
2637 3890 2772 3943 facie
2800 3890 2850 3943 111
2883 3891 3012 3944 orbe
3041 3897 3202 3956 inme,
3227 3906 3349 3958 cap.
3372 3891 3468 3956 35,
3493 3889 3543 3944 et
3569 3889 3630 3944 de

2028 3963 2168 4016 luna:
2191 3965 2530 4032 aliorumque
2556 3962 2887 4032 planetarum
2915 3962 3188 4015 montibus
3205 3960 3536 4032 exopinione
3552 3976 3631 4032 re-

2027 4050 2142 4088 cent
2156 4036 2326 4087 iormn
2341 4030 2798 4090 astronomorum.
2818 4030 3534 4100 J.E.Bode.l.t.Allgemeine
3549 4030 3632 4084 Be-

2026 4108 2359 4173 trac/ttungen
2383 4103 2504 4158 iiber
2522 4105 2614 4156 das
2641 4101 3027 4171 Wcltgebaude,
3059 4118 3111 4173 p.
3135 4101 3226 4161 59.
3253 4116 3410 4170 seqq.
3432 4103 3627 4173 OnELL.

2113 4175 2169 4228 Vi
2215 4172 2436 4227 numinis
2473 4175 2718 4244 premitur
2749 4172 3138 4244 exagitaturque
3169 4173 3408 4242 majoris.
3456 4172 3629 4242 Virgil.

2035 4247 2182 4312 Α⁴111.,
2217 4262 2290 4309 Vl,
2317 4247 2404 4300 78.

2121 4339 2393 4388 Bacchatur
2419 4347 2579 4398 vates,
2601 4350 2829 4398 magnum
2847 4339 2888 4386 si
2908 4346 3114 4398 pectore
3139 4336 3298 4398 possit

2128 4401 2411 4448 I'xcussisse
2443 4400 2603 4448 Deum
2627 4413 2637 4447 :
2665 4409 2800 4449 tanto
2821 4400 2977 4458 magis
3003 4399 3088 4446 ille
3116 4403 3291 4458 Iatigat

2121 4461 2188 4511 0s
2217 4463 2456 4522 rabidum,
2483 4462 2588 4510 l‘era
2611 4463 2756 4511 corda
2778 4457 3000 4520 domans,
3037 4457 3281 4523 ﬁngitque
3303 4457 3592 4520 premendo.

3259 4541 3467 4597 OnsLL.

2109 4637 2175 4693 Ut
2198 4638 2426 4708 diﬂiciles
2459 4641 2839 4706 puerperiorum
2870 4641 3022 4692 tricas
3045 4638 3188 4691 Juno
3219 4638 3449 4708 sititlceat
3471 4637 3633 4691 corri-

2019 4712 2221 4781 piatque
2245 4706 2457 4763 Lucina.
2476 4709 2752 4781 Corripiat,
2771 4711 2881 4763 scil.
2905 4711 3080 4781 tricas,
3101 4725 3293 4772 moras,
3321 4706 3470 4781 idest
3489 4722 3634 4762 acce-

2020 4777 2155 4836 leret
2175 4793 2402 4851 partum.
2441 4777 2696 4834 Similiter
2724 4781 2879 4834 Ovid.
2903 4780 3026 4834 Met.
3061 4795 3137 4842 Ix,
3163 4795 3307 4834 vers.
3339 4777 3470 4846 251,
3490 4792 3630 4850 seqq.

2120 4913 2130 4924 .
2171 4911 2181 4922 .
2223 4909 2234 4920 .
2277 4913 2287 4922 .
2327 4909 2338 4922 .
2381 4912 2391 4922 .
2433 4909 2446 4921 .
2487 4909 2496 4920 .
2537 4907 2548 4919 .
2591 4871 2826 4921 .Faveaut
2854 4874 2939 4921 tibi
2963 4874 3158 4921 numina
3182 4870 3380 4930 saltem,

2117 4936 2490 4998 Corripiantque
2510 4948 2687 4998 moras,
2715 4944 2814 4984 ttnn
2841 4949 2950 4984 cum
2971 4944 3160 4998 matura
3188 4936 3392 4984 vocabis

2116 4996 2431 5060 Praapbsitani
2453 4997 2633 5047 timidis
2657 4999 2967 5060 parientibus
2998 4996 3240 5060 llithyam.

3299 5081 3487 5132 Οιιευ..

2099 5163 2505 5234 Flammipotcns
2541 5163 2820 5219 Vulcanus.
2853 5165 3108 5221 Codiccm
3137 5181 3422 5220 romanum
3456 5164 3533 5233 (id
3557 5171 3634 5220 est

2027 5236 2321 5290 editionem
2352 5234 2676 5307 principem)
2710 5237 3058 5307 depravatum
3095 5242 3207 5291 scio
3235 5279 3248 5302 ,
3297 5237 3350 5289 in
3381 5251 3492 5303 quo
3512 5250 3635 5307 sup-

2032 5321 2256 5376 posuere
2298 5308 2522 5376 ﬂannnis
2563 5306 2755 5376 patens.
2785 5306 3052 5363 ’Alterum
3093 5309 3237 5362 enim
3270 5306 3630 5373 retinendum,

2029 5394 2148 5430 cum
2189 5390 2242 5432 et
2291 5379 2653 5448 ignipotenlem
2702 5381 2825 5434 alibi
2873 5380 3081 5434 voearit
3133 5377 3431 5432 Vulcanum
3467 5421 3481 5443 ,
3536 5392 3632 5444 qua

2031 5451 2422 5514 compositione
2451 5450 2739 5518 Apuleius,
2790 5451 2880 5505 111).
2913 5466 2926 5504 1
2954 5462 3005 5504 et
3036 5463 3109 5504 VII
3134 5493 3148 5514 ,
3193 5465 3377 5520 sagum
3403 5449 3634 5520 appellat

2033 5522 2448 5584 divinipotentem
2481 5537 2496 5572 :
2527 5522 2756 5590 qualiter
2784 5534 2836 5576 et
2863 5522 3027 5576 Diana
3058 5523 3228 5591 poetis
3261 5532 3344 5576 est
3374 5538 3388 5573 :

2127 5611 2426 5675 Silvipoteus
2451 5611 2576 5673 Dea,
2599 5611 2829 5664 silvicolis
2845 5612 2956 5664 Dea
2978 5615 3175 5677 cognita
3202 5613 3450 5677 nymphis.

3131 5675 3388 5726 Snivzcn.

2115 5755 2193 5810 1ηά
2203 5758 2354 5831 bricet
2368 5757 2420 5810 lii
2427 5775 2447 5811 s
2461 5774 2620 5831 enses.
2635 5757 2717 5831 _Ita
2741 5775 2839 5814 ins.
2868 5759 3033 5831 Typis
3050 5758 3318 5816 cuderunt
3334 5760 3630 5831 fabricetur.

2040 5831 2200 5898 Atqui
2233 5829 2390 5884 bonis
2419 5829 2730 5886 auctoribus
2758 5833 2810 5887 111
2844 5829 3076 5887 1151111111
3102 5841 3392 5902 utrumque
3438 5850 3450 5886 :
3495 5833 3544 5886 in
3569 5830 3630 5894 iis
