3872 6382
195 423 294 480 965

1551 413 1756 472 LIBER
1796 404 2117 470 TERTIUS.

3399 415 3527 474 966·

196 548 314 592 neat
343 556 355 591 :
389 544 443 592 et
467 536 721 608 qualitate
743 550 841 608 pro
874 536 1128 606 temporis
1148 577 1163 602 ,
1194 542 1282 588 aut
1313 533 1513 589 trilices
1543 535 1777 598 tunicas,
1811 515 1863 591 Λ
1890 531 2233 586 antecedunt.
2269 529 2378 584 lloc
2401 537 2628 600 estergo
2650 528 2792 600 quod
2826 528 3106 598 quaeritur,
3132 544 3251 584 cum
3282 530 3351 585 sit
3375 531 3496 584 nul-

195 640 281 682 aut
321 629 388 684 de
433 631 608 685 serico
636 629 962 699 componat?
988 631 1294 691 Accusant,
1327 637 1381 681 et
1425 626 1636 680 diluunt
1683 627 1786 680 cri-

198 719 332 771 mina
367 737 378 770 :
413 729 469 773 ut
519 720 763 774 Atlantea
820 719 1104 790 progenies
1156 717 1358 788 eloquii
1407 718 1607 788 primas
1656 717 1792 773 lerat

196 809 430 864 studiosa
457 812 843 867 exercitatione
871 809 1123 882 qumsiti?

260 901 424 957 XXII.
469 903 631 957 Erras
655 911 704 969 ⁸,
753 904 943 973 inquit,
982 911 1036 957 et
1075 901 1314 956 falleris:
1348 916 1454 954 non
1499 899 1642 955 enim
1690 900 1794 970 ipsi

197 993 413 1063 opiﬁces
441 993 514 1047 dii
545 1003 692 1061 sunt,
712 994 804 1048 sed
824 993 1051 1062 ingeniis
1079 992 1355 1048 hominum
1384 992 1677 1062 subjiciunt
1699 991 1795 1046 has

197 1095 358 1148 artes,
390 1095 551 1149 atque
580 1096 634 1139 ut
660 1087 767 1140 vita
796 1087 866 1141 sit
921 1087 1257 1152 instructior,
1313 1086 1526 1141 tradunt
1577 1085 1795 1140 scienda

201 1177 534 1232 mortalibus.
568 1178 674 1234 Sed
706 1179 797 1249 qui
846 1178 1082 1249 aliquam
1125 1179 1339 1250 subjicit
1372 1181 1557 1249 ignaro
1602 1194 1665 1234 ac
1697 1195 1793 1233 ne-

202 1268 312 1323 scio
342 1268 702 1337 disciplinam,
731 1269 1097 1342 snlertemqne
1129 1271 1272 1326 hunc
1320 1270 1538 1327 efﬁcere
1570 1272 1800 1327 nonnul-

203 1361 302 1415 lius
332 1361 510 1432 opetis
539 1362 764 1416 scientia
809 1363 1107 1431 contendit,
1154 1363 1288 1418 sciat
1323 1364 1437 1434 ipse
1469 1378 1690 1418 necesse
1717 1371 1800 1418 est

196 1452 395 1518 primus
416 1452 490 1516 id,
520 1452 661 1522 quod
680 1451 910 1508 alterum
929 1455 1109 1509 colere
1131 1454 1431 1509 constituit.
1448 1453 1636 1523 Neque
1653 1455 1796 1508 enim

201 1544 420 1598 traditor
440 1545 670 1614 alicujus
699 1561 820 1600 esse
849 1547 1089 1601 scientiae
1136 1547 1276 1616 potis
1302 1556 1405 1608 est,
1440 1557 1496 1600 ut
1527 1562 1633 1601 non
1657 1548 1795 1617 ejus,

196 1635 331 1704 quod
363 1635 525 1689 tradit
555 1645 818 1706 prmcepta
846 1637 1040 1691 habeat
1069 1639 1305 1706 cognita,
1336 1647 1391 1693 et
1423 1639 1689 1693 rationem
1722 1649 1800 1692 te-

197 1737 317 1783 neat
352 1729 804 1784 exercitatissime
852 1729 1322 1800 comprehensam.
1365 1731 1446 1784 Dii
1497 1747 1628 1801 ergo
1672 1737 1801 1784 sunt

198 1820 426 1875 artiﬁces
478 1822 680 1890 primi:
715 1823 829 1876 sive
859 1822 1025 1892 quod,
1072 1823 1175 1891 ipsi
1221 1831 1276 1876 ut
1319 1821 1518 1889 dicitis,
1564 1821 1802 1898 subdunt

1893 625 1978 678 Ius
2006 623 2147 694 apud
2181 638 2408 692 superos
2439 623 2643 676 artibus
2675 623 2756 676 bis
2791 623 2939 676 locus
2973 641 2984 674 :
3021 618 3192 693 neque
3225 640 3352 678 usus
3382 624 3501 676 illo-

1893 731 2035 781 rum,
2071 731 2245 784 neque
2271 725 2459 769 natura
2490 715 2746 784 dcpoSCat
2775 715 3111 783 ingeniosum
3148 715 3369 782 .sIItIUItI,
3401 726 3493 770 aut

1894 807 2228 860 sellulariutn
2259 808 2397 860 scire
2430 822 2442 859 :
2477 822 2574 859 cur
2595 822 2716 862 esse
2748 806 2938 861 dicatis
2972 808 3022 860 in
3077 807 3196 861 aliis
3218 807 3350 861 alios
3383 823 3508 877 per-

1931 900 2233 970 eptionibus
2260 915 2544 970 gnarures,
2575 912 2628 953 et
2656 900 2856 954 habere
2909 900 3176 964 solertias,
3210 901 3263 954 in
3309 899 3508 969 quibus

1897 993 2092 1063 singuli
2118 1009 2176 1047 se
2209 994 2424 1046 vincant
2453 994 2797 1047 scientiarum
2831 993 3135 1062 cognitione
3163 995 3422 1049 discrett?

1972 1084 2161 1139 XXIII.
2206 1085 2318 1139 Nisi
2342 1083 2480 1139 forte
2511 1089 2611 1139 hoc
2642 1085 2838 1148 dicitis,
2865 1086 2994 1139 deos
3022 1087 3261 1140 artiﬁces
3287 1102 3392 1141 non
3415 1102 3504 1144 es-

1901 1194 1981 1243 se,
2017 1180 2112 1232 sed
2141 1194 2236 1234 eos
2269 1177 2352 1233 his
2382 1179 2585 1232 artilnts
2617 1178 2927 1245 prtesidere,
2961 1193 3156 1233 curare
3185 1197 3195 1231 :
3229 1181 3394 1233 immo
3412 1181 3512 1237 sub

1902 1272 2118 1326 illorum
2150 1271 2318 1340 posita
2349 1286 2470 1325 esse
2495 1271 2657 1324 tutela
2678 1273 2879 1336 omnia,
2906 1286 3027 1340 qua)
3047 1271 3509 1342 administramus,

1903 1378 2023 1432 quin
2047 1364 2284 1431 gerimus
2319 1380 2332 1416 :
2366 1371 2548 1430 atque,
2585 1372 2640 1415 ιιι.
2673 1361 2807 1416 bene
2834 1377 2898 1416 ac
2921 1362 3150 1416 feliciter
3179 1363 3398 1430 cedant,
3446 1364 3514 1416 ilo

1903 1458 2079 1510 lorum
2113 1456 2426 1526 provisione
2478 1453 2677 1508 curari.
2722 1454 2876 1522 Quod
2921 1455 3136 1525 quidem
3185 1457 3378 1515 merito
3407 1455 3516 1510 dici

1903 1564 1965 1602 ac
1996 1547 2348 1616 probabiliter
2395 1545 2694 1612 videretur,
2740 1547 2785 1600 si
2834 1546 2900 1600 ad
2940 1547 3269 1600 voluntatem
3301 1562 3518 1617 semper

1904 1638 2340 1706 sententiamque
2395 1639 2757 1706 procederent
2801 1652 2886 1703 ea,
2935 1654 3054 1706 qua:
3107 1639 3341 1705 obitnus,
3392 1654 3516 1709 qua:

1903 1731 2167 1801 gerimus,
2202 1738 2296 1782 aut
2329 1729 2378 1782 in
2406 1729 2636 1798 negotiis
2667 1728 3032 1797 periclitamur
3055 1728 3328 1785 humanis.
3381 1729 3518 1785 Cum

1903 1841 2034 1880 vero
2065 1825 2116 1878 in
2140 1823 2471 1878 contrariunt
2503 1821 2746 1892 quotidie
2775 1837 2862 1876 res
2890 1832 3190 1888 vertantur,
3223 1837 3400 1892 neque
3444 1823 3516 1878 ad

201 1914 474 1969 scientiam
501 1916 774 1971 mentibus
806 1935 819 1971 :
852 1917 964 1972 sive
991 1916 1134 1987 quod
1162 1917 1517 1984 immortales,
1554 1927 1608 1972 et
1636 1917 1804 1986 geniti
1836 1912 1883 1970 B
1914 1921 2250 1991 propositum
2284 1919 2571 1973 voluntatis
2612 1917 2882 1972 actionum
2934 1917 3304 1986 respondeant
3363 1916 3519 1986 lines,

197 2021 505 2076 numquam,
536 2021 708 2078 genus
733 2021 894 2063 omne
919 2017 1194 2064 terrenum
1227 2017 1497 2065 vetustate
1536 2009 1794 2080 temporis

260 2261 284 2289 ι
317 2257 416 2311 Sed
440 2271 583 2312 erras
610 2272 705 2313 ms.
735 2259 886 2311 Bene.
915 2257 1086 2310 Meurs
1109 2265 1163 2310 et
1182 2272 1324 2312 erras
1339 2260 1455 2312 Sab.

1900 2016 2139 2070 ludentis
2171 2023 2254 2068 est
2282 2013 2465 2068 dicere
2510 2011 2643 2066 deos
2692 2010 2849 2066 nobis
2894 2025 3187 2081 superesse
3243 2010 3520 2082 custodes,

1416 2146 1804 2208 LECTIONES
1841 2149 2262 2208 YARIANTES.

1555 2373 2123 2435 COMMENTARIUS.

199 2502 260 2579 Μ.
280 2501 742 2579 Tunntmceroni,
762 2503 956 2579 linguae
974 2506 1158 2564 latinae
1175 2511 1405 2579 parenti.
1425 2510 1796 2565 STEWECli.—-

199 2573 277 2650 Ita
296 2590 380 2638 ap.
410 2575 646 2650 Cie.,dc
672 2573 862 2650 011ch
886 2577 977 2631 lib.
1001 2595 1036 2641 ι.
1059 2573 1297 2648 capi“,
1322 2582 1534 2650 plurimi
1566 2581 1794 2638 Codices

199 2644 387 2722 habent
408 2649 494 2722 qui
523 2649 670 2717 signa
697 2647 969 2722 fabricant,
1003 2650 1091 2702 tibi
1117 2644 1294 2705 tamen
1322 2644 1648 2722 Heusinger,
1682 2653 1796 2707 edi-

199 2715 271 2768 dit
267 2714 630 2789 fabricantur,
658 2714 816 2786 quem
850 2720 971 2774 vide
995 2735 1115 2789 pag.
1143 2723 1268 2777 544.
1295 2723 1501 2777 Οιιειι.

309 2785 476 2839 rilices
507 2785 723 2840 tunicas.
764 2789 820 2842 1d
846 2800 928 2844 est
957 2785 1126 2846 tribus
1159 2794 1294 2847 liciis
1320 2794 1617 2848 confectas.
1647 2792 1797 2848 Licia

202 2871 229 2909 a
264 2855 509 2932 laciendo
533 2897 563 2930 ,_
583 2858 882 2932 laqueando
912 2861 1053 2915 dicta
1085 2862 1169 2916 ﬁla
1200 2874 1346 2928 sunt,
1371 2865 1568 2932 quibus
1594 2866 1646 2918 in
1679 2864 1799 2919 telis

204 2927 448 3004 textrices
475 2928 756 3004 implicant
788 2941 988 3004 tramas
1017 2934 1284 2997 staminis,
1326 2927 1667 3004 quorumque
1696 2950 1799 3003 ope

200 2996 415 3067 disu'ahi
457 2996 790 3067 eai'possint
818 3011 875 3056 et
903 3003 1188 3058 subtemen
1220 2996 1374 3059 radio
1398 2996 1638 3060 immitii.
1671 2996 1804 3060 Gal-

201 3066 294 3140 Ii_ce
321 3068 437 3122 lisse
461 3110 474 3132 .
520 3066 704 3124 Germ.
739 3072 822 3124 die
851 3071 993 3125 Litze
1012 3115 1025 3134 ,
1069 3071 1382 3129 Kammlitze
1412 3076 1506 3128 das
1534 3074 1796 3138 Gescltirr,

201 3153 366 3206 graece
390 3143 548 3210 μίτοι.
583 3145 625 3214 Α
655 3157 882 3196 numero
909 3145 1178 3208 liciorum,
1212 3148 1410 3214 quibus
1455 3146 1506 3197 in
1541 3145 1801 3208 texendo,

1902 2516 2069 2567 colere
2096 2522 2256 2567 artem
2297 2528 2396 2583 pro
2429 2513 2639 2567 discere
2676 2512 2883 2567 centies
2915 2511 3056 2580 apud
3086 2521 3320 2568 veteres.
3366 2513 3528 2573 Fulv.

1905 2585 2133 2639 Ursinus
2157 2585 2259 2651 leg.
2295 2585 2438 2651 conj.
2488 2601 2500 2636 :
2544 2583 2681 2650 quod
2733 2586 2952 2636 alterum
3001 2584 3191 2636 callere
3237 2587 3524 2652 constituit,

1906 2659 2168 2725 probante
2198 2655 2507 2711 Steweeltio
2533 2697 2545 2718 ,
2579 2654 2876 2709 Salmasius
2904 2655 2990 2709 ed.
3023 2655 3207 2707 docere
3237 2660 3520 2712 constituit.

3135 2726 3342 2780 ORELL.

1981 2795 2069 2850 Dii
2117 2818 2236 2871 ergo
2281 2809 2399 2854 sunt
2443 2798 2690 2871 artiﬁces,
2714 2797 3021 2871 primisnnt
3057 2811 3076 2849 :
3107 2799 3212 2871 sive
3229 2799 3394 2871 quod,
3421 2811 3528 2854 etc.

1911 2867 2189 2926 Ilernldus'
2207 2881 2377 2939 putat,
2413 2871 2462 2922 in
2500 2869 2581 2922 Itis
2611 2867 2792 2922 verbis
2822 2867 3024 2938 aliquid
3067 2869 3178 2939 vitii
3228 2869 3416 2930 latere.
3475 2881 3531 2926 et

1910 2938 2214 2996 tollendum
2266 2943 2496 2994 alterum
2539 2950 2693 3001 situt,
2748 2949 2802 2991 ιιι
2845 2938 3180 3004 sitexpedita
3233 2943 3529 2998 sententia.

1912 3011 2092 3066 Editio
2125 3015 2291 3083 Lugd.
2327 3012 2442 3083 Bat.
2479 3009 2639 3083 habet
2667 3027 2678 3061 :
2715 3009 2799 3083 Dii
2831 3026 2948 3083 crg_o
2976 3020 3126 3083 sunto
3156 3011 3398 3077 artiﬁces,
3427 3015 3531 3076 prio

1913 3098 1995 3135 mo
2027 3078 2336 3136 suntm-Sed
2369 3081 2502 3134 nihil
2527 3079 2863 3132 mutandum.
2896 3078 2986 3130 Dii
3013 3096 3132 3148 ergo
3152 3091 3268 3132 siml
3299 3084 3531 3148 artiﬁces

1913 3162 1996 3206 est
2017 3155 2294 3207 conclusio
2318 3169 2383 3206 ex
2418 3150 2862 3218 prmcedentibus.
2897 3149 3074 3216 Pergit
3096 3149 3293 3202 deinde
3327 3169 3338 3203 :
3367 3153 3532 3209 immo

205 3217 436 3293 tttuntur,
487 3213 636 3293 varia
666 3213 906 3293 vestium
936 3229 1135 3283 genera
1155 3213 1387 3293 ‘noiniu-a
1413 3216 1661 3284 imposita
1706 3215 1801 3268 ha-
1839 3231 1883 3292 ρ
1918 3225 2073 3293 primi
2104 3234 2240 3289 sunt,
2268 3213 2492 3293 quod-in
2525 3221 2876 3288 sequrntibtts
2904 3213 3260 3293 den—tonstrat.
3285 3223 3490 3278 υηειι,

204 3277 364 3355 bent,
408 3281 618 3355 quibus
636 3277 968 3350 singularum
1013 3286 1279 3352 pecularis
1313 3277 1706 3355 aliqua-natura
1754 3295 1811 3340 et

203 3353 402 3417 Species
448 3351 816 3420 signiﬁcatur,
875 3351 1024 3407 verbi
1070 3371 1233 3409 causa
1277 3351 1448 3410 bilices
1489 3367 1543 3410 et
1580 3359 1803 3421 trilices,

206 3430 436 3493 nostrum
462 3420 716 3484 Zwillich,
744 3422 984 3488 Drilliclt,
1007 3435 1111 3480 etc.
1137 3426 1257 3480 Viti.
1277 3427 1592 3482 Schneider.
1616 3426 1677 3478 V.
1698 3420 1808 3493 CL,

206 3490 286 3559 qui
314 3491 379 3545 de
407 3495 637 3546 testtrina
663 3504 900 3548 veterum
927 3498 1125 3550 multus
1155 3509 1242 3550 est
1267 3498 1321 3552 itt
1351 3497 1534 3551 Indice
1561 3498 1626 3551 ad
1660 3490 1808 3551 Scri;

207 3563 699 3639 pt0t'e§_ﬂei_r_tt_st.,
733 3567 898 3620 verbo
922 3565 1048 3620 Tela
1066 3569 1292 3639 jugalis,
1324 3570 1429 3623 vol.
1466 3583 1545 3635 tv,
1579 3577 1716 3638 part.
1750 3584 1806 3632 tl,

208 3647 319 3702 pag.
349 3635 476 3698 371,
511 3635 636 3690 572.
671 3638 875 3691 URELL.

274 3707 369 3759 Aut
395 3708 457 3760 de
479 3708 640 3761 serico
660 3719 948 3776 componat.
976 3709 1204 3764 Secutus
1230 3727 1349 3764 sum
1374 3709 1808 3765 emendationem

207 3778 435 3833 Meursii.
485 3783 656 3832 Antea
701 3778 976 3848 legebatur
1005 3791 1091 3834 aut
1132 3783 1198 3834 de
1225 3782 1390 3834 serico
1419 3783 1668 3850 imponat.
1705 3780 1810 3836 Sed

208 3857 355 3902 restes
381 3865 687 3918 componere
714 3864 809 3917 pro
836 3852 1164 3904 concinnare
1196 3863 1347 3906 recte
1376 3851 1611 3914 dixeris;
1643 3852 1812 3919 impo-

210 3936 320 3972 nere
339 3935 466 3974 vero
497 3935 604 3974 non
630 3920 777 3974 item.
801 3921 1096 3975 Salmasius
1121 3920 1295 3978 edidit
1331 3941 1342 3974 :
1374 3935 1463 3975 aut
1495 3925 1557 3975 de
1583 3925 1744 3976 serico
1767 3931 1815 3976 et

209 3993 308 4043 sine
334 4007 484 4044 onere
510 3991 761 4058 imponat.
794 3992 996 4046 OBELL.

280 4061 344 4114 Ut
369 4062 607 4134 Atlanteo
642 4063 904 4134 progenies
934 4064 1124 4132 eloquii.
1153 4065 1346 4134 primas
1373 4069 1501 4134 {erat
1524 4107 1536 4127 ,
1564 4073 1668 4117 elc.
1714 4063 1816 4117 Lc-

214 4132 357 4206 pidus
385 4142 465 4206 est
491 4130 795 4206 Gallandus
817 4130 1111 4206 Atlanteans
1134 4130 1427 4206 progeniem
1450 4136 1814 4206 Calypsouem

213 4201 434 4255 Atlantis
469 4203 633 4258 liliattt
664 4205 1045 4271 interpretans.
1071 4201 1171 4259 Β.ὐί
1207 4201 1310 4259 non
1346 4218 1510 4261 notus
1535 4201 1819 4260 Mercurius

213 4275 456 4343 facundus
485 4289 645 4339 nepos
676 4273 896 4330 Atlantis
927 4293 988 4328 ex
1023 4277 1214 4329 IIot'at.
1245 4293 1282 4338 ι,
1313 4277 1402 4330 od.
1434 4277 1505 4331 x?
1538 4278 1742 4331 OBELL.

285 4342 520 4398 XXII.-——
550 4344 797 4398 Scienda.
828 4345 1101 4401 Meursius
1144 4349 1362 4417 corrigit
1402 4347 1660 4412 scientias,
1695 4346 1818 4403 scil.

216 4429 374 4469 artes.
1469 4421 1672 4472 υιιΕιΙ..

283 4486 632 4556 Solertemque
656 4487 788 4540 hunc
817 4488 1030 4557 e/ficere.
1068 4489 1141 4543 Ita
1167 4488 1395 4545 Ursinus
1423 4500 1476 4543 et
1503 4489 1818 4544 Salmasius.

215 4559 435 4630 Antiqua
453 4559 614 4630 lectio
627 4557 1188 4630 estrSolertemque/tis
1202 4560 1701 4630 eﬂicereMettrsius:
1724 4559 1823 4611 So-

216 4628 476 4697 lertemque
495 4628 708 4699 efﬁcere.
733 4628 1080 4685 Stewecltius
1099 4647 1117 4684 :
1133 4628 1484 4695 Solet'tetuque
1505 4632 1596 4684 sic.
1613 4629 1818 4684 ORELL.

284 4719 424 4773 Sciat
451 4728 566 4794 ipse
587 4737 786 4776 necesse
806 4731 878 4794 est
911 4724 1110 4786 primus
1133 4723 1214 4786 id,
1247 4723 1383 4794 quod
1410 4724 1629 4794 alterum
1658 4721 1824 4794 colere

217 4794 481 4863 constituit.
529 4793 656 4846 llaec
681 4803 762 4845 est
781 4793 991 4848 codicis
1018 4809 1118 4849 ms.
1153 4792 1333 4859 lectio,
1369 4809 1530 4863 quam
1556 4792 1823 4846 IIeraldus

220 4861 283 4932 ita
309 4861 715 4931 interpretatur,
749 4872 807 4917 ut
833 4867 907 4917 sit
933 4868 1102 4919 colere
1143 4866 1282 4918 idem
1330 4861 1472 4932 quod
1503 4864 1702 4917 docere
1724 4904 1736 4922 .
1767 4871 1823 4916 et

219 4930 642 5003 sitniliter’etiam
674 4944 1024 4989 construatur
1051 4930 1386 4989 abArnobio
1417 4935 1581 4987 colere
1597 4933 1820 5003 aliquem

220 4997 400 5068 aliquid
422 5044 436 5065 ,
480 5017 534 5058 ιιι
573 5004 754 5059 docere
779 5006 1002 5066 aliquem
1028 5007 1243 5075 aliquid.
1280 5005 1448 5069 Hujus
1476 5016 1652 5059 autem
1684 4997 1818 5057 cott-~

220 5075 523 5146 structionis
547 5077 794 5142 exempla
826 5077 1023 5130 frustra
1050 5079 1296 5146 ttuwSivi.
1338 5076 1448 5146 Sed
1482 5076 1606 5130 lerri
1641 5083 1824 5146 potest

221 5140 370 5197 lectio
395 5147 619 5210 Codicis,
652 5140 802 5201 sirita
831 5140 1250 5214 interpretentur
1281 5165 1293 5199 :
1328 5143 1546 5200 Necesse
1567 5140 1662 5213 est,
1696 5157 1746 5198 ut
1779 5146 1821 5198 is

222 5219 323 5288 ipse
349 5217 475 5269 sciat
500 5217 554 5268 id
581 5257 595 5278 ,
634 5219 770 5285 quod
797 5218 1056 5272 constituit
1078 5229 1149 5288 ut
1179 5219 1312 5288 alter
1339 5219 1474 5271 colat
1505 5259 1520 5282 ,
1563 5217 1618 5269 id
1666 5227 1736 5269 est
1767 5225 1822 5270 ut

223 5286 322 5359 ipse
356 5289 488 5359 sciat
529 5297 692 5340 artem
716 5327 732 5352 ,
774 5306 931 5359 quam
975 5286 1348 5343 addiscenda'iii
1397 5288 1547 5342 alteri
1574 5288 1818 5359 usubjicit.

224 5357 368 5429 Quod
413 5359 660 5428 apprime
705 5357 959 5414 convenit
988 5359 1420 5429 princedentibns
1449 5357 1626 5414 verbis
1656 5376 1670 5411 ε
1716 5359 1823 5413 Sed

258 5425 305 5476 ui
331 5425 552 5498 aliquam
580 5429 786 5497 subjicit
809 5425 1004 5498 ignaro'
1021 5445 1082 5483 ac
1111 5431 1280 5484 nescio
1311 5429 1639 5498 disciplinam
1659 5471 1673 5495 ,
1717 5433 1823 5484 sol-

298 5505 487 5570 tcmque
508 5502 646 5553 hunc
682 5500 875 5570 efﬁcere
904 5501 1204 5555 nonnullius
1247 5502 1412 5568 operis
1453 5501 1668 5554 scientia
1696 5516 1823 5554 con-

228 5567 376 5620 tendit
400 5571 538 5642 ,ﬂubi
589 5567 805 5642 proprie
849 5571 984 5625 dixit
1031 5572 1301 5626 Arnobius
1333 5571 1538 5641 projicit
1582 5570 1824 5642 discipli-

231 5651 360 5710 nam.
413 5641 561 5696 Ilaud
593 5643 736 5696 enim
768 5641 847 5695 Dii
883 5656 1113 5710 operose
1153 5642 1472 5697 erudiebant
1502 5652 1555 5696 et
1578 5641 1822 5698 institue-

231 5705 349 5785 bant
377 5710 628 5785 homines
651 5712 854 5767 artibus
880 5705 936 5785 et
963 5712 1284 5785 disciplinis,
1315 5713 1408 5767 sed
1443 5714 1564 5767 illas
1591 5721 1824 5785 tantum;

234 5781 382 5834 modo
423 5781 745 5853 inducebant
774 5785 825 5838 in
863 5784 1028 5837 vitam
1070 5783 1388 5850 humanam,
1440 5785 1492 5838 id
1519 5793 1601 5838 est
1637 5781 1825 5853 primis

225 5853 375 5926 ,ιιιιξιδὶ
401 5852 578 5925 digitis
604 5855 980 5926 monetrabant
1012 5855 1321 5911 hominibus
1349 5863 1516 5916 artes.
1556 5852 1824 5926 quasipsi

231 5920 570 5982 addisceréut.
617 5924 802 5994 Quare
835 5924 972 5982 nihil
1017 5926 1332 5985 mutandum
1364 5920 1639 5984 existimo.
1688 5920 1824 5983 Nam

1987 3294 2090 3349 Cur
2121 3312 2228 3349 esse
2251 3290 2432 3347 dicatis
2452 3295 2503 3344 in
2534 3293 2647 3344 aliis
2678 3293 2808 3343 alios
2834 3290 3234 3362 perceptionibus
3261 3310 3529 3362 gnarures.

1914 3366 1987 3418 Ita
2019 3367 2306 3421 ediderunt
2328 3367 2594 3416 (fanterus
2627 3372 2674 3414 et
2707 3362 2876 3431 Lugd.
2910 3361 3021 3415 Bat.
3060 3377 3126 3415 ex
3151 3361 3534 3422 emendatione

1911 3436 2024 3490 Jos.
2058 3438 2312 3507 Scaligeri
2344 3436 2408 3488 ad
2454 3435 2837 3507 It‘est.,rvet_-bo
2882 3431 3201 3507 (inarigavit.
3248 3437 3382 3490 (30d.
3427 3455 3532 3494 ms.

1916 3503 2226 3576 ignariares,
2276 3508 2489 3566 vitiose,
2545 3503 2984 3576 ttttdeGelmtius
3016 3505 3214 3576 fecerat
3245 3508 3530 3575 gnariores.

1915 3575 2020 3635 Sed
2050 3595 2298 3650 gnarures
2331 3577 2636 3644 lugendum.
2671 3575 2923 3628 Gnaruris
2947 3575 3237 3650 antiquum
3270 3593 3364 3650 pro
3406 3597 3536 3647 gna-

1917 3668 2024 3712 rus,
2051 3646 2138 3704 ἰιι
2189 3663 2558 3720 gnaruroipro
2603 3663 2821 3717 gnarum
2866 3646 3043 3720 reddo.
3082 3646 3255 3699 Plaut.
3293 3646 3530 3703 Mostell.

1915 3734 2020 3775 act.
2052 3739 2088 3786 ι,
2119 3718 2268 3775 δεύει.
2309 3737 2344 3774 ιι
2372 3738 2383 3772 :
2417 3719 2588 3773 Simul
2606 3734 2854 3788 gnarures
2883 3718 2995 3770 volo
3021 3733 3246 3770 vosesse
3269 3720 3401 3771 lianc
3427 3737 3535 3775 rem

1919 3809 2135 3846 mecum.
2169 3792 2304 3847 Vide
2335 3793 2505 3859 intpp.
2540 3790 2604 3841 ad
2637 3789 2805 3859 Fest,
2848 3789 2952 3859 l.l.
2984 3788 3049 3841 ad
3098 3788 3334 3851 Ausum,
3367 3792 3531 3857 epist.

1919 3881 2050 3924 χιιι,
2087 3880 2228 3918 vers.
2254 3861 2346 3925 ‘20,
2381 3858 2431 3928 ν.
2469 3860 2592 3922 671,
2630 3859 2717 3913 ed.
2747 3858 2929 3922 Tollii,
2979 3859 3225 3912 ()ttdend.
3275 3865 3342 3913 ad
3384 3866 3536 3929 Apu-

1921 3936 2036 3997 |ci.,
2073 3937 2192 3989 Met.
2231 3953 2265 3999 ι,
2302 3934 2389 3993 15,
2425 3949 2476 4002 p.
2527 3932 2617 3995 6i,
2662 3939 2718 4002 et
2744 3931 3034 4002 imprimis,
3062 3932 3151 3999 qui
3180 3931 3246 3983 de
3273 3930 3373 3985 hac
3399 3947 3536 3988 voce

1921 4010 2122 4061 multus
2149 4016 2250 4068 est,
2284 4004 2347 4060 G.
2377 4001 2435 4056 .I.’
2457 4003 2613 4056 Voss.
2658 4001 2709 4052 iu
2741 4001 2973 4071 Etytnol.
3008 4016 3170 4064 rom.,
3204 4005 3369 4056 verbo
3401 4022 3534 4069 gna-

1919 4096 2028 4131 rus.
2056 4078 2161 4131 Pro
2191 4072 2620 4144 perceptionibus.
2649 4071 2824 4124 Edttio
2847 4073 3097 4144 princeps
3122 4072 3281 4126 habet
3310 4090 3537 4143 pronep-

1923 4151 2141 4203 uimibus
2164 4141 2349 4215 ι’ψιοςι
2370 4146 2588 4197 tolerari
2621 4144 2810 4215 possit,
2833 4152 2887 4195 ut
2913 4141 2981 4194 sit
3010 4141 3150 4215 idem
3174 4146 3313 4208 qunti
3341 4141 3537 4200 artium

1925 4211 2513 4290 pra'ceptafMeursius
2541 4214 2684 4290 conj.
2717 4213 3002 4290 ignarures.
3035 4211 3246 4290 Qut-1L.

1999 4290 2062 4344 Et
2095 4284 2279 4343 habere
2318 4287 2571 4348 solertias,
2606 4287 2657 4337 in
2687 4284 2868 4351 quibus
2899 4285 3088 4352 singuli
3117 4302 3169 4336 se
3190 4287 3412 4339 uincant.
3459 4288 3539 4343 Ita

1927 4364 2146 4433 propius
2172 4362 2236 4412 ad
2268 4361 2558 4433 lectionum
2589 4354 2803 4433 codicis
2829 4355 2880 4408 in
2926 4357 3104 4433 quibus
3144 4356 3360 4433 singulis
3399 4359 3539 4433 erin-

1926 4425 2043 4488 cani
2087 4430 2393 4486 emendavit
2437 4428 2588 4483 Fulv.
2637 4425 2907 4489 Ursinus,
2966 4425 3237 4492 probante
3279 4427 3534 4484 MCllrsiO.

1927 4503 2200 4559 Stcwech.
2236 4504 2432 4555 mavult
2456 4518 2466 4551 :
2493 4501 2543 4550 in
2566 4499 2746 4571 quibus
2774 4497 2964 4571 singuli
2995 4497 3213 4571 vigeant.
3235 4497 3332 4552 Ed.
3360 4499 3536 4571 Lugd.

1930 4577 2048 4631 Bat.
2086 4575 2246 4627 habet
2279 4591 2290 4624 :
2324 4571 2388 4623 In
2420 4572 2600 4640 quibus
2626 4567 2818 4640 singuli
2851 4568 3122 4640 emineant.
3156 4568 3360 4624 Onam"

2007 4645 2195 4702 XXIII.
2242 4674 2314 4685 --
2349 4638 2510 4712 Atque
2555 4651 2607 4693 ut
2641 4639 2764 4691 bene
2811 4654 2872 4690 ac
2913 4638 3126 4712 feliciter
3170 4643 3371 4712 cedunt,
3423 4644 3541 4696 illo-

1929 4738 2044 4774 rum
2092 4718 2377 4788 provisionc
2427 4709 2621 4788 curari.
2653 4712 2922 4788 Quorsnttt
2956 4709 3039 4788 hic
3083 4711 3317 4788 cadant?
3370 4714 3539 4788 Quasi

1931 4807 2056 4845 vero
2080 4781 2257 4842 cedere
2291 4803 2394 4841 non
2425 4784 2614 4838 eodem
2646 4781 2856 4834 dicatur
2891 4781 3070 4834 modo.
3107 4781 3195 4837 Sic
3224 4782 3347 4835 bene
3374 4801 3432 4837 ac
3452 4787 3534 4910 ge-

1931 4865 2091 4910 liciter
2118 4862 2316 4910 cedere:
2345 4868 2403 4910 ut
2429 4855 2568 4910 aliud
2609 4852 2830 4906 Grnscos
2857 4854 3050 4910 εὐροεῐν
3077 4867 3128 4906 et
3157 4849 3212 4907 εὖ
3253 4856 3414 4908 πλεῖν.
3452 4890 3466 4908 ι
3493 4855 3534 4910 ic

1927 4865 2091 4917 liciter
2118 4862 2316 4916 cedere;
2345 4868 2403 4910 ut
2429 4855 2568 4922 apud
2609 4852 2830 4924 Grattcos
2857 4854 3050 4924 εὐροεῐν
3077 4867 3128 4906 et
3157 4849 3212 4907 εὖ
3253 4856 3414 4908 πλεῖν.
3452 4849 3542 4910 Sic

1926 4935 2087 4990 etiam
2132 4932 2328 4986 dicitur
2378 4921 2474 4981 res
2493 4925 2592 4999 ὁδῷ
2623 4921 2859 4999 pestem.
2911 4921 3036 4999 qua;
3072 4925 3135 4999 ad
3182 4927 3339 4999 liuent
3382 4942 3540 4999 suum

1928 5005 2089 5059 nullis
2121 5001 2523 5066 impedimetttts
2548 4992 2753 5048 tardata
2786 4995 2920 5044 bene
2940 4992 3292 5066 feliciterque
3323 4997 3380 5048 it.
3408 4997 3542 5050 Plu-

1929 5075 2143 5129 tarclttts
2177 5064 2226 5126 iit
2279 5069 2485 5141 Pyrrho
2529 5086 2539 5119 :
2575 5071 2662 5141 rei
2703 5073 2792 5141 {ritu
2839 5064 3110 5141 ἐπιϐουλήν
3159 5066 3259 5140 ὁδῷ
3317 5067 3540 5138 βαδίζειν

1925 5150 2141 5214 οἰόμενος
2172 5148 2228 5200 οὐ
2269 5137 2664 5214 καίτεῐχενὶ-ὰ).λ’
2695 5137 2796 5190 ὑπὸ
2825 5142 3000 5210 χαρᾶς·
3039 5137 3241 5214 ἐξέφερε
3263 5142 3390 5214 πρὸς
3421 5144 3542 5202 τοὺς.

1927 5205 2235 5292 φὶὶῖουςξὸἰρ
2264 5205 2456 5275 Ovidi,
2481 5227 2494 5264 t
2518 5209 2804 5263 Fastorum
2838 5225 2849 5258 :

2021 5309 2242 5369 Gaudet;
2267 5317 2318 5355 et
2339 5303 2589 5369 apedilttts
2611 5309 2768 5369 tracto
2787 5299 3054 5369 velamine,
3083 5307 3192 5350 vota

2116 5372 2186 5420 Ad
2207 5364 2292 5420 sua
2319 5364 2446 5417 l'elici
2470 5371 2678 5427 ceperat
2698 5364 2774 5412 ire
2796 5364 2892 5412 via.

3189 5449 3413 5500 ΗειιΑιι).

2003 5566 2134 5620 Deos
2156 5566 2300 5619 nobis
2327 5577 2591 5631 superesse
2613 5560 2869 5614 custodes.
2893 5559 3197 5631 Superesse,
3213 5554 3276 5631 id
3305 5565 3387 5610 est
3412 5571 3548 5626 prce:

1928 5657 2053 5692 esse.
2091 5639 2181 5693 Sic
2203 5636 2338 5690 infra
2374 5628 2496 5703 cap.
2529 5633 2640 5686 25:
2675 5631 3035 5703 (factionibus,
3079 5628 3276 5703 inquit,
3319 5633 3548 5696 superest

1933 5710 2126 5774 Unxia,
2171 5698 2491 5779 cingulorum
2524 5703 2712 5779 Cinasia
2736 5701 3166 5779 replicationi‘,‘et
3188 5698 3286 5752 lib.
3315 5712 3390 5761 tv,
3423 5711 3545 5763 cap.

1929 5784 1961 5836 9
1984 5801 1994 5835 :
2031 5771 2156 5846 Quis
2184 5771 2528 5841 Libentinam,
2548 5776 2660 5843 quis
2681 5773 2970 5846 Libu‘rnutn
2985 5771 3259 5846 libidinum
3287 5782 3549 5833 superesse

1931 5841 2124 5906 tutelis.
2156 5850 2230 5905 Ita
2265 5841 2569 5918 szrpissinte
2595 5862 2683 5919 ap.
2712 5845 2884 5919 ICtos.
2931 5841 3136 5896 Eodem
3183 5853 3344 5919 sensu
3389 5852 3549 5918 supra

1932 5938 2045 5980 rem
2076 5923 2313 5994 aliquem
2344 5909 2450 5976 esse
2484 5933 2581 5987 pro
2608 5909 2685 5972 illi
2717 5917 2794 5974 rei
2821 5927 3057 5987 pricesse
3073 5910 3217 5983 apud
3247 5909 3548 5968 Vitruvium
