3872 6374
471 397 578 452 975

1603 385 1888 446 ARNOBII
1928 379 2298 444 ADVERSUS
2327 380 2606 442 GENTES

3691 377 3758 435 376

472 516 761 565 nectuntur
786 505 1084 562 cervicibus
1109 504 1308 576 laquei,
1340 501 1782 560 conscenduntur
1811 503 2070 559 ardentes
2098 507 2150 565 Α
2175 514 2240 555 ea
2265 514 2385 570 quae
2416 498 2615 567 dicitis,
2661 493 2885 566 faciunt,
2918 495 3039 552 sine
3073 494 3185 552 ulla
3215 493 3570 552 dubitatione
3595 491 3664 548 dii
3689 507 3761 548 non

469 605 608 673 rogi,
637 612 692 656 et
719 616 815 670 per
859 609 1039 654 vastas
1077 608 1239 668 atque
1269 596 1558 652 altissimas
1589 612 1752 665 rupes
1777 596 1983 667 iaciunt
2012 610 2070 650 se

472 693 675 764 passim
707 692 1024 746 voluntariis
1055 690 1278 746 saltibus
1307 687 1661 757 praecipitati?

536 784 769 840 XXVIII.
815 783 1181 854 Quisquamne
1208 791 1290 837 est
1323 780 1600 834 hominum
1641 781 1868 835 rationis
1895 781 2076 835 alicu-

460 877 550 945 jus
592 877 905 947 primordiis
947 876 1184 939 indutus,
1240 875 1327 942 qui
1372 873 1674 928 divinitatis
1711 875 2075 928 constantiam

464 979 574 1023 tam
605 968 759 1023 foedis
793 968 996 1037 polluat
1023 976 1115 1021 aut
1135 968 1468 1021 contaminet
1498 965 1776 1021 moribus?
1805 967 1894 1035 qui
1922 977 2078 1021 natu-

461 1075 552 1116 ras
583 1062 839 1116 attribuat
862 1060 964 1114 diis
990 1061 1143 1122 tales,
1168 1075 1301 1130 quas
1319 1059 1371 1114 in
1396 1060 1696 1130 agrestibus
1718 1060 1911 1115 belluis
1934 1061 2071 1116 leni-

461 1156 595 1209 tudo
617 1170 762 1223 saepe
791 1153 1074 1224 permulsit
1098 1162 1260 1223 atque
1299 1155 1611 1208 extenuavit
1639 1154 1906 1208 humana?
1938 1155 2070 1211 Ubi-

462 1265 586 1304 nam
619 1263 802 1318 qumso
851 1257 934 1303 est
979 1246 1127 1312 illud,
1178 1247 1320 1317 quod
1363 1248 1429 1302 ab
1467 1247 1612 1301 omni
1648 1248 2072 1317 perturbationis

460 1343 658 1396 all'cctu
708 1340 780 1394 dii
825 1339 1009 1410 procul
1057 1340 1221 1393 amoti
1254 1340 1416 1394 sunt?
1446 1339 1587 1410 quod
1634 1341 1803 1406 lenes,
1853 1340 2070 1409 placidi,

458 1434 635 1495 mites,
673 1430 812 1500 quod
848 1433 899 1484 in
929 1445 1127 1500 genere
1156 1431 1368 1484 virtutis
1398 1431 1550 1485 unito
1575 1430 1923 1501 perfectionis
1952 1431 2074 1501 api-

457 1541 600 1592 cem,
643 1537 804 1595 atque
845 1525 1014 1594 ipsius
1055 1524 1291 1579 retinent
1331 1525 1612 1595 sapientiae
1660 1523 2067 1578 summitatem?

451 1629 543 1672 aut
570 1635 666 1672 cur
691 1632 786 1672 cos
814 1632 1052 1682 oramus,
1087 1626 1141 1670 ut
1170 1633 1198 1670 a
1228 1617 1383 1673 nobis
1411 1616 1637 1672 adversa
1657 1627 1817 1685 atque
1840 1616 2061 1671 inimica

454 1712 789 1782 propellant,
846 1711 889 1764 si
938 1710 1200 1764 malorum
1253 1710 1532 1773 omnium,
1581 1709 1776 1777 quibus
1825 1708 2066 1779 quotidie

456 1805 746 1872 carpimur,
777 1803 875 1870 ipsi
901 1816 1020 1854 esse
1047 1802 1203 1856 nobis
1225 1803 1570 1869 reperiuntur
1592 1799 2069 1866 auctores?Quan-

457 1893 703 1947 tuinlibct
735 1907 832 1946 nos
861 1891 1076 1959 impios.
1113 1892 1446 1960 irreligiosos
1477 1891 1701 1956 vocetis,
1731 1901 1825 1946 aut
1847 1890 2060 1956 atheos,

450 2001 746 2055 numquam
783 1985 940 2037 Iidem
966 1982 1173 2038 facietis
1200 1997 1322 2038 esse
1348 1998 1591 2038 amorum
1615 1983 1772 2050 deos,
1801 1997 1922 2038 esse
1946 1983 2063 2039 bel-

453 2078 654 2141 lorum,
698 2091 818 2130 esse
849 2075 940 2143 qui
979 2074 1276 2129 discordias
1321 2086 1628 2140 conserant,
1660 2075 1752 2144 qui
1781 2073 2066 2130 furialibus

454 2166 689 2223 stimulis
717 2167 927 2221 animos
957 2166 1276 2236 inquietent.
1322 2167 1430 2221 Aut
1469 2167 1611 2222 enim
1659 2168 1939 2224 verissime
1990 2167 2068 2223 dii

453 2273 601 2329 sunt,
641 2270 696 2316 et
729 2275 793 2316 ea
833 2274 953 2330 quae
982 2259 1449 2316 commemorastis
1480 2275 1586 2317 non
1607 2259 1814 2317 faciunt
1847 2279 1861 2316 :
1893 2271 1988 2317 aut
2019 2260 2068 2317 si

2179 600 2324 648 sunt.

2249 684 2444 740 XXIX.
2489 683 2557 739 Et
2598 692 2778 738 tamen
2827 697 3110 753 possemus
3156 691 3463 751 utcumque
3496 679 3759 749 accipere:

2179 780 2337 835 vobis
2371 779 2466 832 has
2495 787 2708 833 mentes
2735 776 3018 846 impiarutn
3041 776 3392 847 plenissimas
3426 770 3761 836 ﬁctionum,si

2179 888 2286 928 non
2315 871 2481 926 multa
2509 870 2579 926 de
2607 870 2710 924 diis
2739 870 2840 938 ipsi
2869 880 2979 923 tam
3007 869 3283 925 contraria
3317 877 3661 936 prementes,
3685 865 3760 917 dis-

2179 962 2548 1032 sulventiaque
2598 977 2659 1018 se
2707 962 2841 1031 ipsa,
2887 962 3158 1019 sustinere
3204 957 3762 1026 animicompellerelis

2173 1069 2474 1111 assensum.
2499 1052 2632 1108 Cum
2660 1053 2807 1108 enim
2833 1053 3031 1126 singuli
3059 1051 3305 1122 singulos
3331 1050 3554 1105 anteire
3578 1049 3762 1103 interio-

2175 1147 2251 1202 ris
2276 1145 2602 1201 contenditis
2646 1146 2888 1201 scientia:
2936 1146 3113 1209 laude,
3163 1154 3219 1199 et
3261 1142 3398 1198 deos
3451 1141 3627 1210 ipsos,
3669 1155 3762 1210 quos

2174 1239 2493 1309 opinamini,
2547 1239 2773 1294 tollitis:
2807 1250 2863 1294 et
2897 1237 3160 1309 reponitis
3195 1237 3360 1302 alios,
3402 1249 3548 1306 quos
3583 1235 3764 1288 manife-

2174 1340 2316 1386 stum
2346 1340 2431 1386 est
2475 1344 2582 1385 non
2611 1343 2732 1386 esse
2761 1348 2775 1384 :
2803 1340 2859 1385 et.
2902 1330 3041 1385 alius
3078 1328 3222 1383 aliud
3261 1327 3332 1382 de
3375 1327 3578 1382 iisdem
3625 1327 3762 1382 dicitis

2177 1424 2366 1492 rebus,
2400 1432 2456 1478 et
2482 1424 2797 1479 innumeros
2819 1437 2941 1479 esse
2969 1422 3338 1486 conscribitis,
3366 1437 3510 1491 quos
3533 1437 3655 1476 esse
3679 1423 3758 1476 sin-

2171 1517 2328 1589 gulos
2352 1533 2567 1587 semper
2597 1517 2888 1574 consensio
2924 1517 3132 1588 accepit
3169 1515 3430 1570 humana.
3467 1515 3759 1584 Incipiamus

2170 1627 2300 1682 ergo
2317 1611 2637 1668 solemniter
2653 1613 2722 1668 ab
2742 1611 2879 1667 .lano
2903 1620 2958 1667 et
2983 1625 3084 1666 nos
3105 1620 3278 1680 patre,
3299 1625 3469 1680 quem
3493 1610 3700 1679 quidam
3715 1626 3761 1663 ex

2173 1704 2330 1758 vobis
2374 1703 2658 1769 mundum,
2709 1720 2913 1759 annum
2958 1702 3070 1769 alii,
3115 1703 3287 1757 solem
3335 1717 3462 1757 esse
3509 1701 3763 1771 prodidere

2168 1796 2438 1851 nonnulli.
2466 1795 2622 1863 Quod
2664 1797 2709 1850 si
2739 1797 3067 1866 accipiemus
3093 1802 3152 1848 ut
3183 1809 3369 1848 verum
3399 1795 3494 1860 sit,
3529 1795 3762 1864 sequitur,

2169 1899 2228 1944 ut
2281 1889 2508 1960 intelligi
2557 1889 2755 1946 debeat
2809 1891 3013 1946 nullum
3058 1903 3313 1960 umquam
3364 1888 3536 1944 fuisse
3564 1887 3763 1956 Janum,

2167 1999 2326 2055 quem
2359 1983 2542 2040 ferunt
2567 1984 2722 2041 leo
2751 1995 2914 2055 atque
2943 1984 3145 2041 Hecate
3173 1993 3522 2055 procreatum
3553 1984 3606 2038 in
3639 1983 3760 2039 Italia

2168 2093 2427 2148 regnasse
2458 2079 2714 2148 primum,
2734 2077 2964 2134 Ianiculi
2991 2077 3172 2148 oppidi
3190 2077 3556 2145 conditorem,
3583 2087 3758 2147 patrem

2169 2169 2353 2237 Fonti,
2385 2168 2638 2224 Vulturni
2669 2184 2959 2240 generum,
2987 2169 3236 2225 Juturnae
3286 2171 3544 2226 maritum
3575 2191 3588 2223 :
3628 2181 3760 2241 atque

2170 2261 2243 2317 ita
2267 2275 2365 2332 per
2398 2276 2496 2318 vos
2522 2261 2613 2318 dei
2644 2275 2846 2320 nomen
2881 2261 3147 2329 eraditur,
3179 2277 3345 2334 quem
3374 2263 3430 2320 in
3455 2264 3659 2320 cunctis
3682 2278 3760 2318 an-

1818 2411 2388 2471 COMMENTARIUS.

447 2556 683 2612 bcndum
710 2571 722 2607 :
755 2553 1068 2622 Frustraque
1095 2551 1262 2604 vincla
1290 2549 1486 2622 gutturi
1516 2559 1682 2605 nectes
1711 2561 1816 2612 tuo.
1846 2560 1900 2606 et
1928 2550 2044 2606 for-

449 2630 585 2682 sitan
615 2628 773 2681 etiam
797 2624 937 2692 apud
966 2631 1204 2676 nostrum
1234 2641 1246 2676 :
1272 2632 1538 2675 nectuntur
1557 2623 1832 2676 cervicibus
1854 2624 2042 2693 laquei.

448 2703 736 2758 (Jmterum,
771 2707 826 2749 ut
868 2697 979 2762 ipse
1026 2693 1225 2747 fatetur
1268 2708 1511 2746 summus
1552 2696 1888 2757 criticorum,
1943 2693 2049 2748 tale

449 2771 576 2839 quid
605 2768 848 2822 fortassis
880 2765 1158 2839 ferendum
1189 2766 1243 2839 in
1266 2764 1746 2839 Arnobiouutpote
1777 2768 2048 2835 scriptore

449 2833 627 2896 minus
653 2847 902 2893 accurato
931 2847 983 2890 et
1011 2836 1277 2904 sequioris
1305 2836 1498 2889 relatis.
1531 2833 1734 2891 ORELL.

522 2912 940 2964 Conscenduntur
979 2909 1216 2960 ardentes
1245 2907 1376 2977 rOgi.
1412 2906 1618 2961 Allusio
1649 2907 1718 2962 ad
1755 2908 1922 2962 latum
1957 2907 2048 2961 Di-

451 2984 625 3037 donis.
660 2981 861 3036 Οιιειι..

524 3074 592 3128 Et
615 3091 702 3144 per
725 3083 887 3126 vastas
907 3081 1059 3144 atque
1081 3069 1356 3144 altissimas
1373 3083 1532 3144 rupes
1553 3069 1754 3144 jaciunt
1781 3085 1834 3144 se
1856 3070 2048 3144 passim

449 3139 746 3200 voluntariis
776 3143 990 3195 saltibus
1017 3140 1338 3210 prtecipitati.
1372 3139 1611 3210 Respicit
1634 3139 1904 3194 Arnobius
1931 3140 2050 3196 sine

449 3219 614 3273 dubio
639 3217 704 3270 ad
738 3209 1022 3267 famosum
1053 3212 1199 3263 illum
1243 3211 1436 3262 saltum
1481 3225 1512 3263 θ
1557 3209 1823 3264 Leucadia

451 3289 592 3342 unde
632 3286 898 3353 desperati
945 3291 1188 3335 amantes
1227 3292 1292 3353 et
1313 3280 1609 3353 remedium
1649 3280 1859 3353 furoris
1902 3299 2052 3352 quie-

449 3370 630 3415 rentes
674 3351 746 3410 ini
777 3369 926 3408 mare
973 3368 1032 3406 se
1079 3351 1506 3420 prarcipitaliant.
1561 3351 1680 3405 Vid.
1737 3353 1892 3406 Ovid.
1927 3351 2054 3408 Ηρ-

449 3431 586 3485 roid.
626 3445 715 3492 xv,
748 3426 850 3481 164
896 3439 1045 3494 seqq.
1091 3432 1165 3484 et,
1210 3423 1298 3494 qui
1350 3422 1556 3494 liacde
1602 3438 1660 3476 re
1702 3424 1906 3477 multus
1945 3435 2048 3492 est,

447 3502 720 3556 illustriss.
755 3492 1096 3564 Bartbcleniy
1122 3497 1174 3548 in
1208 3492 1413 3564 Voyuge
1442 3492 1512 3546 du
1528 3494 1688 3562 jeune
1713 3495 2048 3564 Anacharsis,

450 3590 569 3638 Cap.
612 3571 700 3625 56.
736 3569 938 3623 Οιιειι..

525 3635 757 3697 XXVIII.
816 3669 882 3678 ——
936 3636 1281 3704 Quisquamne
1349 3646 1425 3688 est
1499 3635 1764 3690 honiinum
1835 3639 2051 3694 rationis

447 3717 668 3782 alicujus
712 3710 1004 3779 primordiis
1071 3707 1298 3761 indutus.
1358 3705 1434 3782 lla
1483 3723 1522 3782 e_
1561 3708 1683 3782 cod.
1717 3710 2048 3782 ms._7|0cum

449 3776 682 3839 restituit
713 3776 781 3836 'P.
815 3782 1171 3842 Burmannus,
1205 3793 1263 3841 ιι,
1308 3778 1373 3830 ad
1399 3776 1620 3831 Antliol.
1671 3780 1786 3844 lat.,
1828 3780 1922 3833 ΙΝ).
1969 3797 2046 3848 ιιι,

447 3872 615 3910 carm.
645 3869 822 3916 Lxxw,
851 3867 990 3905 vers.
1024 3849 1111 3910 -l0,
1139 3865 1260 3918 pag.
1291 3849 1418 3913 5H,
1453 3850 1560 3902 vol.
1587 3867 1622 3903 ι.
1654 3849 1844 3905 Caneri
1878 3853 2048 3904 imbuo

448 3939 547 3981 tus.
593 3927 698 3983 Sed
741 3925 949 3976 induere
986 3923 1191 3974 virtutes
1222 3931 1267 3972 et
1310 3922 1434 3972 vitia
1463 3921 1601 3989 apud
1640 3923 1879 3990 Optimos
1909 3924 2046 3976 scri-

448 4010 614 4053 tores.
657 3998 730 4051 lla
767 3993 984 4049 Tacitus
1027 4007 1115 4043 xv.
1162 3991 1383 4056 Annal.,
1416 4006 1464 4043 c.
1492 3992 1600 4046 45:
1633 3995 1876 4046 Animum
1906 3995 2050 4048 bonis

445 4070 639 4122 artibus
676 4083 776 4120 non
814 4065 1072 4116 induerat.
1116 4061 1318 4118 Livius.
1359 4063 1452 4114 lib.
1499 4078 1578 4126 ιιι,
1612 4079 1731 4128 cap.
1769 4065 1877 4117 35:
1911 4065 2050 4118 Adeo

446 4157 630 4193 novum
671 4138 765 4191 sibi
810 4137 1066 4207 ingenium
1104 4131 1363 4207 induerat,
1397 4143 1451 4185 et
1493 4135 1569 4207 sic
1596 4137 1885 4207 insigne;
1938 4136 2047 4190 llo-

445 4227 620 4273 niero,
650 4209 799 4263 Iliad.
833 4203 894 4259 A7.
931 4203 1051 4268 119,
1082 4215 1133 4256 et
1158 4206 1380 4272 passim,
1406 4213 1460 4255 et
1500 4205 1551 4255 in
1594 4204 1655 4256 N.
1689 4203 2045 4270 Testament.,

447 4283 649 4346 Evaug.
681 4280 837 4340 Luc.,
871 4292 988 4348 cap.
1018 4274 1318 4348 ult.,_v_ers.
1350 4273 1420 4328 49
1447 4291 1457 4325 :
1489 4274 1790 4348 Ἑνδύσῃσθε
1819 4275 2048 4348 δύναμιν.

445 4345 610 4408 (ἐοηῑξ
635 4352 889 4406 Arnlzeu.
917 4347 982 4400 ad
1017 4345 1169 4398 l’liuii
1205 4345 1428 4413 Paneg.,
1462 4359 1580 4412 cap.
1614 4347 1703 4400 81.
1735 4349 1936 4401 OuELL.

522 4424 670 4490 Quod
711 4424 761 4474 in
803 4435 981 4490 genere
1021 4416 1218 4490 virtutis
1261 4418 1408 4490 unita
1451 4419 2040 4490 perfectionis_apicem,

447 4487 594 4564 (itque
634 4487 1017 4564 ipsius—retinet
1060 4487 1330 4564 sapientia:
1376 4490 1738 4564 summitatem.
1785 4488 1950 4564 Recte
1996 4491 2048 4544 in

444 4559 854 4660 geiiereévirtutis
886 4562 1047 4660 anulo,
1084 4559 1134 4639 id
1171 4569 1272 4660 est,
1317 4559 1370 4612 in
1415 4567 1525 4612 toto
1555 4560 2049 4660 et.'iiitegro.vi.rt.u-
2075 4599 2129 4660 Ι)

447 4630 560 4691 ium
603 4637 791 4696 choro,
834 4635 884 4685 in
933 4641 1040 4684 tota
1091 4631 1299 4682 virtutis
1341 4645 1572 4695 summa,
1618 4630 1688 4685 ita
1735 4644 1792 4684 ut
1834 4631 2047 4686 virtutis

449 4725 570 4776 pars
619 4707 761 4760 nulla
809 4702 1100 4776 desiderari
1153 4700 1338 4768 possit.
1375 4701 1678 4776 falluntur
1727 4704 1908 4772 igitur,
1959 4705 2048 4776 qui

449 4772 564 4833 iia-c
583 4790 790 4831 mutare
809 4777 1014 4828 volunt.
1040 4772 1355 4825 llsuALu.—
1375 4772 1528 4826 Fulv.
1555 4772 1735 4844 Ursin.
1767 4776 1868 4842 leg.
1902 4775 2046 4844 conj.

446 4852 614 4912 unico,
636 4848 992 4904 Stewecluus,
1018 4844 1200 4895 auiae.
1225 4844 1325 4895 l’ro
1343 4845 1518 4896 retinet
1539 4843 1795 4900 Gelenius
1825 4843 2049 4914 redireti-

448 4933 587 4985 ncut,
620 4927 876 4988 Sequente
904 4916 1110 4988 cditore
1140 4914 1336 4988 Lugd.,
1380 4915 1538 4978 male,
1583 4916 1792 4983 opinor.
1843 4918 2049 4972 Sensus

446 5004 530 5047 est
556 5011 566 5044 :
598 4985 732 5062 quod
760 4989 876 5042 scil.
910 4985 1161 5062 plaﬂidos,
1193 4986 1349 5050 lenes,
1383 4988 1528 5062 mites
1556 4989 1899 5062 esse,_retine_t
1932 5005 2048 5062 per-

445 5056 679 5136 fectionis
725 5062 950 5136 apicem._
995 5056 1198 5136 Eodem
1228 5069 1413 5136 ‘SellS-ll
1459 5057 1522 5136 _D.
1555 5058 1775 5136 liaulus
1829 5060 1894 5112 ad
1934 5056 2047 5113 Co-

447 5128 555 5187 loss
608 5148 682 5192 Ill,
715 5128 855 5184 vers.
895 5130 979 5182 ll.
1011 5131 1123 5188 ἣτις
1147 5129 1318 5201 ἀγάπη
1357 5130 1470 5184 ἐστὶ
1502 5128 1789 5202 σύνδεσμος
1838 5141 1929 5192 τῆς
1961 5153 2045 5186 τε·

441 5208 710 5264 λειότητος.
743 5203 946 5257 Οιιειι..

517 5279 668 5330 ιλιι),
713 5272 908 5329 XXIX.
934 5301 1002 5310 -—
1026 5270 1168 5324 Alius
1198 5270 1342 5323 aliud
1370 5273 1433 5323 de
1461 5270 1640 5325 iisdem
1669 5272 1841 5325 dicitis
1870 5273 2039 5328 rebus.

444 5349 516 5403 Ita
568 5350 846 5401 Meursius.
878 5344 1048 5415 Antea
1094 5345 1157 5395 de
1199 5343 1447 5411 ejusdem,
1497 5354 1600 5398 etc.
1647 5343 1837 5398 Editor
1869 5344 2040 5415 Lugd.

445 5421 561 5473 Ilat.
597 5417 865 5472 auilaciori
905 5413 1212 5482 conjectura
1243 5423 1414 5466 mutat
1445 5431 1457 5467 :
1486 5415 1615 5466 alios
1645 5416 1777 5469 alius
1829 5413 1971 5469 deos
1991 5417 2041 5471 in

440 5493 631 5548 eisdem
663 5490 828 5542 dicitis
859 5485 1024 5549 rebus,
1059 5495 1284 5550 temere,
1311 5484 1530 5553 Opinor;
1563 5501 1735 5553 neque
1757 5486 1901 5542 enim
1927 5503 2042 5541 om-

443 5567 528 5616 nia
563 5564 612 5615 in
649 5558 889 5614 Arnoliio
938 5557 1340 5610 accuratissima
1369 5565 1423 5610 et
1451 5557 1516 5610 ad
1564 5558 1854 5626 IOgicorum
1897 5574 2036 5627 prm-

439 5644 614 5702 cepta.
651 5631 912 5700 Equidem
943 5643 1063 5680 CIIIII
1097 5627 1401 5702 Stevvgchio
1445 5628 1592 5702 verb.
1637 5630 1782 5702 rebus
1828 5646 2037 5698 expuu-

437 5688 668 5770 {JOlldlIIll
702 5688 847 5771 puto,
876 5712 1147 5769 tamquam
1189 5688 1451 5771 gld'ssema
1490 5699 1717 5761 librarii,
1749 5710 1806 5754 ut
1846 5688 2037 5757 Seiisus

437 5781 543 5831 sit:
575 5775 708 5829 alius
745 5776 885 5827 aliud
921 5777 984 5825 de
1015 5771 1193 5823 iisdem
1225 5770 1410 5833 dicitis,
1442 5771 1646 5825 scilicet
1676 5772 1792 5826 diis.
1827 5771 2029 5828 ORELL.

511 5846 673 5912 Quem
711 5845 914 5914 quidam
945 5859 1005 5895 ea:
1035 5842 1172 5914 vobis
1208 5841 1483 5914 mundum,
1508 5859 1700 5914 annum
1729 5844 1840 5906 alii,
1875 5844 2036 5897 solem

436 5909 548 5979 esse
588 5909 855 5991 prodidere
904 5912 1158 5969 nonnulli.
1213 5910 1347 5967 Vide
1393 5909 1573 5982 Ovid.,
1622 5913 1770 5972 Fest.
1819 5931 1857 5984 ι,
1907 5917 2030 5986 117,

2154 2564 2343 2619 seqq.;
2387 2549 2624 2632 Macrob.
2679 2551 2926 2618 Saturn.,
2973 2552 3084 2636 lib..
3113 2569 3153 2618 ι,
3201 2568 3324 2636 cap.
3371 2555 3440 2620 9;
3489 2554 3663 2624 Voss,
3704 2557 3757 2615 de

2154 2618 2679 2704 lthIOla'll'.:-ltb..ll,
2712 2639 2834 2689 cap.
2868 2623 2958 2704 lli,
2991 2634 3046 2679 et
3069 2623 3626 2704 unprimisjoannem
3657 2629 3750 2700 Ly-

2158 2693 2310 2771 dum,
2341 2692 2742 2771 deAMensibus,
2767 2711 2888 2766 cap.
2924 2696 2950 2749 1
2987 2705 3043 2750 et
3067 2695 3124 2761 2,
3153 2692 3296 2766 pag.
3342 2698 3437 2765 55,
3471 2715 3640 2771 seqq,
3671 2692 3745 2755 eil.

2156 2763 2378 2819 Sclmw.
2409 2764 2619 2820 Οιιειι..

2228 2834 2465 2889 Janiculi
2485 2837 2666 2907 Oppidi
2681 2837 3022 2891 conditorem.
3039 2837 3316 2909 Virgilius,
3333 2838 3463 2895 En.
3477 2885 3489 2908 ,
3508 2857 3618 2908 Vill,
3633 2843 3752 2898 558:

2249 2949 2387 3016 lianc
2410 2950 2564 3016 Janus
2582 2951 2756 3016 Pater,
2776 2952 2902 3016 hanc
2919 2952 3161 3003 Saturnus
3180 2954 3393 3003 condidit
3416 2967 3600 3016 arcem,

2247 3012 2526 3063 laniculum
2552 3014 2684 3074 huic,
2711 3014 2781 3064 illi
2812 3014 2976 3066 fuerat
2996 3016 3227 3066 Saturnia
3251 3030 3453 3067 nomen.

2153 3139 2307 3213 Conf.
2340 3139 2526 3213 Ovid._,
2559 3141 2706 3195 Fast.
2741 3157 2779 3209 ι,
2813 3159 2957 3197 vers.
2991 3142 3123 3208 2M,
3152 3159 3306 3213 seqq.
3343 3145 3550 3202 ORELL.

1879 3223 2047 3280 petra,
2079 3208 2127 3272 C
2165 3282 2170 3283 ί
2235 3211 2445 3265 Patrem
2479 3210 2656 3283 Eonti.
2687 3208 2772 3268 Ita
2797 3231 2898 3269 ms.
2926 3215 3119 3269 Scribo
3150 3208 3350 3283 patr-em
3381 3215 3584 3272 Fontis.
3616 3217 3748 3274 Hunc

2160 3282 2454 3359 Martialius
2489 3282 2713 3359 gapella
2757 3295 3006 3359 recenset
3052 3282 3195 3359 inter
3233 3290 3492 3342 secundm.
3539 3292 3748 3359 regionis

2156 3355 2280 3430 ειηΙί
2310 3354 2727 3430 deoshbleminit
2757 3355 3119 3430 luijusetiam
3144 3357 3336 3430 Varro,
3368 3359 3439 3413 de
3468 3354 3620 3430 Ling:
3645 3362 3745 3424 lat.,

2155 3425 2248 3498 lib.
2284 3441 2337 3490 v,
2368 3435 2425 3498 et
2446 3423 2661 3491 Cicero,
2691 3426 2764 3498 de
2788 3426 3041 3494 Legibus.
3072 3429 3166 3481 ιιι».
3196 3445 3234 3482 ιι
3263 3429 3409 3498 (cap.
3442 3423 3652 3498 22),'de
3675 3448 3746 3486 se-

2157 3497 2371 3572 pultura
2416 3497 2641 3572 loquens
2674 3513 2687 3551 :
2731 3497 2986 3572 Redditur
3020 3501 3155 3552 enim
3195 3497 3574 3572 terrw’corpus
3611 3511 3654 3556 et
3688 3506 3745 3554 ita

2155 3567 2381 3637 locatum
2422 3583 2483 3620 ac
2523 3567 2678 3621 situm
2720 3570 2867 3636 quasi
2909 3572 3224 3637 operimento
3264 3573 3448 3627 matris
3479 3567 3738 3626 obducitur.

2155 3635 2454 3707 Eodemque
2476 3638 2577 3691 ritu
2605 3640 2658 3692 in
2686 3635 2746 3692 eo
2767 3635 3062 3709 sepulchro,
3102 3642 3240 3711 quod
3278 3644 3463 3708 procul
3495 3646 3563 3696 ad
3589 3643 3744 3698 Fontis

2154 3725 2294 3784 aras,
2325 3725 2526 3784 _regem
2573 3721 2804 3784 nostrum
2863 3711 3091 3784 Numam
3141 3715 3405 3767 conditum
3457 3718 3735 3784 accepimus.

2154 3781 2278 3855 Ara:
2323 3779 2600 3855 li:e_era_nt
2628 3781 2681 3835 in
2712 3781 2983 3855 Janiculo.
3027 3793 3248 3851 prepter
3288 3799 3428 3854 quas
3457 3779 3736 3855 sepulcrum

2153 3850 2372 3926 Nummi
2407 3850 2890 3926 delub_rum_etiam
2933 3850 3120 3908 habuit
3152 3850 3548 3924 juxta—portam
3589 3859 3734 3926 Cape-

2154 3920 2501 3998 nam.__Sacra
2533 3923 2984 3998 ejus_Fontina|ia
3029 3920 3474 3998 celebrabantur,
3496 3920 3736 3998 propri'die

2155 3992 2278 4048 ldus
2305 3993 2594 4067 Octobres.
2628 3993 2920 4060 Meuasws,
2956 4012 3076 4064 pag.
3109 3996 3179 4052 96
3208 4013 3326 4067 seq.
3351 4028 3424 4038 —
3443 3992 3606 4053 conf:
3633 4000 3737 4054 Rei-

2158 4079 2269 4136 nes.
2313 4063 2594 4133 lnscript.,
2635 4080 2756 4136 pag.
2806 4063 2966 4130 102;,
2996 4067 3199 4131 Davis.,
3248 4063 3316 4122 ad
3365 4067 3481 4124 Cic.
3531 4070 3598 4124 de
3637 4070 3732 4125 Nat.

2153 4135 2334 4208 gl_eor.,_
2369 4135 2463 4190 lib.
2493 4135 2724 4208 nt,_c_ap.
2759 4136 2852 4201 ΩΟ,
2897 4149 2950 4193 et
2993 4138 3131 4208 llug.
3178 4138 3362 4205 Grot.,
3409 4139 3478 4194 ad
3517 4139 3734 4195 Martiae.

2151 4205 2456 4278 Capella].
2488 4223 2540 4266 ις
2573 4205 2898 4278 Wagnerus.
2928 4205 3338 4264 recentissimus
3367 4211 3550 4266 editor
3593 4213 3733 4266 libro-

2151 4293 2270 4331 rum
2303 4277 2370 4350 de
2397 4277 2650 4348 Legibus,
2683 4277 2734 4332 in
2763 4280 2881 4334 loco
2904 4279 3189 4335 Ciceronis
3227 4295 3392 4350 supra
3425 4281 3636 4337 laudato
3657 4299 3732 4337 no-

2150 4357 2321 4420 strum
2353 4349 2531 4420 locum
2560 4351 2734 4405 citans
2766 4350 3053 4420 legendum
3087 4362 3277 4406 censet
3301 4349 3317 4406 ὲ
3342 4353 3414 4405 ad
3437 4351 3594 4407 Fonn’
3619 4371 3728 4407 aras.

2150 4418 2234 4474 Ab
2281 4419 2382 4474 hoc
2412 4419 2597 4494 Fonte
2633 4422 2752 4477 sive
2783 4418 2956 4494 Fonte
2987 4421 3172 4494 (quem
3213 4422 3335 4494 Jani
3371 4423 3538 4478 lilium
3571 4424 3728 4487 fuisse.

2150 4503 2217 4544 ex
2257 4491 2639 4564 uuo_Arnorbio
2682 4493 2956 4564 novimus)
2999 4491 3214 4562 gentem
3247 4493 3528 4549 Fouteiam
3563 4512 3728 4549 nomen

2154 4562 2669 4635 suumdeduxisse,
2712 4562 3263 4629 conjicit'VaiIlantus
3304 4567 3448 4635 apud
3484 4565 3656 4622 Ekhel.
3686 4566 3727 4620 in

2158 4631 2406 4706 Doctrina
2427 4632 2779 4706 Nummorum
2805 4635 2947 4697 Vet.,
2968 4644 3101 4690 tom.
3127 4653 3179 4697 v,
3207 4651 3260 4706 p.
3279 4631 3411 4692 21⁷4.
3438 4636 3514 4693 Ex
3542 4653 3726 4691 nummo

2153 4703 2296 4779 illius
2323 4705 2498 4773 gentis
2525 4716 2685 4772 caput
2723 4705 2872 4779 Janih
2891 4723 3041 4761 more
3070 4703 3348 4778 geminum
3391 4708 3632 4779 lanugine
3654 4724 3726 4762 ve-

2153 4774 2338 4844 stitum
2370 4787 2814 4844 reprmsentante.
2849 4774 3114 4831 Rascliiu's
3142 4787 3323 4833 autem
3353 4779 3404 4833 in
3434 4774 3622 4835 Lciiw
3647 4779 3724 4833 Rei

2151 4843 2480 4919 Nummariie
2509 4862 2560 4900 v.
2593 4845 2812 4919 Fonteia
2841 4850 3020 4919 gentis
3043 4858 3324 4905 auctorem
3355 4850 3514 4905 deum
3555 4850 3724 4904 Fonte-

2153 4931 2275 4969 nem
2305 4917 2560 4989 appellat.
2597 4918 2723 4973 litec
2753 4917 2862 4973 non
2905 4919 3212 4989 intelligens
3242 4919 3502 4977 Gelenius
3541 4921 3720 4977 edidit:

2151 4997 2346 5111 ἕατ’-ειη
2391 4987 2583 5053 Fauni,
2628 4991 2878 5058 pessime.
2910 4990 3045 5045 Nam
3073 4987 3194 5061 quis
3226 4992 3538 5055 crediderit,
3570 4996 3720 5046 Arno-

2195 5058 2299 5111 ium
2329 5059 2429 5111 sibi
2460 5069 2736 5111 tantonere
2766 5063 3162 5111 contradixisse
3188 5077 3352 5111 supra
3385 5063 3458 5111 lib
3486 5079 3542 5111 ιι-
3569 5077 3614 5111 c.
3646 5063 3717 5111 70.

2195 5058 2299 5112 ium
2329 5059 2736 5131 sibiitantopere
2766 5058 3162 5119 contradixisse
3188 5077 3353 5131 supra
3385 5063 3458 5118 lib
3486 5079 3542 5128 ιι,
3569 5077 3614 5118 c.
3646 5063 3717 5122 70.

2151 5127 2398 5205 Faunum
2442 5130 2549 5205 Pici
2592 5127 2762 5205 lilium
2807 5135 3116 5199 facientem,
3150 5144 3204 5189 et
3236 5127 3341 5190 lioc
3380 5127 3534 5201 loco,
3565 5135 3719 5205 paucis

2149 5202 2357 5272 paginis
2387 5201 2706 5270 iuterjectis,
2737 5204 2857 5259 Jani
2890 5205 3095 5259 lilium?
3125 5205 3333 5261 Οιιειι..

2275 5273 2470 5326 ulturni
2513 5291 2785 5343 generum.
2832 5276 3125 5330 Vulturnus
3169 5277 3365 5332 ﬂuvius
3417 5275 3714 5344 Campania’.

2147 5343 2215 5400 de
2242 5360 2348 5412 quo
2379 5344 2580 5398 multus
2613 5355 2697 5400 est
2725 5347 2944 5402 Oberlin
2979 5346 3043 5402 ν.
3087 5347 3169 5404 Cl.
3201 5349 3267 5402 ad
3301 5348 3513 5406 Vibium
3542 5343 3717 5415 Seque.

2146 5415 2652 5491 stremhpagZQlO
2691 5433 2806 5489 seq.
2828 5419 3012 5491 illujus
3042 5435 3201 5486 unus,
3233 5424 3376 5491 quod
3406 5420 3534 5483 scio,
3566 5419 3717 5474 Arno-

2143 5487 2265 5560 bius
2302 5488 2467 5540 tiliam
2501 5487 2626 5541 facit
2657 5487 2949 5560 nympham
2977 5487 3284 5545 Juturnani.
3315 5491 3516 5546 Οιιειι..

2216 5559 2460 5612 Iuturna:
2502 5559 2764 5614 maritum.
2810 5564 2883 5617 De
2924 5562 3026 5617 bac
3054 5562 3154 5617 dea
3184 5563 3337 5617 locus
3365 5561 3609 5616 classicus
3643 5567 3708 5610 est

2144 5630 2317 5685 Servii
2359 5630 2423 5682 ad
2459 5629 2672 5700 Virgil.,
2713 5632 2839 5687 Ᾰῦη.
2885 5650 2990 5697 xu,
3025 5648 3166 5688 vers.
3203 5634 3341 5688 139:
3370 5633 3586 5686 Juturna
3610 5631 3707 5698 {om

2141 5711 2216 5756 est
2244 5703 2295 5755 in
2327 5700 2351 5754 Ι
2363 5701 2490 5774 talia
2519 5702 2887 5758 saluberrimus
2907 5707 3062 5774 juxta
3095 5703 3373 5759 Numicum
3402 5707 3582 5773 ﬂumen
3602 5718 3690 5774 ,τυ

2142 5790 2326 5850 nomen
2368 5789 2398 5824 a
2429 5773 2667 5850 juvando
2699 5784 2782 5850 est
2822 5773 3061 5830 inditum.
3110 5775 3240 5830 Cum
3270 5779 3404 5850 enim
3433 5773 3708 5850 naturaliter

2141 5847 2304 5899 omnis
2327 5860 2459 5916 aqua
2484 5847 2640 5898 noxia
2665 5846 2730 5899 sit
2751 5857 3110 5902 extraneorum
3130 5849 3445 5916 corporibus,
3472 5846 3547 5899 hic
3567 5846 3708 5916 omni:

2141 5862 2304 5899 omnis
2327 5862 2355 5896 α
2395 5861 2459 5896 ua
2484 5861 2640 5898 noxia
2665 5861 2730 5899 8“
2751 5861 3110 5902 extraneorum
3130 5861 3445 5916 corporious,
3472 5861 3547 5899 mc
3567 5861 3708 5896 omni-

2139 5917 2230 5975 bus
2251 5861 2614 5974 saluberrimus
2635 5919 2752 5987 fons
2769 5929 2864 5975 est.
2884 5919 2963 5975 De
2978 5921 3073 5977 hoc
3091 5929 3258 5978 autem
3281 5924 3417 5990 [ante
3432 5917 3636 5976 Romam
3651 5914 3708 5967 ad
