3872 6344
359 345 465 412 987

1492 352 1772 412 ARNOBII
1807 349 2177 413 ADVERSUS
2213 353 2489 413 GENTES

3564 354 3658 412 988

358 469 425 524 ad
455 465 609 524 istius
631 465 862 524 nominis
883 466 1136 527 columen
1157 455 1312 528 vobis
1337 467 1710 528 laudatoribus
1734 472 1950 540 elevati,
1978 473 2034 534 Α
2059 471 2198 528 redit
2235 489 2248 528 :
2281 482 2341 529 ut
2383 487 2558 544 neque
2599 471 2678 528 sol
2721 469 2858 528 deus
2909 470 3009 539 sit,
3045 486 3221 544 neque
3280 471 3412 527 luna
3434 513 3448 540 ,
3499 487 3658 544 neque

357 562 672 618 universam
696 561 1081 620 istammolem
1111 560 1322 630 mundi,
1355 563 1510 635 cujus
1530 579 1722 621 omnes
1750 565 1956 637 ample-

357 657 518 713 xibus
539 653 831 726 ambimur,
865 659 1116 730 tegimur,
1147 674 1211 714 ac
1230 645 1589 726 sustinemur,
1611 658 1809 714 animal
1834 673 1957 715 esse

359 763 562 815 unum,
599 753 848 822 sapiens,
880 744 1197 808 rationabile
1225 761 1274 820 ιι,
1329 753 1634 808 consultum
1689 749 1955 822 probabili

365 841 772 899 asSeveratione
797 842 1058 900 deﬁniunt
1085 861 1098 897 :
1123 857 1351 914 quorum
1377 844 1420 900 si
1442 854 1526 900 est
1556 859 1683 899 Vera
1700 883 1717 912 ,
1744 853 1801 902 et
1825 843 1953 912 lixa,

361 945 506 992 certa
531 934 797 993 sententia
816 977 831 1001 ,
861 935 1025 992 etiam
1054 936 1130 999 illi
1154 939 1414 993 continuo
1436 937 1690 995 desinent
1713 937 1785 994 dii
1809 952 1952 1005 esse,

361 1043 498 1101 quos
523 1030 579 1107 in
607 1027 724 1099 ejus
752 1030 1094 1100 portionibus
1115 1031 1278 1102 paulo
1305 1041 1431 1088 ante
1452 1029 1750 1088 immutatis
1777 1032 1956 1088 nomi-

365 1123 527 1178 nibus
552 1121 985 1178 Constituebatis.
1015 1120 1086 1180 Ut
1108 1125 1251 1179 enim
1279 1124 1443 1181 homo
1465 1140 1602 1182 unus
1624 1112 1811 1197 nequit
1834 1141 1960 1196 per-

361 1208 616 1270 manente
645 1217 728 1270 sui
761 1214 1006 1287 corporis
1041 1217 1346 1288 integritate
1382 1218 1436 1272 in
1469 1217 1720 1274 homines
1760 1219 1960 1275 multos

359 1306 534 1363 scindi
569 1325 582 1362 :
617 1321 794 1378 neque
839 1303 1092 1364 homines
1140 1325 1328 1366 rursus
1372 1310 1549 1378 multi,
1580 1309 1959 1381 disjunctionis

359 1399 664 1456 diﬁerentia
694 1411 1036 1468 conservata,
1066 1401 1118 1457 in
1146 1403 1307 1459 unius
1335 1418 1529 1459 sensus
1555 1403 1958 1474 simplicitatem

361 1492 584 1548 conﬂari
614 1511 627 1546 :
660 1492 731 1548 ita
775 1493 822 1548 si
867 1493 1098 1551 mundus
1127 1511 1290 1550 unum
1323 1505 1406 1552 est
1451 1495 1648 1551 animal
1670 1537 1685 1564 ,
1719 1504 1772 1550 et
1802 1497 1960 1552 unius

363 1584 561 1638 mentis
592 1584 888 1654 agitatione
913 1593 1151 1641 motatur
1194 1604 1207 1641 :
1240 1601 1341 1643 nec
1369 1586 1422 1642 in
1452 1587 1602 1657 plura
1655 1596 1831 1656 potest
1861 1603 1963 1642 nu-

364 1676 510 1730 mina
538 1675 826 1747 dissipari,
862 1692 963 1734 nec
980 1678 1009 1756 ,ί
1041 1678 1085 1734 si
1132 1677 1250 1748 ejus
1296 1679 1574 1750 particula:
1602 1679 1674 1735 dii
1702 1687 1858 1747 sunt,
1908 1681 1960 1735 in

362 1768 520 1823 unius
547 1767 837 1824 animantis
885 1770 1273 1825 conscientiam
1299 1771 1419 1842 cogi
1463 1781 1627 1841 atque
1657 1771 1814 1827 verti.
1847 1770 1959 1827 Lu-

2057 561 2249 631 tether,
2299 562 2458 619 tellus
2480 605 2493 628 ,
2525 569 2582 618 et
2611 571 2829 618 cratera.
2883 560 3020 618 Sunt
3050 563 3196 618 enim
3229 572 3419 633 partes
3457 563 3649 631 mundi,

2061 673 2169 712 non
2193 657 2449 728 specialia
2473 657 2750 713 numinum
2780 657 2996 712 nomina
3032 677 3044 712 :
3071 666 3234 730 atque
3261 658 3336 711 ita
3365 657 3655 729 perﬁcitur,

2056 749 2239 805 omnia
2269 749 2426 805 vobis
2476 747 2819 805 turbantibus
2849 748 3316 822 miscentibusque
3349 751 3566 815 divina,
3599 762 3650 806 nt

2055 838 2110 896 in
2153 854 2335 895 rerum
2390 849 2582 894 natura
2634 854 2775 895 unus
2805 837 2946 895 Deus
2977 839 3342 896 constituatur
3391 840 3651 908 mundus,

2058 927 2298 1002 esplosis
2322 929 2576 986 omnibus
2603 931 2856 986 caeteris:
2886 931 3188 1002 quinimmo
3215 931 3245 971 δ
3278 932 3540 1000 inaniter,
3569 947 3658 988 va-

2058 1037 2158 1078 cue
2177 1063 2192 1087 ,
2217 1030 2272 1078 et
2297 1022 2414 1078 sine
2445 1022 2550 1077 ulla
2579 1021 2880 1078 substantia
2910 1023 3240 1079 constitutis.

2131 1113 2377 1171 XXXVI.
2413 1115 2468 1172 Si
2499 1114 2722 1171 totidem
2771 1129 2874 1172 nos
2904 1115 3114 1184 modis,
3167 1115 3506 1189 totidemque
3545 1133 3662 1175 sen-

2059 1207 2246 1263 tentiis
2272 1205 2504 1263 deorum
2545 1216 2852 1262 vestrorum
2880 1206 3273 1263 subrueremus
3307 1208 3471 1264 ﬁdem
3492 1251 3510 1275 ,
3537 1211 3659 1265 nulli

2056 1308 2203 1355 esset
2231 1297 2484 1366 dubium,
2517 1301 2645 1371 quin
2676 1299 2753 1355 ira
2785 1309 2839 1356 et
2869 1299 3020 1355 rabie
3049 1300 3338 1368 concitati,
3368 1302 3524 1372 ignes
3543 1345 3558 1367 ,
3588 1301 3658 1358 le-

2059 1405 2172 1458 ras,
2208 1400 2262 1448 et
2283 1391 2511 1464 gladios,
2544 1403 2708 1461 atque
2751 1392 2856 1447 alia
2899 1393 3247 1463 postularetis
3284 1394 3664 1464 suppliciorum

2061 1483 2115 1539 in
2163 1499 2264 1539 nos
2291 1499 2490 1554 genera
2513 1528 2526 1552 ,
2562 1484 2758 1555 quibus
2787 1485 2934 1540 sitim
2984 1485 3171 1540 soletis
3207 1496 3446 1557 vestram
3496 1487 3662 1542 nostri

2062 1576 2340 1647 sanguinis
2371 1575 2703 1646 appetitione
2731 1575 3006 1646 proluerc.
3031 1573 3164 1630 Cum
3188 1591 3320 1631 vero
3343 1591 3442 1647 per
3467 1591 3567 1631 vos
3595 1577 3667 1647 ip-

2063 1683 2152 1725 sos
2175 1669 2342 1739 prope
2364 1666 2542 1724 omnis
2570 1683 2703 1739 gens
2726 1667 3009 1724 numinum
3034 1669 3135 1724 sub
3162 1669 3538 1725 ostentatione
3569 1668 3667 1723 tol.

2065 1763 2204 1819 latur
2231 1763 2569 1835 ingeniorum
2613 1773 2772 1834 atque
2800 1762 3104 1829 doctrinae,
3142 1762 3358 1818 audetis
3391 1762 3670 1818 intendere

361 1876 428 1916 na
448 1904 462 1929 ,
499 1860 579 1917 sol
599 1906 613 1930 ,
665 1861 827 1917 tellus
851 1904 866 1929 ,
918 1862 1110 1932 mther,
1160 1874 1304 1919 astra
1324 1906 1340 1930 ,
1388 1862 1635 1920 membra
1685 1871 1811 1920 sunt
1832 1907 1848 1933 ,
1902 1873 1958 1920 et
1989 1873 2037 1934 Β
2065 1857 2234 1913 nostri
2262 1857 2491 1912 nominis
2517 1871 2675 1911 causa
2707 1871 2794 1912 res
2816 1855 3077 1910 humanas
3099 1855 3166 1911 ab
3187 1855 3291 1911 diis
3320 1858 3492 1927 premi
3521 1874 3532 1908 :
3559 1869 3672 1910 cum

361 1953 549 2010 mundi
578 1963 761 2024 partes
792 1971 808 2012 :
838 1954 979 2026 quod
1023 1956 1068 2010 si
1098 1966 1281 2027 partes
1305 1966 1360 2013 et
1388 1958 1630 2013 membra
1657 1967 1818 2023 sunt,
1848 1959 1964 2026 ani-

362 2046 523 2101 malia
554 2047 741 2116 utique
772 2047 853 2101 sui
881 2047 1119 2101 noininis
1149 2063 1256 2102 non
1280 2059 1406 2102 sunt
1433 2070 1444 2104 :
1471 2065 1645 2120 neque
1669 2048 1814 2104 enim
1841 2058 1965 2120 par-

363 2147 447 2193 tes
476 2136 580 2192 boc
611 2137 784 2208 ipsum
813 2152 957 2203 esse,
980 2139 1124 2209 quod
1151 2148 1318 2194 totum
1346 2149 1450 2207 est,
1473 2141 1650 2210 aliqua
1675 2140 1728 2195 in
1753 2155 1812 2196 re
1833 2155 1961 2212 pos-

363 2238 489 2284 sunt
521 2245 535 2282 :
562 2238 655 2283 aut
683 2229 784 2284 sibi
813 2231 1039 2300 sapere,
1071 2231 1174 2286 sibi
1205 2233 1408 2287 sentire
1429 2273 1444 2300 ,
1478 2232 1621 2304 quod
1650 2231 1768 2286 sine
1801 2232 1964 2288 totius

367 2321 663 2388 animantis
693 2335 924 2378 assensu
957 2323 1118 2378 nullis
1161 2325 1392 2394 propriis
1421 2325 1689 2380 afﬁciatur
1735 2339 1765 2380 e
1808 2323 1962 2379 moti-

369 2415 504 2483 bus,
535 2429 642 2485 qno
672 2415 999 2482 constituto,
1028 2430 1092 2472 ac
1121 2417 1299 2488 posito
1322 2459 1338 2488 ,
1369 2433 1579 2473 summa
1625 2417 1801 2473 omnis
1829 2416 1955 2472 illuc

2065 1949 2305 2021 quidem,
2338 1951 2382 2004 si
2411 1965 2596 2004 verum
2642 1957 2725 2004 est
2766 1963 2887 2004 esse
2917 1947 3036 2004 illos
3069 1947 3303 2018 uspiam,
3333 1956 3494 2018 atque
3537 1948 3674 2002 inca-

2067 2043 2274 2100 lescere
2293 2043 2490 2099 irarum
2517 2041 2767 2108 ﬂammis,
2801 2039 2932 2095 nihil
2962 2041 3194 2095 habeant
3215 2039 3436 2108 justius,
3467 2047 3675 2108 prapter

2066 2135 2210 2206 quod
2238 2135 2290 2188 in
2323 2148 2417 2187 vos
2444 2133 2685 2197 saeviant,
2736 2146 2895 2202 quam
2944 2131 3088 2202 quod
3135 2145 3231 2187 eos
3271 2131 3482 2200 negatis
3502 2129 3674 2184 subsi-

2067 2235 2214 2284 stere
2234 2268 2248 2292 ,
2280 2241 2456 2296 neque
2483 2239 2586 2279 una
2615 2239 2737 2280 esse
2769 2225 2821 2279 in
2855 2233 3006 2294 parte
3035 2232 3259 2282 natura.

2137 2319 2405 2375 XXXVII.
2432 2318 2610 2374 Musas
2635 2316 2879 2374 Mnaseas
2915 2329 2998 2372 est
3027 2312 3214 2371 auctor
3237 2315 3376 2370 ﬁlias
3404 2329 3526 2370 esse
3553 2314 3676 2370 'l‘el-

2064 2413 2197 2468 luris
2227 2421 2282 2467 et
2325 2410 2461 2467 lei
2497 2429 2510 2466 :
2560 2409 2709 2467 Jovis
2739 2414 2924 2466 caeteri
2977 2408 3276 2481 pradicant
3309 2423 3376 2464 ex
3430 2405 3680 2463 Memoria

1613 2529 1999 2590 LECTIONES
2042 2525 2455 2584 VARIANTES.

426 2648 453 2716 9
490 2646 573 2716 [to
592 2645 712 2716 sub.
738 2647 881 2716 male.
902 2646 1141 2716 Corrige:
1165 2648 1425 2700 rationale.

425 2710 454 2753 δ
498 2708 709 2762 Omnino
739 2709 882 2762 Fulv.

1743 2812 2314 2878 COMMENTARIUS.

368 2952 442 3008 tio
491 2951 739 3023 princeps
785 2953 1134 3018 memorabili,
1165 2967 1196 3008 e
1239 2952 1380 3008 male
1431 2949 1704 3007 intellecta
1748 2951 1964 3008 Codicis

365 3025 662 3094 scriptura.
712 3025 805 3078 ubi
858 3035 939 3079 est
983 3023 1327 3078 memorabilis
1347 3066 1362 3091 ,
1395 3024 1616 3094 antique
1643 3037 1742 3094 pro
1766 3040 1960 3078 memo-

364 3095 574 3149 rabiles.
606 3093 870 3161 ΗειιΑιυ.,
901 3097 954 3149 in
986 3095 1135 3150 Curis
1161 3109 1218 3150 ιι.

2073 2954 2207 3008 Tale
2239 2961 2542 3009 monstrum
2594 2953 2722 3009 illud
2744 2995 2758 3019 ,
2808 2952 2952 3022 quod
2984 2951 3236 3008 Horatius
3291 2950 3445 3020 ﬁngit
3471 2950 3524 3005 in
3554 2951 3678 3008 Arte

2073 3025 2275 3081 Pmtica
2307 3026 2424 3081 init.
2458 3024 2706 3079 Humano
2730 3021 2910 3093 capiti.
2931 3033 3039 3080 etc.
3073 3023 3261 3094 Itaque
3294 3021 3582 3094 legendum
3606 3025 3681 3078 vi-

2073 3099 2231 3151 detur
2260 3115 2272 3151 :
2305 3098 2450 3150 multi
2465 3098 2753 3168 junctionis
2780 3095 3072 3163 diﬂ'erentia
3103 3105 3405 3168 conseruata
3427 3136 3443 3157 ,
3478 3093 3530 3148 id
3563 3105 3676 3168 est,

437 3166 704 3244 columen.
737 3168 881 3244 Alii”:
911 3165 1131 3221 culmen.
1163 3165 1290 3244 ξθόλ
1326 3164 1473 3235 prius
1499 3173 1642 3220 amat
1671 3165 1966 3221 Arnobius.
2001 3179 2046 3244 ρ
2082 3169 2236 3244 multi
2268 3170 2310 3222 si
2343 3172 2395 3222 in
2419 3164 2707 3238 junctione
2759 3168 3121 3244 dilicrgntiam
3143 3209 3156 3232 ,
3207 3164 3514 3244 animorum
3565 3167 3676 3244 scil.

366 3236 503 3293 Vide
532 3252 693 3306 supra
720 3241 787 3291 ad
818 3237 907 3293 lib.
945 3253 984 3302 I,
1014 3252 1134 3307 cap.
1165 3238 1219 3293 8.
1250 3236 1455 3294 ORELL.

439 3305 647 3362 Animal
675 3325 781 3363 esse
808 3325 994 3370 unum.
1028 3305 1237 3375 sapiens
1257 3351 1272 3375 ,
1295 3307 1570 3362 rationale.
1599 3305 1973 3363 PiatoTimteo

439 3328 645 3362 animat
675 3328 781 3363 esse
808 3328 994 3370 unum.
1028 3328 1086 3362 sa
1129 3328 1237 3364 iens
1257 3351 1272 3375 ,
1295 3328 1570 3362 rationata.
1601 3328 1754 3362 r'tato
1777 3328 1973 3363 “niteo

367 3395 489 3449 pag.
521 3380 609 3436 50.
645 3379 787 3451 (Vol.
823 3396 899 3434 111.
930 3381 1018 3435 ed.
1171 3379 1356 3448 Steph.
1382 3381 1399 3450 )
1428 3379 1606 3440 Οὕτως
1641 3375 1728 3434 οὖν
1756 3378 1818 3451 δὴ
1847 3381 1973 3435 κατὰ

365 3453 507 3526 λόγον
529 3453 612 3540 si»
643 3449 804 3507 ιὶκότα
825 3451 1118 3540 stt-15,739“.
1129 3451 1277 3540 ro'v‘ds‘
1409 3453 1596 3540 attingat:
1616 3455 1764 3538 ζῷον,
1799 3449 1970 3540 fuit)"

367 3522 488 3599 zou.
543 3522 711 3599 ἔννοιέγ
757 3542 810 3599 τι
861 3531 923 3599 τῇ
953 3522 1157 3599 ἀληθείᾳ
1202 3522 1286 3599 διὰ
1313 3529 1402 3582 τὴν
1442 3529 1530 3599 70:3
1576 3523 1971 3599 θιοῦιγινέσθαι

367 3593 620 3670 ἦρὸνοιαν.
659 3593 826 3648 Vertit
854 3593 1044 3670 Cicero
1066 3593 1409 3670 de'univcrso
1434 3636 1444 3646 .
1472 3593 1642 3670 Quam
1673 3593 1968 3670 accensam

366 3664 465 3718 nim
512 3675 586 3718 est
615 3667 959 3718 cunctandum
989 3665 1221 3736 proﬁteri
1239 3709 1252 3732 ,
1289 3669 1330 3720 si
1362 3664 1512 3718 modo
1539 3664 1835 3735 investigari
1863 3664 1966 3717 ali-

366 3737 502 3806 φιοά
530 3743 824 3807 conjectura
865 3746 1058 3806 potest,
1109 3740 1245 3790 hunc
1290 3737 1541 3790 mundum
1586 3737 1784 3789 animal
1822 3752 1965 3800 esse,

366 3809 522 3877 idque
573 3809 861 3877 intelligens
919 3818 966 3860 et
1021 3808 1193 3861 divina
1248 3808 1568 3876 providentia
1614 3807 1964 3868 constitutum.

368 3877 880 3945 Vid.Philostratns,
910 3879 976 3933 de
1008 3877 1123 3932 Vita
1152 3878 1460 3947 Apollonii,
1493 3878 1590 3932 lib.
1619 3893 1694 3944 ιιι,
1723 3894 1844 3947 cap.
1877 3879 1964 3932 ll.

367 3948 796 4004 Εωιειιιιμ-Ριο
817 3949 1072 4004 rationale
1095 3949 1236 4004 Edit.
1266 3950 1423 4004 Rom.
1453 3961 1505 4003 et
1523 3948 1714 4004 Gelon.
1733 3951 1964 4004 rationa-

365 4021 484 4092 bile.
509 4036 527 4074 :
552 4019 713 4092 male.
737 4019 845 4074 Pro
862 4020 1061 4075 animal
1076 4021 1252 4075 codex
1278 4035 1379 4075 tus.
1404 4019 1565 4074 habet
1582 4021 1802 4084 animos,
1823 4020 1966 4092 quod

364 4090 606 4147 defendit
646 4091 911 4145 Meursius
943 4092 993 4144 iu
1027 4092 1343 4161 Appendice
1389 4101 1661 4161 tamquam
1711 4090 1967 4161 loquendi

363 4179 532 4234 genus
554 4165 833 4234 antiquum
858 4177 959 4236 pro
980 4164 1238 4228 animans,
1255 4163 1472 4226 animal,
1490 4163 1742 4233 exemplo
1763 4163 1921 4218 Ennii
1950 4181 1962 4218 :

459 4277 564 4341 Qva
589 4277 752 4341 parire
789 4277 918 4328 solet
941 4291 1077 4340 genu
1118 4278 1296 4341 pennis
1319 4275 1716 4338 condecoratum,

460 4337 568 4387 Non
592 4337 796 4388 animas.

363 4443 702 4518 Itaicosules,
731 4461 998 4518 prwgnas,
1024 4448 1240 4501 damnas
1261 4489 1275 4513 ,
1311 4445 1519 4501 Cesores
1537 4490 1550 4510 ,
1597 4447 1741 4518 istita
1769 4446 1886 4504 sine
1907 4465 1960 4502 n-

362 4516 469 4572 Sed
503 4515 642 4571 haud
669 4515 977 4572 verosi’mile
1023 4528 1104 4574 est
1156 4519 1456 4573 Arnobium
1513 4518 1584 4570 ita
1642 4517 1960 4586 scripsisse,

2075 3250 2128 3293 et
2155 3237 2518 3310 ingeniorum,
2543 3250 2892 3294 Conservam.
2917 3238 2983 3292 Et
3008 3240 3076 3310 ita
3102 3237 3392 3310 legendum
3409 3237 3680 3310 sequentia

2077 3308 2308 3365 suadent
2335 3329 2348 3364 :
2374 3327 2464 3364 nec
2509 3312 2552 3364 si
2583 3312 2694 3380 ejus
2720 3311 2988 3378 particula:
3016 3309 3089 3362 dii
3118 3317 3239 3362 sunt
3263 3350 3275 3370 ,
3307 3309 3359 3360 in
3390 3310 3541 3360 unius
3569 3308 3679 3361 ani-

2074 3383 2263 3436 mantis
2290 3383 2654 3436 conscientiam
2680 3382 2794 3451 cogi
2821 3390 2970 3450 atque
2997 3381 3145 3451 verti.
3184 3381 3396 3451 OBEEL.

2146 3451 2214 3506 In
2263 3454 2413 3506 unius
2443 3469 2620 3506 sensus
2665 3449 3070 3517 simplicitatem.
3107 3449 3260 3506 Fulv.
3294 3449 3529 3506 Ursinus
3561 3465 3674 3504 ma-

2073 3524 2186 3578 vult
2212 3541 2224 3578 :
2255 3526 2306 3578 in
2337 3525 2488 3577 unius
2529 3541 2735 3578 censum
2768 3523 3118 3593 simplicitatis
3143 3567 3156 3588 ,
3205 3539 3326 3590 qua:
3373 3522 3676 3593 conjectura

2072 3596 2377 3650 necessaria
2433 3612 2538 3650 non
2595 3607 2711 3661 est,
2764 3595 2810 3649 si
2843 3595 3160 3664 praecedens
3194 3594 3484 3663 jun'ctionis
3517 3593 3672 3647 intel-

2074 3666 2303 3737 ligamus
2356 3667 2424 3722 de
2477 3666 2759 3736 junctione
2812 3666 3153 3721 diversarum
3206 3669 3443 3790 paratum
3493 3666 3673 3719 animi.

3351 3751 3502 3790 ιιιειι..

3351 3751 3502 3790 κειι.

2149 3809 2215 3864 Ut
2247 3825 2405 3880 neque
2461 3809 2540 3864 sol
2587 3815 2712 3880 deus
2765 3809 2866 3876 sit,
2917 3810 3265 3880 nequedluna,
3318 3809 3680 3880 etcaAbunde

2073 3879 2175 3936 hoc
2223 3877 2419 3936 docent
2472 3881 2584 3936 Jul.
2641 3879 2908 3935 Firnticus
2955 3880 3024 3935 de
3077 3878 3281 3934 Errore
3330 3877 3671 3947 profanarum

2072 3951 2224 4023 relig.
2261 3952 2503 4006 Lactant.
2537 3951 2693 4016 Inst.,
2731 3953 2821 4005 lib.
2851 3967 2906 4020 tt,
2933 3967 3054 4020 cap.
3087 3953 3142 4005 5.
3179 3951 3429 4005 Ειιιειιιι.

2143 4023 2384 4078 XXXVI.
2421 4024 2617 4090 Quibus
2657 4023 2796 4078 sitim
2828 4023 3001 4076 soletis
3041 4032 3523 4077 vestram...........
3563 4037 3677 4092 pt‘O-

2070 4095 2230 4150 luere.
2263 4094 2546 4166 Virgilius,
2571 4093 2698 4149 Αιῖιι.
2727 4112 2768 4163 ι,
2795 4095 2901 4151 759
2933 4112 2947 4148 :

2654 4207 2716 4259 Et
2740 4207 2890 4272 pleno
2913 4220 2972 4258 se
2996 4207 3181 4273 proluit
3205 4220 3351 4258 auro.

2070 4315 2400 4372 Prudentius
2429 4315 2525 4371 lib.
2551 4330 2590 4382 ι,
2618 4323 2808 4371 contra
2831 4314 3146 4386 Symmach.
3178 4331 3191 4368 :

2493 4429 2680 4480 Avidus
2702 4430 2801 4479 vini
2832 4427 2986 4490 multo
3007 4440 3064 4478 se
3091 4425 3272 4490 proluit
3303 4427 3499 4478 haustu.

2878 4489 3101 4541 Hnno.
3124 4497 3176 4540 et
3199 4490 3421 4540 Ευίειιιι.

361 4603 484 4642 cum
534 4590 584 4643 in
639 4598 753 4666 toto
801 4588 902 4644 hoc
924 4604 1114 4666 _opere
1145 4599 1461 4645 constanter
1494 4589 1696 4643 scribat
1724 4589 1957 4655 animal,
1991 4597 2045 4659 D
2144 4597 2378 4664 Quideut.
2410 4596 2485 4650 lta
2515 4595 2797 4651 Meursius.
2828 4594 3012 4650 Editio
3057 4595 3317 4666 princeps
3354 4594 3527 4652 Sabaei
3567 4594 3678 4666 qui-

363 4675 636 4730 nunquam
668 4662 884 4716 animos.
915 4660 1119 4716 OunLL.

436 4729 758 4786 Gansultum.
789 4732 934 4788 Idem
964 4733 1106 4804 quod
1130 4732 1387 4804 prudens.
1414 4731 1850 4858 Nihiiétmplius.

1626 4819 1780 4858 accc.

1626 4819 1780 4862 RELL.

440 4874 669 4938 Quorum
693 4876 736 4928 si
757 4885 830 4929 est
853 4891 970 4929 vera
1010 4885 1057 4928 et
1085 4876 1212 4944 ﬁxa,
1244 4885 1380 4930 certa
1409 4876 1679 4931 sententia.
1715 4874 1964 4930 Forsitan

363 4945 653 5017 legendum
683 4964 695 4999 :
728 4963 944 5017 quorum
972 4948 1015 5000 si
1043 4957 1117 5002 est
1139 4963 1276 5011 vera,
1322 4948 1427 5015 ﬁxa
1453 4958 1499 5001 et
1528 4961 1663 5001 certo
1691 4949 1962 5002 sententia.

364 5016 466 5073 Tn.
499 5016 834 5073 Causam—
856 5018 995 5073 Nihil
1043 5020 1381 5082 mutandum,
1415 5019 1848 5089 distinguendum
1881 5029 1964 5073 ta-

366 5105 488 5144 men
512 5107 532 5162 γε
559 5100 603 5143 et
635 5092 762 5159 ﬁxa,
797 5099 953 5162 certa!
977 5092 1248 5162 sententia.
1284 5091 1408 5145 Huic
1442 5093 1512 5145 ita
1540 5091 1794 5162 Copulare
1820 5100 1967 5146 amat

365 5161 630 5216 Arnobius
657 5163 772 5216 sine
798 5160 1014 5232 copula.
1047 5161 1290 5217 HEBALD.

441 5231 623 5298 Neque
645 5231 882 5306 homines
898 5250 1079 5287 rursus
1108 5236 1254 5288 inulti
1282 5233 1642 5306 disjunctionis
1672 5232 1968 5300 differentia

365 5314 681 5360 conseruata.
725 5304 799 5358 Ita
840 5304 1102 5360 Meursius
1129 5317 1182 5360 et
1213 5304 1391 5360 caeteri
1423 5305 1568 5360 illum
1599 5306 1771 5359 secuti
1804 5320 1971 5375 usque

365 5376 431 5431 ad
455 5375 542 5430 ed.
569 5375 740 5444 Lugd.
767 5375 882 5430 But.
909 5377 1269 5448 corrigentem
1295 5376 1624 5446 dijunctionis
1645 5378 1966 5432 dissidentia.

367 5455 540 5503 Antea
573 5448 891 5517 legebatur:
920 5465 1079 5516 neque
1131 5451 1359 5503 homines
1408 5464 1585 5500 rursus
1617 5449 1969 5502 multitudinis

356 5516 645 5590 junctionis
675 5516 966 5584 cli/ferentia
1012 5532 1329 5575 conseruata.
1367 5518 1564 5573 Vocem
1621 5520 1968 5573 multitudinis

367 5593 616 5646 vitiosam
649 5605 771 5644 esse
805 5605 964 5644 nemo
1008 5606 1112 5644 non
1148 5593 1314 5646 videt.
1351 5590 1456 5646 Sed
1495 5592 1780 5660 jttttCliOttts
1812 5589 1966 5656 (li/Te-

367 5663 437 5733 tia
471 5663 608 5715 male
661 5671 924 5733 mutatum
973 5673 1101 5732 puto
1144 5664 1193 5716 in
1241 5662 1600 5733 disjunctionis
1653 5660 1962 5728 differentia.

364 5731 659 5788 Junctionis
714 5731 1008 5800 di/ferentia
1054 5744 1138 5788 est
1165 5731 1478 5804 junchrum
1528 5734 1762 5802 partium
1813 5733 1967 5790 dilic-

370 5805 542 5859 rentin
565 5846 580 5871 ,
611 5806 902 5859 IIISCOI'tlla.
946 5804 1019 5858 Ita
1051 5806 1234 5869 0vid.,
1268 5807 1422 5870 Met.,
1460 5821 1493 5869 ι,
1529 5806 1563 5859 9
1596 5822 1610 5857 :

495 5893 600 5944 Non
624 5897 756 5948 bene
776 5897 1052 5958 iunctarum
1078 5897 1314 5949 discordia
1336 5898 1524 5948 semina
1551 5908 1737 5947 rerum.

2072 4669 2214 4730 dam,
2249 4669 2410 4723 male.
2440 4667 2648 4723 Οιιειι..

2145 4739 2324 4809 Neque
2351 4755 2453 4793 una
2482 4755 2588 4792 esse
2610 4741 2662 4809 in
2687 4746 2831 4801 parte
2866 4749 3083 4809 naturae.
3112 4735 3188 4792 Ita
3213 4736 3350 4792 .cod.
3382 4751 3483 4809 ms.
3516 4751 3672 4806 quam

2072 4807 2361 4868 lectionem
2397 4819 2544 4864 recte
2566 4807 2863 4864 defendunt
2889 4807 2988 4862 'I‘h.
3024 4809 3290 4865 Canterus
3317 4819 3370 4864 et
3401 4808 3674 4872 Heraldus,

2070 4895 2126 4936 ut
2159 4885 2226 4936 sit
2259 4881 2398 4937 idem
2430 4881 2572 4951 quod
2599 4896 2760 4950 neque
2797 4881 2924 4951 ulla!
2950 4896 3057 4935 esse
3095 4881 3148 4934 in
3193 4891 3340 4950 parte
3383 4893 3606 4945 natura,
3631 4882 3674 4932 ἐν

2069 4953 2226 5011 οὐδενὶ
2272 4949 2475 5029 pudenti:
2521 4949 2683 5029 μέρει.
2740 4949 2996 5009 Gelenius
3047 4952 3136 5012 ed.
3187 4968 3346 5078 ηεῦιιιε
3393 4952 3520 5019 ulla,
3571 4962 3672 5006 etc.

3281 5039 3438 5078 Βειι.

3281 5039 3438 5079 κειι.

2148 5095 2414 5152 XXXVII.
2451 5124 2512 5137 —-
2573 5093 2830 5149 Mnaseas.
2892 5092 3203 5149 Patarensis
3246 5110 3278 5149 e
3331 5095 3509 5152 chize
3555 5093 3671 5148 ciri-

2077 5179 2205 5225 tate.
2259 5169 2428 5238 Iiujus
2469 5167 2673 5240 librum
2715 5181 2771 5219 tu
2809 5167 3143 5240 Εὐρωπωςγῷν
3189 5165 3320 5240 citat
3368 5165 3669 5240 Athenaeus,

2076 5242 2169 5296 lib.
2203 5257 2272 5303 tv,
2309 5235 2358 5310 p'.
2393 5240 2515 5301 158,
2547 5248 2603 5292 et
2625 5237 2816 5310 librum
2840 5235 2903 5310 tt'.
2919 5237 2995 5310 de
3025 5237 3175 5300 Asia,
3205 5237 3449 5310 lib._vtu,
3477 5254 3527 5308 p.
3550 5235 3668 5310 346;

2076 5307 2319 5382 denique
2351 5311 2622 5379 l’criplum
2655 5308 2844 5364 eodem
2876 5308 3014 5362 libro
3043 5325 3096 5374 p.
3124 5309 3250 5382 sat.
3282 5307 3489 5382 Grecae
3505 5309 3673 5382 gentis

2077 5400 2184 5439 non
2227 5380 2489 5438 nhscurns
2516 5381 2746 5440 scriptor
2776 5390 2997 5435 vocatur
3035 5395 3066 5433 a
3103 5380 3420 5445 Columella,
3465 5381 3554 5435 lib.
3582 5395 3668 5446 ιιι,

2076 5471 2195 5524 cap.
2232 5456 2286 5519 4,
2319 5455 2408 5524 qui
2436 5468 2556 5507 cum
2578 5452 2833 5524 Varrone
2881 5467 3032 5524 enm_
3057 5452 3200 5506 inter
3239 5452 3530 5524 scriptorcs
3582 5450 3669 5505 Bei

2072 5521 2287 5582 rusticae
2319 5521 2529 5588 laudat,
2575 5523 2670 5578 lib.
2697 5540 2733 5589 ι,
2765 5539 2882 5593 cap.
2914 5525 2964 5578 I.
2989 5521 3532 5578 Nunconl'undendus
3556 5537 3669 5576 cum

2074 5599 2289 5653 Mnasea
2319 5596 2558 5668 Bcrytio,
2589 5595 2680 5665 qui
2719 5595 2787 5668 de
2814 5606 2931 5668 arte
2964 5593 3234 5668 rhetorica
3277 5602 3334 5668 et
3377 5594 3672 5668 nominibus

2073 5670 2268 5726 Atticis
2297 5665 2532 5736 scripsit,
2559 5676 2694 5720 teste
2722 5666 2909 5731 Snida,
2943 5677 2998 5720 et
3027 5665 3132 5720 alio
3170 5665 3412 5735 ejusdem
3448 5666 3670 5720 nominis

2074 5742 2251 5797 Locro
2281 5754 2374 5793 St‘tl
2405 5738 2762 5808 Cttittpltonlt),
2789 5739 2878 5809 qui
2905 5738 2984 5810 (ιιι
3008 5736 3148 5810 idem
3171 5739 3465 5810 Athenaeus
3487 5736 3668 5804 refert)

2072 5813 2366 5882 inscriptos
2393 5813 2545 5882 lusus
2556 5811 2890 5882 composuit,
2917 5810 2988 5882 ob
3006 5809 3326 5882 varietatem
3338 5809 3552 5882 _Salpem
3578 5822 3668 5863 no-

2073 5878 2326 5942 minutos.
2346 5882 2502 5939 Cunt‘.
2527 5878 2748 5952 Nomii,
2776 5897 2828 5953 p.
2852 5881 2979 5940 5H.
3009 5879 3194 5950 Voss.,
3219 5880 3287 5939 de
3308 5878 3451 5938 Hist.
3470 5879 3660 5950 Graec,
