3872 6344
299 327 402 388 991

1435 337 1713 397 ARNOBII
1753 335 2119 395 ADVERSUS
2154 336 2338 394 GENT
2345 338 2428 395 ES

3513 336 3610 394 992

300 462 442 534 apud
469 460 722 519 Trebiam
748 465 1096 522 constitutos.
1122 463 1236 522 Hos
1265 464 1500 523 Granius
1526 466 1704 523 Musas
1731 474 1907 539 putat,
1936 476 1991 538 Α
2013 464 2136 537 quis
2162 463 2388 521 deorum
2411 463 2750 521 multitudine
2773 473 2865 519 aut
2888 463 3195 536 ignorantia
3223 461 3606 533 prmteriretur,

297 571 627 615 consensum
641 561 1060 618 accommodans
1074 561 1234 619 tElio:
1253 562 1605 617 novenarium
1622 577 1906 618 numerum

297 649 467 704 tradit
496 650 701 718 Varro,
733 653 880 724 quod
929 655 980 708 in
1032 653 1314 709 movendis
1343 661 1368 690 α
1396 653 1559 708 rebus
1593 653 1907 723 potentissi-

297 755 421 796 mus
447 757 668 815 semper
695 744 962 801 habeatur
986 755 1041 800 et
1065 745 1352 811 maximus,
1390 746 1687 800 uovitatum
1715 745 1907 801 Corni-

300 833 462 892 ﬁcius
485 837 750 908 praesides
770 880 785 904 ,
814 838 959 909 quod
983 839 1302 895 curantibus
1333 839 1418 893 liis
1449 839 1632 893 omnia
1663 839 1906 895 novitate

299 925 667 999 integrentur,
692 939 748 985 et
777 940 1030 987 constent
1059 948 1072 986 ε
1099 932 1232 987 deos
1253 947 1448 986 novem
1476 929 1758 998 Manilius,
1790 929 1908 1003 qui-

296 1021 400 1078 bus
427 1025 558 1080 solis
604 1025 818 1096 Jupiter
845 1036 1169 1098 potestatem
1191 1029 1429 1099 jaciendi
1460 1029 1545 1084 sui
1589 1029 1905 1101 permiserit

295 1113 561 1172 fulminis.
592 1117 814 1174 Cincius
843 1121 1065 1177 numina
1096 1123 1384 1193 peregrina
1415 1123 1659 1178 novitate
1683 1138 1750 1179 ex
1779 1123 1898 1193 ipsa

292 1206 560 1274 appellata
605 1212 921 1277 pronuntiat
954 1230 968 1267 :
1000 1227 1124 1267 nam
1167 1213 1348 1269 solere
1377 1213 1655 1269 Romanos
1681 1213 1904 1284 religio-

293 1309 396 1352 nes
448 1299 662 1355 urbium
695 1314 1076 1374 superatarum
1108 1306 1304 1376 partim
1337 1307 1589 1377 privatim
1625 1321 1720 1376 per
1747 1305 1905 1359 lami-

2010 556 2290 612 brevitatis
2335 566 2389 612 et
2428 556 2736 626 compendii
2786 569 2950 612 causa
3003 570 3114 612 uno
3144 556 3354 626 pariter
3398 557 3608 611 nomine

2010 660 2237 706 cunctos
2263 649 2578 705 Novensiles
2606 648 2868 704 invocari.

2081 742 2327 798 XXXIX.
2362 744 2493 798 Sunt
2543 753 2804 812 praeterea
2831 742 3113 809 nonnulli,
3143 741 3236 813 qui
3265 755 3331 797 ex
3359 739 3604 796 homini-

2007 835 2112 890 bus
2143 834 2298 888 divos
2327 832 2500 888 factos
2531 833 2633 888 hac
2664 833 2960 904 praedicant
2988 832 3355 904 appellatione
3391 833 3606 902 signari,

2009 939 2067 985 ut
2083 937 2165 985 est
2183 928 2465 998 Hercules,
2483 929 2771 996 Romulus,
2792 927 3162 997 Esculapius,
3181 927 3368 994 Liber,
3389 925 3607 984 Encas.

2007 1021 2340 1088 Sententize,
2386 1031 2448 1076 ut
2491 1030 2753 1092 apparet,
2803 1021 3037 1076 diversa:
3081 1030 3213 1076 sunt
3255 1020 3342 1075 ha:
3376 1008 3606 1075 omnes:

2007 1130 2189 1187 neque
2217 1116 2331 1170 lieri
2356 1129 2452 1185 per
2477 1129 2658 1170 rerum
2689 1123 2934 1169 naturam
2966 1122 3166 1182 poteSt,
3201 1122 3258 1167 ut
3285 1113 3378 1184 qui
3409 1113 3610 1183 opinio-

2008 1210 2168 1266 nibus
2212 1208 2485 1275 dil'ferunt,
2513 1209 2755 1264 veritatis
2803 1207 2963 1262 unius
3009 1207 3314 1261 habeantur
3333 1216 3602 1261 auctores.

2009 1305 2066 1360 Si
2117 1304 2262 1361 enim
2295 1303 2508 1359 Pisonis
2537 1302 2806 1358 sententia
2836 1316 2963 1357 vera
2996 1310 3116 1366 est,
3163 1298 3346 1354 Elius
3396 1309 3447 1354 et
3477 1297 3609 1355 Gra-

291 1388 393 1447 lias
423 1407 678 1465 spargere
699 1437 713 1462 ,
750 1397 947 1469 partim
980 1399 1198 1470 publice
1219 1414 1546 1456 consecrare
1576 1417 1589 1454 :
1618 1413 1682 1454 ac
1703 1412 1773 1453 ne
1802 1397 1903 1452 ali-
1935 1390 1981 1450 Β
2011 1398 2133 1453 nius
2159 1399 2530 1453 mentiuntur:
2561 1398 2606 1452 si
2633 1396 2777 1468 quod
2806 1395 3002 1452 dicitur
3028 1395 3098 1452 ab
3130 1394 3216 1451 his
3246 1404 3462 1452 certum
3491 1404 3608 1462 est,

1540 1512 1923 1572 LECTIONES
1961 1512 2383 1570 VARIANTES.

368 1633 395 1664 ⁸
429 1630 726 1684 Innovandis
746 1631 888 1685 Fulv.

1682 1740 2246 1802 COMMENTARIUS.

287 1873 482 1949 phyll,
538 1874 631 1930 lib.
663 1889 742 1949 tv,
766 1890 886 1947 cap.
931 1876 1022 1934 l5.
1068 1878 1120 1934 in
1149 1877 1422 1949 Lampade
1442 1878 1642 1936 Critica
1671 1878 1889 1936 Gruteri

287 1946 399 2020 vol.
428 1946 786 2020 v,_‘pag_._42l,
834 1946 977 2020 seq.,
1027 1952 1119 2019 qui
1159 1946 1340 2006 omnia
1383 1960 1626 2006 veterum
1676 1952 1794 2006 loca
1821 1952 1888 2006 de

285 2016 390 2071 diis
435 2017 538 2072 illis
579 2016 863 2086 diligenter
914 2016 1327 2078 excu'ssit.Cum
1372 2021 1571 2079 Pisone
1617 2023 1890 2078 consentit

284 2088 448 2144 etiam
480 2087 654 2164 Varro
681 2089 750 2144 de
785 2089 939 2164 Ling.
972 2094 1111 2164 lat.,
1159 2093 1253 2148 lib.
1285 2110 1361 2160 iv,
1388 2109 1506 2164 pag.
1543 2094 1637 2160 22,
1667 2095 1754 2151 ed.
1805 2093 1892 2147 Bi-

284 2168 440 2235 pont.
471 2158 839 2235 Caeterumﬁe
865 2158 925 2217 ΙΙ.
959 2158 1252 2234 Calpurnio
1283 2158 1484 2221 Pisone
1509 2158 1692 2235 Frugi,
1749 2166 1888 2220 Con-

285 2230 408 2285 sule
453 2244 598 2307 anno
631 2230 696 2286 U.
726 2231 787 2307 β.
822 2249 948 2289 nu.
1004 2230 1175 2291 latore
1204 2237 1338 2307 legis
1364 2230 1674 2306 Calpurnia:
1703 2237 1772 2292 de
1801 2251 1892 2292 re-

284 2301 538 2427 ﬁciundis
560 2304 903 2383 etscriptore
932 2301 1411 2370 Antialiiim.'vide
1432 2301 1496 2365 (ἶ.
1530 2308 1578 2364 J.
1610 2307 1793 2377 Voss.,
1823 2309 1890 2365 de

339 2382 427 2427 ist.
458 2373 580 2427 ιρι..
607 2372 703 2427 Itb.
737 2392 773 2427 ι.
804 2390 925 2427 can.
949 2377 1002 2427 6.
1034 2377 1238 2427 Onus.

338 2372 427 2445 ist.
458 2373 580 2435 lat.,
607 2372 703 2428 lib.
737 2372 773 2442 ι,
804 2390 925 2445 cap.
949 2377 1002 2431 6.
1034 2377 1238 2435 ORELL.

358 2443 1097 2520 Consensum‘accom‘modans
1123 2449 1199 2505 1E
1205 2453 1292 2506 lio.
1318 2449 1411 2506 Hic
1433 2462 1518 2507 est
1535 2450 1712 2506 Elius
1728 2451 1884 2520 Stilo,

288 2516 381 2586 qui
410 2530 632 2570 carmen
676 2515 882 2591 saliare
924 2520 1261 2589 explanarat,
1310 2523 1525 2591 aliaque
1570 2515 1886 2591 scripserat,

290 2602 522 2662 quorum
569 2590 775 2662 mentio
807 2592 1004 2662 passim
1050 2593 1191 2662 apud
1229 2595 1634 2662 grammaticos,
1686 2590 1885 2649 Varro;

290 2672 438 2722 nem,
465 2660 531 2716 A.
567 2658 824 2729 Gellium,
860 2658 1105 2720 Festum:
1146 2658 1300 2720 Alius
1342 2665 1518 2722 Elius
1547 2665 1754 2722 Gallus.
1783 2665 1891 2721 He-

283 2742 444 2785 ΒΑΜ).

356 2800 705 2877 Novenarium
729 2820 992 2877 numerum
1013 2807 1170 2860 tradit
1219 2806 1407 2874 Varro,
1437 2809 1574 2877 quod
1609 2808 1664 2862 id
1696 2825 1893 2862 moven-

281 2871 364 2944 dis
385 2873 532 2944 rebus
581 2876 963 2943 potentissimus
1006 2895 1206 2944 semper
1252 2871 1499 2932 habeatur
1539 2889 1584 2933 et
1614 2881 1890 2934 maximus.

282 2942 615 3021 gensorinu’s
653 2946 722 3021 de
747 2947 840 3001 Die
867 2958 1002 3013 nat.,
1033 2942 1155 3021 cap.
1199 2950 1265 3004 M
1299 2968 1312 3004 :
1359 2950 1600 3017 Plerique
1626 2950 1889 3021 (Genetli-

282 3011 444 3085 liaci)
476 3014 606 3091 duos
654 3017 780 3070 istos
802 3011 1038 3091 numeros
1071 3011 1136 3091 (7
1167 3031 1222 3075 et
1259 3020 1328 3091 9)
1354 3011 1604 3075 subtiliter
1634 3011 1887 3077 discreve-

284 3094 428 3158 runt,
478 3086 701 3140 dicentes
728 3086 1088 3156 septenarium'
1105 3092 1173 3144 ad
1206 3086 1414 3158 corpus,
1454 3095 1786 3147 novenarium
1820 3095 1888 3147 ad

1993 1893 2234 1942 manum,
2280 1877 2593 1944 Saturnum,
2639 1877 2883 1945 Martem,
2934 1877 3248 1945 Herculem,
3288 1878 3610 1940 Vulcanum.

1993 1951 2310 2016 Minervam,
2338 1949 2630 2021 lunonem,
2687 1950 2911 2005 Matrem
2954 1949 3141 2018 deum,
3175 1951 3482 2021 Apollinem
3527 1954 3608 2007 vel

1995 2022 2200 2087 Solem,
2233 2030 2288 2076 et
2338 2020 2621 2092 Zagraeum
2668 2021 2784 2092 sive
2814 2021 3088 2076 Bacchum
3131 2021 3201 2076 ab
3226 2020 3473 2090 antiquis
3497 2039 3610 2077 mc-

1995 2103 2290 2148 mnratos.»
2321 2090 2448 2147 Haec
2478 2091 2630 2148 Gibs.
2663 2090 2930 2162 Cuperus,
2964 2093 3056 2161 qui
3083 2092 3152 2148 de
3195 2093 3278 2148 his
3311 2093 3416 2149 diis
3454 2093 3612 2149 docte

1995 2174 2050 2218 et
2079 2164 2194 2236 l'use
2233 2163 2543 2236 disputatio
2581 2164 2912 2233 Harpocrate
2943 2178 3065 2235 pag.
3099 2163 3168 2220 99
3197 2178 3355 2236 seqq.
3387 2165 3452 2222 ed
3515 2165 3609 2221 Ul-

1998 2235 2211 2302 traject.
2244 2234 2416 2289 ιιι-4⁸³.
2446 2234 2654 2292 OnsLL.

2068 2305 2293 2360 Cincius.
2348 2306 2408 2360 L.
2439 2306 2660 2377 Cincius
2690 2306 3014 2372 Alimentus,
3056 2307 3282 2377 aequalis
3306 2305 3458 2362 Fabii
3487 2306 3611 2362 Pie-

2000 2379 2131 2430 toris
2185 2387 2240 2432 et
2290 2387 2412 2445 post
2459 2375 2802 2432 Cannensem
2855 2379 3066 2432 cladem
3124 2375 3331 2448 praetor
3386 2377 3608 2446 Sicilir,

1997 2448 2536 2520 seripsitﬂllistoriam
2563 2449 2961 2520 Annibalicam,
2981 2464 3154 2520 graeca
3185 2449 3390 2520 lingua,
3423 2448 3608 2504 Latina

1995 2529 2174 2572 autem
2211 2518 2503 2574 Historiam
2536 2520 2604 2574 de
2652 2519 2849 2590 Gorgia
2907 2518 3210 2590 Leontino,
3243 2519 3415 2590 libros
3443 2522 3510 2576 de
3539 2521 3613 2575 lte

1996 2591 2236 2663 militari,
2285 2591 2453 2659 (unde
2490 2592 2638 2663 plura
2669 2589 2847 2645 hausit
2879 2589 3188 2663 Vegetius.)
3221 2591 3292 2646 de
3309 2589 3508 2663 Fastis,
3543 2593 3612 2646 de

1998 2659 2193 2716 Verbis
2218 2664 2429 2730 priscis.
2460 2659 2852 2735 eiquibuslime
2870 2663 3030 2735 petita
3052 2659 3342 2735 videntur:
3374 2661 3612 2735 Diligens

1997 2743 2176 2786 auctor
2230 2744 2672 2787 monumentorum
2716 2733 2869 2788 Livio
2903 2733 3177 2800 laudatus,
3222 2733 3358 2788 Hist.
3386 2733 3609 2799 livan,

1997 2802 2115 2856 init.
2147 2803 2397 2877 Vide__G.
2443 2805 2492 2877 .l.
2521 2804 2703 2870 Voss,
2749 2805 2817 2859 de
2850 2805 2984 2860 Hist.
3015 2804 3220 2868 Graec,
3253 2805 3348 2860 lib.
3382 2822 3457 2872 IV,
3488 2822 3607 2877 cap.

1996 2889 2072 2928 ιιι.
2109 2887 2160 2928 et
2192 2875 2259 2928 dc
2288 2875 2428 2930 Hist.
2459 2876 2578 2942 lat.,
2606 2877 2698 2929 lib.
2724 2892 2759 2930 ι.
2790 2890 2910 2942 cap.
2942 2892 3014 2930 iv.
3048 2879 3254 2931 OusLL.

2072 2945 2209 2999 Nam
2241 2947 2404 3000 solere
2431 2947 2690 3001 lionniuos
2723 2947 2997 3017 religiones
3017 2947 3220 3001 urbium
3249 2957 3611 3017 superaturum

2032 3019 2183 3070 artim
2204 3019 2441 3092 priuatim
2466 3035 2554 3092 per
2575 3019 3084 3092 fantiliasspargere,
3105 3031 3212 3092 etc.
3232 3019 3308 3073 Ita
3326 3019 3413 3074 ed.
3440 3020 3607 3092 Lugd.

2032 3034 2183 3070 arum
2204 3034 2441 3085 priuatim
2466 3035 2554 3085 ρει·
2575 3034 2800 3088 (amatas
2821 3035 3084 3090 spargere,
3105 3034 3212 3073 CIC.
3233 3034 3308 3073 Ila
3326 3034 3413 3074 ea.
3440 3034 3607 3092 Lllgti.

1995 3034 2114 3162 gat.
2149 3105 2213 3162 ex
2245 3090 2624 3144 emendatione
2657 3089 2747 3162 Fr.
2777 3089 3029 3162 Modiiad
3056 3091 3179 3162 cod.
3217 3104 3321 3143 ms.
3359 3094 3607 3162 vestigia,

282 3156 508 3233 animum
534 3159 988 3233 pertinax/tunc
1017 3163 1282 3216 medicinae
1317 3156 1548 3229 ιοιέρονία
1576 3175 1621 3217 ει
1651 3165 1883 3233 Apollini
1915 3157 1959 3219 C
1991 3161 2078 3233 qui
2106 3160 2265 3214 habet
2295 3162 2568 3231 regiones;
2596 3160 2736 3216 unde
2763 3159 3026 3233 Gelenius
3049 3159 3248 3233 fecerat
3268 3177 3444 3216 omnes
3465 3156 3606 3218 ἄξοι,

280 3227 607 3307 attributum,
647 3229 797 3307 illum
827 3230 1014 3307 Musis,
1044 3233 1164 3300 quia
1191 3227 1613 3298 ntorbos'animi,
1647 3227 1772 3307 quos
1803 3254 1891 3307 ap-

282 3297 476 3368 pellunt
501 3302 636 3360 πάθη
665 3302 861 3355 musica
889 3297 1131 3357 lenire'ac
1152 3321 1336 3358 sanare
1364 3297 1696 3360 consueverit.
1729 3297 1886 3360 Con'f.

281 3368 506 3424 Ausonii
533 3371 691 3443 iltlyll.
720 3388 792 3427 ιι.
825 3373 928 3428 Pro
947 3374 1208 3428 movendis
1239 3376 1396 3430 Fulv.
1427 3375 1657 3432 Ursinus
1685 3381 1889 3433 mavult

280 3442 607 3567 ἰὲῃουῧηάὶε,
640 3443 783 3499 male
813 3462 827 3500 :
860 3446 1120 3500 movendis
1134 3456 1217 3501 est
1245 3447 1385 3502 idem
1417 3449 1560 3518 quod
1583 3465 1880 3519 promoven-

332 3528 395 3567 is.
476 3529 629 3567 ιιειιη

332 3528 395 3567 18.
427 3528 629 3568 υιιειιη

354 3581 685 3660 Corniﬁcius.
724 3585 1123 3645 Grammaticus
1155 3591 1338 3660 potius
1365 3605 1524 3659 quam
1573 3591 1882 3657 historicus,

281 3654 476 3710 citatus~
499 3657 730 3734 a‘lt‘esto
761 3660 1126 3734 et_Mac_robio
1153 3654 1461 3734 aliquoties,
1492 3663 1580 3732 qui
1612 3664 1729 3732 ejus
1757 3654 1888 3734 Ely;

282 3740 494 3799 niorum
522 3728 690 3799 libros
718 3731 921 3788 laudat.
957 3732 1200 3799 Vossius,
1248 3728 1317 3788 de
1358 3728 1656 3798 Hist.'lat.,'
1686 3734 1780 3788 lib.
1808 3728 1884 3799 iit,

281 3795 338 3849 in
365 3798 675 3872 Appendice
700 3803 1030 3871 scriptorum
1054 3803 1119 3858 de
1144 3795 1342 3872 quibus
1369 3795 1641 3860 incertum
1663 3820 1729 3859 an
1778 3795 1890 3861 his;

281 3869 452 3949 ξολ-ξος)
484 3869 827 3949 scripserint,
861 3877 965 3949 ορ.
1008 3874 1098 3930 ed.
1133 3869 1452 3949 amstelod,
1483 3885 1730 3949 tom._iv,
1764 3893 1884 3949 pag.

280 3937 415 4016 ξϐΟ,
457 3955 580 4016 eum
602 3937 863 3999 ﬂoruisse
890 3937 1316 4015 a'ittemporibus
1343 3937 1590 4016 Augusti.
1610 3937 1727 4003 Non
1757 3937 1888 4004 coii-

281 4008 742 4089 l'tnulenduscum
797 4015 858 4069 L.
891 4008 1186 4089 Cornili'cio
1219 4008 1464 4085 rlietore',
1495 4018 1563 4072 ad
1605 4035 1764 4089 quem
1793 4020 1886 4075 Ci-

282 4083 502 4137 ceronis
527 4085 773 4152 epistolae
814 4096 1056 4141 exstant.
1083 4086 1288 4143 ORELL.

355 4153 491 4207 Deos
517 4171 696 4230 novem
720 4157 987 4230 Manilius,
1014 4169 1120 4213 etc.
1151 4160 1212 4212 'l‘.
1241 4158 1510 4220 Manilius,
1541 4176 1701 4230 quem
1719 4161 1889 4217 citant

280 4222 564 4300 Varrone
609 4228 764 4300 Ling.
805 4229 924 4294 lat.,
972 4229 1064 4285 lib.
1109 4246 1182 4296 tv,
1214 4242 1268 4286 et
1295 4246 1346 4285 vr
1378 4245 1478 4285 nec
1516 4222 1622 4286 non
1656 4233 1884 4300 Plinius,

279 4293 419 4374 Hist.
446 4296 590 4361 Nat.,
627 4293 737 4352 lib.‘
755 4317 809 4361 ιι,
837 4293 958 4374 cap.
981 4316 1038 4374 ιι,
1059 4293 1209 4374 illum
1236 4303 1459 4371 primum
1484 4313 1639 4374 atque
1669 4293 1888 4374 diligett;

282 4323 419 4348 usas.
446 4323 590 4361 ιῚῑιιη
627 4323 719 4352 ΙΙΙΙ.
756 4323 809 4361 Χ,
837 4323 958 4369 cap.
982 4323 1038 4366 Il,
1059 4323 1209 4355 mum
1236 4323 1459 4371 primum
1484 4323 1639 4374 atque
1669 4323 1760 4358 au’
1803 4324 1887 4360 (³η-

282 4367 536 4443 tissimum
554 4378 846 4443 togatorum
878 4372 1118 4443 laudans.
1137 4373 1347 4427 Floruit
1376 4375 1712 4443 temporibus
1735 4323 1887 4431 λίπει

280 4438 537 4517 e'tSyllas.
567 4439 685 4517 Vid.
715 4441 1164 4517 G.A._l._Vo_ss.,rde
1183 4445 1318 4517 Hist.
1343 4438 1568 4507 lat.,lib.
1601 4463 1634 4498 ι.
1657 4463 1776 4517 cap.
1811 4465 1884 4503 ix.

284 4505 903 4586 Vol'potestAiutelligi
936 4505 1181 4569 Manilius
1244 4505 1530 4573 Chrestus.
1566 4519 1653 4586 qui
1687 4505 1882 4573 librum

278 4580 498 4650 scripsit
522 4584 589 4636 de
622 4580 852 4658 Hymnis
876 4585 1122 4658 deorum,
1150 4597 1286 4643 teste
1300 4580 1596 4654 Fulgentio'
1611 4590 1679 4642 de
1713 4591 1891 4658 prisco

279 4663 562 4732 sermone;
581 4670 635 4708 v.
683 4655 896 4732 lnjuges
919 4657 1086 4732 boves.
1123 4660 1279 4727 cujus
1340 4659 1637 4732 fragmenta
1689 4655 1893 4732 aliquot

281 4722 510 4798 inseruit
535 4722 772 4798 Joannes
809 4722 1007 4798 'Mydus
1037 4722 1300 4798 opusculo
1325 4722 1530 4785 suo—dc
1559 4722 1834 4786 Mcnsibus
1860 4748 1890 4787 a

283 4791 540 4850 Schoin
563 4797 730 4852 edito.
759 4791 962 4854 Otii-21.1..

356 4863 720 4943 Quibussolis
741 4871 948 4938 Jupiter
983 4883 1281 4941 potestatem
1313 4875 1541 4942 jaciendi
1570 4875 1649 4930 sui
1696 4876 1888 4943 peruti-

277 4939 397 4989 serit
418 4938 673 5008 fulminis.
700 4941 898 4996 Lucem
924 4938 1110 4998 nostro
1143 4938 1372 4998 aﬂ‘uudit
1394 4946 1548 5002 Plinii
1575 4938 1722 5002 locus
1750 4947 1888 5003 Hist.

280 5017 418 5080 nat.,
455 5009 547 5065 lib.
574 5027 630 5072 ιι,
677 5027 798 5080 cap.
835 5029 902 5069 ιιι
937 5033 949 5068 :
993 5015 1275 5070 Tuscorum
1323 5017 1503 5072 litteris
1546 5034 1721 5072 novem
1768 5019 1890 5074 deos

279 5079 518 5161 emittere:
558 5079 780 5161 fulmina
809 5088 1120 5161 existimant,
1141 5105 1301 5157 eaque
1329 5105 1435 5161 esse
1464 5091 1699 5144 undecim
1730 5107 1887 5161 gene-

278 5165 434 5204 rum:
481 5151 660 5207 Jovem
691 5157 824 5210 enim
870 5159 1004 5211 trina
1028 5151 1268 5223 iaculari.
1314 5158 1535 5216 Romani
1557 5163 1659 5214 duo
1691 5151 1889 5216 "intum

279 5236 340 5272 ea:
364 5224 426 5275 iis
452 5240 731 5284 servavere.
748 5229 934 5281 diurna
960 5232 1290 5285 attribueutes
1306 5231 1446 5295 Jovi,
1464 5243 1712 5286 nocturna
1737 5235 1885 5287 Sum-

279 5307 452 5356 mano,
508 5305 638 5360 etc.,
695 5299 780 5353 tibi
844 5302 964 5356 vide
1023 5302 1281 5355 llarduin.
1343 5305 1496 5358 Conl‘.
1541 5305 1733 5359 Senec.
1767 5305 1884 5359 Nat.

277 5363 511 5446 Quaest”
546 5367 641 5420 ιιι).
677 5384 735 5432 ιι,
770 5385 889 5440 cap.
921 5373 1027 5446 41:
1066 5392 1085 5424 ι
1125 5373 1335 5443 Jupiter
1353 5377 1571 5446 quidem
1617 5377 1887 5446 ρνεεοίριιθ

277 5431 505 5515 fulmine
525 5509 535 5516 _
557 5449 817 5503 armatur,
839 5431 1244 5516 'putabaturqiie
1299 5431 1503 5501 tantum
1536 5431 1752 5502 miitere
1775 5431 1847 5502 iul
1865 5479 1881 5490 ο

278 5509 421 5587 mina
457 5509 906 5589 rubrapcumjlii
929 5516 1018 5589 ρει
1050 5509 1417 5585 jactilarentur
1444 5519 1561 5573 alba
1590 5531 1682 5573 aut
1713 5522 1882 5589 nigra,

279 5579 350 5629 uti
383 5596 445 5633 ex
484 5581 723 5646 lloratio,
775 5579 1067 5640 Claudiano
1088 5598 1142 5642 et
1181 5590 1393 5644 Acrone
1422 5593 1675 5646 observat
1707 5579 1886 5646 Me’ur;

283 5650 396 5730 sius
426 5653 476 5733 in
529 5653 960 5733 Lyt-OphrOnem.
996 5658 1119 5733 lude
1149 5661 1284 5715 forte
1315 5673 1418 5724 est,
1464 5664 1608 5733 quod
1637 5664 1773 5732 apud
1799 5664 1884 5717 Li-

287 5725 429 5805 vium
462 5725 700 5805 legamus
728 5728 820 5782 lib.
855 5744 1028 5805 xxxii,
1070 5730 1404 5805 Jovidonum
1458 5725 1651 5805 fulmen
1673 5725 1884 5788 aureum

284 5794 452 5876 pondo
479 5794 532 5876 [λέ
564 5802 756 5866 factum
776 5815 901 5864 esse,
952 5800 1148 5876 unoni
1170 5794 1520 5876 Minervaeque
1544 5823 1607 5859 ea:
1649 5817 1881 5876 argento.

291 5861 488 5920 Praeter
509 5861 702 5925 Jovem
728 5861 909 5930 autem
941 5872 1073 5929 deos
1108 5861 1458 5934 lulminnntes
1484 5861 1886 5936 inveniouSuma

1996 3229 2137 3283 Deos
2165 3240 2290 3284 ante
2316 3229 2772 3301 eitpugiiationem
2803 3232 3014 3286 urbium
3045 3249 3072 3284 a
3099 3231 3360 3287 Romanis
3397 3236 3613 3288 evocari

1993 3301 2184 3355 solitos
2229 3312 2283 3356 et
2331 3303 2554 3356 ltoniam
2604 3303 2818 3357 invitari
2870 3318 2958 3357 res
2999 3303 3304 3358 notissima.
3350 3302 3612 3360 Viileatnr

1994 3371 2221 3426 l'ormula
2256 3374 2329 3425 illi
2360 3373 2437 3427 rei
2461 3374 2699 3428 adhibita
2731 3372 2870 3442 apud
2919 3374 3181 3439 Macrob.,
3215 3379 3471 3443 Saturn.,
3509 3379 3605 3431 lib.

1993 3458 2073 3507 ιιι,
2107 3458 2227 3511 cap.
2252 3443 2314 3510 9;
2354 3445 2606 3511 Plinium,
2638 3445 2732 3499 lib.
2763 3461 2948 3506 xxviii,
2977 3461 3099 3514 cap.
3129 3446 3198 3512 2;
3237 3447 3472 3514 Livium,
3500 3460 3607 3504 etc.

1997 3515 2132 3569 Hinc
2165 3515 2488 3570 Prudentius
2515 3526 2706 3570 contra
2741 3516 3151 3587 Symmachum,
3189 3520 3283 3574 lib.
3322 3534 3358 3573 ιι
3393 3537 3404 3571 :

2117 3605 2410 3670 innumeros
2437 3615 2544 3670 post
2566 3609 2752 3658 deinde
2773 3609 2913 3668 deos,
2939 3609 3120 3659 virtute
3144 3611 3365 3662 subactis

2128 3668 2362 3737 prbibus,
2389 3668 2451 3719 cii
2479 3670 2624 3720 claris
2647 3673 2844 3737 peperit
2866 3672 2958 3721 sibi
2982 3670 3135 3720 Roma
3160 3674 3444 3737 triumphis.

2119 3730 2258 3794 Inter
2280 3729 2528 3782 fumantes
2545 3729 2839 3794 templorum
2860 3742 3046 3784 armata
3067 3737 3240 3785 ruinas

2116 3793 2342 3860 Qextera
2369 3796 2565 3860 victoris
2587 3793 2847 3846 simulacra
2873 3798 3065 3847 hostilia
3091 3802 3245 3860 cepit,

2119 3854 2181 3906 Et
2196 3858 2388 3919 captiva
2412 3859 2610 3906 domum
2633 3872 2877 3908 venerans
2893 3872 2988 3908 ceu
3008 3854 3205 3909 numina
3232 3854 3394 3912 vexit.

2500 3919 2701 3982 Οιιειι..,
2723 3921 2975 3971 S'rnwscn.
3002 3932 3054 3972 et
3073 3921 3295 3973 Harum.

2067 4024 2138 4098 Ac
2164 4040 2226 4078 ne
2245 4025 2432 4098 aliquis
2458 4026 2668 4098 deorum
2692 4026 3019 4080 multitudine
3047 4037 3133 4098 aut
3161 4028 3460 4098 ignorantia
3479 4045 3615 4096 prte-

1992 4097 2250 4149 teriretur.
2283 4097 2373 4150 Sic
2405 4096 2545 4150 edidi
2579 4111 2644 4150 ex
2693 4097 3072 4152 emendatione
3104 4096 3326 4152 Heruldi
3361 4100 3415 4153 in
3449 4099 3612 4155 Curis

1993 4181 2050 4220 ιι.
2082 4167 2278 4221 Οτεῑθιί
2305 4185 2316 4220 :
2343 4184 2404 4220 ac
2425 4185 2486 4221 ne
2524 4168 2723 4237 aliquid
2751 4169 2985 4234 deorum,
3009 4181 3116 4224 etc.
3149 4168 3356 4224 Οιιειι..

2065 4237 2313 4312 XXXIX.
2351 4269 2423 4279 —
2464 4238 2897 4312 Suntprclerea
2954 4241 3217 4312 nonnulli,
3275 4243 3365 4312 qui
3414 4258 3476 4296 ea:
3522 4246 3613 4296 lio-

1990 4310 2210 4382 minibus
2234 4312 2376 4364 divos
2398 4315 2582 4382 factos.
2605 4310 2827 4366 Servius
2849 4312 2914 4366 ad
2947 4312 3130 4382 Virgil.
3155 4310 3423 4377 1En.vut,
3455 4329 3603 4369 vers.

1992 4380 2094 4455 187
2127 4397 2139 4432 :
2177 4381 2316 4436 Sane
2335 4380 2546 4450 quidam
2569 4392 2758 4455 veteres
2783 4383 2904 4438 deos
2935 4380 3240 4438 Novensiles
3269 4386 3467 4448 dicunt,
3496 4388 3612 4455 qui-

1989 4451 2082 4526 bus
2113 4455 2305 4526 merita
2321 4455 2536 4526 virtutis
2552 4453 3041 4526 dederintinumiuis
3085 4457 3408 4526 dignitatem.
3446 4451 3607 4513 (Ioni.

1915 4551 1968 4616 D
1997 4523 2487 4616 Martiakgapella
2509 4523 2576 4580 de
2595 4523 2756 4596 Nupt.
2785 4525 2980 4581 Philol.
2999 4568 3014 4594 ,
3043 4523 3210 4594 liin,
3242 4543 3362 4598 pag.
3397 4527 3494 4595 27,
3517 4532 3607 4586 ed.

1998 4593 2159 4648 Bern.
2190 4593 2394 4650 Οιιειι..

2071 4665 2174 4732 Qui
2195 4669 2344 4720 rebus
2370 4668 2421 4720 in
2447 4665 2731 4720 substantia
2755 4667 3041 4722 constitutis
3066 4668 3395 4726 inanissimas
3436 4672 3611 4728 subdit

1996 4745 2044 4789 et
2071 4753 2152 4810 res
2181 4754 2375 4810 cassus.
2410 4738 2539 4792 Ha-c
2569 4749 2651 4793 est
2700 4739 2860 4794 lectio
2893 4751 3083 4803 vetus,
3116 4757 3238 4810 quae
3285 4743 3504 4798 tolerari
3560 4758 3613 4801 et

1995 4809 2254 4876 explicari
2309 4818 2504 4877 pctest.
2561 4810 2780 4864 Dicebat
2836 4811 2980 4865 enim
3031 4809 3202 4866 Varro
3238 4831 3249 4866 :
3284 4813 3611 4872 Novensiles

1995 4878 2130 4932 deos
2153 4894 2273 4933 esse
2305 4896 2588 4934 numerum
2621 4884 2971 4936 novenarium
2995 4900 3010 4944 ;
3037 4893 3089 4936 et
3131 4884 3202 4938 ita
3236 4900 3325 4939 res
3353 4887 3610 4943 inanissi-

1995 4963 2111 5030 mas
2149 4961 2205 5030 et
2236 4966 2417 5030 cassas
2449 4951 2613 5030 (quid
2642 4955 2786 5030 enim
2824 4957 3417 5030 numerisﬂiuanius?)
3449 4959 3612 5016 rebus

1993 5020 2046 5075 in
2082 5022 2380 5077 substantia
2411 5020 2725 5078 constitutis
2754 5025 3040 5079 subdebat.
3081 5020 3609 5087 Obseuritas’autem

1994 5090 2153 5162 hujus
2187 5093 2289 5168 loci
2319 5105 2440 5147 nata
2463 5105 2544 5148 est
2569 5113 2629 5147 es
2667 5095 2984 5168 trajectione
3012 5101 3220 5164 coiiiila:
3247 5117 3344 5168 pro
3365 5102 3611 5157 inanissi-

1993 5165 2290 5244 niassubdit
2317 5182 2397 5218 res
2426 5177 2471 5244 et
2494 5165 3370 5244 c_assa_s._HenA_Lnus_.—Trajectio
3399 5175 3610 5244 copula:

1991 5233 2272 5292 failiiliaris
2315 5237 2457 5311 apud
2493 5239 2813 5311 Arnobium.
2853 5238 2926 5292 ιω
2956 5239 3046 5293 lib.
3083 5257 3122 5305 ι,
3149 5233 3270 5311 αιί).
3306 5245 3376 5298 64
3409 5263 3423 5298 :
3457 5233 3609 5300 (ludo-

1990 5322 2106 5359 rum
2125 5318 2178 5360 et
2201 5308 2491 5362 celebritate
2517 5310 2790 5372 natalium,
2826 5326 2922 5377 pro
2957 5308 3246 5368 celebritate
3274 5316 3519 5370 ludorum
3561 5331 3610 5372 et

1991 5379 2269 5458 natalium,
2302 5379 2393 5434 tibi
2416 5379 2534 5458 vide
2568 5392 2747 5458 notas.
2792 5381 2979 5458 Itaque
3029 5384 3131 5458 hoc
3169 5387 3287 5441 loco
3319 5403 3461 5458 Opus
3498 5405 3608 5445 non

1992 5448 2254 5504 habemus
2289 5453 2634 5507 correctione
2665 5448 3080 5520 editoris'Lugd.
3104 5456 3220 5510 Bat.
3253 5448 3610 5517 :lnanissima

1990 5521 2259 5602 subdit,_et
2284 5539 2339 5602 re
2367 5539 2540 5602 cassa,
2573 5524 2742 5602 multo
2771 5525 2948 5602 minus
2980 5526 3351 5602 Fulv._Ur.~ini
3382 5533 3607 5602 eonjec-

1993 5604 2109 5646 tura
2139 5611 2150 5644 :
2177 5593 2519 5648 lnanissimas
2541 5596 2707 5648 subdit
2729 5598 2972 5660 rationes,
3007 5601 3088 5653 vel
3114 5599 3333 5656 Meursii
3365 5621 3378 5657 :
3409 5593 3600 5660 inanis-

1990 5667 2146 5718 simas
2190 5667 2360 5720 subdit
2406 5683 2484 5720 res
2525 5678 2569 5720 et
2601 5683 2792 5721 cassas.
2845 5668 3029 5722 Proin
3068 5671 3354 5726 substantia
3395 5674 3609 5732 Modius

1991 5738 2207 5813 reﬁnxit
2255 5741 2308 5792 in
2351 5741 2585 5813 essentia.
2635 5739 2742 5794 Sed
2789 5740 2910 5813 cod.
2964 5756 3064 5794 ms.
3127 5744 3288 5798 habet
3333 5748 3604 5813 instantia,

1988 5809 2132 5878 quod
2167 5825 2262 5877 per
2304 5810 2683 5878 compendium
2731 5812 3002 5866 scribendi
3035 5814 3085 5868 in
3123 5818 3314 5870 stantia
3368 5809 3606 5876 fortasse

1989 5881 2248 5949 scriptum
2280 5896 2379 5950 pro
2405 5881 2459 5934 in
2485 5880 2785 5942 substantia.
2814 5884 3016 5939 Uncus.
