3872 6356
397 317 529 372 tuos
1564 297 1842 368 inmutat
1887 311 2250 370 .\DVERSCS
2287 313 2559 372 caurus
3568 311 3692 368 toot

386 435 493 495 sit;
551 430 594 484 si
642 429 988 493 Summanus,
1032 428 1359 482 Summanus
1406 426 1513 491 sit;
1568 427 1670 482 hoc
1719 435 1802 482 est
1845 428 1990 482 enim
2040 490 2049 496 _
2098 430 2263 484 immo
2299 430 2624 486 novenarius
2663 442 2952 495 numerus,
2987 427 3381 484 subrersarum
3416 426 3582 496 petius
3615 444 3695 482 rei

389 524 682 587 conlidere,
735 523 835 577 hoc
874 531 1078 585 tenere,
1121 521 1412 589 exploratae
1461 520 1511 572 in
1561 520 1636 572 rei
1686 490 2068 590 cognitioneA
2100 521 2311 576 urbium
2363 522 2654 592 prmsides,
2704 531 2757 577 et
2807 522 2860 576 in
2916 520 2970 575 id
3021 521 3320 591 periculum
3374 517 3565 575 ducere
3613 533 3695 573 res

387 615 568 684 deligi,
606 629 711 667 non
743 629 893 668 more
925 629 1190 670 CtBCOI‘llm
1229 621 1388 681 atque
1430 611 1726 666 errantium
1759 612 1942 666 dicere
1973 629 1986 664 :
2101 623 2294 679 tantas,
2330 624 2386 669 ut
2412 615 2538 669 dum
2569 615 2704 670 alios
2734 615 2921 670 tollitis
2950 623 3006 670 et
3036 613 3305 684 reponitis
3341 611 3502 678 alios,
3536 611 3696 681 possit

393 705 711 763 Novensiles
740 705 905 761 Musae
934 715 1075 771 sunt,
1111 704 1362 760 Trebiaui
1393 705 1692 775 quiuimmo
1721 703 1794 758 dii
1827 711 1986 770 sunt,
2093 707 2214 774 jure
2243 705 2310 762 de
2333 707 2564 774 cunctis,
2596 721 2663 761 an
2695 707 2804 762 sint
2831 707 2940 761 ulla
2971 706 3024 762 in
3055 715 3241 778 parte,
3270 704 3520 762 dubitari.

1781 839 2339 900 COMMENTARIUS.

388 995 558 1042 ctant.
594 987 856 1058 Epitom.,
886 1001 938 1062 c._
962 983 1253 1062 _5tl_3_.’_\'am
1280 984 1320 1037 si
1323 1000 1450 1062 Jion
1489 982 1684 1049 fecerit,
1720 981 1988 1062 prazceptis
2118 1054 2127 1062 _
2169 981 2404 1036 Trebiani
2451 985 2732 1062 quinimmo
2761 983 2834 1062 dii
2860 991 3008 1062 sunt.
3033 981 3231 1062 Supra,
3261 995 3387 1062 _ca_p.
3417 980 3544 1062 .58:
3578 978 3696 1034 Piso

389 1060 494 1112 suis
536 1052 688 1126 ﬁdem
731 1057 1012 1126 derogabil.
1041 1054 1139 1110 Ulii
1169 1055 1290 1109 ride
1323 1055 1688 1126 Buuemann.,
1720 1054 1809 1122 qui
1843 1053 1991 1105 locu-
2095 1054 2215 1126 deos
2251 1070 2363 1126 esse
2383 1052 2548 1126 credit
2587 1063 2764 1109 novem
2795 1057 2848 1108 in
2881 1054 3271 1126 Sabinis__apud
3307 1052 3544 1126 Trebiam
3583 1068 3702 1126 con.

389 1123 589 1183 tionein
623 1130 774 1195 ﬁdem
800 1123 1046 1196 derogare
1077 1127 1316 1193 pluribus
1333 1126 1596 1192 exemplis
1639 1125 1895 1196 illustrat,
1933 1139 1984 1190 p.
2095 1125 2316 1196 stitutos.
2348 1125 2489 1179 Nihil
2524 1127 2685 1194 igitur
2711 1125 3055 1196 mutandum.
3087 1123 3331 1179 HznsLn.
3358 1123 3578 1178 —Male
3605 1123 3699 1193 igi-

391 1200 547 1253 1290.
587 1194 689 1252 Pro
729 1194 1214 1251 struitisiMcursius
1243 1197 1450 1248 mavult
1477 1195 1987 1248 adstruitis.0nEt.L.
2097 1206 2182 1248 tur
2209 1194 2312 1249 Th.
2341 1197 2646 1251 Canterus:
2680 1195 2963 1251 Trebianis.
2997 1199 3205 1252 OttELL.

463 1271 525 1324 Si
545 1270 877 1324 Summanus.
905 1268 1196 1338 Martianus
1222 1266 1462 1336 Capella,
1487 1265 1553 1319 de
1584 1265 1740 1334 Nupt.
1767 1264 1991 1338 i'hiloL,
2120 1336 2145 1338 μ
2170 1265 2544 1338 Subversarum
2572 1269 2742 1338 potius
2781 1268 2857 1321 vel
2894 1268 3095 1320 urbium
3122 1266 3388 1336 prasides.
3434 1265 3524 1320 Vel
3553 1264 3700 1318 addi-

385 1342 418 1392 l.
453 1357 507 1402 Il,
547 1356 598 1407 p.
631 1340 722 1403 65,
753 1339 838 1393 ed.
876 1341 1035 1393 Bern.
1087 1357 1100 1392 :
1143 1337 1412 1408 Pluto.....
1445 1339 1527 1401 qui
1561 1339 1711 1389 etiam
1755 1336 1995 1390 Summa-
2098 1336 2176 1390 dit
2207 1337 2384 1391 editor
2417 1336 2584 1408 Lugd.
2617 1339 2733 1392 Bat.
2772 1340 3038 1392 incertum
3066 1354 3132 1391 an
3161 1355 3231 1394 ex
3259 1338 3389 1392 Cod.
3421 1351 3523 1408 ms:
3546 1351 3610 1389 an
3640 1351 3703 1389 ex

387 1427 480 1463 nus
500 1412 706 1470 dicitur,
742 1413 888 1476 quasi
914 1426 1142 1463 summus
1174 1407 1429 1460 Manium.
1465 1409 1667 1461 Onus.
2102 1409 2339 1475 ingenio,
2375 1407 2580 1463 tantum
2614 1409 2680 1462 ad
2713 1411 2817 1463 vim
2848 1409 3111 1462 orationis
3137 1409 3457 1478 augendam.
3490 1407 3582 1461 Est
3607 1422 3703 1460 au-

462 1481 763 1549 E.rplorata:
813 1482 865 1534 in
912 1483 982 1534 rei
1028 1480 1317 1547 cognitione
1358 1480 1531 1547 deﬁgi.
1593 1481 1821 1531 Secutus
1872 1492 1993 1531 sutn
2103 1491 2206 1531 tein
2243 1481 2489 1546 trajectio
2531 1479 2811 1534 futuiliaris
2857 1481 3098 1534 Aruobio
3131 1496 3228 1549 pro
3268 1479 3344 1532 vel
3386 1481 3552 1548 potius
3584 1479 3702 1531 sub-

384 1553 819 1606 cmeudationeui
871 1553 1104 1606 Meursii.
1163 1552 1264 1604 Alii
1321 1567 1331 1601 :
1369 1549 1764 1618 Explorate.....
1803 1549 1990 1620 deﬁgi.
2101 1566 2359 1620 versarunt
2390 1552 2588 1604 urbium
2626 1551 2893 1620 pra'sides.
2934 1552 3138 1605 OuELL.

386 1624 525 1687 quod
553 1639 678 1676 uum
720 1623 884 1678 latine
914 1623 1018 1675 dici
1052 1622 1512 1690 possit,equitleui
1537 1620 1688 1672 valde
1707 1619 1986 1691 addubilo.
2107 1690 2118 1691 ί
2176 1619 2240 1672 Et
2283 1622 2332 1674 in
2385 1622 2440 1674 id
2482 1619 2764 1691 periculum
2808 1623 3011 1677 ducere.
3058 1621 3162 1675 Alii
3209 1622 3495 1684 adducere;
3537 1620 3704 1676 editor

387 1693 589 1746 Dicitur
616 1693 829 1762 quidem
857 1702 1164 1754 constanter,
1195 1691 1602 1757 ﬁrmiter,alicui
1623 1691 1695 1743 rei
1727 1690 1882 1759 deﬁgi
1906 1690 1989 1746 vel
2025 1756 2061 1762 _
2103 1690 2272 1758 Lugd.
2320 1692 2437 1746 Bal.
2483 1690 2778 1762 perducere,
2821 1694 2962 1762 quod
3001 1710 3032 1747 e
3077 1693 3198 1748 cod.
3236 1709 3339 1747 nis.
3377 1693 3546 1754 ﬂuxit,
3576 1702 3706 1747 teste

388 1756 664 1827 adha'rere,
698 1775 1000 1817 nouantem
1028 1756 1310 1829 explorate.
1341 1762 1542 1814 Onam.
1834 1756 1842 1759 “

2161 1756 2330 1816 aursio
2363 1764 2415 1817 in
2450 1756 2695 1835 A'ppeud.
2729 1756 2932 1819 OnthL.

2161 1925 2396 1934 —.———--.-
2423 1923 3162 1936 —-_7_—_————.—.—_--‘.——..'
3201 1927 3352 1935 *σο-ς-

1349 2057 1842 2165 LIBER
1928 2057 2368 2184 QUAR
2396 2061 2500 2165 T
2527 2061 2735 2167 US.

1777 2286 1983 2341 INDEX
2021 2285 2349 2344 CAPITUM.

387 2585 648 2656 Inceptum
699 2584 940 2637 adversus
987 2581 1250 2651 gentilium
1281 2581 1400 2632 deos
1429 2578 1826 2645 disputationem
1871 2593 1986 2644 per-
2170 2580 2347 2646 quibus
2391 2582 2544 2635 iidem
2595 2584 2666 2636 dii
2707 2587 2917 2640 summis
2957 2589 3278 2642 contumeliis
3309 2589 3480 2656 affecti
3527 2591 3705 2661 ubique

455 2679 681 2747 sequitur
705 2676 953 2728 Arnobius
981 2673 1298 2740 ostenditque
1328 2670 1594 2733 Pietatem,
1626 2667 1986 2732 Concordiam,
2171 2672 2361 2738 passim
2393 2674 2738 2741 perhibentur.
3329 2682 3459 2751 Cap,
3491 2683 3578 2750 Q9,
3605 2689 3699 2739 ξε.

457 2772 688 2826 Salutem
716 2769 919 2838 aliaque
963 2766 1315 2836 hujuscemodi
1357 2765 1566 2818 numina
1610 2779 1699 2816 nec
1733 2765 1852 2833 joco
1899 2777 1989 2815 nec
2101 2760 2246 2813 ltlem
2298 2778 2592 2830 persecutus
2624 2778 2982 2839 argumentum
3029 2773 3294 2826 concludit
3339 2776 3568 2844 publicas
3609 2777 3702 2829 hst-

458 2866 590 2918 serio
622 2865 723 2915 dici
773 2879 918 2929 passe
965 2863 1060 2913 vim
1107 2860 1288 2912 habere
1335 2859 1558 2912 divinam
1603 2866 1650 2910 et
1700 2857 1750 2908 in
1782 2871 1990 2908 censum
2173 2855 2310 2907 mani
2330 2858 2530 2924 generis
2551 2859 2870 2914 calamitates
2898 2862 3022 2929 ipsis
3044 2863 3282 2926 ethnicis,
3312 2866 3420 2918 hwc
3444 2869 3702 2920 numinum

453 2958 663 3009 deorum
691 2955 912 3024 referri;
945 2969 1059 3004 cum
1115 2968 1172 3004 ea
1229 2951 1400 3003 omnia
1440 2950 1491 3002 in
1537 2950 1798 3002 hominum
1830 2946 1991 2999 actio-
2174 2958 2405 3015 portenta
2445 2951 2603 3019 impie
2650 2954 2950 3019 colentibus,
3001 2972 3109 3008 esse
3157 2957 3560 3023 adscribendos;
3602 2977 3702 3014 non

460 3049 608 3100 nibus
636 3055 786 3115 atque
812 3043 1076 3110 affectibus
1109 3045 1273 3111 posita
1327 3052 1576 3096 constent.
1663 3042 1790 3110 Cap.
1837 3043 1887 3104 1,
1932 3040 1986 3093 2.
2047 3114 2059 3119 _
2173 3050 2341 3094 autem
2387 3044 2698 3111 christianis,
2729 3047 2816 3114 qui
2862 3064 2920 3101 ea
2961 3064 3060 3117 quo
3106 3065 3203 3119 par
3249 3061 3324 3104 est
3364 3054 3576 3107 horrore
3611 3054 3703 3108 de-

391 3141 501 3194 Nec
549 3114 717 3192 minus
766 3147 1072 3208 prtepostere
1116 3137 1178 3188 ab
1226 3136 1440 3188 ethnicis
1492 3145 1699 3203 propter
1745 3135 1993 3186 nommlla
2020 3114 2062 3174 (δ
2169 3144 2436 3187 testantur.
3205 3140 3338 3211 Cap.
3366 3143 3456 3205 ’22,
3487 3144 3581 3210 2.3,
3611 3145 3700 3198 24,

458 3233 744 3300 benefacta,
779 3231 853 3281 uti
889 3229 1290 3292 somniaveram,
1325 3226 1495 3293 plures
1526 3227 1621 3289 dii,
1653 3226 1988 3293 quemadmo-
2098 3224 2214 3276 Alia
2262 3225 2506 3293 probrosa
2546 3229 2645 3282 diis
2690 3232 2794 3284 suis
2834 3234 2898 3285 ab
2925 3233 3139 3286 ethnicis
3182 3235 3372 3288 tributa
3412 3253 3705 3290 commento-

459 3328 580 3374 ttum
612 3320 845 3390 Luperca
867 3361 880 3383 ,
913 3319 1203 3383 Prtestana,
1239 3316 1424 3369 Panda
1454 3333 1540 3370 seu
1575 3315 1793 3369 Pantica
1816 3357 1829 3380 ,
1867 3315 1989 3369 Pel-
2170 3327 2270 3368 rat.
3335 3329 3463 3398 cap.
3495 3328 3586 3394 ει,
3613 3329 3702 3383 25,

458 3417 596 3468 Ionia
639 3415 853 3485 olimque
893 3415 1183 3484 ignotorum
1231 3411 1498 3464 numinum
1547 3421 1760 3464 caterva:
1805 3411 1987 3463 educe-
2103 3405 2210 3460 Nec
2251 3409 2458 3464 insanas
2487 3411 2698 3465 deorum
2738 3414 2971 3469 libidines
3003 3433 3063 3470 ac
3089 3421 3344 3486 furentem
3376 3422 3708 3489 petulantiam

457 3511 662 3581 bantur.
1154 3578 1183 3581 __
1465 3577 1474 3581 Α
1673 3504 1805 3581 Cap.
1837 3506 1890 3569 5,

2169 3500 2477 3554 dissimulat.
3331 3511 3462 3581 Cap.
3493 3512 3587 3578 26,
3615 3513 3702 3567 97.

389 3580 690 3634 tiarriebant
739 3588 983 3646 pra’terea
1027 3578 1260 3646 gentiles,
1311 3577 1558 3644 quosdam
1606 3592 1712 3629 esse
1757 3578 1878 3629 deos
1923 3577 1994 3628 si-

2099 3591 2248 3659 Atqui
2276 3596 2382 3646 hare
2409 3596 2581 3648 omnia
2608 3608 2696 3650 aut
2736 3600 2872 3668 falsa
2914 3611 3031 3654 sunt
3069 3613 3156 3656 aut
3200 3619 3340 3657 rera.
3373 3604 3436 3660 Si
3465 3607 3704 3676 primum,

461 3674 738 3726 nistrarum
796 3673 1055 3741 regionum
1107 3669 1386 3738 pra’sides,
1440 3670 1764 3721 dexterarum
1822 3668 1994 3721 inimi-

2171 3684 2242 3736 dii
2295 3695 2467 3740 tantas
2511 3698 2714 3757 tamque
2762 3691 3084 3762 impudentes
3128 3697 3417 3750 calumnias
3458 3699 3707 3753 vindicare

461 3783 566 3818 cos.
1777 3763 1907 3831 CaP-
1935 3764 1989 3818 δ’
2169 3778 2417 3842 debuere;
2471 3782 2516 3835 si
2564 3785 2864 3851 secundum,
2913 3787 3067 3841 iidem
3125 3791 3199 3844 dii
3239 3791 3434 3857 miseri,
3493 3795 3706 3864 infames

390 3859 464 3910 Ab
492 3859 671 3910 iisdem
693 3872 893 3924 quoque
920 3853 1190 3924 gentilibus
1221 3856 1416 3907 insusse
1442 3857 1647 3908 omnino
1675 3856 1995 3924 ﬁngebantur

2171 3890 2230 3924 ac
2310 3875 2689 3930 sceleratissimi
2764 3880 2994 3934 homines
3074 3884 3238 3952 fuisse
3318 3886 3702 3939 convincuntur.

459 3949 664 4018 quidam
698 3948 769 4000 dii
799 3948 946 3999 rebus
971 3946 1276 4015 quibusdam
1307 3964 1395 3999 nec
1422 3948 1539 4000 aliis
1571 3948 1798 4017 praefecti
1823 3965 1838 4000 :
1866 3965 1995 4018 quo-
3074 3946 3084 3952 ⁷
3347 3974 3479 4045 (ξαρ,
3503 3977 3595 4043 27’
3619 3978 3705 4033 ξε,

460 4058 574 4094 rum
607 4039 886 4094 nonnullos
913 4047 1133 4091 recenset
1162 4038 1434 4092 Arnobius.
1697 4039 1826 4110 Cap.
1856 4042 1908 4106 ti,
1942 4042 1993 4094 7.

2161 4059 2350 4110 omines
2399 4069 2565 4114 autem
2613 4062 2774 4130 fuisse
2815 4067 2935 4118 deos
2988 4067 3245 4136 ejusmodi
3296 4072 3710 4140 manifestissime

388 4137 504 4190 Alia
535 4137 654 4189 item
685 4133 940 4204 ejusmodi
971 4133 1180 4186 numina
1207 4149 1507 4187 enumerare
1549 4136 1711 4204 pergit
1743 4135 1991 4206 ridetque.

1661 4225 1790 4296 Cap.
1821 4229 1873 4294 8,
1911 4230 1991 4283 Η.

393 4319 570 4388 Neque
610 4329 678 4372 est
726 4319 862 4387 quod
893 4319 1076 4387 aliquis
1122 4317 1329 4384 obiiciat
1354 4360 1368 4382 ,
1401 4318 1517 4370 illos
1547 4318 1658 4370 ideo
1704 4325 1824 4374 deos
1867 4337 1991 4387 esse,

463 4411 600 4480 quod
629 4410 690 4464 ab
710 4411 1068 4477 haruspicibus
1091 4409 1506 4462 vacaticontiuuo
1521 4410 1741 4466 veniant.
1767 4423 2000 4480 certaque

460 4521 704 4574 respousa
745 4503 982 4558 reddant.
1020 4502 1184 4568 Quam
1211 4503 1414 4572 quidem
1444 4503 1777 4572 objectionem
1807 4505 1995 4572 refellit
2022 4520 2074 4578 υ

2173 4152 2552 4219 comprobatur.
2599 4154 2778 4210 Verum
2820 4158 3048 4212 declarat
3082 4162 3359 4227 Arnobius,
3394 4180 3448 4216 se
3472 4165 3546 4226 id,
3579 4165 3710 4233 quod

2173 4244 2328 4309 facile
2357 4247 2489 4300 alias
2515 4261 2644 4310 erat,
2683 4251 3135 4307 demonstrandum
3165 4271 3268 4309 non
3295 4258 3603 4327 suscepisse,
3623 4259 3708 4312 sed

2173 4340 2307 4390 illud
2335 4342 2712 4407 tantummodo,
2747 4345 2868 4399 deos
2899 4347 3143 4400 nimirum
3171 4367 3200 4400 α
3229 4351 3432 4404 nemine
3458 4359 3710 4404 contume-

2175 4432 2354 4486 liosius
2385 4451 2538 4502 quam
2565 4435 2627 4488 ab
2653 4437 2867 4492 ethnicis
2898 4443 3092 4494 vexari.
3217 4443 3348 4511 Cap.
3378 4442 3472 4507 29,
3501 4443 3594 4508 30,
3622 4445 3708 4498 5i.

2104 4524 2283 4594 Neque
2311 4529 2407 4579 ista
2445 4545 2550 4582 esse
2583 4539 2844 4596 poetarum
2875 4546 3160 4588 connuenta
3204 4537 3462 4591 evidenter
3487 4539 3711 4592 demons-

464 4599 736 4653 Arnobius.
1436 4689 1444 4697 ι
1556 4689 1566 4698 Ι
1624 4596 1751 4698 Cap.
1789 4598 1878 4698 .H,
1913 4598 1990 4698 15:
2175 4629 2294 4671 mu.
3215 4628 3346 4698 Cap.
3379 4630 3469 4694 Si,
3502 4631 3591 4696 35‘
3621 4630 3709 4685 54.

393 4693 500 4748 Sed
554 4693 706 4745 instat
754 4698 954 4759 auctor.
986 4689 1297 4757 planumque
1345 4689 1468 4756 facit
1515 4689 1886 4741 absurdissima
1935 4689 1999 4741 ab

463 4788 676 4844 ethnicis
709 4784 925 4854 produci
951 4783 1162 4836 deorum
1189 4799 1397 4836 suorum
1431 4792 1655 4836 monstra
1681 4798 1698 4835 :
1729 4792 1828 4836 tres
1862 4783 2000 4836 vide—

463 4881 578 4934 licet
623 4859 798 4940 .loites,
833 4875 1052 4943 quinque
1084 4874 1252 4935 Soles,
1301 4873 1505 4926 totidem
1552 4873 1854 4938 Mercurios,
1895 4872 1999 4927 Mi-

465 4987 644 5026 nervas
666 4978 710 5022 et
742 4966 1019 5036 Dionysos,
1045 4975 1140 5018 etc.
1508 4964 1634 5034 Cap.
1673 4965 1754 5031 I5,
1785 4966 1870 5029 ii,
1908 4965 1991 5020 15.

389 5067 452 5120 At
501 5065 554 5118 hi
604 5077 778 5116 omnes
825 5058 898 5110 dii
946 5057 1172 5126 ejusdem
1219 5056 1439 5109 nominis
1479 5071 1585 5110 esse
1629 5073 1729 5110 non
1763 5067 1994 5125 possunt,

463 5166 549 5210 aut
597 5154 709 5224 quis
758 5167 820 5204 ea:
849 5149 954 5203 illis
999 5165 1147 5202 verus
1188 5146 1327 5202 Deus
1367 5147 1432 5201 sit
1466 5147 1664 5219 penitus
1709 5158 1994 5218 ignoratur.

466 5251 628 5319 Atque
692 5245 746 5297 id
797 5241 1030 5312 ea'emplo
1096 5239 1342 5294 Minervio
1399 5241 1667 5307 conﬁrmat
1720 5242 1994 5296 Arnobius.

1502 5333 1629 5404 Cap.
1664 5335 1751 5402 15,
1785 5337 1870 5400 16,
1913 5337 1995 5392 17.

393 5436 629 5493 Occurrit
659 5430 1171 5500 deinde,urgentibus
1203 5429 1438 5490 ethnicis,
1472 5429 1839 5499 incompertmn
1868 5448 1998 5495 esse,

465 5548 530 5582 an
562 5525 783 5594 theologi
810 5523 962 5575 aliive
989 5524 1092 5574 suis
1120 5523 1169 5573 in
1215 5524 1355 5576 libris
1396 5524 1598 5592 cognita
1627 5534 1672 5576 et
1705 5525 1994 5592 t‘.t'plvn'(tl(t,

461 5621 539 5674 vel
589 5624 724 5688 facta
773 5617 990 5684 ﬁctaque
1038 5629 1130 5682 pro
1181 5614 1388 5669 libidine
1435 5617 1497 5669 de
1532 5616 1631 5669 diis
1677 5618 1993 5684 scripserint.

1624 5708 1752 5777 Cap.
1790 5710 1874 5773 18,
1909 5710 1991 5766 19.

387 5801 737 5867 Demonstrat,
778 5802 921 5853 iisin
969 5799 1110 5852 libris
1138 5798 1264 5852 nihil
1307 5802 1405 5852 veri
1455 5800 1672 5853 indicari
1721 5818 1892 5868 posse,
1944 5803 1995 5852 in

2104 4707 2210 4762 Sed
2248 4727 2305 4764 eo
2338 4715 2506 4783 major
2535 4725 2645 4768 erat
2682 4716 2999 4771 ethnicorum
3041 4720 3286 4786 iniquitas
3308 4763 3321 4786 ,
3351 4723 3489 4792 quod
3516 4739 3710 4776 summa

2173 4807 2341 4875 legum
2372 4809 2639 4863 severitate
2665 4810 2719 4862 in
2750 4814 2938 4880 famosi
2965 4813 3190 4883 alicujus
3221 4815 3368 4876 dicti,
3401 4817 3639 4870 carminis
3664 4826 3709 4871 et

2173 4901 2329 4954 libelli
2358 4913 2592 4956 auctores
2631 4905 3092 4962 animadverterent
3114 4925 3135 4973 ;
3181 4910 3557 4976 patientissime
3597 4927 3707 4966 sero

2172 4999 2359 5062 ferrent
2391 5007 2536 5051 tanta
2569 5000 2780 5054 deorum
2825 5002 3079 5057 dedecora
3131 5005 3284 5058 scribi
3329 5015 3378 5058 et
3429 5007 3704 5060 decantari.

3331 5097 3462 5166 Cap.
3497 5099 3588 5162 ss,
3622 5100 3703 5154 55.

2107 5175 2280 5247 Neque
2313 5182 2437 5236 satis
2469 5183 2575 5238 haec
2619 5185 2776 5254 culpa
2823 5197 2898 5242 est
2924 5204 2942 5241 :
2970 5205 3033 5242 ea
3071 5190 3206 5243 enim
3245 5189 3520 5244 scribentes
3566 5201 3708 5260 atque

2175 5275 2326 5327 etiam
2359 5277 2634 5332 histriones
2663 5291 2710 5334 et
2750 5282 2932 5336 mimos
2964 5284 3144 5336 eadem
3184 5283 3237 5336 in
3273 5285 3489 5338 theatris
3524 5301 3710 5353 repra-

2175 5378 2436 5424 sentantes
2464 5373 2704 5427 laudibus
2731 5391 2790 5428 ac
2819 5378 3047 5437 prcemiis
3079 5375 3354 5448 augebant.
3388 5375 3479 5430 Dii
3503 5393 3641 5448 ergo,
3667 5378 3711 5430 si

2174 5459 2274 5523 ira,
2321 5463 2395 5514 uti
2425 5464 2769 5529 opinabantur
2795 5467 3009 5534 ethnici,
3037 5469 3410 5534 accendantur,
3447 5485 3547 5523 non
3577 5469 3711 5523 chri-

2173 5557 2388 5618 stianis,
2434 5559 2524 5610 sed
2567 5560 2794 5628 ipsismet
2837 5563 3056 5616 ethnicis
3101 5563 3329 5616 omnium
3378 5573 3496 5617 ante
3538 5565 3712 5618 oculos

2173 5647 2392 5701 dedecus
2418 5650 2624 5704 illorum
2654 5656 3000 5709 statuentibns
3027 5655 3181 5708 irasci
3207 5655 3475 5709 debebant.
3509 5655 3574 5710 Si
3597 5673 3709 5711 vero

2175 5740 2264 5794 ira:
2309 5751 2534 5811 carpo-tes
2581 5755 2694 5799 sunt
2719 5788 2732 5813 ,
2785 5747 3086 5802 ehristianis
3132 5749 3324 5818 frustra
3370 5747 3487 5800 irati
3533 5748 3714 5802 dicun-

2175 5840 2274 5884 tur.
3213 5839 3344 5912 Cap.
3375 5841 3465 5911 35,
3493 5839 3587 5908 5G,
3621 5840 3708 5900 37.
