3872 6346
331 379 464 433 1011

1479 365 1757 422 ARNOBH
1791 367 1828 420 Α
1842 363 2160 421 DVERSUS
2197 363 2473 420 GENTES

3514 361 3632 416 i0l‘2

325 495 618 561 liciumque
665 485 958 558 praestare?
990 485 1144 552 Quod
1187 485 1230 538 si
1265 483 1447 553 utique
1479 483 1704 546 fecerit,
1759 480 1811 534 id
1843 491 1926 535 est
1956 487 2006 546 Α
2032 496 2214 545 sensu,
2250 498 2420 552 neque
2448 483 2547 552 ipsi
2581 496 2678 536 nos
2703 480 3064 551 assequimur,
3103 493 3204 532 uec
3235 492 3266 530 a
3301 476 3454 531 vobis
3477 481 3634 532 conti-

326 584 571 657 partibus
605 581 650 636 si
681 579 919 648 utrisque
957 576 1197 631 favorem
1241 589 1305 629 ac
1345 572 1656 644 suffragium
1688 589 1930 628 commo—

329 677 471 732 darit
495 718 509 741 ,
545 673 780 728 nominis
817 671 900 726 sui
935 671 1042 724 vim
1074 667 1290 738 perdet,
1323 666 1464 736 quod
1498 668 1664 735 partis
1690 667 1846 720 unius
1878 668 1930 721 in

330 769 582 840 pulsione
609 765 898 820 formatum
928 772 1031 816 est.
1067 759 1178 814 Nisi
1221 758 1359 812 forte
1385 759 1577 812 dicetis
1600 800 1615 822 ,
1653 757 1930 813 Romano-

328 879 451 919 rum
479 871 684 916 tantum
717 868 801 914 est
829 857 926 911 dea
958 855 1092 920 haec,
1125 861 1181 908 et
1205 867 1326 906 cum
1356 853 1486 906 solis
1517 851 1814 918 Quiritibus
1847 849 1930 903 fa-

331 957 484 1011 ciens
533 952 785 1023 gratiosis
827 962 1041 1016 semper
1088 944 1531 1014 opitulationibus
1588 953 1788 1012 prsesto
1827 952 1928 997 est.

331 1048 467 1103 Esse
496 1046 710 1117 quidem
745 1045 844 1096 hoc
885 1042 955 1093 ita
983 1081 996 1103 ,
1033 1037 1177 1109 quod
1216 1038 1421 1092 nomini
1462 1036 1738 1102 favemus,
1775 1046 1932 1105 opta-

332 1157 488 1206 mus;
537 1150 591 1193 at
622 1135 973 1206 quaestionem
1013 1146 1120 1186 non
1151 1131 1402 1200 exiguam
1446 1145 1534 1184 res
1579 1129 1760 1184 habet.
1793 1129 1934 1196 Quid

329 1233 474 1286 enim
500 1227 720 1284 Romani
751 1235 882 1279 deos
913 1223 1191 1292 possident
1219 1222 1542 1292 peculiares,
1585 1221 1674 1291 qui
1706 1220 1934 1275 aliarum

331 1323 572 1395 gentium
615 1335 720 1375 non
768 1317 910 1372 sint?
952 1325 1006 1370 et
1047 1315 1501 1385 quemadmodum
1536 1323 1835 1383 poterunt“
1861 1314 1935 1368 dii

328 1431 470 1481 esse,
500 1415 546 1468 si
569 1429 674 1468 non
697 1413 968 1478 omnibus,
997 1424 1119 1479 quae
1141 1409 1340 1478 ubique
1361 1419 1487 1463 sunt
1512 1417 1722 1478 gentes.
1752 1425 1935 1478 aequa-

329 1506 593 1561 bilitatem
623 1503 706 1558 sui
736 1502 972 1556 numinis
1003 1499 1374 1555 exhibebunt?
1399 1510 1452 1554 et
1483 1499 1572 1554 ubi
1593 1515 1779 1569 qumso
1795 1500 1938 1569 jam-

331 1598 532 1653 dudum
561 1595 796 1650 Pellonia
830 1594 944 1648 hzec
977 1593 1102 1657 fuit,
1134 1607 1258 1646 cum
1289 1591 1430 1661 apud
1457 1591 1718 1646 Furculas
1741 1589 1936 1646 Caudi-

334 1706 432 1747 nas
456 1691 622 1745 decus
644 1687 918 1758 publicum
941 1685 1282 1755 subjugatum
1306 1686 1430 1739 est?
1453 1700 1574 1740 cum
1604 1685 1744 1754 apud
1773 1686 1938 1742 Thra-

335 1783 546 1838 sumeni
581 1782 754 1834 lacum
800 1779 1078 1848 sanguinei
1129 1790 1418 1831 cucurrere
1452 1778 1769 1830 torrentes?
1814 1793 1937 1833 cum

2031 576 2210 630 dimus
2242 590 2399 644 posse
2436 575 2486 628 in
2515 573 2750 644 aliquam
2784 573 2957 628 lucem
2999 570 3316 626 communis
3347 569 3635 640 intelligen-

2035 669 2120 722 tiae
2158 668 2392 736 perduci.
2433 667 2551 722 lam
2594 670 2822 737 primum
2851 669 2996 723 enim
3041 667 3280 722 mundus
3312 665 3431 735 ipse
3459 682 3549 735 per
3583 682 3635 720 se

2033 760 2133 814 sibi
2163 775 2338 831 neque
2360 760 2634 823 dexteras.
2669 777 2844 831 neque
2870 762 3052 826 ltevas,
3084 775 3264 831 neque
3292 772 3518 829 superas
3547 774 3631 812 re-

2033 853 2256 923 giones,
2307 869 2482 922 neque
2526 855 2697 919 imas,
2748 870 2922 926 neque
2961 857 3171 910 anticas
3217 854 3423 920 habet,
3468 868 3637 922 neque

2037 948 2292 1015 posticas.
2342 947 2612 1018 Quidquid
2660 950 2805 1004 enim
2851 959 2992 1005 teres
3025 960 3138 1014 est,
3186 958 3355 1018 atque
3393 963 3458 1001 es
3499 949 3644 1001 omni

2039 1048 2190 1106 parte
2245 1039 2595 1095 rotunditatis
2646 1041 2835 1096 solida:
2891 1041 3228 1097 convexiOne
3276 1039 3645 1105 conclusum,

2040 1133 2242 1186 nullum
2286 1133 2446 1188 habet
2487 1135 2697 1189 initium
2725 1178 2740 1201 ,
2793 1136 2994 1190 nullmn
3045 1135 3245 1199 tinem;
3294 1135 3388 1189 ubi
3421 1133 3576 1199 ﬁnis,
3604 1143 3653 1186 et

2041 1225 2249 1278 initium
2283 1225 2492 1280 nullum
2525 1237 2610 1281 est
2637 1268 2651 1293 ,
2706 1241 2828 1283 esse
2855 1229 3030 1296 aliqua
3061 1227 3240 1296 portio
3262 1227 3345 1280 sui
3377 1227 3648 1288 nominis.

2040 1329 2095 1372 et
2126 1319 2337 1372 initium
2368 1336 2475 1374 non
2507 1331 2704 1390 potest.
2734 1321 2918 1389 Itaque
2943 1335 3063 1375 cum
3095 1320 3335 1374 dicimus
3351 1329 3399 1382 ο,
3430 1318 3655 1374 dextera

2042 1409 2155 1464 haec
2187 1411 2334 1480 regio
2362 1420 2446 1466 est
2471 1455 2486 1477 ,
2529 1422 2584 1467 et
2612 1413 2698 1468 illa
2733 1413 2866 1467 laeva
2890 1453 2906 1477 ,
2951 1428 3060 1466 non
3091 1412 3158 1466 ad
3191 1411 3381 1466 mundi
3420 1412 3658 1466 habitum

2041 1501 2275 1556 dicimus
2301 1503 2392 1572 qui
2418 1505 2500 1558 sui
2530 1504 2840 1559 simillimus
2873 1512 3018 1558 totus
3049 1513 3132 1557 est
3152 1545 3166 1568 ,
3203 1501 3299 1557 sed
3329 1501 3397 1556 ad
3430 1502 3656 1571 positio-

2043 1609 2168 1650 nem
2208 1605 2448 1649 nostram
2475 1637 2488 1661 ,
2533 1596 2804 1665 situmque
2846 1609 3162 1650 revocamus
3188 1634 3202 1657 ,
3245 1593 3338 1662 qui
3385 1590 3662 1646 informati

2043 1687 2121 1739 sic
2147 1698 2335 1738 sumus
2361 1725 2376 1748 ,
2428 1694 2486 1738 ιιι
2515 1685 2617 1738 alia
2639 1685 2860 1740 dextera
2887 1727 2901 1752 ,
2932 1685 3033 1738 alia
3064 1684 3220 1738 nobis
3248 1682 3502 1738 dicantur
3532 1699 3657 1738 esse

2043 1779 2210 1842 laeva;
2245 1794 2363 1847 qua;
2395 1788 2572 1833 tamen
2607 1779 2722 1834 haec
2763 1779 2875 1848 ipsa
2903 1794 3022 1847 quas
3050 1779 3181 1832 laeva
3210 1777 3572 1848 appellamus,
3611 1788 3665 1832 et

333 1873 612 1928 Diomedis
641 1871 813 1938 campi
849 1883 1086 1923 romams
1125 1867 1480 1922 cadaveribus
1513 1869 1750 1937 aggerati
1775 1873 1938 1924 sunt?
1970 1866 2016 1924 Β
2044 1871 2266 1926 dextera
2295 1872 2400 1925 alia
2425 1914 2439 1937 ,
2471 1873 2523 1925 in
2555 1871 2710 1926 nobis
2741 1871 2870 1924 nihil
2898 1871 3097 1926 habent
3121 1884 3445 1940 perpetuum
3472 1913 3488 1937 ,
3521 1871 3656 1924 nihil

335 1980 458 2019 cum
490 1963 639 2016 mille
665 1961 767 2014 alia
798 1960 1016 2014 vulnera
1049 1959 1362 2028 prieliorum
1396 1961 1693 2014 innumeris
1717 1973 1942 2031 accepta

337 2066 465 2112 sunt
493 2053 775 2108 cladibus?
806 2051 1107 2106 dormiebat
1132 2093 1148 2118 ,
1174 2051 1442 2106 stertebat
1467 2095 1482 2116 ,
1515 2063 1606 2107 aut
1635 2055 1776 2123 quod
1820 2055 1946 2110 vilia

340 2148 521 2202 facere
551 2154 809 2201 consueta
838 2154 964 2198 sunt
992 2145 1166 2214 capita
1190 2185 1205 2210 ,
1239 2144 1292 2197 in
1327 2143 1542 2199 hostilia
1573 2156 1749 2199 castra
1791 2146 1946 2202 defu-

339 2251 491 2311 gerat
510 2239 537 2278 ὶ)
562 2241 586 2291 ‘l

414 2332 477 2386 V.
514 2333 592 2385 Dii
623 2332 762 2395 lzevi,
803 2341 857 2385 et
903 2331 1084 2391 hewn,
1130 2331 1473 2384 sinistrarum
1516 2341 1721 2386 tantum
1765 2333 1942 2403 regio-

341 2438 469 2477 num
495 2431 620 2475 sunt
653 2421 911 2490 praesides
933 2463 946 2486 ,
993 2431 1047 2476 et
1077 2421 1280 2475 inimici
1310 2423 1539 2491 partium
1573 2424 1939 2479 dexterarum.

341 2513 496 2582 Quod
533 2529 762 2583 quanam
817 2513 958 2568 istud
1009 2513 1214 2568 ratione
1255 2513 1498 2580 dicatur,
1558 2531 1734 2586 quove
1779 2517 1942 2571 animi

2047 1963 2218 2016 ﬁxum
2244 1980 2258 2027 ;
2303 1963 2396 2018 sed
2430 1973 2588 2033 prout
2617 1978 2726 2018 nos
2753 1977 2911 2018 casus
2931 2005 2944 2027 ,
2981 1973 3145 2032 atque
3175 1972 3407 2017 eventus
3433 1962 3671 2016 colloca-

2050 2059 2189 2113 verit
2222 2059 2481 2127 temporis
2503 2100 2516 2123 ,
2549 2059 2616 2111 ita
2653 2056 2854 2112 nostris
2895 2069 3116 2112 sumunt
3147 2057 3216 2111 ab
3242 2057 3504 2111 lateribus
3534 2055 3673 2125 ligno

2053 2151 2310 2204 rationes.
2367 2150 2423 2205 Si
2452 2153 2720 2204 Orientem
2761 2149 2932 2202 solem
2961 2163 3294 2218 respexere,
3339 2148 3504 2201 cardo
3545 2148 3676 2201 mihi

2058 2241 2270 2309 frigoris
2295 2283 2310 2305 ,
2361 2249 2416 2296 et
2437 2243 2736 2310 septentrio
2771 2240 2828 2293 fit
2855 2241 3022 2293 laevus
3050 2257 3064 2294 ;
3095 2239 3147 2292 in
3177 2254 3340 2309 quem
3367 2238 3415 2292 si
3443 2254 3537 2292 ora
3572 2248 3678 2292 tra-

2059 2331 2267 2386 duxero
2291 2373 2303 2396 ,
2350 2333 2454 2386 erit
2491 2331 2622 2386 mihi
2653 2331 2872 2384 sinister
2898 2343 3124 2384 occasus
3150 2370 3164 2393 ,
3215 2329 3305 2400 qui
3337 2329 3404 2382 ab
3433 2329 3549 2382 sole
3579 2345 3678 2397 po-

2053 2432 2367 2493 sterganeus
2409 2423 2707 2478 habebitur.
2755 2421 2959 2499 ltursus
2992 2435 3121 2474 vero
3149 2421 3194 2473 si
3225 2419 3412 2489 jecero
3453 2422 3672 2490 plagam

2054 2518 2118 2572 ad
2143 2517 2420 2572 occiduam
2447 2516 2676 2581 lumina,’
2713 2516 2763 2568 iu
2791 2513 3112 2569 vocabulum
3143 2511 3351 2577 sinistri
3379 2523 3590 2579 auster,
3628 2523 3679 2566 et

1604 2629 1992 2689 LECTIONES
2034 2631 2455 2686 VARIANTES.

410 2751 438 2778 ⁸
483 2748 760 2798 Potuerunt
781 2745 897 2795 Sab.

410 2811 440 2848 ι)
480 2809 775 2872 Perfugerat
806 2805 910 2857 alii.

2125 2751 2146 2776 ε
2187 2747 2420 2796 Dicemus
2457 2745 2568 2795 Sab.

1736 2911 2305 2970 COMMENTARIUS.

348 3038 620 3102 Pellonia,
667 3036 859 3104 quibus
906 3032 1047 3086 favet
1085 3044 1422 3100 quorumque
1474 3031 1656 3083 hostes
1709 3033 1940 3101 repellit.

351 3113 555 3167 ORELL.

2053 3029 2178 3097 quid
2203 3030 2301 3084 sibi
2337 3029 2484 3092 velit,
2512 3027 2761 3095 equidem
2791 3026 3002 3082 nescire
3043 3041 3130 3081 me
3157 3025 3338 3088 fateor
3368 3040 3490 3079 cmn
3522 3026 3676 3094 igna-

2059 3102 2309 3163 rissimis,
2339 3111 2392 3153 et
2422 3111 2569 3168 puto,
2610 3098 2711 3152 hoc
2739 3114 3029 3164 Operarum
3061 3112 3183 3152 esse
3212 3099 3425 3160 vitium,
3453 3108 3508 3151 et
3533 3102 3676 3151 scri-

426 3149 576 3246 bta}:
603 3178 644 3230 εἰ
671 3179 840 3244 ..ωηερε
867 3174 1060 3242 per...
1113 3171 1187 3225 lta
1211 3171 1354 3246 edidi
1539 3171 1746 3226 editore
1777 3173 1945 3244 mg...
1981 3149 2024 3211 C
2060 3149 3348 3246 eam;incitant;satagis.suis...
3375 3149 3675 3246 (inissa.

355 3243 469 3308 Bat'.
515 3249 689 3318 Vulgo
723 3243 1036 3318 :utrimque,
1086 3243 1226 3312 quod
1279 3243 1451 3318 plane
1483 3246 1717 3318 otiosum
1767 3243 1956 3298 cst’ac

353 3313 704 3393 superﬂuunt,
757 3334 878 3371 cum
939 3315 1078 3393 idem
1136 3326 1356 3393 prorsus
1401 3313 1612 3367 dicatur
1667 3315 1718 3366 in
1777 3319 1956 3393 verbis

356 3385 597 3459 proxime
646 3407 766 3444 cum
817 3385 1263 3442 antecedentibus
1295 3425 1308 3448 ,
1389 3393 1500 3438 tum
1548 3389 1903 3453 sequentibus
1939 3430 1953 3452 ,

352 3466 556 3520 OusLL.

431 3535 580 3599 Quod
636 3533 794 3600 partis
848 3530 994 3581 unius
1035 3529 1087 3578 in
1133 3528 1363 3600 pulsione
1403 3530 1679 3600 formatum
1722 3538 1813 3580 est.
1867 3530 1957 3582 Sic

363 3595 548 3660 Είιῖιοι·
572 3595 738 3671 Lugd.
768 3601 883 3671 Bat.
908 3600 1127 3671 optime.
1145 3595 1336 3671 (lictori
1362 3615 1461 3671 una
1483 3599 1953 3671 vaceimpulsionc,

354 3677 497 3746 quod
533 3669 745 3728 falsum.
777 3670 891 3746 Non
924 3670 1065 3746 enim
1102 3669 1640 3746 impellendorum,Aiil
1667 3681 1956 3746 estapgrc-

354 3739 702 3803 diendorum.
730 3743 823 3796 sed
858 3739 1254 3809 pellemlorum,
1293 3740 1392 3793 hoc
1433 3750 1515 3793 est
1573 3739 1950 3806 fugaiulurum,

360 3819 592 3870 hostium
636 3816 739 3867 Dea
788 3813 1042 3866 Pellunia.
1078 3809 1194 3862 Ful.
1232 3809 1410 3864 Ursin.
1449 3831 1461 3865 :
1507 3809 1586 3862 Ex
1621 3809 1950 3874 impulsione.

360 3887 653 3942 Dicendum
685 3883 859 3952 putiu+
898 3883 1087 3935 fuisset
1122 3897 1146 3932 e
1183 3883 1431 3949 pulsione.
1466 3882 1572 3935 Sed
1609 3882 1952 3948 praepositio-

357 3973 452 4014 nes
484 3958 612 4010 istas
641 3955 939 4022 Saepissime
973 3953 1261 4020 pernmtari
1293 3954 1360 4022 ab
1387 3952 1626 4005 Arnohio
1652 3966 1809 4020 supra
1840 3953 1952 4022 jam

356 4030 422 4083 ad
452 4028 544 4081 lib.
581 4043 593 4078 ι
626 4036 679 4078 et
707 4020 761 4077 ll.
798 4023 1141 4076 observatum
1175 4031 1274 4074 est.
1308 4020 1516 4076 Οιιειι..

428 4099 581 4165 Apud
632 4092 1188 4165 Fitrculas_Caudii_ias.
1225 4095 1546 4165 Augustin.,
1566 4092 1634 4146 de
1678 4092 1794 4165 Civ.
1834 4094 1951 4160 Dei,

351 4173 444 4227 lib.
477 4161 554 4230 in,
586 4182 704 4234 cap.
733 4165 796 4219 17
829 4183 841 4217 :
874 4163 938 4216 In
969 4162 1214 4215 caudinas
1243 4161 1443 4216 Furcas
1463 4180 1494 4215 a
1517 4163 1834 4217 Samnitibus
1867 4167 1954 4217 ab-

353 4241 477 4296 sessi
498 4238 644 4293 ambo
671 4253 784 4289 cum
807 4235 1027 4288 exercitu
1053 4235 1283 4286 consules
1303 4275 1318 4295 ,
1344 4234 1508 4302 foedus
1529 4251 1643 4287 cum
1671 4236 1740 4288 eis
1762 4237 1955 4303 [tedam

358 4319 534 4383 facere
555 4309 717 4383 coacti
742 4315 890 4383 sunt,
924 4307 1000 4383 ita
1025 4315 1101 4368 ut,
1152 4305 1417 4383 equitibus
1441 4307 1668 4383 romanis
1707 4309 1954 4383 sexcentis

353 4375 610 4437 obsidibus
649 4379 804 4441 datis,
831 4377 1021 4439 cwteri,
1060 4375 1261 4427 amissis
1288 4379 1444 4430 armis
1471 4376 1686 4445 aliisque
1723 4379 1949 4440 spoliati,

355 4454 640 4523 privatique
665 4448 965 4523 tegminibus
989 4445 1282 4523 subjugum
1305 4447 1524 4523 hostium
1546 4465 1658 4523 cum
1684 4450 1951 4523 vestimen-

2064 3243 2495 3307 lliﬂlttt.)URELL.
2527 3271 2597 3280 --
2630 3240 2897 3296 Fortassis
2947 3240 3231 3308 legendum
3276 3239 3609 3306 simpliciter
3659 3260 3670 3292 :

2067 3312 2151 3364 Dii
2201 3315 2332 3366 lwvi.
2369 3313 2500 3366 Nam
2531 3313 2574 3366 si
2599 3313 2992 3365 substantivum
3031 3311 3115 3363 Dii
3148 3320 3438 3378 utrumque
3484 3325 3679 3364 sexum

2061 3386 2498 3453 cottipreltendit,
2531 3384 2714 3449 quidni
2741 3394 2794 3436 et
2822 3384 3186 3449 adjectivunt?
3215 3385 3490 3436 UCBSNER.

2139 3456 2288 3520 Quod
2330 3472 2552 3522 quanam
2585 3455 2723 3506 istud
2761 3455 2958 3507 ratione
2995 3454 3215 3508 dictum.
3256 3454 3421 3521 Digna
3465 3453 3681 3520 phrasis

2061 3541 2180 3591 qua:
2210 3528 2481 3578 curiosum
2510 3528 2764 3578 lectorem
2793 3526 3060 3577 advt-rtal.
3095 3524 3354 3577 Abundat
3377 3525 3522 3576 enim
3561 3527 3679 3577 eie-

2061 3607 2256 3662 gantcr
2288 3613 2586 3663 pronomen
2615 3597 2771 3648 istud.
2826 3597 2914 3650 Sic
2945 3597 3106 3662 paulo
3149 3608 3268 3662 post
3302 3613 3313 3645 :
3350 3594 3477 3660 Quae
3505 3605 3680 3648 tamen

2061 3668 2168 3717 lucc
2209 3670 2350 3732 ipsa.
2401 3683 2514 3734 qlia:
2562 3669 2687 3720 [srva
2731 3669 3084 3735 appellamus.
3123 3677 3168 3718 et
3214 3668 3424 3720 dextera
3453 3668 3596 3727 aliis,
3629 3669 3680 3719 in

2061 3739 2202 3791 nobis
2229 3739 2356 3790 iii/ul
2383 3742 2566 3791 habent
2595 3751 2912 3806 perpetuum.
2957 3736 3320 3790 “ulli-nisntns
3350 3747 3452 3787 i-st.
3477 3737 3676 3799 Lucas.

2059 3807 2204 3884 Acti,
2243 3825 2322 3872 III,
2371 3810 2480 3884 17s:
2514 3809 2569 3862 ὐ
2600 3812 2722 3884 Θεὸς
2767 3818 2865 3864 τῶν
2909 3811 3139 3884 πατέρων
3181 3813 3322 3884 qua.»
3347 3807 3558 3872 ἐδόξασε
3598 3811 3681 3862 τὸν

2059 3879 2219 3933 παῖδα
2257 3883 2407 3934 κᾶτοῦ
2438 3880 2623 3954 Ἰησοῦν
2641 3922 2652 3940 .
2687 3879 2739 3934 ὃν
2765 3883 2911 3952 ὑμεῖς
2943 3879 3385 3951 μέν’παρεδὼκατε
3411 3883 3491 3933 mi
3520 3886 3675 3954 ἠρνή-

2061 3953 2219 4004 σασθε
2244 3954 2409 4005 «Siron.
2446 3951 2689 4005 HEBALD.

2129 4020 2250 4073 .lum
2300 4024 2521 4086 primum
2568 4024 2702 4076 enim
2743 4022 2964 4076 mundus
3012 4039 3102 4088 per
3144 4038 3196 4075 se
3236 4037 3395 4086 neque
3435 4021 3678 4076 dexteras

2058 4107 2217 4157 neque
2259 4095 2431 4157 lwras,
2463 4104 2567 4148 ctc.
2615 4092 2778 4153 Vide.
2822 4095 2912 4161 qui
2964 4093 3061 4148 hac
3093 4093 3159 4146 de
3215 4109 3273 4146 re
3321 4091 3523 4146 multus
3567 4106 3674 4156 est,

2059 4161 2222 4214 lladr.
2260 4163 2384 4216 Jun.
2445 4165 2748 4229 \uimadv.,
2780 4165 2872 4217 lih.
2909 4180 2986 4226 ιιι,
3021 4179 3140 4231 cap.
3173 4165 3239 4227 5,
3274 4166 3323 4214 in
3362 4163 3409 4217 J.
3445 4162 3674 4219 Grutcri

2057 4231 2331 4304 Lampade
2360 4235 2519 4299 Crit.,
2553 4235 2659 4287 vol.
2689 4252 2761 4300 iv,
2793 4251 2910 4304 pag.
2946 4236 3070 4288 384.
3105 4235 3351 4288 ELIIENH.

2136 4303 2311 4373 Neque
2335 4307 2531 4359 anticas
2559 4323 2715 4375 neque
2765 4303 3006 4375 posticas.
3044 4305 3231 4366 Varro.
3253 4310 3320 4359 de
3348 4305 3505 4373 Ling.
3545 4306 3674 4371 lat.,

2057 4375 2146 4427 lih.
2178 4393 2251 4441 vr,
2286 4394 2404 4446 pag.
2434 4377 2526 4436 81.
2560 4379 2645 4430 ed.
2678 4378 2790 4447 liip.
2829 4395 2840 4428 :
2871 4376 3065 4430 Catum
3097 4394 3196 4445 qua
3230 4377 3443 4440 tuimur,
3476 4380 3673 4431 dictum

2054 4448 2296 4514 templum
2341 4450 2428 4503 Sic
2453 4449 2798 4502 :Contreniuit
2815 4451 3058 4516 templum
3074 4447 3478 4516 magnumJovis
3495 4449 3672 4502 altito-

353 4517 418 4577 iis
448 4521 666 4592 singulis
697 4517 1030 4592 mitterentur.
1069 4517 1708 4592 Ebusum—Historiam
1744 4521 1949 4588 prolixe
1977 4525 2031 4585 D
2057 4519 2242 4592 nantis.
2273 4518 2338 4571 Id
2365 4531 2435 4572 est
2459 4521 2533 4589 (ut
2561 4521 2633 4572 ait
2660 4519 2869 4592 Nafvius
2898 4521 2950 4570 in
2973 4517 3396 4592 ﬂentisphterio),
3423 4521 3508 4570 ubi
3530 4531 3673 4573 terra

354 4588 739 4650 narrat'Livius
765 4589 854 4641 lib.
882 4604 956 4650 is,
977 4588 1044 4640 ah
1068 4589 1180 4640 init.
1207 4589 1409 4642 URELL.

422 4665 574 4734 Apud
614 4661 950 4734 Titi-asumeni
987 4659 1188 4734 lacum.
1220 4657 1294 4711 Ita
1328 4675 1441 4734 ins.
1467 4660 1570 4734 Alii
1603 4677 1615 4734 ς
1660 4659 1953 4734 Tlirasime-

349 4730 491 4792 num.
526 4734 769 4787 Valerius
796 4731 964 4801 Mam,
987 4730 1078 4783 lib.
1105 4745 1142 4791 ι,
1174 4745 1294 4795 cap.
1327 4731 1378 4784 7.
1411 4732 1563 4801 Apud
1593 4732 1760 4784 lacum
1792 4731 1957 4786 Tln'a-

349 4813 598 4860 simenum
629 4803 720 4859 XV
746 4802 906 4854 millia
933 4799 1278 4853 Romanorth
1301 4799 1465 4867 cwsa,
1505 4803 1570 4857 Vl
1597 4804 1758 4855 millia
1778 4813 1951 4871 capta,

351 4878 399 4933 Χ
429 4875 591 4930 millia
620 4875 798 4944 fugata
821 4881 963 4925 sunt.
992 4871 1237 4944 ELMENH.

426 4943 692 5001 Diomedis
720 4945 910 5009 campi.
939 4943 1020 4997 Ad
1048 4943 1297 4996 Aulidum
1332 4943 1562 5010 llumcn,
1596 4945 1682 4998 ubt
1729 4947 1948 5013 (Ianum,

353 5022 503 5075 vicus
531 5017 900 5070 Romanorum
942 5015 1095 5068 clade
1134 5014 1347 5067 nobilis.
1383 5016 1517 5068 llinc
1553 5015 1770 5070 Martius
1804 5030 1952 5072 vates

350 5091 490 5155 apud
526 5089 733 5143 Livium
772 5086 866 5139 lih.
907 5099 1036 5147 xxv,
1070 5100 1188 5152 cap.
1213 5085 1298 5157 Δ12.
1343 5105 1354 5139 :
1400 5085 1612 5138 Amnem
1655 5086 1952 5157 Troiugena

349 5163 580 5217 Cannam
607 5158 838 5211 Romane
863 5160 1002 5226 fuge,
1022 5173 1084 5208 ne
1102 5165 1147 5207 te
1170 5155 1470 5227 alienigentz
1488 5168 1670 5227 cogant
1698 5160 1747 5210 in
1769 5155 1950 5227 campo

348 5231 611 5302 Diomedis
638 5225 1138 5282 conserere’manus.
1181 5225 1339 5280 Conf.
1384 5225 1628 5282 Festﬁh.
1678 5245 1726 5282 ν.
1770 5225 1949 5302 ibique

350 5305 538 5357 Dacer.
564 5301 766 5356 Ouum.

424 5373 564 5424 V.-—
599 5370 680 5423 Dii
713 5369 823 5424 laevi
867 5376 910 5420 et
941 5367 1096 5422 ιωυω.
1123 5367 1335 5438 Optima
1361 5369 1474 5424 haec
1499 5371 1619 5425 cod.
1653 5386 1752 5424 ms.
1788 5372 1948 5428 lectio

349 5460 451 5498 nec
491 5441 764 5496 mutanda.
801 5439 883 5511 Dii
916 5441 1034 5494 scil.
1087 5439 1188 5493 hoc
1230 5439 1349 5495 loco
1390 5441 1520 5496 deos
1566 5443 1766 5511 pariter
1789 5443 1947 5498 deas-

347 5531 451 5586 que
509 5510 975 5586 cotnprehendunt
1038 5523 1332 5586 zeugmate_
1369 5510 1582 5582 generis
1625 5514 1946 5583 frequentis:

338 5582 501 5647 simu,
550 5584 659 5647 ubi,
717 5582 1122 5654 c‘um__incertus
1165 5591 1246 5636 est
1284 5583 1519 5652 plurium
1565 5582 1744 5649 sexus,
1771 5600 1942 5654 genus

347 5656 706 5711 masculinum
735 5652 1021 5724 adhibetur
1049 5655 1421 5720 potissimum,
1456 5663 1514 5708 ut
1539 5652 1789 5724 digniusf
1810 5656 1940 5713 Vide

341 5726 524 5781 Sanct.
565 5725 813 5786 Minerv.,
868 5723 960 5795 lib.
992 5738 1062 5785 Iv,
1095 5737 1214 5795 cap.
1261 5724 1500 5795 l0,7pag.
1547 5723 1672 5791 718,
1712 5728 1800 5780 ed.
1833 5727 1936 5782 Pe-

344 5797 515 5850 rizon.
549 5796 680 5849 Male
723 5795 902 5863 itaque
937 5792 1275 5848 Stewechius
1305 5812 1317 5848 :
1349 5794 1436 5848 Dii
1456 5792 1608 5862 'tazvi,
1637 5797 1746 5849 den:
1774 5797 1929 5854 ιωυω.

343 5864 400 5918 ln
428 5867 667 5922 editione
700 5864 868 5934 Lugd.
903 5863 1019 5918 Bat.
1058 5863 1252 5932 legitur
1279 5882 1291 5918 :
1328 5864 1414 5918 Dii
1442 5867 1589 5920 laevia
1615 5868 1761 5932 la’va,
1789 5872 1933 5938 quod

2059 4591 2246 4661 camtlo
2277 4602 2474 4659 septum
2522 4601 2641 4643 stat.
2690 4590 2819 4661 Ejus
2860 4591 3035 4656 templi
3077 4599 3246 4658 partes
3279 4601 3501 4656 quatuor
3527 4607 3545 4640 .'
3595 4594 3665 4644 si-

2061 4659 2221 4711 nistra
2251 4663 2312 4713 ab
2341 4663 2550 4725 oriente,
2570 4659 2750 4714 dextra
2764 4661 2826 4712 ab
2850 4676 3053 4724 occasu,
3084 4663 3256 4711 antica
3279 4661 3347 4711 ad
3377 4661 3667 4726 meridiem,

2061 4731 2252 4797 postica
2297 4733 2364 4784 ad
2401 4748 2653 4784 occasum.
2693 4732 2858 4784 l’aulo
2901 4733 3059 4784 aliter
3093 4731 3286 4784 Festus
3337 4749 3349 4783 :
3401 4729 3669 4786 Posticum

2058 4803 2242 4853 ostium
2275 4803 2461 4855 dicitur
2500 4805 2551 4856 in
2579 4803 2854 4870 posteriore
2877 4814 3021 4869 parte
3050 4802 3257 4855 mdium.
3293 4800 3546 4855 Caeterum
3575 4822 3670 4857 nn-

2057 4872 2181 4932 tiqui
2210 4874 2357 4924 etiam
2387 4874 2603 4926 vicinum
2652 4875 2960 4926 habitantem
3004 4873 3072 4926 ad
3098 4876 3430 4938 posteriorem
3465 4887 3665 4938 partem

2056 4944 2241 4994 wdium
2269 4946 2341 4996 sic
2370 4946 2696 5012 appellarunt
2732 4961 2749 4996 :
2776 4946 2989 5008 denique
3024 4954 3069 4997 et
3101 4959 3212 5010 qua:
3237 4955 3361 4996 ante
3396 4960 3490 4998 nos
3519 4959 3664 5010 sunt,

2055 5015 2246 5078 antica,
2264 5026 2308 5066 et
2331 5031 2446 5083 qua:
2469 5027 2577 5079 post
2602 5033 2690 5068 nos
2710 5026 2845 5073 sunt.
2866 5018 3059 5084 postica
3080 5017 3342 5076 dicuntur,
3358 5025 3404 5067 et
3427 5015 3665 5069 dextram

2055 5085 2274 5137 anticam
2322 5097 2367 5138 et
2408 5087 2668 5139 sinistram
2713 5087 2958 5155 posticam
2991 5087 3228 5138 dicimus.
3267 5087 3357 5140 Sic
3402 5087 3555 5138 etiam
3602 5106 3664 5142 ea

2053 5155 2164 5208 εωιὶ
2187 5173 2328 5220 pars,
2358 5174 2469 5221 (pm:
2491 5160 2598 5210 sole
2624 5159 2914 5211 illustratur
2942 5159 3008 5208 ad
3041 5157 3328 5221 meridiem,
3363 5159 3531 5209 antica
3561 5162 3666 5212 uti-

2053 5243 2147 5292 que
2178 5230 2490 5289 nominatur,
2521 5245 2632 5296 quae
2659 5229 2725 5280 ad
2744 5229 3128 5294 septentrionem
3150 5237 3243 5290 est,
3280 5229 3475 5294 postica
3504 5246 3523 5280 :
3545 5248 3664 5281 nir-

2051 5313 2264 5368 sumque
2284 5300 2582 5352 dividuntur
2610 5301 2661 5352 in
2688 5300 2817 5351 duas
2844 5310 3043 5366 partes,
3071 5301 3315 5352 orientem
3345 5308 3390 5351 et
3421 5301 3665 5354 occiden-

2052 5378 2169 5420 tem.
2221 5370 2354 5425 Vide
2395 5372 2463 5423 ibi
2517 5374 2649 5440 intp.
2693 5382 2746 5422 ct
2793 5370 3040 5437 inprimis
3085 5371 3176 5436 qui
3222 5369 3291 5423 de
3336 5370 3438 5422 hoc
3491 5373 3663 5424 verbo

2048 5441 2248 5562 stultus
2293 5451 2397 5506 cst,
2439 5441 2489 5495 .l.
2527 5441 2615 5496 Fr.
2665 5439 2904 5496 Gronov.
2929 5483 2942 5506 ,
2977 5443 3026 5494 in
3059 5441 3183 5496 lect.
3220 5441 3416 5505 Plaut.,
3449 5457 3502 5510 p.
3526 5443 3658 5498 352.

2097 5526 2250 5562 RELL.

2097 5526 2250 5566 RELL.

2119 5582 2290 5637 Cardo
2319 5585 2544 5654 frigoris.
2581 5581 2635 5638 ld
2665 5593 2747 5638 est
2778 5583 2932 5653 polus
2958 5583 3214 5638 arcticus.
3251 5583 3411 5648 Stat.,
3448 5584 3657 5653 Thcl:.,

2045 5673 2139 5720 vn,
2173 5672 2311 5710 vers.
2336 5672 2404 5710 οδ
2440 5674 2452 5708 :

2335 5805 2345 5816 .
2415 5766 2608 5817 Arctoae
2634 5765 2885 5818 labentem
2908 5767 3108 5818 cardine
3133 5775 3304 5829 portae.
3324 5766 3507 5818 Οιιειι..

2115 5872 2179 5926 In
2210 5873 2512 5927 vocabulum
2546 5872 2740 5927 sinistri
2773 5873 2954 5927 Auster
2985 5882 3030 5926 et
3063 5872 3310 5928 Meridies
3336 5875 3541 5928 transit.
3583 5875 3657 5933 ita
