3872 6352
324 333 461 386 “illi

1469 327 1746 384 ARNOBII
1789 327 2160 386 ADVERSUS
2197 327 2471 386 GENTES

3506 328 3632 383 Mlti

317 457 398 502 cst
439 462 468 500 e
501 446 696 516 popqu
724 447 1025 515 numinum,
1056 460 1174 517 qum
1203 445 1485 502 obscaenas
1514 446 1630 502 illas
1655 455 1710 502 et
1742 447 1913 502 luteas
1943 461 1996 520 Α
2019 462 2137 502 rum
2168 446 2544 504 Nemestrinus
2572 455 2656 502 est
2698 465 2711 500 :
2757 446 3032 503 Patellana
3072 460 3277 502 numen
3308 454 3419 514 est,
3465 456 3522 503 et
3543 448 3633 503 Pa-

317 540 619 607 volnptates
684 541 750 594 ad
803 542 1006 595 exitum
1062 541 1270 612 perlicit
1311 539 1598 597 dulcedine
1658 541 1919 597 inoffensa

320 632 657 700 procedere?
685 630 936 688 Etiamne
962 631 1250 694 Pertunda,
1281 646 1398 700 qua:
1423 632 1476 685 in
1499 632 1764 687 cubiculis
1787 647 1921 703 pra:-

319 731 405 778 sto
453 732 570 788 est,
614 724 930 794 virginalem
961 726 1207 780 scrobem
1254 723 1630 781 eﬂ‘odientibus
1670 725 1921 782 maritis?

319 813 572 870 Etiamne
602 814 872 882 Tutunus,
905 817 1056 885 cujus
1102 817 1423 873 immanibus
1473 817 1759 888 pudendis,
1793 817 1920 873 bor-

317 908 570 976 rentique
593 906 818 973 faseino,
844 918 1048 961 vestras
1089 909 1387 978 inequitare
1419 921 1712 975 matronas,
1746 919 1798 963 et
1828 924 1922 962 au-

319 1001 582 1071 spicabile
625 1002 850 1065 ducitis,
882 1011 938 1057 et
992 1004 1227 1068 optatis?
1276 1004 1429 1072 Quod
1475 1005 1520 1059 si
1563 1004 1782 1059 minime
1826 1019 1922 1061 vos

321 1093 616 1147 admonent
655 1092 720 1145 ad
764 1093 1094 1147 intellectum
1128 1093 1367 1149 veritatis
1394 1110 1480 1149 res
1519 1095 1650 1166 ipsa:
1681 1113 1693 1149 :
1728 1111 1826 1151 nec
1855 1111 1922 1151 ex

317 1187 451 1255 ipsis
478 1188 668 1240 saltem
702 1185 925 1254 potestis
973 1187 1280 1241 nominibus
1323 1203 1553 1244 noscere
1591 1189 1922 1244 inanissima;

318 1282 716 1349 superstitionis
752 1280 1002 1350 figmenta
1031 1281 1148 1342 haec
1173 1297 1327 1348 esse,
1355 1292 1410 1337 et
1435 1282 1692 1337 falsorum
1725 1282 1919 1351 imagi-

319 1373 572 1426 nationes
597 1372 861 1427 deorum?
905 1373 1277 1429 Putationibus
1300 1375 1551 1429 arborum
1578 1374 1732 1437 Puta,
1762 1373 1936 1444 inqui-

317 1456 422 1530 ‘is,
457 1473 656 1533 praesto
695 1473 815 1528 est,
851 1465 1016 1520 rebus
1067 1465 1313 1536 petendis
1353 1466 1479 1521 Peta
1511 1484 1524 1520 :
1570 1465 1709 1519 Deus
1737 1479 1926 1520 nemo-

2027 540 2171 609 tella,
2201 555 2266 596 ex
2310 540 2504 612 quibus
2534 555 2638 595 una
2667 548 2750 596 est
2775 539 3086 610 patefactis,
3119 537 3519 610 patefaciendis
3546 555 3634 596 re-

2027 629 2126 685 bus
2157 631 2326 686 altera
2351 631 2672 700 praestituta.
2713 628 2940 686 Nodutis
2979 631 3179 687 dicitur
3216 631 3387 698 Deus,
3423 632 3545 701 quia
3573 634 3636 687 ad

2028 721 2199 776 nodos
2229 721 2474 792 perducit
2510 736 2598 778 res
2627 731 2809 777 satas:
2837 732 2892 779 et
2921 738 3040 794 qua:
3064 733 3268 791 praeest
3290 722 3540 795 frugibus
3559 724 3636 780 fe-

2026 813 2227 879 rendis,
2253 814 2544 870 Terensis:
2579 816 2646 870 ab
2685 816 2959 870 erroribus
2981 815 3189 871 viarum
3221 816 3334 872 Dea
3370 816 3563 872 Vibilia
3609 828 3633 856 ι

2028 907 2220 962 liberat
2253 924 2265 961 :
2307 907 2359 961 in
2390 906 2552 963 tutela
2583 915 2710 962 sunt
2737 905 2973 962 Orbonae
3000 907 3175 962 orbati
3215 907 3410 962 liberis
3442 923 3639 978 parebo

2030 1009 2110 1054 tes
2142 1015 2154 1051 :
2187 998 2239 1051 in
2271 997 2493 1062 Narniae,
2527 999 2720 1067 quibus
2742 1009 2985 1054 extrema
3011 1006 3139 1052 sunt
3168 996 3197 1035 δ
3230 1009 3497 1067 tempora.
3526 998 3636 1054 ts

2027 1106 2147 1161 quae
2169 1091 2324 1145 durat
2350 1101 2404 1146 et
2433 1091 2626 1146 solidat
2650 1090 2947 1147 infantibus
2976 1091 3158 1162 parvis
3182 1104 3365 1156 ossae,
3391 1093 3634 1163 Ossilago

2027 1185 2142 1250 ipsa
2191 1190 2542 1237 memoratur.
2595 1181 2844 1237 Mellonia
2893 1181 3001 1237 Dea
3046 1189 3131 1237 est
3177 1182 3388 1250 pollens
3419 1191 3636 1254 potens.

2026 1291 2131 1346 que
2177 1275 2230 1330 in
2279 1274 2504 1345 apibus,
2541 1273 2717 1330 mellis
2762 1288 2960 1329 curans
2999 1272 3431 1344 custodiensque
3458 1273 3641 1329 dulce-

2039 1368 2244 1424 dinem.

2109 1461 2245 1516 Vlll.
2301 1460 2505 1527 Dicite,
2533 1473 2566 1515 o
2601 1473 2819 1530 quaeso,
2848 1467 2908 1514 ut
2955 1458 3027 1513 ita
3072 1458 3228 1515 vobis
3269 1459 3521 1532 propitia:
3571 1458 3644 1514 fa-

1547 1559 1934 1617 LECTIONES
1973 1556 2394 1615 VARIANTES.

397 1679 421 1705 "
458 1677 688 1734 leibilia
716 1677 830 1728 Sub.

394 1739 422 1777 Ῐι
461 1740 633 1789 Addit.
661 1754 751 1789 ms.
779 1738 962 1790 Omittit
999 1738 1112 1789 Sui).

2099 1675 2120 1704 °
2141 1672 2262 1724 Esse
2279 1685 2369 1723 ms.
2394 1673 2499 1735 ipsa
2516 1670 2635 1721 Sab.

1651 1821 2216 1882 COMMENTARIUS.

325 1934 527 2013 tolinus
583 1935 854 2013 Maximiu.
878 1976 892 2001 ,
940 1950 1068 2013 cap:
1099 1937 1154 2013 4,
1191 1936 1277 1990 ubi
1308 1935 1429 1991 vide
1461 1935 1691 1992 Salinas.
1729 1937 1924 2008 Script.
1960 1943 2008 2003 B
2036 1943 2216 1994 utentis
2243 1940 2594 2013 follicutorum
2615 1940 2763 2013 deant
2793 1937 3090 2013 Volutinam
3117 1955 3137 1993 :
3164 1955 3278 1992 cum
3305 1940 3525 2008 folliculi
3552 1958 3644 2009 pa-

322 2005 465 2076 Hlst.
490 2007 650 2075 Aug,
681 2007 787 2060 vol.
823 2024 880 2074 ιι,
915 2022 966 2076 p.
1006 2007 1092 2061 i8.
1117 2006 1320 2062 Otii-31.1..

400 2075 588 2130 Luteas
629 2075 930 2148 voluptates.
958 2077 1169 2143 Luteas,
1201 2079 1251 2131 id
1283 2087 1366 2132 est
1396 2079 1733 2147 turpissimos
1755 2121 1770 2142 ,
1802 2095 1932 2134 con-

326 2149 712 2220 templissimas
736 2192 749 2212 ,
792 2149 902 2202 luto
935 2149 1172 2203 viliores.
1212 2149 1301 2204 Sic
1329 2165 1414 2220 ap.
1449 2149 1694 2206 Plautum
1725 2149 1931 2206 Trucu-

326 2219 484 2285 lent.,
516 2231 618 2272 aet.
656 2235 726 2282 tv,
759 2234 906 2273 scen.
941 2235 1010 2286 tv,
1047 2235 1186 2275 vers.
1221 2237 1234 2274 ι
1264 2240 1276 2275 :

546 2310 705 2360 Blitea
730 2319 782 2360 et
807 2311 940 2361 lutea
964 2310 1043 2361 'est
1076 2314 1334 2362 meretrix.

326 2420 415 2473 ubi
447 2418 567 2473 vide
595 2419 766 2486 intpp.
816 2419 1017 2474 liodem
1067 2434 1230 2474 sensu
1255 2429 1538 2475 stercoreus
1564 2434 1650 2488 ap.
1681 2419 1931 2475 eumdem

326 2490 503 2545 Plaut.
539 2490 646 2545 Mil.
674 2489 844 2556 Glor.,
877 2500 980 2545 act.
1010 2507 1067 2554 tt,
1095 2505 1242 2546 scen.
1275 2507 1310 2554 ι,
1346 2505 1486 2546 vers.
1522 2491 1588 2544 12
1617 2513 1626 2541 ;

1181 2586 1325 2635 Miles
1349 2599 1491 2634 meus
1513 2587 1682 2644 herus,

425 2650 519 2706 Qui
547 2649 659 2698 hinc
679 2649 739 2697 ad
764 2649 918 2696 forum
945 2649 1084 2702 abiit,
1103 2649 1362 2710 gloriosus,
1391 2647 1667 2710 impudens,

429 2715 746 2770 Sterooreus,
776 2710 955 2773 plenus
973 2709 1174 2772 perjurii
1199 2719 1348 2772 atque
1374 2709 1624 2758 adulterii.
1662 2709 1839 2759 Οιιειι..

409 2814 696 2867 Pertunda.
735 2815 1093 2868 Tertulliauus
1123 2814 1381 2867 adversus
1411 2813 1702 2873 Nationes,
1738 2813 1831 2866 lib.
1868 2828 1936 2878 ιι,

334 2901 454 2954 cap.
491 2887 548 2937 11
589 2906 600 2938 :
639 2886 705 2937 Et
734 2886 827 2937 dea
855 2884 1119 2937 Pertunda
1151 2897 1195 2937 et
1230 2885 1452 2954 Subigus
1482 2895 1527 2936 et
1560 2885 1746 2938 l’rema
1781 2925 1792 2936 .
1820 2926 1830 2936 .
1856 2925 1867 2936 .
1891 2925 1900 2935 .
1925 2924 1937 2936 .

337 2957 532 3026 parcite
557 2958 637 3008 dei
666 2957 985 3022 impudentes
1010 2998 1024 3019 ,
1056 2958 1367 3026 lactantibus
1393 2956 1592 3024 sponsis
1615 2972 1759 3006 nemo
1786 2957 1944 3007 inter-

337 3025 489 3079 uenit.
539 3026 817 3093 Augustin.
841 3067 854 3088 ,
897 3026 964 3078 de
1007 3026 1121 3080 Civ.
1159 3027 1280 3089 Dei,
1309 3025 1401 3079 lib.
1440 3041 1511 3082 vr.
1545 3041 1662 3089 cap.
1689 3027 1758 3079 9:
1791 3027 1946 3078 Adest
1984 3071 2002 3093 λ

2035 2009 2254 2078 tescunt,
2270 2021 2324 2064 ut
2349 2013 2492 2080 spica
2505 2020 2672 2076 exeat,
2696 2011 2844 2066 deam
2861 2009 3197 2071 Patelenam;
3216 2027 3331 2063 cum
3353 2021 3541 2082 segetes
3559 2030 3648 2066 no-

2031 2083 2107 2137 vis
2132 2083 2305 2136 aristis
2321 2093 2590 2151 aquantur
2613 2082 2733 2151 quia
2753 2092 2940 2136 ueteres
2957 2098 3160 2145 requare
3177 2082 3371 2136 hostire
3387 2084 3644 2151 dixerunt.

2036 2099 2107 2137 tus
2132 2099 2305 2136 aristis
2321 2099 2590 2151 aquantur
2650 2099 2733 2134 uta
2753 2099 2940 2136 ueteres
2957 2099 3160 2145 requare
3177 2099 3371 2136 nosttre
3387 2099 3644 2140 uixerunt.

2036 2155 2184 2206 deam
2219 2151 2529 2206 Hostilinam
2550 2170 2568 2205 :
2592 2099 2889 2223 ﬂorentibus
2908 2154 3174 2222 frumentis
3194 2153 3343 2205 deant
3379 2149 3599 2207 Florum
3631 2170 3650 2206 :

2037 2225 2420 2278 lactescentibus
2450 2223 2601 2277 deam
2631 2223 2986 2278 Lacturtiam:
3017 2225 3474 2278 maturescentibus
3502 2226 3648 2279 deant

2039 2293 2331 2358 Moturum;
2381 2311 2494 2349 cum
2540 2306 2844 2362 runcantur,
2894 2295 2950 2348 id
2979 2305 3270 2348 estaterra
3321 2295 3642 2359 auferuntur,

2038 2369 2186 2421 deam
2226 2367 2541 2420 Runcinant.
2571 2366 2838 2423 Casterum
2868 2367 3014 2421 varie
3039 2365 3334 2421 scribitur:
3370 2363 3611 2421 Nodotus
3632 2411 3646 2432 ,

2043 2437 2095 2491 Ν
2101 2440 2303 2506 odutus,
2332 2437 2578 2494 Nodutis.
2608 2440 2810 2494 ORELL.

2114 2509 2181 2563 Et
2201 2527 2316 2580 ante
2347 2522 2526 2578 praeest
2555 2511 2789 2583 frugibus
2809 2511 3052 2583 terendis,
3092 2508 3376 2583 Terensis.
3404 2508 3649 2583 Terendis

2044 2598 2141 2650 pro
2173 2584 2416 2652 ferendis,
2466 2584 2606 2652 quod
2646 2581 2804 2637 antea
2833 2581 3133 2652 legebatur,
3165 2581 3404 2634 restituit
3433 2581 3649 2636 Grotius

2042 2651 2182 2722 apud
2212 2651 2523 2709 Meursiuni.
2564 2654 2997 2709 Elmenhorstius
3031 2664 3083 2707 et
3113 2651 3461 2722 Stewechius
3486 2653 3649 2706 dede-

2045 2721 2170 2778 runt
2211 2745 2221 2777 :
2256 2735 2301 2778 et
2322 2727 2442 2793 quia
2491 2735 2672 2793 prwest
2699 2724 2931 2794 frugibus
2958 2725 3200 2787 tet-endis,
3254 2721 3645 2778 Nodstterensis.

2046 2796 2306 2867 Equidem
2349 2798 2514 2849 nolim
2541 2798 2737 2867 aliquid
2769 2796 2998 2850 definire
3030 2797 3081 2849 in
3110 2811 3168 2850 re
3199 2794 3404 2849 incerta
3437 2809 3651 2864 prorsus

2046 2881 2109 2920 ac
2133 2866 2314 2920 dubia.
2347 2867 2548 2922 OnELL.

2134 2938 2335 2992 l’ibilia.
2369 2940 2514 3006 Lego
2557 2939 2754 2992 Vehilia
2783 2954 2849 2994 ex
2877 2940 3211 3005 conjectura.
3249 2937 3384 2990 Nam
3416 2939 3540 2990 eeha
3563 2953 3655 2991 ve-

2053 3010 2257 3062 teribus
2314 3011 2516 3063 Latinis
2548 3012 2647 3074 via,
2680 3019 2816 3063 teste
2852 3011 3113 3072 Varrone,
3139 3009 3208 3062 de
3260 3009 3340 3062 Re
3373 3021 3533 3069 rust.,
3558 3010 3650 3062 lib.

339 3098 472 3149 enim
501 3098 597 3148 dea
623 3079 995 3166 ‘i’irginiensis,
1025 3079 1093 3149 iet
1141 3079 1280 3149 deus,
1309 3107 1455 3166 pater
1487 3079 1740 3166 Subi'gzts.
1775 3107 1820 3148 et
1852 3097 1947 3150 dea

2081 3121 2097 3166 ,⁷
2117 3095 2234 3148 cap.
2271 3081 2324 3134 2.
2356 3083 2459 3166 Alit
2485 3092 2630 3166 certe
2660 3079 2972 3166 Vetiilia‘,utle
2989 3091 3202 3166 quanest
3228 3080 3373 3146 apud
3406 3080 3655 3136 eumdem

341 3179 504 3221 mater
530 3165 752 3231 Prenta’,
785 3177 829 3220 et
858 3167 951 3219 dea
988 3166 1250 3220 Pertundu
1269 3208 1283 3231 ,
1332 3177 1376 3220 et
1422 3165 1586 3219 Venus
1614 3177 1657 3218 et
1687 3165 1913 3233 Priapus
1933 3210 1948 3235 ,

343 3247 396 3292 et
423 3253 544 3302 qua:
572 3248 889 3305 sequuntur,
926 3239 1177 3292 obscaena
1211 3254 1342 3292 sane
1374 3253 1434 3290 ac
1461 3239 1656 3304 tttrpia.
1688 3237 1891 3292 ORELL.

423 3307 735 3379 Virginalent
758 3311 1000 3363 scrobem.
1017 3308 1091 3362 lta
1118 3309 1360 3377 Euripid.
1380 3309 1644 3363 l’ltaaniss.
1657 3349 1672 3375 ,
1704 3324 1842 3362 vers.
1863 3309 1948 3365 18.

347 3384 575 3454 σπεξρειν
604 3384 782 3454 τέκνῳν
813 3380 990 3454 5.1932.
1010 3380 1212 3435 OttELI..

421 3450 673 3504 Tutunus.
724 3452 796 3504 Ita
824 3469 854 3504 e
882 3450 1014 3505 Cod.
1071 3467 1172 3504 ms.
1231 3451 1400 3505 edidit
1445 3451 1741 3519 Salinasius
1784 3451 1834 3504 in
1863 3451 1950 3503 ed.

346 3521 517 3590 Lugd.
554 3522 667 3574 Bat.
704 3533 756 3575 ct
786 3523 848 3575 ad
877 3523 1074 3586 Solin.,
1108 3539 1225 3592 cap.
1265 3524 1364 3583 26,
1399 3539 1448 3589 p.
1484 3523 1612 3574 ‘2l9.
1641 3522 1783 3574 Alii:
1831 3521 1952 3574 Mn-

347 3603 519 3645 tunus.
541 3594 612 3646 De
634 3593 1051 3647 foedissimolioe
1071 3595 1178 3646 Deo
1201 3593 1321 3648 vide
1351 3594 1488 3648 infra
1522 3593 1585 3645 ad
1616 3609 1735 3659 cap.
1771 3595 1854 3646 Η.
1876 3594 1950 3647 lo.

423 3664 584 3732 Cujus
612 3666 919 3718 immanibus
943 3666 1216 3732 pudendis,
1239 3676 1341 3718 etc.
1369 3663 1521 3719 Conf.
1555 3664 1866 3731 Augttstin.,
1887 3665 1957 3719 de

347 3733 464 3788 Civ.
501 3735 616 3792 Dei,
653 3737 744 3789 lib.
777 3753 851 3792 χι,
887 3751 1006 3793 can.
1040 3737 1101 3795 9;
1135 3737 1224 3789 lib.
1257 3753 1350 3797 xu,
1382 3752 1500 3802 cap.
1530 3737 1636 3798 €24;
1683 3735 1952 3800 Lactant.,

348 3805 482 3858 Inst.
511 3822 547 3869 t,
579 3820 697 3874 cap.
733 3806 822 3868 “2‘2,
857 3808 883 3877 §
914 3807 1002 3862 56.
1041 3808 1286 3860 ELMENU.
1322 3817 1374 3861 et
1400 3807 1638 3860 "ERALD.

429 3877 578 3942 Quod
605 3879 649 3930 si
676 3879 880 3930 minimc
898 3895 982 3930 vos
1003 3879 1277 3930 admonent
1299 3879 1366 3930 ad
1388 3879 1692 3930 intellectum
1733 3878 1959 3931 veritatis

350 3964 430 4001 res
461 3948 604 4015 ἕρπε.
664 3948 869 4002 Sensus
907 3958 987 4000 est
1022 3967 1033 3999 :
1068 3948 1220 4014 Quod
1250 3950 1290 4000 si
1323 3965 1407 4000 res
1432 3948 1582 4014 ipsre,
1611 3947 1659 4000 id
1683 3958 1765 4001 est
1797 3959 1960 4002 tanta:

350 4034 532 4072 rerum
569 4017 836 4073 fteditates
862 4061 874 4081 ,
910 4021 1105 4086 quibus
1135 4019 1445 4086 praesidere,
1477 4020 1771 4072 creduntur
1797 4021 1959 4072 vestri

351 4090 471 4143 sive
501 4088 593 4155 dii,
621 4090 733 4144 sive
759 4091 909 4150 deae,
941 4091 983 4142 si
1013 4092 1252 4152 inquam,
1289 4105 1465 4143 rerum
1501 4091 1734 4156 ipsarum
1764 4089 1961 4157 ﬂagitia

352 4160 578 4215 minime
604 4176 700 4214 vos
730 4161 1020 4214 admonent
1042 4159 1107 4214 ad
1129 4161 1458 4215 intellectum
1483 4159 1864 4284 veritatiséboc
1880 4171 1962 4215 est

355 4231 422 4282 ad
456 4230 905 4284 intelligendum.
948 4247 1194 4284 quamam
1228 4247 1350 4284 vera
1383 4242 1684 4284 vestrorum
1772 4247 1960 4284 eorum

355 4231 422 4282 ad
456 4230 905 4296 intelligendum,
948 4247 1194 4300 quamam
1228 4247 1350 4285 vera
1383 4242 1684 4284 vestrorum
1733 4230 1960 4285 deorum

357 4302 427 4354 sit
458 4301 715 4363 conditio,
749 4319 848 4355 was
875 4319 940 4354 an
973 4303 1060 4354 der
1088 4302 1256 4357 Sac/te
1282 4319 1400 4371 sey;
1442 4318 1542 4354 was
1564 4317 1628 4354 au
1657 4319 1808 4354 euern
1834 4301 1960 4360 Got-

360 4382 469 4425 teru
494 4375 623 4439 sey).
659 4387 725 4425 ex
749 4373 878 4440 ipsis
905 4373 1092 4425 saltem
1119 4374 1395 4426 nominum
1417 4373 1836 4426 absurditatibus
1871 4389 1965 4442 po-

2062 3149 2377 3215 Varronem,
2413 3153 2478 3204 de
2512 3152 2663 3219 Ling.
2702 3152 2820 3216 lat.,
2856 3152 2948 3205 lib.
2979 3149 3056 3204 tv.
3088 3151 3295 3206 Μευιιε.

2133 3220 2370 3277 Οι-ὺοιιω.
2408 3223 2630 3287 Plinius,
2659 3223 2793 3277 liist.
2842 3232 2977 3276 πει..
3008 3223 3100 3275 lib.
3131 3238 3188 3287 ιι,
3219 3237 3340 3292 cap.
3370 3225 3401 3276 7
3433 3242 3447 3277 :
3494 3223 3656 3277 Orbo-

2060 3307 2138 3344 nae
2168 3294 2372 3360 (fanum
2400 3301 2506 3361 est)
2534 3295 2601 3346 ad
2626 3295 2784 3348 cedem
2811 3293 3062 3355 Larium;
3110 3295 3199 3348 ubi
3222 3305 3406 3348 autem
3438 3293 3657 3350 Orbona

2058 3374 2139 3435 est
2168 3379 2272 3418 non
2306 3364 2562 3418 orborum
2614 3365 2828 3418 tntatris
2853 3408 2866 3429 ,
2909 3365 3002 3418 sed
3046 3365 3223 3434 potius
3253 3365 3354 3419 dea
3381 3407 3395 3430 ,
3429 3382 3549 3435 quae
3575 3367 3658 3420 sf-

2059 3433 2160 3506 fert
2183 3437 2491 3490 orbitatem.
2540 3435 2898 3503 (Ionjungitur
2947 3433 3091 3490 enim
3122 3451 3245 3489 cum
3275 3433 3503 3498 morbis,
3533 3450 3659 3506 pes-

2061 3505 2238 3576 tibus,
2273 3507 2405 3560 febri
2453 3508 2702 3576 malaque
2729 3507 2938 3560 fortuna
2977 3509 3026 3560 in
3069 3508 3298 3561 deorum
3327 3505 3552 3562 censum
3578 3523 3659 3562 re-

2061 3575 2201 3630 latis.
2237 3577 2437 3630 Eodem
2481 3575 2640 3632 sensu
2669 3586 2722 3632 et
2765 3577 3134 3632 Tertullianus
3184 3580 3248 3631 ad
3292 3580 3438 3641 Nat.,
3473 3579 3564 3634 lib.
3601 3595 3660 3640 ιι,

2059 3661 2178 3714 cap.
2212 3649 2276 3703 Η
2303 3666 2315 3701 :
2349 3648 2606 3701 Orbonam
2633 3650 2810 3711 deam,
2842 3664 2957 3716 qua:
2981 3652 3033 3702 in
3063 3650 3328 3702 orbitatem
3355 3651 3552 3703 semina
3576 3667 3664 3703 ea:-

2063 3718 2278 3790 tingnat.
2310 3719 2443 3790 Vide
2475 3720 2756 3786 llarduiu.,
2790 3721 2856 3774 ad
2910 3721 3073 3784 Plin.,
3108 3720 3140 3774 Ι.
3165 3736 3204 3784 ι,
3241 3736 3360 3790 pag.
3395 3721 3486 3784 72,
3517 3736 3568 3776 et
3593 3720 3658 3776 G.

2061 3787 2109 3842 J.
2146 3788 2295 3855 Vos.,
2329 3790 2397 3843 de
2424 3789 2638 3850 ldolol.,
2674 3792 2766 3844 ltb.
2795 3807 2916 3851 vui.
2955 3805 3073 3861 cap.
3112 3793 3196 3854 17,
3233 3787 3352 3860 pag.
3387 3792 3512 3846 759.
3542 3793 3662 3846 CtB-
3747 3799 3750 3803 '

2064 3868 2258 3922 terum,
2305 3873 2359 3913 ut
2393 3861 2528 3916 bene
2548 3863 2802 3916 observat
2824 3863 3184 3933 Stewccbius,
3210 3865 3390 3915 orbum
3418 3864 3664 3918 dixerunt

2063 3942 2275 3986 veteres
2301 3944 2406 3985 tam
2442 3943 2644 3999 patrem
2666 3934 2753 4003 qui
2789 3934 3184 4002 liberos,quam
3220 3933 3420 3986 liberos
3450 3935 3544 4003 qui
3574 3949 3665 4003 pa-

2065 4011 2220 4066 trem,
2257 4005 2584 4056 amisissent.
2621 4004 2741 4058 Vid.
2776 4005 2919 4058 Fest.
2973 4023 3022 4057 v.
3079 4004 3238 4058 Orba.
3295 4004 3450 4057 Plinii
3505 4006 3662 4060 verba

2064 4071 2332 4140 descripta
2368 4075 2614 4128 videntur
2639 4091 2670 4128 e
2691 4076 2972 4141 Cicerone,
3007 4078 3072 4131 de
3102 4075 3218 4130 Nat.
3247 4075 3426 4140 deor.,
3461 4075 3554 4130 lib.
3587 4093 3664 4139 Ill,

2063 4159 2183 4213 cap.
2219 4146 2308 4209 ‘25,
2342 4146 2427 4198 ubi
2458 4147 2565 4199 vid.
2597 4147 2771 4200 Davis.
2806 4149 3007 4202 UBELL.

2141 4215 2362 4271 Nruniar.
2399 4217 2522 4269 Dem
2553 4217 2768 4282 Ntenim,
2820 4219 3078 4274 extremis
3108 4220 3228 4272 vitm
3261 4234 3357 4272 seu
3391 4218 3668 4272 funeribus

2069 4291 2355 4359 praefecte,
2387 4289 2642 4343 sacellum
2677 4303 2828 4343 eXIra
2882 4301 3092 4359 portam
3125 4289 3476 4351 Viminalem,
3512 4292 3666 4342 sicuti

2067 4363 2132 4412 ex'
2149 4358 2336 4412 Paullo
2361 4371 2412 4413 et
2442 4361 2603 4413 Festo
2631 4358 2908 4423 discimus,
2933 4372 3307 4416 consecratum
3333 4361 3452 4413 fuit.
3476 4361 3550 4414 De
3574 4362 3669 4412 liae

359 4443 526 4520 testis
547 4429 801 4520 idinisse,
833 4453 938 4520 etc.
969 4444 1271 4520 Adntonent,
1303 4444 1447 4520 quod
1481 4429 1948 4520 habent__Celen_'i_ui

2081 4429 2423 4520 augustinus,
2457 4431 2524 4486 de
2551 4429 2665 4485 Civ.
2705 4433 2818 4495 Dei,
2852 4434 2944 4486 lib.
2974 4450 3047 4494 vi.
3080 4448 3198 4520 Cap.
3235 4434 3369 4494 9,ex
3407 4432 3666 4512 Varrone:

360 4522 414 4567 et
441 4512 735 4567 Salmasius
763 4555 774 4574 ,
819 4515 1027 4567 videtur
1057 4531 1087 4568 e
1117 4515 1249 4567 Cod.
1284 4532 1384 4569 ms.
1420 4516 1654 4568 lluxiSse.
1683 4513 1833 4566 Fulv.
1864 4514 1959 4569 Ur-

359 4585 466 4638 sin.
499 4585 640 4650 conj.
674 4586 981 4649 admovent,
1037 4585 1296 4652 probante
1345 4586 1596 4640 Heraldo.
1645 4584 1750 4639 Sed
1782 4601 1966 4652 parum

361 4665 454 4709 aut
485 4655 615 4708 nihil
641 4656 827 4719 refert,
855 4665 976 4709 utro
1005 4657 1164 4710 modo
1187 4657 1444 4726 legamus.
1472 4657 1757 4720 Meursius,
1794 4657 1967 4709 locum

365 4726 613 4780 lunatum
659 4727 911 4793 credens,
951 4727 1112 4779 verba
1144 4745 1155 4779 :
1190 4726 1340 4791 Quod
1368 4730 1410 4780 si
1441 4729 1647 4780 minime
1669 4743 1753 4781 vos
1784 4728 1967 4780 admo-

364 4807 619 4868 nent.....
645 4807 690 4850 et
718 4799 964 4866 fulserunt
1005 4798 1394 4868 imaginationes
1436 4799 1646 4852 deorum
1671 4840 1684 4863 ,
1719 4808 1970 4868 transpo-

369 4867 543 4922 nenda
585 4878 774 4922 censet
801 4870 851 4922 in
882 4870 1040 4922 linem
1074 4867 1279 4937 Capitis
1303 4880 1425 4938 post
1454 4871 1616 4924 verba
1647 4887 1659 4923 :
1691 4869 1856 4922 mellis
1883 4884 1974 4922 cu-

365 4955 488 5008 rans
519 4941 905 5008 custodiensque
927 4941 1266 4993 dulcedinem.
1300 4939 1500 4994 Οιιειιη

441 5007 714 5063 Puta”...
768 5009 1008 5064 Peta.....
1061 5009 1435 5064 Nemcslrinus.
1492 5011 1692 5066 ﬂorum
1747 5011 1972 5066 deorum

371 5080 494 5152 alibi
526 5081 669 5135 nulla
699 5083 906 5135 notitia.
937 5082 1070 5136 Vide
1097 5081 1280 5143 Voss.,
1314 5083 1382 5136 de
1409 5083 1619 5143 Idolol.,
1652 5098 1703 5152 p.
1728 5083 1853 5138 236.
1892 5081 1966 5136 In.

451 5150 724 5205 Patellana
752 5169 936 5207 numen
988 5162 1059 5207 est
1089 5163 1135 5206 ct
1187 5152 1408 5207 Patella.
1444 5150 1665 5223 Papiasi
1698 5153 1975 5208 Patellana

376 5223 487 5274 Dea
531 5239 562 5274 a
610 5225 826 5294 paganis
867 5225 1079 5288 dicitur,
1119 5241 1234 5277 cum
1265 5224 1485 5293 folliculi
1533 5226 1772 5279 messium
1805 5235 1974 5293 pates-

377 5301 519 5356 cunt,
545 5305 631 5346 aut
663 5311 689 5347 e
717 5296 868 5364 spicis
896 5305 1099 5350 exeunt.
1131 5295 1376 5349 ELIENB.
1401 5325 1471 5337 —-
1503 5294 1803 5349 Patelenam
1846 5295 1975 5349 dicit

375 5364 710 5427 Augusdnus
741 5365 860 5418 loco
889 5382 1046 5433 quem
1077 5382 1200 5420 mox
1235 5368 1542 5422 citabimus.
1569 5367 1773 5421 υκειι.

449 5433 834 5508 Patefaciendis
860 5437 1025 5508 rebus.
1073 5439 1265 5491 Annon
1296 5437 1578 5508 lugendum
1613 5437 1977 5505 patefaciendis

374 5506 693 5577 seminibus?
749 5506 883 5560 Nam
935 5507 1041 5560 Dea
1080 5506 1674 5577 agrorum'Patellana.
1713 5508 1843 5563 Vide
1876 5509 1976 5563 Pa-

375 5574 478 5642 piae
508 5576 681 5630 locum
705 5579 865 5632 modo
894 5574 1186 5632 laudatum.
1217 5578 1421 5635 Οιιειι..

451 5645 697 5702 Nodutis.
752 5649 1105 5720 Augustinus,
1134 5649 1201 5704 de
1223 5650 1340 5705 Civ.
1370 5651 1508 5717 Dei.,
1547 5651 1640 5704 lib.
1673 5666 1747 5716 tv,
1769 5664 1888 5718 cap.
1918 5651 1972 5706 8:

375 5714 728 5786 Prcefecerunt
749 5714 868 5790 ergo
893 5719 1255 5790 Proserpinam
1255 5725 1302 5846 (Γ

375 5789 615 5846 geniculis
661 5791 910 5846 nodisoue
946 5797 1231 5846 culmorum
1292 5813 1302 5846 t

369 5789 615 5852 geniculis
661 5789 910 5862 nodisque
946 5789 1231 5848 culmorum
1255 5789 1406 5848 deum
1434 5793 1488 5848 Ν
1493 5789 1699 5850 odotum
1723 5809 1742 5847 :
1767 5792 1973 5847 inuolu-

1297 5724 1538 5777 ‘rumeutis
1555 5722 1978 5777 aerminantibus:

2083 4498 2244 4552 Varro
2297 4518 2696 4557 commemorare
2725 4515 2769 4557 et
2800 4521 3096 4557 enumerare
3148 4498 3270 4556 deos
3303 4504 3456 4570 coepit
3487 4519 3518 4554 a
3546 4519 3670 4555 con~

2069 4573 2297 4644 ceptionc
2325 4575 2566 4637 hominis,
2599 4590 2809 4642 eamque
2832 4577 3010 4628 seriem
3040 4575 3279 4644 produxit
3308 4590 3467 4642 usque
3491 4575 3560 4625 ad
3585 4574 3673 4626 de-

2071 4643 2250 4710 crepiti
2285 4645 2505 4698 hominis
2534 4654 2744 4698 mortem
2773 4688 2786 4707 ,
2837 4656 2882 4698 et
2911 4643 3045 4700 deos
3079 4646 3146 4698 ad
3199 4646 3369 4711 ipsum
3419 4645 3670 4696 hominem

2073 4713 2374 4780 pertinentes
2428 4718 2609 4769 clausit
2630 4717 2699 4768 ad
2730 4716 2969 4771 Nreniam
2996 4718 3164 4780 deam,
3189 4731 3303 4785 quia
3329 4716 3379 4768 in
3411 4716 3672 4784 funeribus

2079 4800 2249 4858 ianum
2267 4795 2523 4840 cantatur.
2549 4785 2722 4841 Noun.
2754 4805 2805 4858 p.
2841 4791 2964 4844 426.

2144 4854 2264 4927 Jam
2286 4872 2401 4927 qua:
2453 4858 2626 4910 durat.
2648 4858 2738 4914 Sie
2755 4854 2903 4915 edidi
2957 4875 3024 4915 ex
3053 4857 3436 4914 emendatione
3457 4857 3671 4913 Meursii

2076 4941 2172 4996 pro
2198 4925 2338 4980 Nam
2365 4945 2478 4995 qua:
2501 4930 2672 4982 durat.

2151 4997 2407 5070 Ossilago.
2444 5001 2753 5069 Legendum
2777 5001 2858 5057 vel
2890 5017 3012 5057 cum
3030 5003 3264 5058 Canteru
3285 5001 3563 5070 Ossipago,
3588 5001 3671 5056 vel

2076 5069 2532 5196 ggntOStewecbio
2553 5071 2864 5144 Ossipanga.
2895 5073 3024 5130 V'ide
3051 5090 3213 5145 supra
3231 5073 3301 5128 ad
3320 5069 3416 5128 lib.
3442 5087 3521 5138 ιιι,
3551 5086 3668 5142 cap.

2154 5180 2166 5193 .
2244 5157 2396 5196 nece.

2112 5146 2166 5196 0.
2194 5146 2396 5196 Uni-:LL.

2153 5211 2418 5267 Mellonia.
2454 5215 2849 5282 Augustin.,de
2871 5214 2987 5270 Civ.
3021 5216 3137 5280 Dei,
3161 5214 3256 5270 lib.
3284 5211 3358 5282 tv,
3408 5229 3526 5281 cap.
3563 5215 3630 5270 δι
3658 5235 3670 5270 :

2079 5284 2207 5356 Siue
2237 5284 2443 5354 Segetia
2485 5297 2694 5356 segetes,
2717 5287 2849 5356 sine
2902 5286 3108 5342 Bobooa
3153 5289 3320 5349 boues,
3372 5288 3528 5340 mella
3569 5288 3676 5340 sine

2081 5354 2309 5409 Mellona
2327 5399 2342 5421 ,
2391 5354 2677 5424 poma'sine
2705 5355 2957 5412 Pomona.
3001 5359 3248 5414 Euan.
3277 5388 3348 5399 —
3377 5357 3639 5413 Meursius
3657 5398 3673 5424 ,

2080 5427 2184 5497 leg.
2207 5426 2466 5497 AMellona.
2493 5427 2696 5483 ORELL.

2155 5495 2366 5552 Vll|.—
2399 5501 2580 5563 Dicite,
2622 5517 2652 5552 ο
2690 5510 2974 5587 ᾳιιωεοκιιε
3019 5502 3090 5584 ita
3119 5501 3280 5583 .vobis.
3320 5500 3562 5572 prOpitic
3606 5503 3676 5626 {a-

2155 5580 2228 5625 int
2254 5570 2404 5626 Peta.
2440 5571 2599 5626 Puta.
2627 5569 2851 5625 Patella.
2884 5575 2972 5626 Sic
3001 5572 3171 5626 edttto
3202 5587 3392 5626 prima.
3427 5576 3493 5625 At
3518 5571 3598 5625 Fu
3626 5588 3673 5626 v.

2082 5580 2228 5628 veant
2254 5570 2404 5636 Peta,
2440 5571 2599 5632 Puta,
2627 5569 2851 5625 Patella.
2884 5572 2972 5627 Sic
3001 5572 3171 5627 editio
3202 5573 3392 5640 prima.
3420 5569 3493 5625 Ἀι
3518 5569 3673 5626 Fulv.

2083 5645 2311 5700 Ursinus
2363 5643 2678 5713 particulam
2728 5653 2782 5696 ut
2826 5643 3240 5708 exterminavit,
3281 5659 3403 5712 quas
3432 5657 3563 5697 sane
3590 5659 3678 5698 re-

2083 5714 2298 5772 tinenda
2328 5725 2464 5769 erat.
2499 5713 2588 5768 Sic
2620 5715 2839 5784 passim,
2870 5714 3068 5785 veluti:
3119 5725 3175 5768 ut
3209 5715 3357 5768 illum
3375 5715 3447 5768 dii
3473 5714 3681 5785 dea-que

2082 5787 2276 5843 senium
2325 5787 2562 5856 perdant,
2609 5796 2664 5842 et
2691 5787 2903 5842 similia.
2936 5784 3201 5843 Observat
3233 5784 3680 5858 diligentissimus
