3872 6338
178 371 320 431 10%|

1553 376 1752 432 LIBER
1792 374 2139 445 QUARTUS.

3368 373 3506 428 102?.

181 491 390 548 cursim
431 489 868 559 perstrinximus,
893 487 978 544 vel
1008 488 1300 544 nimietatis
1329 504 1436 544 non
1468 490 1744 560 attigimus
1767 500 1791 527 τι
1821 493 1871 552 Α
1902 490 2221 547 tutelaribus
2252 489 2278 528 ι’
2310 490 2471 557 divis,
2509 492 2760 561 incipient
2809 491 3029 545 totidem
3069 490 3142 545 dii
3185 504 3339 554 esse,
3375 498 3506 560 quot

187 582 355 637 taedio
375 623 391 649 ,
421 581 550 635 licet
579 580 843 637 consimili
876 581 1083 635 ratione
1111 581 1259 635 mille
1303 582 1438 636 alios
1471 582 1608 636 Deos
1641 581 1768 636 indu

185 688 335 737 cere,
365 673 458 744 qui
489 672 651 727 rebus
679 671 974 728 innumeris
1003 671 1236 727 debeant
1263 688 1414 727 suam
1433 689 1641 738 curam,
1677 689 1798 727 cns-

184 765 501 836 todiamque
525 764 788 833 przebere.
830 761 940 818 Cur
977 765 1121 820 enim
1153 765 1292 820 Deus
1323 765 1507 834 praesit
1537 764 1684 819 melli
1709 765 1797 818 uni

183 855 566 912 tantummodo
588 897 602 918 ,
634 869 740 909 non
791 857 972 923 praesit
996 856 1326 922 cucurbitis,
1360 857 1535 926 rapis,
1571 870 1676 909 non
1705 869 1800 909 cu—

191 950 346 1014 nilae,
393 948 686 1010 nasturtio,
734 965 840 1002 non
887 948 1034 1014 ﬁcis,
1079 949 1349 1014 betaceis,
1383 947 1664 1004 caulibus?
1691 946 1799 1003 Cur

183 1045 305 1101 sola
329 1043 625 1099 meruerint
663 1057 787 1098 ossa
833 1044 1078 1107 tutelam,
1111 1060 1217 1098 non
1249 1045 1541 1099 meruerint
1572 1057 1795 1112 ungues,

183 1137 309 1209 pili,
336 1144 641 1206 ceteraque
667 1135 769 1189 alia
803 1134 939 1191 locis
971 1137 1143 1206 posita
1174 1138 1224 1190 in
1249 1137 1513 1202 obscuris,
1557 1146 1613 1191 et
1642 1150 1797 1189 vere-

185 1227 541 1285 cundioribus
582 1228 844 1297 partibus,
873 1237 928 1283 et
967 1239 1092 1283 sunt
1119 1229 1333 1285 casibus
1365 1229 1596 1285 obnoxia
1629 1228 1800 1299 pluri-

193 1323 324 1386 mis,
365 1331 420 1377 et
458 1336 642 1377 curam
676 1322 847 1391 magis
875 1321 1099 1377 deorum
1124 1365 1136 1387 ,
1166 1323 1605 1394 diligentiamque
1655 1321 1800 1376 desi-

186 1414 422 1472 derant?
459 1414 567 1470 Aut
608 1415 654 1470 si
704 1423 758 1470 et
805 1414 904 1470 bas
942 1415 1121 1471 dicitis
1151 1427 1332 1486 partes
1369 1418 1482 1472 suis
1508 1430 1670 1486 agere
1699 1414 1800 1468 sub

1903 598 1991 638 res
2043 593 2169 638 sunt
2203 601 2214 637 :
2247 599 2346 639 nec
2394 584 2754 654 explicabitur
2807 585 2980 650 ratio,
3034 598 3130 638 cur
3180 599 3288 638 non
3344 584 3506 637 rebus

1903 675 2155 729 omnibus
2185 675 2381 729 divinae
2403 676 2730 745 prtesideant
2762 690 2928 742 curze,
2961 676 3006 729 si
3041 685 3222 731 certas
3247 689 3335 730 res
3361 688 3506 739 esse,

1904 767 2098 836 quibus
2126 768 2344 835 praesint
2369 768 2587 822 numina
2611 776 2666 821 et
2694 767 3038 837 provideant,
3071 767 3368 837 dixeritis,

1978 856 2066 910 XI.
2109 857 2247 924 Quid
2287 857 2497 923 dicitis,
2529 873 2562 913 ο
2603 868 2784 927 patres
2833 873 3095 912 novarum
3143 859 3506 928 religionum,

1905 947 2034 1017 quid
2083 950 2452 1016 potestatum?
2490 949 2727 1004 Hoscine
2774 964 2803 1002 a
2845 949 2999 1005 nobis
3047 949 3181 1004 deos
3212 951 3425 1018 violari,
3454 961 3510 1007 et

1906 1037 2103 1108 negligi
2150 1039 2415 1106 sacrilego
2471 1040 2788 1106 clamitatis,
2843 1042 3334 1112 quiritaminiquec
3376 1059 3511 1098 con-

1906 1139 2112 1200 temptu
2166 1131 2486 1187 Lateranum
2537 1133 2769 1188 Genium
2833 1135 3113 1202 locorum,
3146 1134 3508 1192 Limentinum

1908 1224 2195 1294 praesidem
2231 1226 2498 1290 liminum,
2526 1225 2882 1293 Pertundam,
2927 1225 3210 1295 Perﬁcam,
3252 1228 3510 1284 Nodutim

1905 1318 2311 1374 Terensem?et
2341 1319 2464 1388 quia
2526 1336 2631 1374 non
2675 1323 2949 1392 supplices
2987 1324 3212 1378 Mutuno
3253 1338 3509 1392 procum-

1905 1410 2083 1466 bimus
2110 1419 2271 1482 atque
2301 1411 2512 1466 Tutnno
2531 1453 2545 1478 ,
2574 1411 2640 1468 sd
2673 1414 2949 1469 interitum
2998 1429 3085 1470 res
3113 1415 3292 1486 lapsas
3311 1457 3324 1483 ,
3346 1424 3510 1485 atque

1441 1524 1824 1586 LECTIONES
1865 1523 2281 1582 VARIANTES.

258 1627 287 1654 ι
324 1621 622 1686 Attingimus
643 1621 764 1672 Sab.

253 1686 286 1726 ι»
322 1681 695 1736 Τυιθιὶιοιιιδιιε
717 1683 824 1736 Sab.
868 1681 1014 1735 male.

1987 1632 2007 1661 ε
2049 1623 2374 1690 Querltamini
2402 1621 2519 1675 Sab.

1553 1777 2114 1840 COMMENTARIUS.

192 1871 353 1946 sides,
410 1886 545 1946 ossa,
577 1869 750 1946 mella,
785 1880 890 1926 etc.
928 1869 1162 1946 Secutus
1187 1885 1305 1946 sum
1352 1869 1791 1946 emendationem
1826 1877 1873 1936 B
1979 1874 2240 1938 Partibus,
2264 1883 2310 1930 et
2339 1889 2458 1932 sunt
2479 1869 2678 1932 casibus
2703 1879 2924 1933 obnoxia
2955 1854 3212 1946 plurimis.
3245 1877 3512 1936 Meursius

193 1941 448 1996 Salmasii
475 1941 748 1996 contextni
773 1940 1411 1994 accommodatissimum.
1446 1939 1578 1995 Cod.
1615 1958 1716 1997 ms.
1743 1953 1798 1998 et

192 2012 435 2067 editores
483 2013 673 2066 caeteri
721 2026 910 2066 omnes
950 2026 964 2064 :
999 2011 1138 2078 Quid
1165 2011 1210 2062 si
1236 2013 1480 2064 haberent
1510 2013 1562 2065 in
1593 2013 1800 2069 sedibus

192 2099 316 2138 suos
355 2083 590 2151 proprios
617 2082 876 2153 praesides,
912 2083 998 2135 ubi
1054 2083 1179 2152 quid
1209 2083 1310 2135 sibi
1345 2084 1514 2137 velint
1541 2085 1712 2140 verba
1744 2088 1797 2141 in

192 2154 419 2216 sedibus,
452 2153 700 2221 equidem
733 2168 957 2222 prorsus
985 2153 1233 2220 ignorare
1283 2168 1368 2206 me
1403 2153 1601 2208 fateor.
1639 2155 1797 2214 Fulv.

196 2223 430 2298 Ursinus
457 2227 600 2298 conj.
636 2243 648 2278 :
673 2223 824 2298 Quid
837 2225 880 2278 si
907 2225 1152 2298 haberent
1172 2225 1224 2276 in
1255 2240 1324 2298 se
1350 2225 1491 2298 divos
1533 2243 1654 2280 suos
1681 2246 1801 2298 pro-

201 2296 344 2366 prios
375 2296 637 2364 prtesides.
667 2295 828 2366 Atqui
853 2311 941 2349 res
973 2296 1098 2355 illte,
1122 2293 1188 2350 de
1216 2296 1412 2365 quibus
1436 2293 1804 2366 loquitur'Ar-

197 2367 420 2431 nobius,
451 2381 598 2430 ossa,
629 2368 812 2428 mella,
841 2376 973 2430 ete.,
1007 2369 1313 2435 neutiquam
1346 2367 1510 2435 divos
1536 2370 1588 2422 in
1615 2385 1674 2424 se
1707 2373 1807 2425 ba-

200 2437 404 2491 liebant
429 2437 689 2500 inclusos,
718 2438 812 2492 sed
840 2438 972 2508 deos
1012 2433 1182 2507 Super
1205 2452 1263 2492 se
1307 2433 1532 2508 positos,
1559 2441 1610 2495 id
1635 2454 1716 2499 est
1745 2443 1808 2497 il-

200 2509 377 2562 larum
401 2523 586 2563 curam
609 2520 883 2580 gerentes.
916 2506 1124 2564 Οιιειι..

280 2599 600 2673 Nimietatis.
649 2600 792 2656 Infra
824 2621 835 2656 :
870 2601 1008 2655 Dum
1053 2619 1141 2656 vos
1189 2608 1452 2673 arguimus
1509 2605 1807 2660 nimietatis.

204 2672 270 2728 L.
297 2688 393 2737 vn,
421 2687 470 2726 c.
503 2671 576 2727 26
609 2690 620 2726 :
655 2673 921 2740 Sequitur,
954 2683 1009 2727 ut
1057 2675 1122 2727 de
1170 2671 1317 2728 thure
1346 2676 1507 2743 deque
1546 2692 1685 2729 mero
1714 2677 1811 2729 ali-

205 2743 332 2816 quid
357 2743 469 2798 sine
494 2747 603 2798 ulla
633 2745 898 2816 nimietate
925 2745 1175 2798 dicamus.
1201 2745 1341 2801 Usus
1370 2750 1469 2802 bac
1498 2761 1630 2800 voce
1661 2749 1806 2816 Apu-

209 2815 368 2881 leius,
418 2815 703 2886 Apologia,
739 2833 790 2886 p.
826 2817 927 2871 461
960 2831 974 2880 ;
1019 2817 1247 2881 Plinius,
1277 2816 1412 2871 Hist.
1444 2827 1576 2882 nat.,
1615 2819 1652 2871 Ι.
1687 2815 1805 2885 xiv,

209 2901 260 2941 c.
297 2886 331 2940 6
359 2904 374 2953 ;
408 2885 749 2954 Columella,
779 2888 816 2941 I.
851 2905 922 2952 tv,
954 2902 1003 2940 c.
1029 2887 1098 2940 ‘24
1131 2905 1144 2952 ;
1178 2888 1448 2942 Aminian.
1481 2889 1805 2957 Marcellin.,

212 2959 248 3011 Ι.
283 2957 371 3021 l9,
400 2972 456 3028 p.
485 2959 608 3014 179.
663 2960 906 3014 Eunus.
934 2989 1006 3000 -———
1037 2959 1327 3028 Eutmpius
1375 2959 1557 3022 etiam,
1596 2960 1630 3012 Ι.
1669 2977 1721 3027 x,
1754 2976 1803 3014 c.

212 2972 248 3011 ι.
283 2972 371 3021 ιν,
441 2997 456 3012 .
485 2972 608 3014 t'tu.
663 2972 906 3014 ILLIENH.
934 2989 1006 3000 -—-
1037 2972 1327 3028 Lutroptus
1375 2972 1557 3022 etiam,
1596 2972 1630 3012 ι.
1669 2977 1721 3027 x,
1754 2976 1803 3014 c.

211 3029 310 3102 ult.
339 3047 353 3080 :
391 2972 615 3095 Quidam
645 3030 1029 3102 (exanimatum
1076 3033 1366 3102 opinantur
1392 3030 1702 3102 Jovianum)
1724 3032 1807 3084 ni-

209 3101 414 3163 mietate
458 3117 761 3173 prunarum,
793 3119 919 3172 quas
949 3101 1092 3173 gravi
1139 3102 1331 3172 frigore
1379 3101 1576 3154 adoleri
1621 3103 1808 3154 nmltas

199 3173 458 3242 jusserat.
486 3170 689 3226 Οιιεω..

278 3240 500 3296 Cunila.
530 3245 780 3297 Scribun.
810 3243 970 3307 Larg.
991 3258 1040 3296 c.
1074 3242 1178 3298 124
1207 3261 1218 3297 :
1243 3242 1448 3298 Cunila.
1474 3259 1626 3310 quam
1655 3244 1812 3297 Satu-

206 3315 370 3386 rejam
398 3314 609 3383 quidam
640 3325 843 3382 vocant,
863 3316 949 3369 ubi
978 3314 1099 3370 vide
1133 3314 1305 3374 Ithod.
1345 3315 1396 3368 ιιι
1423 3314 1640 3368 Lexico.
1669 3314 1820 3386 l’fef-

208 3383 460 3453 [erkraut.
493 3386 695 3439 Οιιειι..

281 3475 407 3552 Non
440 3477 604 3552 ﬁcis._
632 3479 970 3552 Stcwecbius
1003 3496 1032 3532 e
1059 3479 1268 3552 codice,
1303 3488 1359 3532 ut
1391 3480 1484 3552 ait,
1520 3496 1808 3552 ms.7repo~

209 3549 318 3602 suit
353 3564 454 3601 non
482 3549 700 3615 ﬁcubus,
728 3552 780 3602 in
825 3549 1206 3605 observatione
1257 3566 1354 3605 sua
1402 3551 1553 3619 plura
1585 3549 1819 3610 alTerens

205 3621 276 3673 de
307 3619 621 3675 discrimine
671 3628 758 3676 *οὗ
794 3622 940 3686 ﬁcus,
975 3623 1011 3684 i,
1046 3621 1099 3675 id
1144 3633 1226 3675 est
1253 3622 1426 3675 morbi
1457 3623 1694 3677 intestini
1729 3643 1817 3680 re-

205 3692 277 3744 cti
311 3694 542 3744 extremi
573 3693 640 3746 ab
690 3695 876 3746 attritu
927 3693 1092 3746 nimio
1119 3693 1244 3754 orti,
1273 3702 1328 3747 et
1355 3695 1508 3762 ﬁcus,
1540 3710 1619 3755 us,
1657 3696 1706 3749 id
1736 3709 1819 3754 est

205 3762 423 3815 arboris
445 3771 499 3815 et
529 3762 758 3824 fructus,
789 3763 934 3833 quod
967 3775 1147 3817 tamen
1179 3763 1474 3817 discrimen
1507 3765 1681 3819 locum
1711 3785 1815 3825 non

209 3833 415 3886 habere
447 3843 501 3886 et
527 3835 850 3888 vocabulum
879 3836 1007 3901 licus
1038 3849 1263 3903 utraque
1296 3835 1684 3897 declinatione.
1719 3842 1814 3897 sed

208 3904 496 3958 l‘teminino
527 3919 744 3971 genere,
779 3908 1082 3974 pnesertim
1131 3909 1200 3958 ab
1228 3907 1550 3975 antiquioris
1580 3908 1817 3964 latinita-

207 3975 280 4028 tis
310 3977 688 4044 scriptoribus,
719 3977 788 4030 de
811 3977 1008 4032 arbore
1031 3987 1085 4030 et
1115 3977 1287 4029 fructu
1320 3979 1628 4046 promiscue
1655 4000 1815 4036 "sur-

210 4053 639 4118 patum,contra
668 4049 815 4115 licus,
837 4049 871 4110 i,
906 4049 998 4102 sed
1019 4048 1320 4101 masculino
1350 4064 1572 4118 genere,
1602 4053 1668 4107 de
1695 4070 1817 4108 cor-

210 4117 362 4186 poris
391 4117 544 4180 vitio,
590 4118 750 4172 docet
787 4119 1061 4174 GeSnerus
1109 4123 1160 4172 in
1205 4117 1505 4173 Thesauro.
1528 4120 1634 4175 Sed
1666 4124 1714 4176 .l.
1745 4125 1811 4180 G.

207 4186 457 4242 Graevius
493 4189 544 4242 in
578 4188 820 4259 Epistola
844 4190 907 4243 ad
932 4189 998 4244 N.
1029 4191 1240 4250 lIeins.,
1265 4191 1373 4245 259
1403 4210 1416 4255 ;
1444 4190 1649 4260 Syllog.
1681 4195 1818 4248 Bur-

208 4272 425 4333 mann.,
453 4269 493 4314 t.
545 4275 618 4325 tv,
653 4279 704 4330 p.
738 4261 862 4326 534,
906 4272 1154 4325 testatur,
1192 4264 1243 4315 in
1275 4264 1468 4316 eodem
1493 4265 1681 4320 codice
1711 4267 1814 4333 legi

207 4329 453 4401 ﬁciispet
493 4329 689 4386 merito
737 4336 962 4388 miratur
1002 4335 1132 4401 ﬁcus
1184 4333 1284 4387 hoc
1337 4336 1456 4387 loco
1487 4329 1814 4392 memoratas

208 4401 356 4476 inter
384 4400 582 4456 herbas
608 4413 662 4456 et
689 4405 856 4458 olera.
889 4400 1074 4472 Itaque
1106 4421 1202 4476 pro
1233 4423 1335 4458 non
1368 4407 1501 4472 ﬁciis
1545 4422 1815 4476 reponen-

207 4471 340 4523 dutn
371 4484 560 4526 censet
591 4476 823 4543 crepitiis.
872 4471 1135 4544 Equidem
1173 4471 1378 4530 leviore
1405 4471 1724 4544 mutatione,
1759 4489 1816 4534 et

209 4556 326 4617 una,
352 4549 557 4617 tantum
609 4544 782 4617 li_t_t_era
813 4559 1036 4609 mutata,
1071 4548 1485 4602 rescribendum
1537 4560 1686 4617 puto,
1711 4568 1813 4604 non

207 4613 574 4689 uiciis._Vi_c'ice
604 4615 866 4686 (Wicken)
902 4619 1193 4687 leguminis
1237 4633 1407 4689 genus
1456 4613 1815 4676 tne—moratum

214 4683 442 4755 Virgilio
462 4683 686 4755 Georg,
712 4703 747 4753 ι,
783 4683 922 4741 ’ἴδει
951 4683 1092 4742 aliis.
1126 4683 1334 4743 Οιιεὶι..

334 4755 538 4821 etaceis,
573 4759 826 4813 caulibus.
862 4759 934 4812 Ita
965 4761 1134 4814 edidit
1170 4761 1467 4814 Salmasius
1495 4779 1525 4816 e
1555 4762 1677 4816 eod.
1713 4781 1814 4817 ms.

209 4826 538 4882 rectissime.
570 4827 818 4894 Betaccis,
850 4831 966 4884 scil.
999 4833 1248 4898 pedibus,
1278 4833 1326 4886 id
1355 4844 1435 4886 est
1463 4833 1733 4888 radicibus
1766 4848 1820 4889 et

211 4901 364 4953 libris
393 4898 766 4972 betaruntflta
797 4903 1058 4964 ntalvacei,
1086 4904 1287 4972 rapicii,
1321 4905 1437 4957 SCII.
1471 4905 1654 4972 pedes.
1690 4905 1819 4961 Vide

210 4972 465 5045 eumdem
507 4969 827 5045 salmasiutn
872 4974 937 5026 ad
978 4969 1176 5036 Solim,
1224 4989 1342 5041 cap.
1388 4969 1483 5039 Mt,
1526 4992 1647 5045 pag.
1692 4978 1817 5033 585.

210 5041 368 5108 Quod
399 5055 509 5112 non
551 5042 913 5112 intelligentcs
954 5049 1136 5099 caeteri
1177 5046 1415 5101 editores
1455 5041 1732 5100 mnta-runt
1768 5049 1820 5103 in

212 5114 358 5189 betis,
393 5111 642 5189 caulibus.
680 5111 972 5189 Pesstnnns
998 5117 1184 5189 etiam,
1217 5117 1345 5170 elisa
1384 5117 1610 5187 virgula,
1643 5121 1824 5189 legere

211 5183 430 5238 betaceis
469 5185 727 5258 caulibus,
769 5185 819 5258 td
859 5195 940 5238 est
981 5187 1225 5258 caulibus
1269 5189 1355 5240 vel
1387 5183 1645 5258 stirpibus
1678 5183 1824 5244 bina-

214 5271 358 5331 rum,
403 5255 546 5308 unde
581 5270 641 5309 se
682 5257 980 5331 producunt
1026 5257 1172 5311 folia.
1209 5259 1315 5331 Sed
1347 5255 1528 5313 malim
1565 5261 1822 5331 \irgnlam

215 5326 669 5402 itttcrponereuet
715 5328 946 5402 caulibus
996 5332 1244 5402 accipere
1288 5326 1669 5402 dehbrassica,
1717 5348 1826 5402 quo

212 5411 377 5468 sensu
405 5395 521 5468 aur:
546 5397 730 5468 ἕξοχήν
768 5399 964 5451 dicitur
994 5415 1024 5452 a
1064 5395 1286 5454 Latinis.
1333 5399 1467 5455 Vide
1515 5403 1714 5462 Davis.,
1736 5395 1826 5458 'ad

212 5467 353 5541 (_Iic.,
383 5467 451 5521 de
476 5465 598 5541 Nat.
625 5465 804 5541 deum,
837 5485 892 5534 ιι,
919 5484 967 5541 c.
993 5471 1082 5532 47,
1119 5488 1238 5541 pag.
1272 5470 1398 5537 217,
1424 5472 1511 5527 ed.
1547 5489 1604 5541 tt,
1631 5485 1682 5528 et
1709 5473 1822 5529 Jos.

211 5539 587 5613 ﬁcaliger,_ad
635 5537 865 5613 Varroa.
911 5540 978 5594 de
1024 5537 1307 5613 Re'rust.,
1364 5545 1458 5598 lib.
1505 5560 1542 5607 t,
1579 5537 1697 5613 cap.
1737 5546 1824 5601 Ili.

215 5607 377 5665 Unde
403 5607 679 5663 Gallorum
713 5612 758 5663 le
787 5612 937 5674 cltou,
973 5623 1216 5667 nostrum
1250 5612 1410 5668 Koltl.
1449 5614 1574 5668 Beta
1606 5607 1720 5669 sive
1747 5618 1830 5670 be-

217 5684 364 5742 tacei,
384 5694 557 5751 graece
578 5683 804 5744 τεῦτλον,
830 5683 965 5751 apud
991 5684 1151 5738 Italos
1176 5687 1376 5748 bietola,
1407 5699 1649 5740 nostrum
1677 5687 1830 5742 illan-

217 5753 356 5827 gold,
392 5749 676 5827 Beisskoltl.
706 5749 874 5823 Cujus
916 5754 1335 5827 descriptionem
1378 5758 1500 5811 vide
1531 5774 1620 5827 ap.
1665 5760 1827 5824 I’lin.,

246 5824 356 5877 list.
393 5832 530 5894 nat.,
558 5822 650 5876 lib.
682 5822 800 5890 xu,
823 5840 943 5894 cap.
977 5826 1030 5878 8.
1064 5822 1202 5880 Atld.
1237 5822 1584 5894 Schneider;
1619 5829 1732 5884 Iud.
1763 5822 1830 5888 ad

220 5897 420 5966 Script.
455 5893 550 5949 Rei
583 5905 743 5961 rust.,
778 5893 1097 5954 ltoc’verbo.
1134 5897 1338 5955 Οιιειι..

1904 1947 2193 2021 legendum
2227 1952 2575 2017 suspicatur:
2609 1951 2882 2021 partibus?
2915 1949 3038 2004 Haec
3075 1961 3216 2018 sunt,
3258 1962 3363 2006 etc.
3411 1952 3523 2006 Ma-

1902 2018 1994 2072 lim
2025 2037 2036 2070 :
2067 2036 2182 2089 qua:
2207 2031 2343 2073 sunt.
2371 2021 2574 2076 OnELL.

1982 2089 2072 2144 XI.
2099 2120 2167 2131 —-
2192 2090 2330 2156 Quid
2360 2091 2550 2154 dicitis,
2596 2109 2626 2145 o
2666 2101 2839 2162 patres
2887 2108 3134 2146 novarum
3188 2093 3520 2162 religionum,

1905 2161 2030 2230 quid
2082 2163 2437 2227 potestatum?
2498 2165 2727 2218 lloscine
2783 2181 2814 2216 a
2863 2164 3008 2218 nobis
3062 2162 3184 2217 deos
3238 2161 3421 2218 violari
3475 2174 3523 2219 et

1908 2233 2099 2305 negligi
2145 2236 2395 2304 sacrilego
2440 2235 2714 2290 clatnitatis
2753 2245 2799 2289 et
2839 2233 3154 2305 quirilaminl
3193 2235 3524 2303 contemptu?

1910 2305 2000 2358 Sic
2013 2304 2157 2359 edidi
2175 2321 2244 2360 ex
2271 2308 2652 2362 emendatione
2674 2304 2900 2361 editoris
2923 2306 3094 2375 Lugd.
3119 2304 3238 2359 Bat.
3260 2305 3396 2360 Cod.
3417 2321 3523 2361 ms.

1915 2387 1963 2429 et
2006 2375 2092 2430 ed.
2129 2378 2634 2449 princepsrromana
2693 2377 2892 2431 habent
2923 2398 2936 2432 :
2975 2377 3115 2443 Quid
3151 2376 3342 2449 dicitis,
3376 2396 3406 2431 υ
3435 2393 3529 2448 ραι

1916 2457 2016 2522 tres
2047 2465 2294 2522 novarum
2320 2447 2647 2522 religionum,
2675 2449 2760 2518 qui
2791 2458 3092 2522 potestatum
3118 2447 3352 2522 obscurae
3374 2466 3405 2502 a
3430 2447 3529 2522 no-

1916 2519 1992 2570 bis
2035 2519 2157 2592 deos
2193 2521 2377 2574 violari
2403 2519 2448 2576 et
2487 2521 2673 2592 negligi
2701 2520 2949 2590 sacrilege
2976 2519 3274 2592 clamitatis,
3306 2519 3530 2592 quirita-

1917 2590 2142 2660 minique
2167 2594 2443 2656 contemni,
2473 2590 2579 2647 etc.
2614 2590 2761 2646 nullo
2793 2606 2979 2647 sensu.
3009 2590 3158 2646 Frid.
3196 2590 3532 2646 Lindenbro-

1917 2662 2040 2733 gius
2053 2662 2266 2732 relingit
2286 2682 2297 2716 :
2323 2663 2460 2729 Quid
2479 2664 2669 2721 dicitis.
2690 2680 2719 2717 ο
2739 2675 2905 2732 patres
2921 2679 3166 2718 novarum
3183 2663 3488 2733 religionum
3504 2664 3530 2716 .’

1919 2732 2042 2804 quid
2070 2736 2459 2802 protestamini?
2490 2735 2775 2799 Hcraldns,
2811 2737 2995 2791 nescio
3025 2747 3130 2804 qua
3158 2734 3226 2789 de
3251 2732 3413 2788 causa
3447 2734 3527 2787 ol-

1916 2802 2101 2858 fensus
2131 2807 2354 2878 vocibus
2387 2817 2560 2875 patres
2600 2821 2847 2860 novarum
2884 2802 3215 2878 religionum,
3248 2807 3423 2859 locum
3457 2804 3528 2859 ita

1913 2885 2100 2948 censet
2125 2877 2516 2931 restituendum
2547 2901 2560 2933 :
2593 2879 2730 2946 Quid
2757 2879 2948 2945 dicitis,
2975 2877 3004 2932 o
3035 2890 3202 2946 patres
3226 2893 3530 2948 magnarum

1915 2947 2218 3022 religionum
2242 2959 2394 3022 atque
2421 2951 2764 3018 potestatum?
2793 2951 2996 3022 Ergone
3025 2968 3055 3002 a
3086 2950 3228 3003 nobis
3259 2947 3392 3022 Deos
3420 2950 3528 3000 vio-

1914 3017 2031 3068 liari
2060 3027 2108 3092 et
2135 3017 2322 3092 negligi
2349 3017 2592 3092 sacrilege
2629 3017 2922 3086 clamitatis,
2957 3021 3369 3092 quiritantinique
3405 3035 3526 3073 con-

1916 3089 2112 3139 temni?
2137 3100 2240 3143 etc.
2277 3087 2551 3158 Equidem
2573 3103 2722 3162 puto,
2757 3087 3051 3146 delendum
3080 3087 3204 3162 quid
3233 3087 3358 3145 ante
3386 3100 3530 3160 pote—

1916 3167 2127 3226 statum,
2159 3172 2209 3214 et
2233 3163 2517 3230 legendum
2552 3183 2563 3219 :
2602 3164 2739 3229 Quid
2775 3163 2966 3228 dicitis,
3006 3182 3036 3218 ο
3076 3175 3244 3230 patres
3286 3177 3530 3216 novarum

1925 3232 2249 3307 religionum,
2284 3238 2625 3302 potestatum?
2654 3253 2773 3307 qua:
2802 3245 2884 3289 est
2909 3235 3239 3307 constructio
3271 3249 3398 3287 vere
3431 3235 3533 3288 Ar-

1923 3303 2177 3356 nobiana.
2214 3303 2495 3360 lucazteris
2518 3303 2768 3362 omnibus
2796 3307 3060 3362 cditorem
3095 3305 3414 3359 Leidensem
3447 3317 3533 3358 se-

1921 3389 2077 3450 quor.
2123 3374 2304 3430 Patres
2337 3395 2577 3432 novarum
2604 3379 2930 3450 religionum,
2973 3388 3260 3450 etc.,ﬁnon
3288 3387 3417 3450 sunt
3448 3389 3534 3450 sa-_

1922 3447 2195 3518 cerdotcs,
2242 3449 2534 3516 antistites,
2577 3462 2633 3503 ut
2678 3447 3062 3518 interpretatur
3105 3448 3388 3518 lleraldus,
3437 3448 3532 3500 sed

1925 3517 1975 3570 in
2008 3534 2207 3587 genere
2231 3519 2487 3586 Remani,
2520 3537 2659 3592 quos
2689 3524 2740 3575 in
2773 3517 2931 3590 hujus
2961 3521 3082 3575 libri
3109 3517 3270 3592 initio
3298 3519 3533 3588 alloqui-

1925 3599 2032 3652 tnr,
2076 3592 2168 3658 qui
2213 3606 2349 3647 nova
2395 3607 2494 3646 nec
2540 3591 2696 3648 antea
2741 3593 2922 3646 audita
2972 3591 3190 3646 numina
3234 3604 3534 3658 eorumque

1921 3662 2101 3715 cultus
2144 3662 2579 3719 introducebant.
2629 3664 2910 3718 Potestatcs
2950 3665 3091 3717 idem
3125 3662 3266 3729 quod
3299 3661 3396 3729 dii,
3431 3678 3532 3714 titt-

1923 3734 2089 3786 mina.
2129 3732 2261 3788 Vide
2289 3750 2475 3803 supra,
2506 3737 2569 3790 ad
2603 3737 2694 3790 lib.
2733 3751 2807 3798 ιιι,
2842 3750 2962 3803 cap.
2997 3735 3087 3788 55.
3121 3734 3326 3788 Utine.

1997 3803 2180 3858 Patres
2212 3801 2538 3874 religionum,
2572 3807 2626 3859 id
2665 3817 2736 3859 est
2775 3801 3028 3867 auctores,
3072 3805 3378 3867 inventores,
3424 3801 3535 3858 frc-

1921 3877 2105 3944 quenti
2142 3880 2479 3942 tnetapbOra.
2525 3879 2658 3933 Vide
2700 3878 2911 3939 Petam,
2956 3878 3021 3929 ad
3054 3877 3246 3948 Syncs.
3285 3876 3456 3943 Epist.
3499 3891 3534 3939 t,

1922 3957 2062 4019 not.,
2098 3964 2219 4016 pag.
2257 3949 2345 4002 44.
2387 3950 2476 4002 Sic
2509 3950 2664 4003 I’ltilo
2695 3949 2912 4019 Byzant.
2949 3949 3016 4000 de
3047 3965 3115 4000 vit
3148 3949 3296 4019 orbis
3325 3955 3539 4019 specta-

1920 4017 2076 4098 Sttlis,
2111 4035 2232 4087 cap.
2270 4035 2322 4073 ιιι
2351 4039 2361 4072 :
2394 4025 2502 4083 Διὸς
2535 4023 2708 4098 κράνος·
2736 4016 2824 4092 μέν
2854 4022 2901 4072 ἐν
2943 4023 3157 4094 οὐρανῷ,
3193 4017 3384 4077 Φειδίας
3413 4016 3458 4071 δ’
3490 4020 3540 4071 ἐν

1920 4085 2080 4165 "Hirtii
2108 4085 2282 4165 παλτήρ
2313 4096 2448 4155 ἐστι,
2477 4085 2715 4147 ttbi'vide
2736 4085 3014 4165 'Allaliiiet'
3036 4085 3254 4165 nostras
3281 4099 3458 4165 notas,
3484 4096 3542 4165 et

1919 4161 1986 4212 :td
2028 4161 2200 4230 Epist.
2236 4159 2448 4219 Socrat.
2490 4182 2560 4226 vn,
2596 4180 2716 4229 pag.
2751 4161 2874 4216 168.
2911 4159 3067 4215 Conf.
3105 4159 3439 4215 Boissonade
3470 4159 3538 4214 ad

1920 4230 2110 4306 Mariti.
2144 4232 2247 4287 Vit.
2283 4235 2460 4289 Procl.
2496 4252 2547 4306 p.
2577 4235 2668 4298 75,
2704 4250 2819 4300 seq.
2855 4231 3059 4306 QRELL.

1993 4301 2305 4358 Lateranum
2335 4301 2540 4376 genium
2579 4311 2830 4375 focorum.
2875 4305 2949 4358 Ita
2992 4305 3230 4357 restituit
3275 4303 3541 4357 Meursius

1919 4389 1987 4446 ex
2031 4385 2190 4430 insto.
2237 4381 2411 4431 Antea
2458 4379 2739 4446 legebatur
2765 4393 2778 4430 :
2809 4377 2994 4430 Larem
3037 4376 3242 4446 genimn
3285 4377 3538 4443 focorum.

1919 4445 2073 4510 Quod
2117 4448 2328 4502 etiamsi
2375 4445 2594 4503 defendi
2634 4447 2825 4518 possit,
2873 4445 3050 4501 tamen
3098 4447 3199 4500 hoc
3245 4446 3363 4499 loco
3395 4457 3543 4501 stare

1922 4519 2128 4585 nequit,
2156 4521 2240 4572 ubi
2265 4521 2537 4574 Arnobius
2562 4521 2756 4588 repetit
2779 4521 3007 4573 deorum
3041 4520 3280 4579 nomina,
3310 4531 3541 4585 quorum

1922 4605 2085 4657 supra
2117 4593 2444 4645 mentientem
2478 4593 2704 4655 fecerat,
2733 4592 3048 4655 Lintcntini,
3080 4591 3386 4654 I’crtnnda-,
3416 4589 3544 4643 I’ct‘-

1926 4661 2062 4718 licm.
2097 4659 2344 4723 Nodutis,
2375 4663 2650 4725 Terensis,
2687 4663 2958 4716 Laterani.
2993 4664 3197 4716 Οιιειιη

1999 4728 2274 4795 Nodutim,
2330 4723 2644 4788 Terensema
2678 4735 2753 4787 Ita
2804 4735 3084 4803 distinguit
3139 4733 3316 4786 editor
3369 4723 3542 4799 Lugd.

1926 4800 2043 4854 Bat.
2075 4804 2180 4855 Alii
2209 4820 2240 4858 e
2266 4803 2401 4858 Cod.
2443 4821 2544 4859 ms.
2577 4825 2589 4859 :
2627 4800 3059 4858 Noduterense'm.
3091 4804 3226 4858 Vide
3271 4820 3433 4874 supra
3477 4806 3545 4858 ad

1927 4888 2045 4940 cap.
2083 4875 2132 4928 7.
2159 4877 2363 4929 UnELL.

2005 4947 2138 5018 Quia
2178 4963 2278 4999 non
2317 4949 2573 5018 supplices
2606 4948 2822 5002 Μαιωιο
2855 4948 3232 5016 procnmbimus
3258 4958 3407 5016 atque
3435 4946 3548 5002 Tu-

1928 5025 2069 5069 tuno.
2107 5017 2230 5072 IIIBC
2261 5030 2345 5072 est
2371 5020 2682 5074 emendatio
2711 5020 2921 5074 Gelenii
2953 5020 3233 5074 vetissima
3270 5021 3548 5087 proxime-

1928 5102 2034 5154 qne
2073 5089 2341 5143 accedens
2385 5092 2448 5143 ad
2495 5103 2796 5144 monstrum
2845 5093 3092 5145 let-tionis
3133 5093 3335 5145 codicis
3378 5097 3544 5146 nisti:

1933 5157 2068 5230 Quia
2113 5176 2213 5212 non
2255 5163 2510 5230 supplices
2551 5179 2652 5215 uno
2696 5164 3076 5229 procumbimus
3112 5179 3261 5230 atque
3307 5173 3379 5216 est
3419 5179 3544 5227 uno,

1932 5229 2073 5303 unde
2097 5229 2323 5285 Saba‘ns
2344 5235 2392 5285 in
2418 5235 2654 5287 editione
2681 5236 2923 5303 principe
2966 5229 3187 5288 romana
3215 5235 3506 5288 rclinxerat
3535 5254 3547 5288 :

1935 5300 2069 5366 Quin
2099 5318 2199 5376 non
2221 5304 2476 5376 supplices
2505 5306 2558 5356 ια
2585 5315 2656 5358 est
2681 5300 2828 5358 lmmi
2859 5300 3240 5373 procumbimus
3267 5318 3418 5376 atque
3445 5305 3552 5359 Tn-

1933 5383 2075 5424 tuno.
2117 5373 2395 5446 _Mettt'sius
2439 5395 2450 5430 :
2511 5376 2645 5442 Quia
2702 5395 2804 5430 nun
2857 5379 3116 5446 supplices
3169 5373 3551 5446 procninbimus

1932 5458 2075 5512 teque
2101 5444 2311 5518 Futino.
2344 5445 2660 5512 Salmasius,
2691 5450 2740 5500 in
2772 5452 2859 5502 ed.
2889 5444 3060 5518 Lugd.
3094 5444 3231 5510 Bat.,
3267 5461 3552 5518 utramque

1933 5517 2367 5571 etnendationem
2399 5520 2662 5581 retinens,
2699 5520 2874 5574 locum
2921 5517 2992 5573 ita
3039 5520 3186 5574 dedit
3222 5539 3233 5571 :
3273 5521 3405 5584 Quia
3448 5517 3552 5574 non

1934 5586 2188 5661 supplices
2213 5589 2353 5641 hutni
2385 5589 2601 5661 Mutuno
2622 5591 3001 5655 procumbimns
3015 5603 3165 5661 atque
3186 5589 3412 5643 Tutuno.
3435 5589 3521 5644 llu
3541 5619 3554 5629 -

1937 5659 2005 5710 mi
2029 5663 2367 5726 procumbere.
2380 5660 2590 5730 pltrasis
2614 5662 2961 5717 Lucretiana.
2986 5659 3102 5717 Lib.
3125 5678 3177 5726 v,
3199 5677 3344 5716 vers.
3371 5663 3512 5716 1299
3539 5679 3552 5716 :

2000 5769 2103 5820 Nec
2124 5773 2447 5833 procumbere
2467 5774 2602 5822 bumi
2630 5780 2924 5836 prostratum
2947 5775 3234 5838 et.pandere
3255 5775 3457 5838 palmas.

1940 5898 2208 5955 Cit-terum
2252 5899 2319 5955 de
2365 5911 2548 5972 etymo
2599 5901 2878 5958 nominum
2928 5901 3181 5958 Mutunus
3223 5911 3276 5958 ct
3328 5901 3565 5957 Tutunus
