3872 6368
145 408 266 464 1057

1452 404 1661 462 LIBER
1699 402 2049 476 QUARTUS.

3288 415 3426 472 1038

141 542 300 598 lixitas
327 538 590 595 fastidium
619 539 907 595 audientis:
930 540 1124 612 pariat,
1145 541 1482 598 cessabimus
1510 542 1591 599 ire
1616 558 1714 613 per
1741 546 1795 607 Α
1819 541 2252 613 caerimoniisque
2285 557 2527 610 narrare,
2561 543 2701 615 quod
2733 544 2962 601 relatum
2993 546 3048 603 in
3079 546 3286 604 litteras
3316 565 3430 608 non

144 633 348 706 singula,
371 647 434 688 ne
454 631 581 688 dum
605 647 702 688 vos
728 633 1002 704 arguimus
1031 633 1342 704 nimietatis,
1376 635 1716 704 loquacitatis

142 725 418 784 immodica:
453 726 810 796 suscipiamus
850 735 902 782 et
945 742 1043 782 nos
1072 728 1306 799 culpam.
1355 728 1492 798 Quid
1539 729 1718 786 dicitis

141 839 170 878 o
193 821 306 888 isti,
342 821 428 894 qui
456 821 523 878 ad
551 822 779 878 deorum
807 837 908 879 nos
939 823 1116 879 cultus
1147 825 1516 880 membrorum
1550 826 1720 881 lania-

145 913 270 970 tibus
313 913 574 980 invitatis,
622 924 676 970 et
721 916 1006 986 suscipere
1041 931 1142 973 nos
1168 917 1369 973 cultum
1415 925 1719 974 vestrorum

139 1006 436 1078 compellitis
461 1007 782 1063 numinum?
810 1007 1106 1064 Possumus
1134 1009 1387 1066 difﬁciles
1425 1025 1534 1065 non
1564 1024 1717 1078 esse,

139 1099 176 1156 si
204 1099 357 1156 modo
384 1099 586 1171 aliquid
615 1100 772 1156 nobis
799 1100 1022 1172 dignum
1045 1103 1174 1158 tanti
1205 1103 1440 1159 nominis
1463 1103 1721 1174 opinione

137 1201 462 1250 monstretur.
493 1191 778 1251 Ostendite
819 1193 976 1250 nobis
999 1194 1347 1264 Mercurium,
1375 1196 1471 1252 sed
1505 1213 1670 1252 unum
1702 1212 1719 1252 :

138 1285 247 1342 date
288 1285 534 1344 Liberum
557 1329 572 1354 ,
619 1288 715 1344 sed
761 1305 928 1344 unum
965 1308 977 1343 :
1008 1306 1172 1346 unam
1221 1290 1486 1348 Venerem
1513 1333 1529 1361 ,
1562 1300 1724 1362 atque

137 1394 281 1434 unam
306 1380 550 1436 similiter
577 1380 820 1439 Dianam.
843 1382 977 1439 Nam
1007 1399 1128 1440 esse
1158 1385 1440 1456 Apollines
1456 1395 1718 1456 quatuor,

135 1484 216 1528 aut
247 1483 352 1530 tres
375 1474 538 1531 loves
566 1516 582 1544 ,
624 1492 920 1549 numquam
953 1479 1108 1536 nobis
1149 1479 1354 1536 facietis
1383 1479 1546 1536 Iidem
1579 1499 1591 1535 :
1625 1495 1728 1537 nec

136 1567 177 1623 si
216 1575 400 1624 testem
431 1568 607 1640 ipsum
640 1571 816 1628 citetis
845 1570 1032 1628 Jovem
1053 1613 1070 1639 ,
1108 1581 1202 1630 aut
1239 1571 1490 1646 Pythium
1527 1575 1728 1630 consti-

139 1660 288 1715 tuatis
307 1670 607 1718 auctorem.

199 1751 377 1807 XVIII.
414 1753 520 1810 Sed
552 1769 618 1811 ex
650 1755 885 1825 diverso,
920 1761 1106 1814 nescio
1135 1761 1277 1830 quis,
1310 1761 1485 1828 unde,
1519 1760 1724 1830 inquit,

137 1841 354 1909 scimus,
383 1859 451 1898 an
497 1846 779 1914 explorata
823 1858 878 1903 et
908 1850 1121 1919 cognita
1165 1849 1404 1920 theologi
1452 1851 1728 1920 scriptita-

1820 635 1923 701 sit,
1954 643 2008 690 et
2034 634 2358 704 scriptorum
2405 637 2810 691 commentariis
2862 637 3231 707 publicatum?
3259 650 3353 696 aut
3377 643 3427 698 si

1821 726 2077 796 ponderis
2128 726 2452 782 existimatis
2498 727 2696 783 nullius
2742 728 2860 785 haec
2900 743 3023 786 esse
3050 773 3064 796 ,
3107 731 3427 788 aboleantur

1821 833 2012 873 omnes
2052 818 2205 886 libri,
2231 833 2367 888 quos
2392 817 2460 874 de
2483 818 2586 875 diis
2614 819 2823 877 habetis
2850 822 3183 892 compositos
3208 823 3426 890 theolo-

1822 925 2045 981 gorum,
2081 908 2427 981 pontiﬁcum,
2463 911 2850 968 nonnullorum
2875 913 3038 968 etiam
3074 913 3430 986 phil030phia

1823 1001 2173 1059 deditorum:
2207 1003 2504 1073 quinimmo
2547 1004 2727 1074 potius
2771 1003 3038 1076 ﬁngamus
3086 1007 3154 1062 ab
3199 1006 3428 1066 exordio

1824 1095 2012 1152 mundi
2039 1095 2245 1152 nullum
2277 1096 2569 1168 aliquando
2598 1097 2903 1153 mortalium
2923 1099 3208 1169 scripsisse
3235 1098 3303 1155 de
3323 1098 3432 1156 diis

1825 1189 2115 1261 quidquam
2150 1208 2163 1245 :
2196 1190 2432 1261 experiri
2462 1190 2713 1247 volumus
2738 1232 2754 1257 ,
2788 1199 2843 1246 et
2875 1192 3124 1262 cupimus
3153 1191 3291 1248 scire
3313 1232 3330 1258 ,
3361 1208 3434 1248 an

1827 1283 2024 1338 mutire
2042 1324 2056 1349 ,
2083 1297 2151 1337 an
2181 1281 2394 1338 hiscere
2423 1283 2649 1339 deorum
2679 1281 2734 1338 in
2762 1282 3041 1339 mentione
3088 1284 3338 1354 possitis,
3362 1299 3437 1340 an

1826 1375 2113 1446 concipere
2141 1388 2236 1429 eos
2264 1383 2447 1430 mente
2471 1416 2486 1442 ,
2516 1389 2655 1446 quos
2697 1375 2752 1429 in
2782 1376 2977 1431 animis
3006 1375 3203 1432 vestris
3230 1376 3434 1432 nullius

1827 1465 2014 1535 scripti
2042 1463 2416 1521 informaverit
2445 1464 2617 1522 notio.
2651 1465 2788 1521 Cum
2819 1481 2950 1523 vero
2980 1467 3219 1535 nomina,
3253 1476 3309 1524 et
3338 1483 3438 1538 po-

1830 1561 2028 1617 tentias
2059 1560 2278 1616 illorum
2307 1559 2725 1632 suggerentibus
2751 1560 2906 1617 vobis
2933 1561 3088 1616 libris
3107 1560 3439 1618 addidicisse

1831 1668 1927 1710 vos
1956 1661 2192 1720 constet,
2213 1652 2458 1724 iniquum
2485 1662 2568 1709 est
2597 1653 2888 1710 detrahere
2917 1653 3114 1709 litteris
3144 1653 3227 1709 his
3254 1653 3438 1723 ﬁdem,

1834 1762 2063 1817 quarum
2093 1761 2156 1802 ea
2202 1762 2323 1818 qua:
2353 1746 2534 1802 dicitis
2562 1747 2872 1804 testimonio
2911 1757 3073 1818 atque
3116 1747 3443 1804 auctoritate

1837 1837 2083 1894 ﬁrmatis.

136 1936 354 2003 rint,an,
380 1945 437 1991 ut
460 1936 635 1992 visum
659 1948 764 2005 est,
785 1948 946 2010 atque
962 1941 1124 2006 sedit,
1150 1941 1495 1998 libidinosam
1515 1943 1728 1999 extule-
1755 1945 1804 2005 B
1904 1930 2046 1986 XIX.
2077 1931 2190 1987 Νίεί
2223 1933 2360 1987 forte
2390 1931 2506 1988 ιιπο
2537 1931 2693 1998 falsa.
2726 1940 2780 1988 ει
2801 1947 2887 2000 ea.
2911 1947 3034 2005 (illa
3080 1949 3111 1989 ³
3152 1933 3306 1990 νοδίε
3351 1932 3435 1988 ἀί-

136 2026 232 2080 rint
258 2028 562 2086 ﬁctionem?
585 2031 730 2086 Nihil
756 2032 900 2088 istud
931 2036 998 2088 ad
1029 2050 1245 2090 causam
1284 2055 1296 2089 :
1328 2051 1428 2092 nec
1456 2037 1725 2092 sermonis

136 2118 277 2176 istius
303 2119 354 2174 in
376 2137 442 2178 eo
463 2131 550 2178 est
569 2125 709 2178 ratio
730 2126 1022 2180 constituta
1043 2171 1057 2195 ,
1093 2136 1347 2182 utrumne
1370 2142 1457 2182 res
1488 2128 1559 2182 ita
1592 2127 1721 2196 sint,

137 2211 496 2284 theologorum
527 2225 583 2270 ut
610 2215 850 2272 indicant
870 2218 1093 2288 scripta,
1115 2234 1183 2274 an
1207 2220 1364 2275 aliter
1381 2235 1440 2276 se
1466 2220 1722 2287 habeant,

136 2313 184 2359 et
209 2307 369 2362 multo
395 2307 701 2366 dissociata:
739 2311 1054 2368 discrimine
1082 2331 1094 2367 :
1125 2313 1282 2370 nobis
1310 2314 1453 2370 enim
1486 2315 1616 2370 satis
1642 2322 1728 2370 est

135 2397 284 2452 rebus
308 2397 373 2454 de
400 2400 688 2470 publicatis
716 2402 893 2474 loqui,
929 2419 1104 2475 neque
1133 2420 1378 2476 quaerere
1418 2406 1543 2477 quid
1572 2407 1642 2461 sit
1669 2406 1724 2460 in

135 2504 252 2546 vero
273 2533 286 2557 ,
330 2493 422 2548 sed
469 2493 708 2551 refutare
733 2538 748 2562 ,
789 2498 1113 2555 convincere
1162 2499 1213 2554 id
1241 2541 1254 2566 ,
1289 2499 1432 2571 quod
1465 2501 1518 2555 in
1546 2501 1726 2558 medio

135 2582 351 2650 positum
399 2595 503 2651 est,
547 2595 712 2657 atque
741 2587 986 2658 opinatio
1014 2591 1268 2661 concepit
1311 2590 1572 2647 humana.
1618 2591 1728 2648 Sed

133 2672 173 2726 si
211 2673 490 2731 mendaces
533 2676 644 2742 illi,
674 2693 805 2746 vos,
838 2680 1040 2735 veritas
1079 2696 1201 2751 qua:
1243 2684 1344 2748 sit,
1373 2684 1626 2753 exponite
1673 2692 1730 2739 et

135 2761 450 2823 irrefutabile
477 2768 685 2837 aperite
716 2779 1010 2825 secretum.
1042 2771 1110 2826 Et
1139 2773 1230 2842 qui
1259 2772 1379 2829 ﬁeri
1407 2775 1548 2843 potis
1578 2774 1724 2842 est',

133 2859 343 2914 remotis
387 2863 717 2932 magisteriis
747 2863 1092 2920 litterarum?
1125 2865 1262 2932 Quid
1285 2875 1369 2922 est
1398 2866 1543 2921 enim
1580 2866 1728 2937 quod

133 2948 228 3005 dici
253 2951 317 3007 de
343 2953 742 3010 immortalibus
769 2955 874 3011 diis
901 2957 1091 3027 possit,
1124 2958 1270 3028 quod
1311 2973 1419 3014 non
1447 2974 1513 3014 ex
1545 2958 1725 3013 homi-

132 3058 249 3098 num
276 3044 344 3104 de
371 3044 456 3101 his
477 3045 694 3116 scriptis
723 3047 792 3103 ad
816 3048 1080 3106 humanas
1101 3052 1411 3121 pervenerit
1440 3049 1726 3105 notiones?

1832 2033 2048 2097 cuntur,
2099 2035 2263 2081 erunt
2317 2040 2464 2082 vera.
2523 2024 2643 2094 Quo
2687 2035 3007 2097 argumento
3035 2067 3051 2094 ,
3092 2041 3200 2098 quo
3247 2027 3441 2099 signo?

1834 2119 1967 2174 Cum
1995 2118 2140 2174 enim
2170 2117 2424 2174 homines
2457 2117 2695 2190 utrique,
2730 2127 2784 2175 et
2808 2119 2898 2190 qui
2922 2118 3061 2187 haec,
3091 2127 3148 2174 et
3178 2119 3266 2175 illa
3289 2135 3447 2183 com-

1835 2214 2056 2269 mentati
2083 2223 2232 2280 sunt,
2271 2213 2492 2279 fuerint,
2527 2223 2583 2269 et
2618 2212 2686 2269 de
2709 2213 2874 2269 rebus
2922 2213 3147 2271 incertis
3185 2215 3254 2270 ab
3293 2224 3446 2270 utra-

1834 2323 1938 2376 que
1965 2307 2033 2361 sit
2081 2306 2421 2377 disputatum
2457 2315 2608 2375 parte
2640 2322 2652 2358 :
2688 2306 2995 2375 arrogantis
3035 2315 3118 2361 est
3158 2305 3361 2372 dicere,
3395 2306 3451 2361 id

1835 2400 1978 2471 quod
2026 2399 2121 2453 tibi
2176 2399 2384 2468 placeat
2429 2411 2549 2453 esse
2591 2413 2780 2454 verum
2807 2438 2820 2462 ,
2854 2397 2998 2470 quod
3039 2413 3169 2454 vero
3206 2399 3448 2455 animum

1837 2493 2011 2556 Imdit,
2044 2491 2096 2546 id
2137 2490 2383 2545 libidinis
2421 2499 2476 2544 et
2517 2489 2768 2545 falsitatis
2813 2504 3061 2560 arguere.
3095 2489 3198 2546 Per
3228 2489 3454 2548 humani

1836 2586 2052 2658 generis
2077 2585 2224 2654 jura,
2249 2593 2410 2655 atque
2433 2585 2604 2654 ipsius
2627 2583 2974 2640 mortalitatis
3001 2586 3298 2653 consortia,
3326 2601 3455 2642 cum

1837 2678 2035 2732 auditis
2063 2687 2114 2732 et
2167 2677 2347 2748 legitis
2374 2695 2384 2728 :
2413 2676 2491 2730 Ex
2523 2677 2619 2732 illo
2640 2718 2656 2744 ,
2685 2686 2848 2746 atque
2877 2692 2942 2731 ex
2973 2676 3061 2732 illa
3107 2688 3280 2734 matre
3307 2678 3455 2735 Deus

1839 2770 1934 2824 ille
1961 2780 2046 2824 est
2070 2769 2318 2840 proditus
2350 2786 2362 2822 :
2396 2784 2577 2824 nonne
2626 2768 2792 2822 animi
2825 2769 2991 2823 vestri
3043 2784 3238 2826 sensus
3283 2772 3459 2842 tangit

1837 2861 2133 2918 humanum
2163 2862 2706 2934 nescio'quiddici,et
2730 2877 2792 2918 ex
2821 2862 3022 2918 terreni
3044 2866 3259 2933 generis
3276 2865 3460 2925 Immi-

1835 2955 1989 3010 litate
2024 2955 2414 3025 proﬁciscens?
2437 2965 2530 3009 aut
2559 2970 2679 3009 cum
2711 2969 2835 3010 esse
2861 2954 3200 3011 arbitramini
3229 2972 3325 3013 vos
3355 2957 3454 3028 ita,

1835 3047 2255 3103 sollicitudinem
2298 3048 2585 3117 concipitis
2639 3046 2873 3112 nullam,
2905 3061 2974 3102 ne
3016 3046 3331 3104 offensionis
3353 3050 3456 3105 ali-

132 3135 230 3194 Aut
256 3137 548 3208 quidquam
597 3154 693 3196 vos
723 3140 827 3211 ipsi
857 3140 926 3198 de
971 3139 1187 3198 illorum
1238 3142 1432 3198 ritibus
1464 3142 1726 3214 potestis,
1757 3130 1803 3193 C
1837 3139 1966 3211 quid
1999 3140 2140 3211 apud
2171 3139 2343 3211 ipsos,
2375 3138 2703 3210 quicumque
2733 3145 2879 3205 sunt,
2909 3137 3247 3198 contrahatis
3273 3139 3451 3200 deos:

1371 3256 1755 3317 LECTIONES
1782 3256 2195 3316 VARIANTES.

185 3347 211 3378 ⁸
247 3349 327 3399 Ita
342 3362 434 3401 ms.
457 3349 587 3402 Pote
611 3356 689 3401 est

1470 3434 2036 3494 COMMENTARIUS.

129 3527 364 3595 copulam
386 3528 643 3584 omittere
659 3528 916 3585 amantis.
935 3527 1078 3585 Nihil
1101 3536 1280 3585 tamen
1299 3537 1512 3586 mutare
1535 3531 1733 3587 ausim.

129 3594 298 3670 Yerba
326 3599 693 3670 praecedentia
726 3600 790 3654 de
815 3602 934 3656 aliis
959 3601 1194 3656 omnibus
1223 3600 1368 3658 idem
1390 3601 1735 3658 Stewecbius

128 3667 369 3726 immutat
394 3689 408 3724 :
437 3673 502 3726 de
531 3672 650 3726 aliis
680 3671 992 3727 numinibus.
1018 3673 1224 3729 Osann.

194 3740 515 3827 llimietatis.
546 3742 683 3827 γωδ
709 3758 871 3827 supra
901 3743 1237 3827 adocap._I70_.
1269 3744 1473 3827 Osann.

194 3811 420 3884 Dignum
445 3815 576 3898 tanti
599 3811 820 3897 nominis
843 3811 1102 3898 opinione.
1120 3814 1191 3871 Et
1212 3815 1316 3872 hoc
1336 3817 1458 3872 loco
1470 3815 1734 3872 Meursius

126 3899 380 3953 reponere
397 3885 513 3940 vult
542 3903 554 3938 :
590 3886 720 3939 tanti
749 3885 995 3941 numinis.
1016 3885 1223 3944 Osann.

168 3953 385 4029 ‘XVIII.
417 3986 496 4029 ‘—
524 3955 594 4011 Ut
649 3956 815 4029 uisum
858 3967 933 4011 est
966 3967 1116 4028 atque
1180 3959 1329 4013 sedit.
1380 3958 1574 4015 Sedere
1634 3975 1734 4029 pro

126 4025 349 4153 :Iaﬁrse,
404 4027 572 4084 ﬁxum
619 4025 1059 4100 obstinatumque
1088 4044 1230 4086 esse.
1264 4029 1521 4100 Virgilius
1565 4025 1731 4102 am,

210 4191 364 4258 quue
393 4195 479 4258 pio
495 4194 642 4245 sedet
661 4193 866 4258 lEneai;
900 4195 1075 4260 probat
1095 4202 1265 4247 auctor
1283 4195 1511 4248 Acestes.

125 4284 176 4332 et
201 4293 295 4346 vn,
320 4293 446 4334 vers
472 4278 576 4335 611
604 4297 619 4334 :
1133 4363 1139 4368 1

212 4369 309 4424 Ubi
333 4377 478 4426 certa
499 4371 648 4423 sedet
670 4375 893 4437 patribus
909 4377 1162 4426 sententia
1181 4387 1377 4440 pugna.

124 4455 340 4530 Florus,
392 4458 492 4512 lib.
546 4474 606 4526 tt,
638 4473 758 4530 cap.
790 4459 879 4526 15,
913 4458 942 4530 ς
974 4461 1006 4514 4
1036 4478 1050 4514 :
1079 4460 1208 4514 Cum
1257 4459 1447 4530 bellum
1499 4460 1730 4530 sederet,

123 4527 182 4598 de
205 4527 318 4584 belli
345 4530 452 4598 [ine
483 4527 756 4584 tractatum
781 4541 872 4586 est.
909 4527 1012 4587 Ubi
1040 4532 1164 4586 vide
1197 4528 1396 4586 Duker.
1431 4540 1485 4586 et
1511 4529 1734 4585 Freins-

1839 3530 2138 3586 martalium
2158 3571 2172 3594 ,
2206 3527 2410 3582 nullum
2443 3541 2494 3581 es
2510 3541 2550 3578 .e
2590 3525 2654 3580 de
2690 3525 2788 3580 diis
2818 3525 3120 3596 quidquam.
3153 3527 3310 3586 Unde
3338 3532 3452 3589 Ge.

1840 3603 2016 3658 lenius
2060 3600 2280 3657 reﬁnxit
2307 3619 2318 3653 :
2346 3596 2634 3652 meminisse
2655 3596 2718 3650 de
2737 3596 2836 3649 diis
2855 3598 3158 3668 quidquam.
3185 3599 3452 3663 Heraldus

1839 3674 2050 3750 mavult
2083 3691 2096 3728 :
2126 3672 2393 3750 intimasse
2422 3670 2484 3750 de
2501 3668 2601 3722 diis
2627 3668 2906 3750 quidquam
2925 3709 2940 3732 ,
2971 3670 3023 3723 id
3041 3681 3452 3750 θέιφανερῷσαι.

1837 3748 2107 3823 γνωρίσας.
2150 3743 2256 3798 Sed
2311 3742 2540 3823 praefero
2585 3740 3026 3823 emendationem
3057 3740 3313 3823 Salinasii
3362 3740 3455 3823 ob

1839 3811 2120 3887 sequentia
2150 3833 2162 3870 :
2192 3829 2318 3887 quos
2343 3814 2398 3865 in
2437 3811 2622 3865 animis
2645 3811 2824 3866 vestris
2845 3812 3041 3867 nullius
3066 3815 3247 3884 scripti
3287 3817 3457 3886 infor-

1841 3885 2052 3943 maverit
2077 3889 2234 3942 notio.
2275 3885 2479 3939 Osann.

1915 3958 2060 4015 XIX.
2105 3989 2176 3999 -—
2205 3956 2454 4011 Homines
2504 3955 2720 4023 utrique.
2769 3953 2844 4009 Ita
2898 3953 3166 4012 Meursius
3191 3967 3247 4013 et
3275 3958 3456 4018 editor

1842 4032 2015 4104 Lugd.
2051 4032 2168 4104 But.
2203 4028 2459 4104 Gelenius
2490 4044 2502 4079 ε
2533 4027 2789 4104 utrinque.
2821 4025 3028 4104 Osann.

1914 4094 1983 4157 Td
2011 4101 2240 4157 libidinis
2260 4110 2306 4152 et
2330 4097 2572 4169 falsitatis
2592 4094 2824 4169 arguere.
2850 4094 3179 4169 Rescribunt
3199 4103 3451 4159 nonnulli

1839 4175 1859 4247 (
1887 4185 1944 4229 ut
1972 4169 2270 4247 Meursius)
2301 4166 2639 4247 {libidinose
2673 4166 3257 4247 ιίαιῆἰιαιὶεηίψοιηοᾱο
3286 4187 3453 4244 supra

1839 4237 1974 4301 dixit
2001 4237 2327 4299 libidinosam
2361 4240 2638 4309 ﬁctionem.
2672 4237 2862 4309 Nolim,
2897 4239 3189 4309 quidquam
3242 4237 3449 4304 temere

1840 4326 2068 4372 mutare.
2099 4308 2382 4387 Siciigitur
2408 4309 2674 4387 signiﬁcat
2701 4308 2975 4387 {Arnobius
3002 4308 3295 4379 ﬁctionem,
3326 4333 3450 4387 quae

1838 4403 1866 4441 a
1889 4398 2168 4457 poetarum
2198 4379 2420 4457 libidine
2441 4391 2496 4435 et
2517 4380 2754 4457 lubentia
2780 4379 3023 4450 profecta
3045 4392 3128 4457 est
3143 4401 3166 4457 A:
3191 4387 3314 4454 quia
3342 4379 3449 4444 sci-

1839 4451 1965 4514 licet
2011 4459 2220 4513 libitum
2248 4455 2312 4509 iis
2340 4463 2512 4528 estea
2550 4451 2756 4528 ﬁngere
2794 4459 2846 4505 et
2896 4451 3269 4528 coni_tuitiisci,
3321 4474 3446 4528 qum

1875 4540 2027 4586 ostea
2052 4530 2314 4583 miserunt
2341 4526 2396 4579 in
2422 4521 2648 4578 litteras;
2683 4521 3447 4589 HERALH.—EllllellIlOl‘inus

123 4597 259 4675 hem.
288 4594 366 4675 jn
397 4672 407 4675 Α
435 4600 648 4675 Indice_
669 4612 935 4675 nostrum
959 4617 1178 4673 quoque
1217 4602 1417 4675 locum,
1446 4602 1725 4675 citantem.
1757 4613 1814 4675 Ῑ)
1837 4594 1948 4675 leg:
1975 4608 2162 4675 censet
2188 4615 2202 4651 :
2235 4597 2503 4675 libidinose
2525 4594 2766 4675 falsitatis
2793 4610 3024 4675 arguere.
3054 4594 3258 4654 Osann.

123 4667 651 4737 Conf.Perizon.,ad
666 4667 1116 4730 Sanctiillinerv'.
1137 4689 1212 4740 tv,
1232 4673 1356 4736 αι,
1399 4673 1524 4737 tu,
1555 4685 1609 4727 et
1627 4672 1723 4730 Sa-

124 4754 328 4815 varon.,
355 4744 424 4799 ad
445 4741 662 4810 Sidon.,
683 4743 776 4800 lib.
802 4760 875 4810 iv,
900 4745 1061 4814 epist.
1086 4746 1174 4810 15,
1194 4745 1458 4815 pag.276.
1493 4744 1696 4799 Osann.

188 4811 546 4870 Libidinosam
591 4817 863 4870 extulerint
890 4811 1289 4884 ﬁctionem..—Ita
1316 4817 1585 4872 editiones
1611 4831 1728 4870 0m-

124 4899 231 4940 nes.
260 4884 399 4942 Cod.
419 4901 528 4942 ms.
551 4885 733 4943 habet:
752 4887 1027 4942 libidinosa
1040 4888 1312 4942 extulerint
1329 4887 1558 4955 ﬁctione.
1579 4888 1724 4956 quod

123 4969 236 5029 cum
255 4956 573 5014 Stewecbio
597 4959 924 5028 praetulerim
967 4959 1188 5015 lectioni
1234 4960 1483 5028 vulgatae.
1514 4959 1720 5029 Osann.

187 5027 336 5094 Quod
359 5031 413 5083 in
442 5027 613 5101 medio
640 5029 978 5101 positumiest.
1003 5030 1061 5084 Id
1089 5039 1199 5095 est,
1226 5027 1369 5101 quod
1395 5027 1724 5101 publicatum

124 5107 228 5168 est,
260 5107 318 5155 ut
351 5100 681 5171 loquebatur
694 5100 856 5156 modo
870 5100 1153 5157 Lucretius
1173 5143 1188 5168 ,
1211 5099 1519 5168 lib.v,vers
1543 5099 1720 5156 “59:

237 5215 300 5267 Et
322 5215 499 5269 Celata
521 5216 604 5268 diu
623 5218 674 5267 in
695 5217 912 5268 medium
931 5224 1134 5281 peccata
1157 5216 1376 5267 dedisse.

124 5317 208 5394 Sic
259 5321 461 5378 Graeci.
524 5320 831 5394 Heraclitus
891 5337 981 5394 ap.
1042 5322 1388 5377 Plutarchum
1453 5321 1648 5378 alicubi
1707 5341 1720 5377 :

121 5393 324 5486 ἐμαθίην
351 5396 599 5486 κρύπέςιν
761 5392 993 5486 ἔμπειρθῇε
1017 5395 1120 5450 ἀλλ’
1146 5397 1217 5486 εἰς
1243 5397 1396 5484 μέοῖον
1418 5396 1602 5486 nisum
1645 5398 1726 5450 καὶ

123 5463 451 5544 Θιρσςξςεῡςᾲι.
492 5463 584 5521 Sic
626 5468 696 5527 sic
739 5463 896 5540 μέσον
938 5469 1135 5544 φέρειν,
1164 5463 1253 5528 εἰς’
1283 5469 1435 5541 μέσαν
1473 5467 1627 5522 ﬂium
1671 5475 1726 5522 et

122 5534 342 5592 stinilia.
363 5536 614 5593 Hssann.

190 5605 273 5662 Ea:
299 5610 571 5662 hominum
614 5609 677 5663 de
721 5609 801 5664 Itis
839 5610 1062 5679 scriptis.
1121 5609 1196 5664 Ita
1238 5609 1552 5666 Salmasius.
1586 5608 1720 5663 Cod.

125 5691 220 5751 ms.
254 5696 317 5735 ea;
345 5679 614 5734 hominum
639 5681 926 5751 descriptis.
973 5680 1128 5735 Fulv.
1165 5681 1393 5738 Ursinus
1419 5699 1432 5735 :
1459 5681 1724 5734 hominum

125 5747 418 5823 descriptis,
437 5751 642 5823 omisso
659 5769 723 5807 ea:
745 5747 890 5823 quod
914 5753 1107 5823 probat
1127 5752 1488 5808 SteWechius.
1516 5751 1722 5807 Osann.

193 5820 410 5878 Nullum
433 5822 713 5894 aliquando
738 5820 1035 5878 mortalium
1063 5827 1328 5894 scripsisse
1347 5825 1410 5878 de
1444 5823 1554 5879 Diis
1575 5823 1726 5894 quid-

125 5908 290 5960 quam.
323 5893 542 5968 Etbznc
566 5905 649 5968 est
673 5895 898 5968 editoris
916 5895 1089 5968 Lugd.
1124 5893 1242 5952 Bat.
1273 5898 1559 5952 correctio.
1584 5893 1722 5968 Cod.

126 5978 221 6023 ms.
249 5977 304 6025 et
327 5965 503 6028 editio
531 5966 784 6042 princeps
803 5964 1155 6029 vitiosissime
1182 5987 1194 6026 :
1220 5968 1421 6026 nullum
1441 5964 1724 6042 aliquando

1910 4665 2016 4729 per
2057 4670 2269 4737 humani
2321 4667 2518 4739 generis
2549 4667 2677 4739 jura
2712 4673 2864 4730 atque
2898 4665 3068 4739 ipsius
3117 4670 3446 4728 mortalitatis

1830 4745 2105 4802 consortia.
2140 4735 2454 4797 Obtest'andi
2487 4752 2582 4790 seu
2609 4735 2930 4791 obsecrandi
2949 4736 3040 4791 hic
3063 4739 3256 4796 modus
3284 4744 3447 4801 valde

1829 4819 2052 4888 elegans
2084 4833 2096 4867 :
2128 4815 2337 4888 integer
2363 4807 2580 4878 quidem
2609 4807 2918 4888 rhocnlocu,
2949 4808 3086 4888 alias
3117 4818 3442 4888 tamennon

1831 4877 1998 4944 senicl
2026 4877 2420 4954 interpolatus.
2452 4889 2510 4955 ut
2535 4877 2748 4955 ostendi
2777 4877 2830 4932 in
2863 4877 3268 4955 Qumstionibus
3289 4884 3440 4955 Αρη-

1831 4961 2042 5015 leianis.
2073 4949 2816 5012 S'rswscs.--Luculentum
2840 4949 3148 5019 exemplum
3174 4949 3440 5016 habemus

1828 5031 1970 5102 apud
2004 5028 2290 5102 Apuleium
2317 5025 2468 5090 Met.,
2500 5021 2708 5102 lih.iv1,
2742 5021 2858 5102 init.
2897 5019 3001 5073 Per
3041 5037 3132 5087 ego
3176 5035 3224 5102 te
3264 5030 3438 5102 frugi-

1829 5093 1990 5174 {erant
2049 5093 2213 5174 tuam
2239 5100 2498 5174 dexteram
2552 5093 2705 5174 istam
2768 5093 3038 5173 deprecor,
3079 5109 3169 5161 per
3204 5093 3438 5165 [mli/ica;

1829 5163 2067 5229 inessium
2095 5169 2436 5230 caerimonias,
2467 5181 2556 5234 per
2587 5163 2744 5240 tacita
2772 5175 2964 5218 secreta
2990 5163 3254 5240 cistarum,
3279 5163 3327 5223 et
3347 5188 3442 5240 per

1829 5246 2140 5318 famulorum
2158 5253 2358 5318 tu_orun_t
2375 5239 2654 5318 draconum
2674 5235 3172 5318 pinnata-curricula,
3192 5247 3293 5318 εις,
3307 5235 3437 5318 idle.

1829 5306 2136 5371 miseranda:
2191 5310 2415 5384 Psyches
2460 5307 2691 5384 quitum,
2739 5306 2991 5384 supplicis
3046 5316 3145 5360 tute
3198 5306 3435 5384 subsiste.

1829 5389 1934 5445 Ubi
1966 5389 2088 5442 vide
2109 5376 2291 5456 ἱηιιιρξ
2317 5398 2434 5452 pag.
2468 5378 2596 5444 585,
2627 5376 2718 5433 ed.
2747 5376 3099 5449 Oudendorp.
3129 5389 3182 5434 et
3212 5381 3438 5440 Elmen-

1830 5459 2001 5516 horst.
2036 5461 2088 5514 in
2117 5454 2238 5513 Ind.
2260 5454 2464 5511 Osann.

1902 5533 2001 5585 Aut
2050 5548 2164 5584 cum
2218 5544 2324 5582 esse
2369 5521 2690 5580 arbitramini
2743 5537 2831 5576 vos
2875 5521 2968 5575 ita.
3020 5519 3172 5577 Fulv.
3210 5522 3439 5583 Ursinus

1829 5604 2033 5660 mavult
2061 5606 2164 5656 eos.
2198 5599 2306 5656 Sed
2335 5598 2408 5652 nil
2433 5593 2770 5650 mutandum.
2793 5591 2934 5664 Esse
2955 5609 3041 5646 vos
3063 5594 3166 5658 ita,
3203 5594 3305 5650 hoc
3328 5609 3431 5664 est,

1832 5675 2086 5747 profectos
2108 5689 2170 5726 ea:
2197 5671 2377 5747 terreni
2402 5665 2597 5747 generis
2638 5661 2943 5747 humilitate.
2970 5667 3172 5720 Osann.
3194 5696 3265 5706 —
3283 5661 3434 5747 Am“;

1830 5735 1954 5802 irari
1988 5746 2316 5801 collocatum
2343 5735 2445 5794 ho'c
2473 5739 2594 5792 loco
2620 5753 2715 5806 pro
2733 5735 2980 5804 judicure
3010 5754 3022 5788 :
3055 5752 3156 5806 qua
3209 5746 3431 5795 notione

1830 5819 1882 5875 id
1912 5819 2160 5874 crebrum
2192 5817 2244 5870 in
2274 5812 2490 5883 scriptis
2509 5807 2744 5883 Apuleii
2781 5817 2836 5883 et
2882 5807 3079 5861 Plauti.
3129 5808 3428 5883 Srswacu.

1904 5890 1986 5945 Ne
2023 5887 2321 5955 offensionis
2359 5879 2555 5951 aliquid
2583 5879 2745 5955 apud
2783 5879 2922 5955 ipsos
2948 5880 3262 5955 contra/tatis
3285 5883 3431 5937 deos.

1829 5962 1948 6021 Lib.
1973 5978 2031 6018 v:
2056 5951 2184 6016 Cum
2204 5973 2361 6016 unam
2391 5953 2692 6011 contrahere
2711 5951 2921 6024 possetis
2938 5955 3164 6022 culpam.
3186 5951 3432 6014 Eunus.
