3990 6060
1449 326 2070 416 ELENCHUS
2146 333 2579 421 RERUM

886 695 1120 782 QUIE
1179 693 1301 769 IN
1363 695 1593 770 HOC
1648 695 2212 774 VOLUMINE
2269 701 3121 784 CONTINENTUB.

354 1543 719 1602 DODWELLI
747 1543 1167 1602 Dissertationes
1200 1544 1538 1617 Cyprianicae
1568 1550 1696 1598 tres.
2064 1539 2142 1597 De
2167 1540 2388 1598 decreto
2411 1542 2570 1601 unico
2600 1543 2744 1616 quod
2769 1541 2932 1602 CAIO
2972 1545 3318 1616 adscribitur,
3343 1545 3488 1604 circa
3515 1547 3665 1606 ordi-

360 1639 545 1694 SIXTI
574 1654 726 1710 papae
752 1637 797 1692 ll
816 1638 1076 1709 Epistolas
1105 1637 1285 1694 dubiae
1305 1653 1428 1693 cum
1452 1633 1699 1707 Dionysii
1725 1633 1960 1688 Alcxan-
2205 1634 2435 1692 nandos.

498 1731 638 1786 drini
660 1729 1024 1800 Fragmentis.
2063 1724 2200 1781 CAII
2231 1742 2380 1796 papae
2407 1727 2648 1799 Epistola
2675 1727 2742 1785 ad
2762 1728 3000 1786 Felicem
3024 1731 3361 1802 episcopum.

358 1825 538 1882 Sancti
586 1823 886 1880 DIONYSII
915 1824 1126 1881 romani
1165 1823 1433 1895 pontiﬁcis
1473 1823 1738 1879 adversus
1764 1821 1958 1886 Sobel:
2064 1819 2492 1880 COMMODIANI
2521 1821 2904 1879 lnstructiones
2927 1822 3186 1881 adversus
3232 1823 3482 1881 Gentium
3531 1824 3664 1883 deos

501 1917 672 1972 lianos
702 1917 1104 1987 Fragmentum.
2204 1928 2301 1984 pro
2343 1913 2638 1971 christiana
2664 1913 2949 1986 disciplina
2981 1932 2993 1968 :
3026 1931 3124 1985 per
3153 1915 3362 1973 litteras
3406 1931 3663 1974 versuum

357 2009 652 2066 DIONYSII
690 2009 1161 2066 ALEXANDRINI
1189 2009 1425 2081 episcopi
1453 2008 1519 2064 ad
1539 2008 1850 2079 Dionysium
1873 2022 1960 2063 ro-
2204 2008 2426 2076 primas.

507 2118 724 2157 manum
756 2103 1101 2173 Fragmenta.
2065 2099 2343 2157 ANTONII
2381 2100 2614 2159 Carmen
2640 2103 2903 2161 adversus
2929 2113 3143 2176 gentes.

437 2194 737 2252 Concilium
762 2211 1042 2251 romanum
1073 2197 1125 2251 in
1154 2211 1314 2252 causa
1346 2197 1585 2268 Dionysii
1610 2196 1963 2266 Alexandrini
2063 2192 2247 2269 Sancti
2290 2192 2639 2266 VICTORINI
2679 2195 2951 2268 martyris,
2972 2195 3376 2267 petavionensis
3403 2197 3661 2271 episcopi,

500 2287 568 2343 de
601 2288 1012 2344 Sabellianismo
1043 2290 1276 2344 accusati
1308 2291 1546 2345 habitum
1571 2306 1713 2345 anno
1742 2306 1957 2358 CCLXIII,
2207 2285 2592 2358 Fragmentum
2623 2289 2694 2344 de
2725 2289 2948 2345 Fabrica
2987 2288 3197 2345 mundi.

506 2390 749 2451 tempore
772 2382 1013 2452 Dionysii
1041 2397 1214 2451 papae.
2064 2379 2246 2436 Sancti
2311 2379 2652 2435 VICTORINI
2714 2380 2933 2437 Scholia
2990 2381 3043 2436 in
3095 2380 3456 2454 Apocalypsin
3520 2380 3664 2438 beati

355 2473 538 2530 Sancti
568 2473 835 2529 FELlClS
867 2489 1014 2543 papa:
1044 2474 1304 2544 Epistoltc
1334 2475 1514 2531 dubia:
1543 2487 1793 2548 quatuor.
2205 2471 2452 2527 Joannis.

357 2568 434 2622 De
463 2575 651 2623 sancto
681 2565 1125 2623 EUTYCHIANO
1154 2583 1308 2639 papa:
1335 2569 1569 2625 decretis
1599 2570 1900 2636 adscriptis.
2063 2564 2415 2622 MAGNETIS
2457 2565 2864 2638 Fragmentum.

355 2659 412 2714 S.
443 2657 871 2716 EUTYCHIANI
898 2674 1047 2734 papae
1075 2659 1392 2716 Exhortatio
1421 2661 1488 2717 ad
1520 2663 1864 2740 presbyteros
1893 2677 1962 2722 ex
2064 2658 2341 2726 ARNOBII
2389 2660 2501 2728 Afri.
2535 2660 2962 2734 Disputatiqnum
3005 2660 3264 2734 adversus
3307 2668 3497 2746 gentes
3538 2659 3664 2722 libri

496 2755 717 2824 antiquo
743 2753 928 2810 codice
955 2754 1234 2809 Vaticano.
2205 2764 2434 2825 septem.

355 2845 414 2903 S.
444 2844 871 2903 EU'I‘YCHIANI
898 2861 1050 2925 papas
1076 2845 1319 2920 Epistola
1342 2857 1397 2912 et
1423 2846 1643 2908 deﬂeta
1666 2848 1847 2922 dubia.
2135 2845 2477 2928 Appendices
2501 2854 2558 2918 et
2583 2845 2789 2922 iudices
2814 2845 2886 2924 ad
2905 2846 3130 2923 Ambii
3152 2845 3323 2922 libros
3351 2855 3583 2919 septem.

1994 5573 2303 5653 Succursalc,
2327 5573 2388 5641 au
2411 5588 3328 5653 Petit:Montrouge,Wde_l‘imprimerie
3349 5587 3414 5640 de
3431 5587 3593 5650 Sirou,

2420 5665 2512 5705 rue
2534 5652 2625 5704 des
2649 5650 2857 5717 Noyers,
2877 5652 2957 5718 57,
2978 5651 3007 5702 Ἀ
3027 5650 3184 5702 Paris.
