  <div class='ocr_page' id='page_1' title='image "/cluster/home/n/w/nwhite01/storage/ocr_20150623/5/hvd.32044073505083/010.png"; bbox 0 0 3990 6060; ppageno 0'>
   <div class='ocr_carea' id='block_1_1' title="bbox 241 256 463 315">
    <p class='ocr_par' dir='ltr' id='par_1_1' title="bbox 241 262 463 315">
     <span class='ocr_line' id='line_1_1' title="bbox 241 262 463 315; baseline -0.005 0"><span class='ocrx_word' id='word_1_1' title='bbox 241 262 463 315; x_wconf 45' lang='grc' dir='ltr'><strong>ξ</strong></span> 
     </span>
    </p>
   </div>
   <div class='ocr_carea' id='block_1_2' title="bbox 461 261 662 274">
    <p class='ocr_par' dir='ltr' id='par_1_2' title="bbox 461 261 662 274">
     <span class='ocr_line' id='line_1_2' title="bbox 461 261 662 274; baseline 0 0"><span class='ocrx_word' id='word_1_2' title='bbox 461 261 662 274; x_wconf 50' lang='lat' dir='ltr'>ﬂ</span> 
     </span>
    </p>
   </div>
   <div class='ocr_carea' id='block_1_3' title="bbox 463 298 3184 605">
    <p class='ocr_par' dir='ltr' id='par_1_3' title="bbox 463 298 3184 605">
     <span class='ocr_line' id='line_1_3' title="bbox 463 298 3184 605; baseline 0 -16"><span class='ocrx_word' id='word_1_3' title='bbox 463 298 2314 590; x_wconf 54' lang='grc' dir='ltr'><strong><em>-ὖίξξὲᾗΑΤΙΟ</em></strong></span> <span class='ocrx_word' id='word_1_4' title='bbox 2408 423 3184 605; x_wconf 80' lang='lat' dir='ltr'><strong>PRIMA</strong></span> 
     </span>
    </p>
   </div>
   <div class='ocr_carea' id='block_1_4' title="bbox 883 754 2968 908">
    <p class='ocr_par' dir='ltr' id='par_1_4' title="bbox 883 754 2968 908">
     <span class='ocr_line' id='line_1_4' title="bbox 883 754 2968 908; baseline -0.001 -2"><span class='ocrx_word' id='word_1_5' title='bbox 883 760 1163 906; x_wconf 80' lang='lat' dir='ltr'><strong><em>AD</em></strong></span> <span class='ocrx_word' id='word_1_6' title='bbox 1236 754 1956 908; x_wconf 86' lang='lat' dir='ltr'><strong><em>SANCTI</em></strong></span> <span class='ocrx_word' id='word_1_7' title='bbox 2000 755 2892 908; x_wconf 83' lang='lat' dir='ltr'><strong><em>CYPRIAN</em></strong></span> <span class='ocrx_word' id='word_1_8' title='bbox 2901 764 2968 904; x_wconf 94' lang='grc' dir='ltr'>Ι</span> 
     </span>
    </p>
   </div>
   <div class='ocr_carea' id='block_1_5' title="bbox 1268 1034 2532 1219">
    <p class='ocr_par' dir='ltr' id='par_1_5' title="bbox 1268 1034 2532 1219">
     <span class='ocr_line' id='line_1_5' title="bbox 1268 1034 2532 1219; baseline -0.002 -28"><span class='ocrx_word' id='word_1_9' title='bbox 1268 1036 1921 1195; x_wconf 78' lang='lat' dir='ltr'><strong><em>EPISTllLAM</em></strong></span> <span class='ocrx_word' id='word_1_10' title='bbox 1956 1034 2493 1193; x_wconf 55' lang='lat' dir='ltr'><strong><em>001%th</em></strong></span> <span class='ocrx_word' id='word_1_11' title='bbox 2505 1145 2532 1219; x_wconf 92' lang='lat'><strong><em>,</em></strong></span> 
     </span>
    </p>
   </div>
   <div class='ocr_carea' id='block_1_6' title="bbox 1524 1291 2318 1363">
    <p class='ocr_par' dir='ltr' id='par_1_6' title="bbox 1524 1291 2318 1363">
     <span class='ocr_line' id='line_1_6' title="bbox 1524 1291 2318 1363; baseline -0.004 -13"><span class='ocrx_word' id='word_1_12' title='bbox 1524 1291 1855 1351; x_wconf 82' lang='lat' dir='ltr'><strong><em>AUCTORE</em></strong></span> <span class='ocrx_word' id='word_1_13' title='bbox 1900 1292 1986 1348; x_wconf 79' lang='grc' dir='ltr'>ΒΟ</span> <span class='ocrx_word' id='word_1_14' title='bbox 1995 1291 2290 1363; x_wconf 61' lang='lat' dir='ltr'><strong><em>DWEILO</em></strong></span> <span class='ocrx_word' id='word_1_15' title='bbox 2304 1334 2318 1358; x_wconf 93' lang='lat'><strong><em>,</em></strong></span> 
     </span>
    </p>
   </div>
   <div class='ocr_carea' id='block_1_7' title="bbox 256 1454 3581 1538">
    <p class='ocr_par' dir='ltr' id='par_1_7' title="bbox 256 1454 3581 1538">
     <span class='ocr_line' id='line_1_7' title="bbox 256 1454 3581 1538; baseline -0 -12"><span class='ocrx_word' id='word_1_16' title='bbox 256 1463 373 1527; x_wconf 86' lang='lat' dir='ltr'><strong>DE</strong></span> <span class='ocrx_word' id='word_1_17' title='bbox 424 1459 885 1537; x_wconf 83' lang='lat' dir='ltr'><strong><em>VISIONIBUS,</em></strong></span> <span class='ocrx_word' id='word_1_18' title='bbox 931 1458 1197 1534; x_wconf 87' lang='lat' dir='ltr'><strong><em>UTQUE</em></strong></span> <span class='ocrx_word' id='word_1_19' title='bbox 1240 1454 1632 1520; x_wconf 84' lang='lat' dir='ltr'><strong><em>VISIONUM</em></strong></span> <span class='ocrx_word' id='word_1_20' title='bbox 1680 1455 2007 1519; x_wconf 84' lang='lat' dir='ltr'><strong>SUARUM</strong></span> <span class='ocrx_word' id='word_1_21' title='bbox 2039 1455 2294 1517; x_wconf 85' lang='lat' dir='ltr'><strong>FIDEM</strong></span> <span class='ocrx_word' id='word_1_22' title='bbox 2341 1454 2969 1519; x_wconf 82' lang='lat' dir='ltr'><strong><em>COMPROBARINT</em></strong></span> <span class='ocrx_word' id='word_1_23' title='bbox 3014 1458 3403 1538; x_wconf 83' lang='lat' dir='ltr'><strong><em>VETERES,</em></strong></span> <span class='ocrx_word' id='word_1_24' title='bbox 3437 1479 3581 1527; x_wconf 69' lang='grc' dir='ltr'><strong><em>κτα.</em></strong></span> 
     </span>
    </p>
   </div>
   <div class='ocr_carea' id='block_1_8' title="bbox 1884 1628 1977 1671">
    <p class='ocr_par' dir='ltr' id='par_1_8' title="bbox 1884 1628 1977 1671">
     <span class='ocr_line' id='line_1_8' title="bbox 1884 1628 1977 1671; baseline 0 0"><span class='ocrx_word' id='word_1_25' title='bbox 1884 1628 1977 1671; x_wconf 68' lang='grc' dir='ltr'><strong><em>οε</em></strong></span> 
     </span>
    </p>
   </div>
   <div class='ocr_carea' id='block_1_9' title="bbox 872 1634 1863 1678">
    <p class='ocr_par' dir='ltr' id='par_1_9' title="bbox 872 1634 1863 1678">
     <span class='ocr_line' id='line_1_9' title="bbox 872 1634 1863 1678; baseline 0.009 -8"><span class='ocrx_word' id='word_1_26' title='bbox 872 1634 1863 1678; x_wconf 55' lang='lat' dir='ltr'><strong><em>————————-G</em></strong></span> 
     </span>
    </p>
   </div>
   <div class='ocr_carea' id='block_1_10' title="bbox 1943 1630 2695 1674">
    <p class='ocr_par' dir='ltr' id='par_1_10' title="bbox 1943 1630 2695 1674">
     <span class='ocr_line' id='line_1_10' title="bbox 1943 1630 2695 1674; baseline 0.004 -1"><span class='ocrx_word' id='word_1_27' title='bbox 1943 1630 2695 1674; x_wconf 47' lang='grc' dir='ltr'><strong><em>ψ-</em></strong></span> 
     </span>
    </p>
   </div>
   <div class='ocr_carea' id='block_1_11' title="bbox 2699 1649 2955 1664">
    <p class='ocr_par' dir='ltr' id='par_1_11' title="bbox 2699 1649 2955 1664">
     <span class='ocr_line' id='line_1_11' title="bbox 2699 1649 2955 1664; baseline 0.008 -2"><span class='ocrx_word' id='word_1_28' title='bbox 2699 1649 2955 1664; x_wconf 48' lang='grc' dir='ltr'><strong><em>*α</em></strong></span> 
     </span>
    </p>
   </div>
   <div class='ocr_carea' id='block_1_12' title="bbox 261 1808 3579 1889">
    <p class='ocr_par' dir='ltr' id='par_1_12' title="bbox 261 1808 3579 1889">
     <span class='ocr_line' id='line_1_12' title="bbox 261 1808 3579 1889; baseline 0 -23"><span class='ocrx_word' id='word_1_29' title='bbox 261 1814 294 1889; x_wconf 79' lang='lat'><strong>§</strong></span> <span class='ocrx_word' id='word_1_30' title='bbox 327 1815 386 1871; x_wconf 75' lang='grc'><strong><em>1.</em></strong></span> <span class='ocrx_word' id='word_1_31' title='bbox 431 1813 782 1870; x_wconf 72' lang='lat' dir='ltr'><strong><em>Permansisse</em></strong></span> <span class='ocrx_word' id='word_1_32' title='bbox 817 1815 1038 1870; x_wconf 78' lang='lat' dir='ltr'><strong><em>visiones</em></strong></span> <span class='ocrx_word' id='word_1_33' title='bbox 1058 1827 1104 1871; x_wconf 88' lang='lat' dir='ltr'><strong><em>et</em></strong></span> <span class='ocrx_word' id='word_1_34' title='bbox 1125 1820 1263 1871; x_wconf 82' lang='lat' dir='ltr'><strong><em>dona</em></strong></span> <span class='ocrx_word' id='word_1_35' title='bbox 1285 1815 1585 1887; x_wconf 86' lang='lat' dir='ltr'><strong><em>prophetica</em></strong></span> <span class='ocrx_word' id='word_1_36' title='bbox 1615 1829 1647 1867; x_wconf 79' lang='grc' dir='ltr'><strong><em>ιι</em></strong></span> <span class='ocrx_word' id='word_1_37' title='bbox 1683 1822 1875 1883; x_wconf 86' lang='lat' dir='ltr'><strong><em>tempo-</em></strong></span> <span class='ocrx_word' id='word_1_38' title='bbox 1902 1810 1956 1871; x_wconf 77' lang='grc' dir='ltr'><strong>Α</strong></span> <span class='ocrx_word' id='word_1_39' title='bbox 2038 1816 2152 1862; x_wconf 47' lang='grc' dir='ltr'><strong><em>κιαιε</em></strong></span> <span class='ocrx_word' id='word_1_40' title='bbox 2179 1808 2524 1862; x_wconf 87' lang='lat' dir='ltr'><strong><em>commendari</em></strong></span> <span class='ocrx_word' id='word_1_41' title='bbox 2548 1823 2651 1861; x_wconf 90' lang='lat' dir='ltr'><strong><em>non</em></strong></span> <span class='ocrx_word' id='word_1_42' title='bbox 2685 1816 2902 1878; x_wconf 88' lang='lat' dir='ltr'><strong><em>poterat.</em></strong></span> <span class='ocrx_word' id='word_1_43' title='bbox 2935 1838 3002 1848; x_wconf 91' lang='lat'><strong><em>-</em></strong></span> <span class='ocrx_word' id='word_1_44' title='bbox 3031 1808 3059 1880; x_wconf 82' lang='lat'><strong>§</strong></span> <span class='ocrx_word' id='word_1_45' title='bbox 3108 1809 3194 1865; x_wconf 70' lang='grc'><strong>10.</strong></span> <span class='ocrx_word' id='word_1_46' title='bbox 3236 1808 3468 1866; x_wconf 83' lang='lat' dir='ltr'><strong><em>Visiones</em></strong></span> <span class='ocrx_word' id='word_1_47' title='bbox 3486 1812 3579 1883; x_wconf 76' lang='lat' dir='ltr'><strong><em>ju-</em></strong></span> 
     </span>
    </p>
   </div>
   <div class='ocr_carea' id='block_1_13' title="bbox 242 3653 1887 3732">
    <p class='ocr_par' dir='ltr' id='par_1_13' title="bbox 242 3653 1887 3732">
     <span class='ocr_line' id='line_1_13' title="bbox 242 3653 1887 3732; baseline 0.004 -21"><span class='ocrx_word' id='word_1_48' title='bbox 242 3722 245 3723; x_wconf 19' lang='grc' dir='ltr'><em>ν</em></span> <span class='ocrx_word' id='word_1_49' title='bbox 360 3653 590 3727; x_wconf 81' lang='lat' dir='ltr'><strong><em>Nysseni</em></strong></span> <span class='ocrx_word' id='word_1_50' title='bbox 610 3655 675 3711; x_wconf 88' lang='lat' dir='ltr'><strong><em>de</em></strong></span> <span class='ocrx_word' id='word_1_51' title='bbox 696 3656 756 3712; x_wconf 92' lang='lat' dir='ltr'><strong><em>S.</em></strong></span> <span class='ocrx_word' id='word_1_52' title='bbox 785 3654 1030 3727; x_wconf 78' lang='lat' dir='ltr'><strong><em>Gregorio</em></strong></span> <span class='ocrx_word' id='word_1_53' title='bbox 1052 3655 1546 3731; x_wconf 87' lang='lat' dir='ltr'><strong><em>Thaumaturgo.—</em></strong></span> <span class='ocrx_word' id='word_1_54' title='bbox 1574 3660 1602 3732; x_wconf 84' lang='lat'>§</span> <span class='ocrx_word' id='word_1_55' title='bbox 1626 3662 1708 3716; x_wconf 92' lang='lat' dir='ltr'><strong><em>I7.</em></strong></span> <span class='ocrx_word' id='word_1_56' title='bbox 1749 3660 1887 3717; x_wconf 83' lang='lat' dir='ltr'><strong><em>Visio</em></strong></span> 
     </span>
    </p>
   </div>
   <div class='ocr_carea' id='block_1_14' title="bbox 336 1906 1869 1979">
    <p class='ocr_par' dir='ltr' id='par_1_14' title="bbox 336 1906 1869 1979">
     <span class='ocr_line' id='line_1_14' title="bbox 336 1906 1869 1979; baseline -0.001 -19"><span class='ocrx_word' id='word_1_57' title='bbox 336 1906 481 1961; x_wconf 81' lang='lat' dir='ltr'><strong><em>ribus</em></strong></span> <span class='ocrx_word' id='word_1_58' title='bbox 504 1906 865 1977; x_wconf 82' lang='lat' dir='ltr'><strong><em>Apostolorum</em></strong></span> <span class='ocrx_word' id='word_1_59' title='bbox 906 1923 1066 1977; x_wconf 87' lang='lat' dir='ltr'><strong><em>usque</em></strong></span> <span class='ocrx_word' id='word_1_60' title='bbox 1098 1907 1167 1961; x_wconf 90' lang='lat' dir='ltr'><strong><em>ad</em></strong></span> <span class='ocrx_word' id='word_1_61' title='bbox 1202 1906 1519 1979; x_wconf 81' lang='lat' dir='ltr'><strong><em>Cyprianum</em></strong></span> <span class='ocrx_word' id='word_1_62' title='bbox 1555 1923 1619 1961; x_wconf 76' lang='lat' dir='ltr'><strong><em>ea;</em></strong></span> <span class='ocrx_word' id='word_1_63' title='bbox 1660 1915 1869 1959; x_wconf 82' lang='lat' dir='ltr'><strong><em>auclore</em></strong></span> 
     </span>
    </p>
   </div>
   <div class='ocr_carea' id='block_1_15' title="bbox 340 1999 1876 2073">
    <p class='ocr_par' dir='ltr' id='par_1_15' title="bbox 340 1999 1876 2073">
     <span class='ocr_line' id='line_1_15' title="bbox 340 1999 1876 2073; baseline -0.002 -19"><span class='ocrx_word' id='word_1_64' title='bbox 340 2000 742 2073; x_wconf 82' lang='lat' dir='ltr'><strong><em>Apocalypseos,</em></strong></span> <span class='ocrx_word' id='word_1_65' title='bbox 771 1999 1033 2056; x_wconf 84' lang='lat' dir='ltr'><strong><em>Hermete.</em></strong></span> <span class='ocrx_word' id='word_1_66' title='bbox 1058 2000 1178 2073; x_wconf 64' lang='grc' dir='ltr'><strong><em>-ς</em></strong></span> <span class='ocrx_word' id='word_1_67' title='bbox 1205 2002 1261 2056; x_wconf 89' lang='lat'><strong><em>2.</em></strong></span> <span class='ocrx_word' id='word_1_68' title='bbox 1295 2000 1553 2055; x_wconf 89' lang='lat' dir='ltr'><strong><em>Clemente</em></strong></span> <span class='ocrx_word' id='word_1_69' title='bbox 1575 1999 1809 2055; x_wconf 85' lang='lat' dir='ltr'><strong><em>Romano</em></strong></span> <span class='ocrx_word' id='word_1_70' title='bbox 1830 2006 1876 2053; x_wconf 91' lang='lat' dir='ltr'><strong><em>et</em></strong></span> 
     </span>
    </p>
   </div>
   <div class='ocr_carea' id='block_1_16' title="bbox 342 2086 1931 2165">
    <p class='ocr_par' dir='ltr' id='par_1_16' title="bbox 342 2086 1931 2165">
     <span class='ocr_line' id='line_1_16' title="bbox 342 2086 1931 2165; baseline -0.002 -19"><span class='ocrx_word' id='word_1_71' title='bbox 342 2102 553 2148; x_wconf 88' lang='lat' dir='ltr'><strong><em>auctore</em></strong></span> <span class='ocrx_word' id='word_1_72' title='bbox 579 2092 761 2148; x_wconf 71' lang='lat' dir='ltr'><strong><em>Esdraa</em></strong></span> <span class='ocrx_word' id='word_1_73' title='bbox 798 2086 1115 2164; x_wconf 85' lang='lat' dir='ltr'><strong><em>Apocryphi.</em></strong></span> <span class='ocrx_word' id='word_1_74' title='bbox 1156 2123 1229 2134; x_wconf 92' lang='grc'><strong><em>--</em></strong></span> <span class='ocrx_word' id='word_1_75' title='bbox 1265 2091 1293 2165; x_wconf 86' lang='lat'>§</span> <span class='ocrx_word' id='word_1_76' title='bbox 1333 2094 1386 2148; x_wconf 91' lang='grc'><strong><em>5.</em></strong></span> <span class='ocrx_word' id='word_1_77' title='bbox 1427 2092 1652 2164; x_wconf 85' lang='lat' dir='ltr'><strong><em>lgnatio.</em></strong></span> <span class='ocrx_word' id='word_1_78' title='bbox 1680 2089 1872 2162; x_wconf 64' lang='lat'><strong><em>—§4.</em></strong></span> <span class='ocrx_word' id='word_1_79' title='bbox 1922 2146 1931 2155; x_wconf 61' lang='grc'><em>,</em></span> 
     </span>
    </p>
   </div>
   <div class='ocr_carea' id='block_1_17' title="bbox 347 2182 1878 2254">
    <p class='ocr_par' dir='ltr' id='par_1_17' title="bbox 347 2182 1878 2254">
     <span class='ocr_line' id='line_1_17' title="bbox 347 2182 1878 2254; baseline -0.001 -17"><span class='ocrx_word' id='word_1_80' title='bbox 347 2183 638 2249; x_wconf 80' lang='lat' dir='ltr'><strong><em>Quadrato,</em></strong></span> <span class='ocrx_word' id='word_1_81' title='bbox 663 2183 901 2254; x_wconf 74' lang='lat' dir='ltr'><strong><em>Philippi</em></strong></span> <span class='ocrx_word' id='word_1_82' title='bbox 917 2184 1351 2254; x_wconf 78' lang='lat' dir='ltr'><strong><em>ﬁliabus,Ammia</em></strong></span> <span class='ocrx_word' id='word_1_83' title='bbox 1370 2182 1811 2253; x_wconf 86' lang='lat' dir='ltr'><strong><em>Philadelphiensi</em></strong></span> <span class='ocrx_word' id='word_1_84' title='bbox 1830 2189 1878 2237; x_wconf 88' lang='lat' dir='ltr'><strong><em>et</em></strong></span> 
     </span>
    </p>
   </div>
   <div class='ocr_carea' id='block_1_18' title="bbox 346 2272 1879 2347">
    <p class='ocr_par' dir='ltr' id='par_1_18' title="bbox 346 2272 1879 2347">
     <span class='ocr_line' id='line_1_18' title="bbox 346 2272 1879 2347; baseline -0.001 -19"><span class='ocrx_word' id='word_1_85' title='bbox 346 2272 663 2346; x_wconf 85' lang='lat' dir='ltr'><strong><em>Polycarpo.</em></strong></span> <span class='ocrx_word' id='word_1_86' title='bbox 692 2306 763 2319; x_wconf 91' lang='lat'><strong><em>-—</em></strong></span> <span class='ocrx_word' id='word_1_87' title='bbox 783 2273 811 2347; x_wconf 83' lang='lat'><strong>§</strong></span> <span class='ocrx_word' id='word_1_88' title='bbox 833 2276 884 2331; x_wconf 88' lang='grc'><strong>5.</strong></span> <span class='ocrx_word' id='word_1_89' title='bbox 911 2274 1121 2330; x_wconf 73' lang='lat' dir='ltr'><strong><em>Iustino</em></strong></span> <span class='ocrx_word' id='word_1_90' title='bbox 1146 2275 1395 2347; x_wconf 79' lang='lat' dir='ltr'><strong><em>Martyre.</em></strong></span> <span class='ocrx_word' id='word_1_91' title='bbox 1419 2274 1531 2346; x_wconf 85' lang='lat'><strong><em>—-§</em></strong></span> <span class='ocrx_word' id='word_1_92' title='bbox 1553 2275 1605 2331; x_wconf 89' lang='lat'><strong><em>6.</em></strong></span> <span class='ocrx_word' id='word_1_93' title='bbox 1635 2272 1879 2329; x_wconf 81' lang='lat' dir='ltr'><strong><em>Melitone</em></strong></span> 
     </span>
    </p>
   </div>
   <div class='ocr_carea' id='block_1_19' title="bbox 348 2826 1883 2898">
    <p class='ocr_par' dir='ltr' id='par_1_19' title="bbox 348 2826 1883 2898">
     <span class='ocr_line' id='line_1_19' title="bbox 348 2826 1883 2898; baseline 0.003 -19"><span class='ocrx_word' id='word_1_94' title='bbox 348 2835 593 2897; x_wconf 79' lang='lat' dir='ltr'><strong><em>gumento</em></strong></span> <span class='ocrx_word' id='word_1_95' title='bbox 617 2830 906 2898; x_wconf 74' lang='lat' dir='ltr'><strong><em>refutarunt</em></strong></span> <span class='ocrx_word' id='word_1_96' title='bbox 935 2826 1371 2882; x_wconf 78' lang='lat' dir='ltr'><strong><em>Mon&#39;auistarum</em></strong></span> <span class='ocrx_word' id='word_1_97' title='bbox 1394 2828 1683 2898; x_wconf 91' lang='lat' dir='ltr'><strong><em>prophetias</em></strong></span> <span class='ocrx_word' id='word_1_98' title='bbox 1705 2830 1883 2884; x_wconf 78' lang='lat' dir='ltr'><strong><em>catho-</em></strong></span> 
     </span>
    </p>
   </div>
   <div class='ocr_carea' id='block_1_20' title="bbox 349 3011 1883 3080">
    <p class='ocr_par' dir='ltr' id='par_1_20' title="bbox 349 3011 1883 3080">
     <span class='ocr_line' id='line_1_20' title="bbox 349 3011 1883 3080; baseline 0.003 -16"><span class='ocrx_word' id='word_1_99' title='bbox 349 3018 562 3078; x_wconf 86' lang='lat' dir='ltr'><strong><em>petuum</em></strong></span> <span class='ocrx_word' id='word_1_100' title='bbox 608 3011 837 3080; x_wconf 78' lang='lat' dir='ltr'><strong><em>futurum</em></strong></span> <span class='ocrx_word' id='word_1_101' title='bbox 877 3021 1040 3077; x_wconf 89' lang='lat' dir='ltr'><strong><em>esset;</em></strong></span> <span class='ocrx_word' id='word_1_102' title='bbox 1081 3028 1197 3067; x_wconf 89' lang='lat' dir='ltr'><strong><em>cum</em></strong></span> <span class='ocrx_word' id='word_1_103' title='bbox 1233 3023 1403 3069; x_wconf 89' lang='lat' dir='ltr'><strong><em>tamen</em></strong></span> <span class='ocrx_word' id='word_1_104' title='bbox 1446 3013 1883 3070; x_wconf 82' lang='lat' dir='ltr'><strong><em>Montanistarum</em></strong></span> 
     </span>
    </p>
   </div>
   <div class='ocr_carea' id='block_1_21' title="bbox 347 3100 1887 3177">
    <p class='ocr_par' dir='ltr' id='par_1_21' title="bbox 347 3100 1887 3177">
     <span class='ocr_line' id='line_1_21' title="bbox 347 3100 1887 3177; baseline 0.003 -22"><span class='ocrx_word' id='word_1_105' title='bbox 347 3100 490 3156; x_wconf 89' lang='lat' dir='ltr'><strong><em>illud</em></strong></span> <span class='ocrx_word' id='word_1_106' title='bbox 494 3102 610 3172; x_wconf 83' lang='lat' dir='ltr'><strong><em>jam</em></strong></span> <span class='ocrx_word' id='word_1_107' title='bbox 632 3104 809 3175; x_wconf 80' lang='lat' dir='ltr'><strong><em>fuisset</em></strong></span> <span class='ocrx_word' id='word_1_108' title='bbox 832 3104 1237 3177; x_wconf 77' lang='lat' dir='ltr'><strong><em>extinctum.—§</em></strong></span> <span class='ocrx_word' id='word_1_109' title='bbox 1260 3107 1283 3160; x_wconf 99' lang='grc'><strong><em>1</em></strong></span> <span class='ocrx_word' id='word_1_110' title='bbox 1302 3107 1318 3161; x_wconf 83' lang='grc'><strong><em>1</em></strong></span> <span class='ocrx_word' id='word_1_111' title='bbox 1335 3147 1348 3160; x_wconf 92' lang='grc'><strong><em>.</em></strong></span> <span class='ocrx_word' id='word_1_112' title='bbox 1371 3103 1456 3159; x_wconf 86' lang='lat' dir='ltr'><strong><em>Ita</em></strong></span> <span class='ocrx_word' id='word_1_113' title='bbox 1472 3106 1703 3162; x_wconf 80' lang='lat' dir='ltr'><strong><em>Asterius</em></strong></span> <span class='ocrx_word' id='word_1_114' title='bbox 1721 3106 1887 3162; x_wconf 77' lang='lat' dir='ltr'><strong><em>Urba—</em></strong></span> 
     </span>
    </p>
   </div>
   <div class='ocr_carea' id='block_1_22' title="bbox 2050 1901 3580 1973">
    <p class='ocr_par' dir='ltr' id='par_1_22' title="bbox 2050 1901 3580 1973">
     <span class='ocr_line' id='line_1_22' title="bbox 2050 1901 3580 1973; baseline 0.004 -18"><span class='ocrx_word' id='word_1_115' title='bbox 2050 1918 2231 1957; x_wconf 77' lang='lat' dir='ltr'><strong><em>venum</em></strong></span> <span class='ocrx_word' id='word_1_116' title='bbox 2277 1911 2419 1955; x_wconf 91' lang='lat' dir='ltr'><strong><em>erant</em></strong></span> <span class='ocrx_word' id='word_1_117' title='bbox 2472 1902 2713 1972; x_wconf 80' lang='lat' dir='ltr'><strong><em>praprite.</em></strong></span> <span class='ocrx_word' id='word_1_118' title='bbox 2756 1901 2890 1973; x_wconf 83' lang='lat'><strong><em>———§</em></strong></span> <span class='ocrx_word' id='word_1_119' title='bbox 2952 1903 3043 1968; x_wconf 74' lang='lat' dir='ltr'><strong><em>H,</em></strong></span> <span class='ocrx_word' id='word_1_120' title='bbox 3071 1904 3161 1958; x_wconf 69' lang='grc'><strong>42.</strong></span> <span class='ocrx_word' id='word_1_121' title='bbox 3220 1905 3357 1972; x_wconf 74' lang='lat' dir='ltr'><strong><em>Quid</em></strong></span> <span class='ocrx_word' id='word_1_122' title='bbox 3383 1906 3448 1960; x_wconf 89' lang='lat' dir='ltr'><strong><em>de</em></strong></span> <span class='ocrx_word' id='word_1_123' title='bbox 3476 1906 3580 1962; x_wconf 84' lang='lat' dir='ltr'><strong><em>iliis</em></strong></span> 
     </span>
    </p>
   </div>
   <div class='ocr_carea' id='block_1_23' title="bbox 2051 1995 3584 2066">
    <p class='ocr_par' dir='ltr' id='par_1_23' title="bbox 2051 1995 3584 2066">
     <span class='ocr_line' id='line_1_23' title="bbox 2051 1995 3584 2066; baseline 0.002 -15"><span class='ocrx_word' id='word_1_124' title='bbox 2051 1995 2367 2051; x_wconf 86' lang='lat' dir='ltr'><strong><em>sentiendum</em></strong></span> <span class='ocrx_word' id='word_1_125' title='bbox 2397 1995 2483 2064; x_wconf 86' lang='lat' dir='ltr'><strong><em>qui</em></strong></span> <span class='ocrx_word' id='word_1_126' title='bbox 2518 1995 2812 2066; x_wconf 87' lang='lat' dir='ltr'><strong><em>prophetias</em></strong></span> <span class='ocrx_word' id='word_1_127' title='bbox 2852 1995 2970 2051; x_wconf 88' lang='lat' dir='ltr'><strong><em>illas</em></strong></span> <span class='ocrx_word' id='word_1_128' title='bbox 3013 1998 3336 2062; x_wconf 87' lang='lat' dir='ltr'><strong><em>antiquorum</em></strong></span> <span class='ocrx_word' id='word_1_129' title='bbox 3363 1999 3584 2055; x_wconf 80' lang='lat' dir='ltr'><strong><em>ludibrio</em></strong></span> 
     </span>
    </p>
   </div>
   <div class='ocr_carea' id='block_1_24' title="bbox 2053 2088 2340 2141">
    <p class='ocr_par' dir='ltr' id='par_1_24' title="bbox 2053 2088 2340 2141">
     <span class='ocr_line' id='line_1_24' title="bbox 2053 2088 2340 2141; baseline 0.003 -2"><span class='ocrx_word' id='word_1_130' title='bbox 2053 2088 2340 2141; x_wconf 82' lang='lat' dir='ltr'><strong><em>habuerint.</em></strong></span> 
     </span>
    </p>
   </div>
   <div class='ocr_carea' id='block_1_25' title="bbox 2054 2177 3584 2256">
    <p class='ocr_par' dir='ltr' id='par_1_25' title="bbox 2054 2177 3584 2256">
     <span class='ocr_line' id='line_1_25' title="bbox 2054 2177 3584 2256; baseline 0.005 -23"><span class='ocrx_word' id='word_1_131' title='bbox 2054 2177 2082 2251; x_wconf 84' lang='lat'>§</span> <span class='ocrx_word' id='word_1_132' title='bbox 2099 2180 2149 2234; x_wconf 92' lang='grc'><strong><em>1.</em></strong></span> <span class='ocrx_word' id='word_1_133' title='bbox 2172 2209 2239 2219; x_wconf 83' lang='lat'><strong><em>-—</em></strong></span> <span class='ocrx_word' id='word_1_134' title='bbox 2253 2178 2368 2233; x_wconf 87' lang='lat' dir='ltr'><strong><em>Non</em></strong></span> <span class='ocrx_word' id='word_1_135' title='bbox 2387 2186 2468 2233; x_wconf 90' lang='lat' dir='ltr'><strong><em>est</em></strong></span> <span class='ocrx_word' id='word_1_136' title='bbox 2484 2178 2625 2249; x_wconf 87' lang='lat' dir='ltr'><strong><em>quod</em></strong></span> <span class='ocrx_word' id='word_1_137' title='bbox 2652 2178 2737 2234; x_wconf 91' lang='lat' dir='ltr'><strong><em>hic</em></strong></span> <span class='ocrx_word' id='word_1_138' title='bbox 2760 2179 3129 2248; x_wconf 87' lang='lat' dir='ltr'><strong><em>rabbinorum,</em></strong></span> <span class='ocrx_word' id='word_1_139' title='bbox 3150 2182 3467 2253; x_wconf 79' lang='lat' dir='ltr'><strong><em>aliorumve,</em></strong></span> <span class='ocrx_word' id='word_1_140' title='bbox 3493 2186 3584 2256; x_wconf 89' lang='lat' dir='ltr'><strong><em>qui</em></strong></span> 
     </span>
    </p>
   </div>
   <div class='ocr_carea' id='block_1_26' title="bbox 1981 2271 3588 2343">
    <p class='ocr_par' dir='ltr' id='par_1_26' title="bbox 1981 2271 3588 2343">
     <span class='ocr_line' id='line_1_26' title="bbox 1981 2271 3588 2343; baseline 0.005 -19"><span class='ocrx_word' id='word_1_141' title='bbox 1981 2274 2265 2341; x_wconf 77' lang='lat' dir='ltr'><strong><em>prophetia</em></strong></span> <span class='ocrx_word' id='word_1_142' title='bbox 2318 2281 2544 2342; x_wconf 71' lang='lat' dir='ltr'><strong><em>egerunt</em></strong></span> <span class='ocrx_word' id='word_1_143' title='bbox 2585 2271 2992 2342; x_wconf 86' lang='lat' dir='ltr'><strong><em>visionibusque</em></strong></span> <span class='ocrx_word' id='word_1_144' title='bbox 3019 2274 3383 2343; x_wconf 73' lang='lat' dir='ltr'><strong><em>propheticis,</em></strong></span> <span class='ocrx_word' id='word_1_145' title='bbox 3433 2292 3588 2332; x_wconf 84' lang='lat' dir='ltr'><strong><em>cont-</em></strong></span> 
     </span>
    </p>
   </div>
   <div class='ocr_carea' id='block_1_27' title="bbox 1981 2364 3591 2438">
    <p class='ocr_par' dir='ltr' id='par_1_27' title="bbox 1981 2364 3591 2438">
     <span class='ocr_line' id='line_1_27' title="bbox 1981 2364 3591 2438; baseline 0.005 -19"><span class='ocrx_word' id='word_1_146' title='bbox 1981 2364 2293 2433; x_wconf 88' lang='lat' dir='ltr'><strong><em>pilationem</em></strong></span> <span class='ocrx_word' id='word_1_147' title='bbox 2333 2366 2501 2419; x_wconf 83' lang='lat' dir='ltr'><strong><em>lector</em></strong></span> <span class='ocrx_word' id='word_1_148' title='bbox 2527 2374 2795 2434; x_wconf 67' lang='lat' dir='ltr'><strong><em>espectet.</em></strong></span> <span class='ocrx_word' id='word_1_149' title='bbox 2827 2365 2936 2419; x_wconf 87' lang='lat' dir='ltr'><strong><em>Nos</em></strong></span> <span class='ocrx_word' id='word_1_150' title='bbox 2962 2382 3024 2421; x_wconf 86' lang='lat' dir='ltr'><strong><em>ea</em></strong></span> <span class='ocrx_word' id='word_1_151' title='bbox 3057 2375 3263 2422; x_wconf 85' lang='lat' dir='ltr'><strong><em>tantum</em></strong></span> <span class='ocrx_word' id='word_1_152' title='bbox 3303 2370 3591 2438; x_wconf 80' lang='lat' dir='ltr'><strong><em>seligemus</em></strong></span> 
     </span>
    </p>
   </div>
   <div class='ocr_carea' id='block_1_28' title="bbox 1980 2454 3592 2525">
    <p class='ocr_par' dir='ltr' id='par_1_28' title="bbox 1980 2454 3592 2525">
     <span class='ocr_line' id='line_1_28' title="bbox 1980 2454 3592 2525; baseline 0.004 -15"><span class='ocrx_word' id='word_1_153' title='bbox 1980 2470 2101 2525; x_wconf 66' lang='lat' dir='ltr'><strong><em>quae</em></strong></span> <span class='ocrx_word' id='word_1_154' title='bbox 2128 2455 2196 2510; x_wconf 88' lang='lat' dir='ltr'><strong><em>ab</em></strong></span> <span class='ocrx_word' id='word_1_155' title='bbox 2220 2454 2445 2510; x_wconf 89' lang='lat' dir='ltr'><strong><em>eruditis</em></strong></span> <span class='ocrx_word' id='word_1_156' title='bbox 2490 2456 2852 2525; x_wconf 69' lang='lat' dir='ltr'><strong><em>prmtcrmissa</em></strong></span> <span class='ocrx_word' id='word_1_157' title='bbox 2877 2499 2890 2523; x_wconf 94' lang='lat'><strong><em>,</em></strong></span> <span class='ocrx_word' id='word_1_158' title='bbox 2945 2458 3254 2513; x_wconf 88' lang='lat' dir='ltr'><strong><em>nondumve</em></strong></span> <span class='ocrx_word' id='word_1_159' title='bbox 3296 2461 3429 2515; x_wconf 83' lang='lat' dir='ltr'><strong><em>satis</em></strong></span> <span class='ocrx_word' id='word_1_160' title='bbox 3473 2461 3592 2517; x_wconf 87' lang='lat' dir='ltr'><strong><em>ani-</em></strong></span> 
     </span>
    </p>
   </div>
   <div class='ocr_carea' id='block_1_29' title="bbox 1982 2548 3591 2620">
    <p class='ocr_par' dir='ltr' id='par_1_29' title="bbox 1982 2548 3591 2620">
     <span class='ocr_line' id='line_1_29' title="bbox 1982 2548 3591 2620; baseline 0.005 -18"><span class='ocrx_word' id='word_1_161' title='bbox 1982 2548 2260 2603; x_wconf 85' lang='lat' dir='ltr'><strong><em>madversa</em></strong></span> <span class='ocrx_word' id='word_1_162' title='bbox 2312 2558 2458 2611; x_wconf 90' lang='lat' dir='ltr'><strong><em>sunt,</em></strong></span> <span class='ocrx_word' id='word_1_163' title='bbox 2491 2549 2632 2617; x_wconf 87' lang='lat' dir='ltr'><strong><em>quod</em></strong></span> <span class='ocrx_word' id='word_1_164' title='bbox 2664 2549 2862 2616; x_wconf 83' lang='lat' dir='ltr'><strong><em>sciam,</em></strong></span> <span class='ocrx_word' id='word_1_165' title='bbox 2890 2565 3010 2620; x_wconf 69' lang='lat' dir='ltr'><strong><em>quzc</em></strong></span> <span class='ocrx_word' id='word_1_166' title='bbox 3045 2562 3220 2607; x_wconf 87' lang='lat' dir='ltr'><strong><em>tamen</em></strong></span> <span class='ocrx_word' id='word_1_167' title='bbox 3252 2552 3320 2607; x_wconf 88' lang='lat' dir='ltr'><strong><em>ad</em></strong></span> <span class='ocrx_word' id='word_1_168' title='bbox 3352 2552 3495 2608; x_wconf 89' lang='lat' dir='ltr'><strong><em>illius</em></strong></span> <span class='ocrx_word' id='word_1_169' title='bbox 3522 2553 3591 2610; x_wconf 89' lang='lat' dir='ltr'><strong><em>de</em></strong></span> 
     </span>
    </p>
   </div>
   <div class='ocr_carea' id='block_1_30' title="bbox 1984 2639 3589 2711">
    <p class='ocr_par' dir='ltr' id='par_1_30' title="bbox 1984 2639 3589 2711">
     <span class='ocr_line' id='line_1_30' title="bbox 1984 2639 3589 2711; baseline 0.002 -16"><span class='ocrx_word' id='word_1_170' title='bbox 1984 2656 2091 2710; x_wconf 82' lang='lat' dir='ltr'><strong><em>quo</em></strong></span> <span class='ocrx_word' id='word_1_171' title='bbox 2130 2640 2337 2710; x_wconf 81' lang='lat' dir='ltr'><strong><em>agimus</em></strong></span> <span class='ocrx_word' id='word_1_172' title='bbox 2366 2641 2546 2696; x_wconf 64' lang='lat' dir='ltr'><strong><em>saeculi</em></strong></span> <span class='ocrx_word' id='word_1_173' title='bbox 2578 2639 2856 2696; x_wconf 82' lang='lat' dir='ltr'><strong><em>historiam</em></strong></span> <span class='ocrx_word' id='word_1_174' title='bbox 2886 2641 3090 2711; x_wconf 87' lang='lat' dir='ltr'><strong><em>aliquid</em></strong></span> <span class='ocrx_word' id='word_1_175' title='bbox 3136 2644 3461 2700; x_wconf 87' lang='lat' dir='ltr'><strong><em>videbuntur</em></strong></span> <span class='ocrx_word' id='word_1_176' title='bbox 3490 2646 3589 2699; x_wconf 89' lang='lat' dir='ltr'><strong><em>ha-</em></strong></span> 
     </span>
    </p>
   </div>
   <div class='ocr_carea' id='block_1_31' title="bbox 1983 2724 3033 2787">
    <p class='ocr_par' dir='ltr' id='par_1_31' title="bbox 1983 2724 3033 2787">
     <span class='ocr_line' id='line_1_31' title="bbox 1983 2724 3033 2787; baseline -0.005 0"><span class='ocrx_word' id='word_1_177' title='bbox 1983 2731 2114 2787; x_wconf 88' lang='lat' dir='ltr'><strong><em>bere</em></strong></span> <span class='ocrx_word' id='word_1_178' title='bbox 2141 2733 2423 2786; x_wconf 88' lang='lat' dir='ltr'><strong><em>momenti.</em></strong></span> <span class='ocrx_word' id='word_1_179' title='bbox 3025 2724 3033 2733; x_wconf 84' lang='grc'><em>’</em></span> 
     </span>
    </p>
   </div>
   <div class='ocr_carea' id='block_1_32' title="bbox 2056 2822 3592 2898">
    <p class='ocr_par' dir='ltr' id='par_1_32' title="bbox 2056 2822 3592 2898">
     <span class='ocr_line' id='line_1_32' title="bbox 2056 2822 3592 2898; baseline 0.005 -21"><span class='ocrx_word' id='word_1_180' title='bbox 2056 2823 2192 2878; x_wconf 86' lang='lat' dir='ltr'><strong><em>Male</em></strong></span> <span class='ocrx_word' id='word_1_181' title='bbox 2219 2826 2398 2894; x_wconf 83' lang='lat' dir='ltr'><strong><em>itaque</em></strong></span> <span class='ocrx_word' id='word_1_182' title='bbox 2426 2822 2627 2879; x_wconf 81' lang='lat' dir='ltr'><strong><em>faciunt</em></strong></span> <span class='ocrx_word' id='word_1_183' title='bbox 2655 2823 2854 2880; x_wconf 79' lang='lat' dir='ltr'><strong><em>eruditi</em></strong></span> <span class='ocrx_word' id='word_1_184' title='bbox 2882 2826 2971 2895; x_wconf 86' lang='lat' dir='ltr'><strong><em>qui</em></strong></span> <span class='ocrx_word' id='word_1_185' title='bbox 2994 2842 3113 2897; x_wconf 77' lang='lat' dir='ltr'><strong><em>qua:</em></strong></span> <span class='ocrx_word' id='word_1_186' title='bbox 3146 2827 3331 2898; x_wconf 79' lang='lat' dir='ltr'><strong><em>legunt</em></strong></span> <span class='ocrx_word' id='word_1_187' title='bbox 3362 2828 3414 2882; x_wconf 92' lang='lat' dir='ltr'><strong><em>in</em></strong></span> <span class='ocrx_word' id='word_1_188' title='bbox 3447 2828 3592 2884; x_wconf 81' lang='lat' dir='ltr'><strong><em>illius</em></strong></span> 
     </span>
    </p>
   </div>
   <div class='ocr_carea' id='block_1_33' title="bbox 1985 2915 3587 2983">
    <p class='ocr_par' dir='ltr' id='par_1_33' title="bbox 1985 2915 3587 2983">
     <span class='ocr_line' id='line_1_33' title="bbox 1985 2915 3587 2983; baseline 0.004 -15"><span class='ocrx_word' id='word_1_189' title='bbox 1985 2915 2170 2971; x_wconf 70' lang='lat' dir='ltr'><strong><em>smculi</em></strong></span> <span class='ocrx_word' id='word_1_190' title='bbox 2211 2915 2521 2970; x_wconf 78' lang='lat' dir='ltr'><strong><em>auctoribus</em></strong></span> <span class='ocrx_word' id='word_1_191' title='bbox 2548 2915 2618 2970; x_wconf 90' lang='lat' dir='ltr'><strong><em>de</em></strong></span> <span class='ocrx_word' id='word_1_192' title='bbox 2667 2915 2963 2971; x_wconf 86' lang='lat' dir='ltr'><strong><em>visionibus</em></strong></span> <span class='ocrx_word' id='word_1_193' title='bbox 2988 2959 3003 2983; x_wconf 92' lang='lat'><strong><em>,</em></strong></span> <span class='ocrx_word' id='word_1_194' title='bbox 3052 2932 3114 2973; x_wconf 85' lang='lat' dir='ltr'><strong><em>ea</em></strong></span> <span class='ocrx_word' id='word_1_195' title='bbox 3165 2919 3239 2972; x_wconf 83' lang='lat' dir='ltr'><strong><em>ad</em></strong></span> <span class='ocrx_word' id='word_1_196' title='bbox 3277 2919 3587 2975; x_wconf 78' lang='lat' dir='ltr'><strong><em>Montanum</em></strong></span> 
     </span>
    </p>
   </div>
   <div class='ocr_carea' id='block_1_34' title="bbox 1986 3011 3595 3087">
    <p class='ocr_par' dir='ltr' id='par_1_34' title="bbox 1986 3011 3595 3087">
     <span class='ocr_line' id='line_1_34' title="bbox 1986 3011 3595 3087; baseline 0.003 -19"><span class='ocrx_word' id='word_1_197' title='bbox 1986 3011 2209 3068; x_wconf 86' lang='lat' dir='ltr'><strong><em>trahunt</em></strong></span> <span class='ocrx_word' id='word_1_198' title='bbox 2237 3020 2396 3082; x_wconf 85' lang='lat' dir='ltr'><strong><em>atque</em></strong></span> <span class='ocrx_word' id='word_1_199' title='bbox 2424 3013 2800 3079; x_wconf 87' lang='lat' dir='ltr'><strong><em>montanistas,</em></strong></span> <span class='ocrx_word' id='word_1_200' title='bbox 2832 3013 2984 3083; x_wconf 89' lang='lat' dir='ltr'><strong><em>quasi</em></strong></span> <span class='ocrx_word' id='word_1_201' title='bbox 3014 3029 3142 3069; x_wconf 84' lang='lat' dir='ltr'><strong><em>vero</em></strong></span> <span class='ocrx_word' id='word_1_202' title='bbox 3169 3016 3236 3069; x_wconf 90' lang='lat' dir='ltr'><strong><em>ab</em></strong></span> <span class='ocrx_word' id='word_1_203' title='bbox 3269 3016 3398 3085; x_wconf 83' lang='lat' dir='ltr'><strong><em>ipsis</em></strong></span> <span class='ocrx_word' id='word_1_204' title='bbox 3426 3032 3595 3087; x_wconf 87' lang='lat' dir='ltr'><strong><em>usque</em></strong></span> 
     </span>
    </p>
   </div>
   <div class='ocr_carea' id='block_1_35' title="bbox 1986 3104 3601 3175">
    <p class='ocr_par' dir='ltr' id='par_1_35' title="bbox 1986 3104 3601 3175">
     <span class='ocr_line' id='line_1_35' title="bbox 1986 3104 3601 3175; baseline 0.003 -17"><span class='ocrx_word' id='word_1_205' title='bbox 1986 3104 2354 3175; x_wconf 85' lang='lat' dir='ltr'><strong><em>apostolorum</em></strong></span> <span class='ocrx_word' id='word_1_206' title='bbox 2390 3104 2721 3174; x_wconf 84' lang='lat' dir='ltr'><strong><em>temporibus</em></strong></span> <span class='ocrx_word' id='word_1_207' title='bbox 2742 3105 2977 3159; x_wconf 79' lang='lat' dir='ltr'><strong><em>visiones</em></strong></span> <span class='ocrx_word' id='word_1_208' title='bbox 3030 3106 3082 3159; x_wconf 90' lang='lat' dir='ltr'><strong><em>in</em></strong></span> <span class='ocrx_word' id='word_1_209' title='bbox 3116 3105 3355 3160; x_wconf 81' lang='lat' dir='ltr'><strong><em>Ecclesia</em></strong></span> <span class='ocrx_word' id='word_1_210' title='bbox 3382 3107 3601 3163; x_wconf 78' lang='lat' dir='ltr'><strong><em>defece-</em></strong></span> 
     </span>
    </p>
   </div>
   <div class='ocr_carea' id='block_1_36' title="bbox 353 3193 3590 3270">
    <p class='ocr_par' dir='ltr' id='par_1_36' title="bbox 353 3193 3590 3270">
     <span class='ocr_line' id='line_1_36' title="bbox 353 3193 3590 3270; baseline 0.002 -23"><span class='ocrx_word' id='word_1_211' title='bbox 353 3210 476 3253; x_wconf 88' lang='lat' dir='ltr'><strong><em>nus.</em></strong></span> <span class='ocrx_word' id='word_1_212' title='bbox 498 3193 943 3267; x_wconf 76' lang='lat' dir='ltr'><strong><em>Epiphanius.—§</em></strong></span> <span class='ocrx_word' id='word_1_213' title='bbox 962 3195 1143 3262; x_wconf 84' lang='grc'><strong>12,15.</strong></span> <span class='ocrx_word' id='word_1_214' title='bbox 1162 3195 1351 3250; x_wconf 81' lang='lat' dir='ltr'><strong><em>Auctor</em></strong></span> <span class='ocrx_word' id='word_1_215' title='bbox 1364 3196 1604 3252; x_wconf 83' lang='lat' dir='ltr'><strong><em>Actorum</em></strong></span> <span class='ocrx_word' id='word_1_216' title='bbox 1619 3196 1886 3270; x_wconf 77' lang='lat' dir='ltr'><strong><em>Perpetuw</em></strong></span> <span class='ocrx_word' id='word_1_217' title='bbox 1987 3198 2117 3264; x_wconf 85' lang='lat' dir='ltr'><strong><em>rint,</em></strong></span> <span class='ocrx_word' id='word_1_218' title='bbox 2161 3200 2447 3266; x_wconf 89' lang='lat' dir='ltr'><strong><em>omnisque</em></strong></span> <span class='ocrx_word' id='word_1_219' title='bbox 2476 3211 2658 3251; x_wconf 85' lang='lat' dir='ltr'><strong><em>earum</em></strong></span> <span class='ocrx_word' id='word_1_220' title='bbox 2700 3205 2991 3267; x_wconf 69' lang='lat' dir='ltr'><strong><em>prattextus</em></strong></span> <span class='ocrx_word' id='word_1_221' title='bbox 3020 3196 3072 3251; x_wconf 92' lang='lat' dir='ltr'><strong><em>in</em></strong></span> <span class='ocrx_word' id='word_1_222' title='bbox 3103 3198 3333 3253; x_wconf 87' lang='lat' dir='ltr'><strong><em>ecclesia</em></strong></span> <span class='ocrx_word' id='word_1_223' title='bbox 3366 3214 3590 3269; x_wconf 87' lang='lat' dir='ltr'><strong><em>suspec-</em></strong></span> 
     </span>
    </p>
   </div>
   <div class='ocr_carea' id='block_1_37' title="bbox 353 3284 3594 3362">
    <p class='ocr_par' dir='ltr' id='par_1_37' title="bbox 353 3284 3594 3362">
     <span class='ocr_line' id='line_1_37' title="bbox 353 3284 3594 3362; baseline 0.003 -22"><span class='ocrx_word' id='word_1_224' title='bbox 353 3294 406 3340; x_wconf 88' lang='lat' dir='ltr'><strong><em>et</em></strong></span> <span class='ocrx_word' id='word_1_225' title='bbox 434 3284 856 3360; x_wconf 81' lang='lat' dir='ltr'><strong><em>Felicitatis.—§</em></strong></span> <span class='ocrx_word' id='word_1_226' title='bbox 880 3288 963 3343; x_wconf 73' lang='grc'><strong>14.</strong></span> <span class='ocrx_word' id='word_1_227' title='bbox 1004 3286 1233 3344; x_wconf 81' lang='lat' dir='ltr'><strong><em>Visiones</em></strong></span> <span class='ocrx_word' id='word_1_228' title='bbox 1249 3288 1459 3344; x_wconf 87' lang='lat' dir='ltr'><strong><em>Natalis</em></strong></span> <span class='ocrx_word' id='word_1_229' title='bbox 1474 3300 1521 3345; x_wconf 90' lang='lat' dir='ltr'><strong><em>et</em></strong></span> <span class='ocrx_word' id='word_1_230' title='bbox 1546 3290 1878 3361; x_wconf 74' lang='lat' dir='ltr'><strong><em>Potamienae,</em></strong></span> <span class='ocrx_word' id='word_1_231' title='bbox 1911 3295 1960 3356; x_wconf 89' lang='lat' dir='ltr'><strong>B</strong></span> <span class='ocrx_word' id='word_1_232' title='bbox 1990 3300 2074 3345; x_wconf 89' lang='lat' dir='ltr'><strong><em>tus</em></strong></span> <span class='ocrx_word' id='word_1_233' title='bbox 2101 3289 2261 3345; x_wconf 85' lang='lat' dir='ltr'><strong><em>fuerit</em></strong></span> <span class='ocrx_word' id='word_1_234' title='bbox 2284 3299 2448 3360; x_wconf 87' lang='lat' dir='ltr'><strong><em>atque</em></strong></span> <span class='ocrx_word' id='word_1_235' title='bbox 2476 3289 2834 3359; x_wconf 78' lang='lat' dir='ltr'><strong><em>improbatus,</em></strong></span> <span class='ocrx_word' id='word_1_236' title='bbox 2865 3291 3107 3362; x_wconf 80' lang='lat' dir='ltr'><strong><em>solisque</em></strong></span> <span class='ocrx_word' id='word_1_237' title='bbox 3134 3294 3478 3350; x_wconf 84' lang='lat' dir='ltr'><strong><em>ntontanistis</em></strong></span> <span class='ocrx_word' id='word_1_238' title='bbox 3507 3310 3594 3350; x_wconf 87' lang='lat' dir='ltr'><strong><em>re-</em></strong></span> 
     </span>
    </p>
   </div>
   <div class='ocr_carea' id='block_1_38' title="bbox 353 3380 3593 3455">
    <p class='ocr_par' dir='ltr' id='par_1_38' title="bbox 353 3380 3593 3455">
     <span class='ocr_line' id='line_1_38' title="bbox 353 3380 3593 3455; baseline 0.002 -19"><span class='ocrx_word' id='word_1_239' title='bbox 353 3383 518 3453; x_wconf 80' lang='lat' dir='ltr'><strong><em>deque</em></strong></span> <span class='ocrx_word' id='word_1_240' title='bbox 553 3383 848 3438; x_wconf 70' lang='lat' dir='ltr'><strong><em>Alexandro</em></strong></span> <span class='ocrx_word' id='word_1_241' title='bbox 893 3381 1394 3455; x_wconf 80' lang='lat' dir='ltr'><strong><em>Hierosolymorum,</em></strong></span> <span class='ocrx_word' id='word_1_242' title='bbox 1442 3383 1675 3440; x_wconf 85' lang='lat' dir='ltr'><strong><em>Fabiano</em></strong></span> <span class='ocrx_word' id='word_1_243' title='bbox 1705 3384 1886 3441; x_wconf 78' lang='lat' dir='ltr'><strong><em>Roma:</em></strong></span> <span class='ocrx_word' id='word_1_244' title='bbox 1989 3382 2168 3437; x_wconf 90' lang='lat' dir='ltr'><strong><em>lictus.</em></strong></span> <span class='ocrx_word' id='word_1_245' title='bbox 2199 3380 2340 3435; x_wconf 79' lang='lat' dir='ltr'><strong><em>Nihil</em></strong></span> <span class='ocrx_word' id='word_1_246' title='bbox 2385 3392 2466 3435; x_wconf 90' lang='lat' dir='ltr'><strong><em>est</em></strong></span> <span class='ocrx_word' id='word_1_247' title='bbox 2495 3382 2717 3436; x_wconf 84' lang='lat' dir='ltr'><strong><em>otnnino</em></strong></span> <span class='ocrx_word' id='word_1_248' title='bbox 2761 3397 2858 3436; x_wconf 91' lang='lat' dir='ltr'><strong><em>cur</em></strong></span> <span class='ocrx_word' id='word_1_249' title='bbox 2902 3382 2976 3437; x_wconf 87' lang='lat' dir='ltr'><strong><em>ita</em></strong></span> <span class='ocrx_word' id='word_1_250' title='bbox 3015 3385 3273 3441; x_wconf 85' lang='lat' dir='ltr'><strong><em>sentiant.</em></strong></span> <span class='ocrx_word' id='word_1_251' title='bbox 3316 3385 3499 3441; x_wconf 89' lang='lat' dir='ltr'><strong><em>Potius</em></strong></span> <span class='ocrx_word' id='word_1_252' title='bbox 3538 3387 3593 3441; x_wconf 91' lang='lat' dir='ltr'><strong><em>in</em></strong></span> 
     </span>
    </p>
   </div>
   <div class='ocr_carea' id='block_1_39' title="bbox 354 3474 3595 3549">
    <p class='ocr_par' dir='ltr' id='par_1_39' title="bbox 354 3474 3595 3549">
     <span class='ocr_line' id='line_1_39' title="bbox 354 3474 3595 3549; baseline 0.002 -20"><span class='ocrx_word' id='word_1_253' title='bbox 354 3474 721 3531; x_wconf 80' lang='lat' dir='ltr'><strong><em>constituendis</em></strong></span> <span class='ocrx_word' id='word_1_254' title='bbox 751 3474 1182 3547; x_wconf 84' lang='lat' dir='ltr'><strong><em>Episcopis.—§</em></strong></span> <span class='ocrx_word' id='word_1_255' title='bbox 1212 3475 1299 3532; x_wconf 85' lang='grc'><strong><em>15.</em></strong></span> <span class='ocrx_word' id='word_1_256' title='bbox 1322 3475 1565 3548; x_wconf 82' lang='lat' dir='ltr'><strong><em>Agnoscit</em></strong></span> <span class='ocrx_word' id='word_1_257' title='bbox 1593 3479 1887 3547; x_wconf 87' lang='lat' dir='ltr'><strong><em>prophetias</em></strong></span> <span class='ocrx_word' id='word_1_258' title='bbox 1989 3476 2134 3530; x_wconf 91' lang='lat' dir='ltr'><strong><em>omni</em></strong></span> <span class='ocrx_word' id='word_1_259' title='bbox 2163 3475 2256 3530; x_wconf 91' lang='lat' dir='ltr'><strong><em>illo</em></strong></span> <span class='ocrx_word' id='word_1_260' title='bbox 2283 3475 2586 3541; x_wconf 89' lang='lat' dir='ltr'><strong><em>intervallo,</em></strong></span> <span class='ocrx_word' id='word_1_261' title='bbox 2618 3475 2689 3530; x_wconf 86' lang='lat' dir='ltr'><strong><em>ab</em></strong></span> <span class='ocrx_word' id='word_1_262' title='bbox 2725 3476 2984 3545; x_wconf 86' lang='lat' dir='ltr'><strong><em>apostolis</em></strong></span> <span class='ocrx_word' id='word_1_263' title='bbox 3031 3476 3098 3532; x_wconf 88' lang='lat' dir='ltr'><strong><em>ad</em></strong></span> <span class='ocrx_word' id='word_1_264' title='bbox 3130 3478 3457 3549; x_wconf 84' lang='lat' dir='ltr'><strong><em>Cyprianum</em></strong></span> <span class='ocrx_word' id='word_1_265' title='bbox 3502 3496 3595 3535; x_wconf 91' lang='lat' dir='ltr'><strong><em>us-</em></strong></span> 
     </span>
    </p>
   </div>
   <div class='ocr_carea' id='block_1_40' title="bbox 362 3555 3597 3642">
    <p class='ocr_par' dir='ltr' id='par_1_40' title="bbox 362 3555 3597 3642">
     <span class='ocr_line' id='line_1_40' title="bbox 362 3555 3597 3642; baseline 0.003 -23"><span class='ocrx_word' id='word_1_266' title='bbox 362 3564 885 3637; x_wconf 78' lang='lat' dir='ltr'><strong><em>Origenes.—§16.</em></strong></span> <span class='ocrx_word' id='word_1_267' title='bbox 938 3564 1236 3620; x_wconf 83' lang='lat' dir='ltr'><strong><em>Declinatur</em></strong></span> <span class='ocrx_word' id='word_1_268' title='bbox 1278 3567 1618 3622; x_wconf 88' lang='lat' dir='ltr'><strong><em>testimonium</em></strong></span> <span class='ocrx_word' id='word_1_269' title='bbox 1655 3568 1888 3642; x_wconf 84' lang='lat' dir='ltr'><strong><em>Gregorii</em></strong></span> <span class='ocrx_word' id='word_1_270' title='bbox 1989 3584 2113 3641; x_wconf 89' lang='lat' dir='ltr'><strong><em>que,</em></strong></span> <span class='ocrx_word' id='word_1_271' title='bbox 2155 3575 2448 3639; x_wconf 87' lang='lat' dir='ltr'><strong><em>perpetuus</em></strong></span> <span class='ocrx_word' id='word_1_272' title='bbox 2488 3578 2603 3623; x_wconf 84' lang='lat' dir='ltr'><strong><em>erat</em></strong></span> <span class='ocrx_word' id='word_1_273' title='bbox 2644 3568 2910 3623; x_wconf 83' lang='lat' dir='ltr'><strong><em>visionum</em></strong></span> <span class='ocrx_word' id='word_1_274' title='bbox 2964 3583 3124 3638; x_wconf 92' lang='lat' dir='ltr'><strong><em>usus,</em></strong></span> <span class='ocrx_word' id='word_1_275' title='bbox 3167 3585 3488 3641; x_wconf 77' lang='lat' dir='ltr'><strong><em>semperque</em></strong></span> <span class='ocrx_word' id='word_1_276' title='bbox 3514 3555 3597 3630; x_wconf 52' lang='lat' dir='ltr'><strong><em>&#39;ab</em></strong></span> 
     </span>
    </p>
   </div>
   <div class='ocr_carea' id='block_1_41' title="bbox 1993 3660 3595 3736">
    <p class='ocr_par' dir='ltr' id='par_1_41' title="bbox 1993 3660 3595 3736">
     <span class='ocr_line' id='line_1_41' title="bbox 1993 3660 3595 3736; baseline 0.004 -19"><span class='ocrx_word' id='word_1_277' title='bbox 1993 3661 2232 3718; x_wconf 88' lang='lat' dir='ltr'><strong><em>Ecclesia</em></strong></span> <span class='ocrx_word' id='word_1_278' title='bbox 2261 3662 2536 3732; x_wconf 87' lang='lat' dir='ltr'><strong><em>probatus.</em></strong></span> <span class='ocrx_word' id='word_1_279' title='bbox 2569 3660 2682 3717; x_wconf 87' lang='lat' dir='ltr'><strong><em>Sub</em></strong></span> <span class='ocrx_word' id='word_1_280' title='bbox 2697 3663 2851 3732; x_wconf 86' lang='lat' dir='ltr'><strong><em>primi</em></strong></span> <span class='ocrx_word' id='word_1_281' title='bbox 2878 3663 3059 3717; x_wconf 82' lang='lat' dir='ltr'><strong><em>saeculi</em></strong></span> <span class='ocrx_word' id='word_1_282' title='bbox 3092 3662 3251 3719; x_wconf 80' lang='lat' dir='ltr'><strong><em>tinem</em></strong></span> <span class='ocrx_word' id='word_1_283' title='bbox 3280 3667 3480 3736; x_wconf 87' lang='lat' dir='ltr'><strong><em>scripta</em></strong></span> <span class='ocrx_word' id='word_1_284' title='bbox 3502 3666 3595 3724; x_wconf 78' lang='lat' dir='ltr'><strong><em>illa</em></strong></span> 
     </span>
    </p>
   </div>
   <div class='ocr_carea' id='block_1_42' title="bbox 1992 3754 3592 3828">
    <p class='ocr_par' dir='ltr' id='par_1_42' title="bbox 1992 3754 3592 3828">
     <span class='ocr_line' id='line_1_42' title="bbox 1992 3754 3592 3828; baseline 0.003 -18"><span class='ocrx_word' id='word_1_285' title='bbox 1992 3764 2103 3821; x_wconf 91' lang='lat' dir='ltr'><strong><em>est,</em></strong></span> <span class='ocrx_word' id='word_1_286' title='bbox 2154 3769 2313 3825; x_wconf 89' lang='lat' dir='ltr'><strong><em>quam</em></strong></span> <span class='ocrx_word' id='word_1_287' title='bbox 2364 3754 2623 3809; x_wconf 86' lang='lat' dir='ltr'><strong><em>habemus</em></strong></span> <span class='ocrx_word' id='word_1_288' title='bbox 2668 3754 3054 3825; x_wconf 83' lang='lat' dir='ltr'><strong><em>Apocalypsis,</em></strong></span> <span class='ocrx_word' id='word_1_289' title='bbox 3085 3757 3200 3812; x_wconf 84' lang='lat' dir='ltr'><strong><em>sive</em></strong></span> <span class='ocrx_word' id='word_1_290' title='bbox 3229 3757 3295 3812; x_wconf 91' lang='lat' dir='ltr'><strong><em>ab</em></strong></span> <span class='ocrx_word' id='word_1_291' title='bbox 3326 3760 3592 3828; x_wconf 86' lang='lat' dir='ltr'><strong><em>apostolo,</em></strong></span> 
     </span>
    </p>
   </div>
   <div class='ocr_carea' id='block_1_43' title="bbox 1993 3845 3598 3919">
    <p class='ocr_par' dir='ltr' id='par_1_43' title="bbox 1993 3845 3598 3919">
     <span class='ocr_line' id='line_1_43' title="bbox 1993 3845 3598 3919; baseline 0.004 -18"><span class='ocrx_word' id='word_1_292' title='bbox 1993 3861 2088 3903; x_wconf 89' lang='lat' dir='ltr'><strong><em>seu</em></strong></span> <span class='ocrx_word' id='word_1_293' title='bbox 2119 3845 2255 3902; x_wconf 82' lang='lat' dir='ltr'><strong><em>forte</em></strong></span> <span class='ocrx_word' id='word_1_294' title='bbox 2283 3862 2313 3900; x_wconf 91' lang='lat' dir='ltr'><strong><em>a</em></strong></span> <span class='ocrx_word' id='word_1_295' title='bbox 2350 3845 2557 3901; x_wconf 82' lang='lat' dir='ltr'><strong><em>Joanne</em></strong></span> <span class='ocrx_word' id='word_1_296' title='bbox 2598 3848 2952 3919; x_wconf 78' lang='lat' dir='ltr'><strong><em>presbytero,</em></strong></span> <span class='ocrx_word' id='word_1_297' title='bbox 2985 3864 3105 3918; x_wconf 78' lang='lat' dir='ltr'><strong><em>qua:</em></strong></span> <span class='ocrx_word' id='word_1_298' title='bbox 3132 3858 3307 3905; x_wconf 86' lang='lat' dir='ltr'><strong><em>tamen</em></strong></span> <span class='ocrx_word' id='word_1_299' title='bbox 3339 3852 3514 3905; x_wconf 90' lang='lat' dir='ltr'><strong><em>omnis</em></strong></span> <span class='ocrx_word' id='word_1_300' title='bbox 3542 3853 3598 3908; x_wconf 90' lang='lat' dir='ltr'><strong><em>in</em></strong></span> 
     </span>
    </p>
   </div>
   <div class='ocr_carea' id='block_1_44' title="bbox 1994 3938 3661 4009">
    <p class='ocr_par' dir='ltr' id='par_1_44' title="bbox 1994 3938 3661 4009">
     <span class='ocr_line' id='line_1_44' title="bbox 1994 3938 3661 4009; baseline 0.004 -17"><span class='ocrx_word' id='word_1_301' title='bbox 1994 3938 2263 3994; x_wconf 90' lang='lat' dir='ltr'><strong><em>visionum</em></strong></span> <span class='ocrx_word' id='word_1_302' title='bbox 2304 3947 2622 4009; x_wconf 79' lang='lat' dir='ltr'><strong><em>argumento</em></strong></span> <span class='ocrx_word' id='word_1_303' title='bbox 2660 3950 2927 3995; x_wconf 74' lang='lat' dir='ltr'><strong><em>versatur.</em></strong></span> <span class='ocrx_word' id='word_1_304' title='bbox 2979 3939 3180 3996; x_wconf 83' lang='lat' dir='ltr'><strong><em>Eodem</em></strong></span> <span class='ocrx_word' id='word_1_305' title='bbox 3215 3943 3433 3997; x_wconf 84' lang='lat' dir='ltr'><strong><em>circiter</em></strong></span> <span class='ocrx_word' id='word_1_306' title='bbox 3463 3954 3597 3999; x_wconf 88' lang='lat' dir='ltr'><strong><em>tem-</em></strong></span> <span class='ocrx_word' id='word_1_307' title='bbox 3658 3966 3661 3969; x_wconf 57' lang='grc' dir='ltr'>λ</span> 
     </span>
    </p>
   </div>
   <div class='ocr_carea' id='block_1_45' title="bbox 1999 4030 3598 4102">
    <p class='ocr_par' dir='ltr' id='par_1_45' title="bbox 1999 4030 3598 4102">
     <span class='ocr_line' id='line_1_45' title="bbox 1999 4030 3598 4102; baseline 0.003 -16"><span class='ocrx_word' id='word_1_308' title='bbox 1999 4046 2129 4102; x_wconf 91' lang='lat' dir='ltr'><strong><em>pore</em></strong></span> <span class='ocrx_word' id='word_1_309' title='bbox 2156 4030 2436 4085; x_wconf 87' lang='lat' dir='ltr'><strong><em>Pastorem</em></strong></span> <span class='ocrx_word' id='word_1_310' title='bbox 2463 4044 2619 4085; x_wconf 91' lang='lat' dir='ltr'><strong><em>suum</em></strong></span> <span class='ocrx_word' id='word_1_311' title='bbox 2669 4032 2883 4100; x_wconf 87' lang='lat' dir='ltr'><strong><em>scripsit</em></strong></span> <span class='ocrx_word' id='word_1_312' title='bbox 2915 4031 3163 4092; x_wconf 88' lang='lat' dir='ltr'><strong><em>llermes.</em></strong></span> <span class='ocrx_word' id='word_1_313' title='bbox 3194 4034 3292 4088; x_wconf 88' lang='lat' dir='ltr'><strong><em>sub</em></strong></span> <span class='ocrx_word' id='word_1_314' title='bbox 3318 4032 3598 4090; x_wconf 85' lang='lat' dir='ltr'><strong><em>Clemente</em></strong></span> 
     </span>
    </p>
   </div>
   <div class='ocr_carea' id='block_1_46' title="bbox 1997 4124 3594 4195">
    <p class='ocr_par' dir='ltr' id='par_1_46' title="bbox 1997 4124 3594 4195">
     <span class='ocr_line' id='line_1_46' title="bbox 1997 4124 3594 4195; baseline 0.003 -16"><span class='ocrx_word' id='word_1_315' title='bbox 1997 4124 2142 4179; x_wconf 88' lang='lat' dir='ltr'><strong><em>enim</em></strong></span> <span class='ocrx_word' id='word_1_316' title='bbox 2170 4124 2455 4194; x_wconf 84' lang='lat' dir='ltr'><strong><em>scripsisse</em></strong></span> <span class='ocrx_word' id='word_1_317' title='bbox 2476 4134 2689 4180; x_wconf 88' lang='lat' dir='ltr'><strong><em>constat</em></strong></span> <span class='ocrx_word' id='word_1_318' title='bbox 2718 4141 2785 4180; x_wconf 79' lang='lat' dir='ltr'><strong><em>ex</em></strong></span> <span class='ocrx_word' id='word_1_319' title='bbox 2813 4126 2949 4180; x_wconf 88' lang='lat' dir='ltr'><strong><em>libro</em></strong></span> <span class='ocrx_word' id='word_1_320' title='bbox 2978 4125 3149 4195; x_wconf 87' lang='lat' dir='ltr'><strong><em>primo</em></strong></span> <span class='ocrx_word' id='word_1_321' title='bbox 3182 4126 3382 4181; x_wconf 83' lang='lat' dir='ltr'><strong><em>Vision.</em></strong></span> <span class='ocrx_word' id='word_1_322' title='bbox 3406 4170 3419 4193; x_wconf 93' lang='lat'><strong><em>,</em></strong></span> <span class='ocrx_word' id='word_1_323' title='bbox 3452 4144 3508 4182; x_wconf 82' lang='grc' dir='ltr'><strong><em>ιι.</em></strong></span> <span class='ocrx_word' id='word_1_324' title='bbox 3537 4128 3594 4183; x_wconf 89' lang='grc'><strong><em>2.</em></strong></span> 
     </span>
    </p>
   </div>
   <div class='ocr_carea' id='block_1_47' title="bbox 1996 4214 3593 4290">
    <p class='ocr_par' dir='ltr' id='par_1_47' title="bbox 1996 4214 3593 4290">
     <span class='ocr_line' id='line_1_47' title="bbox 1996 4214 3593 4290; baseline 0.004 -21"><span class='ocrx_word' id='word_1_325' title='bbox 1996 4214 2110 4271; x_wconf 88' lang='lat' dir='ltr'><strong><em>Nec</em></strong></span> <span class='ocrx_word' id='word_1_326' title='bbox 2149 4227 2233 4272; x_wconf 89' lang='lat' dir='ltr'><strong><em>est</em></strong></span> <span class='ocrx_word' id='word_1_327' title='bbox 2258 4216 2401 4286; x_wconf 88' lang='lat' dir='ltr'><strong><em>quod</em></strong></span> <span class='ocrx_word' id='word_1_328' title='bbox 2449 4231 2725 4271; x_wconf 89' lang='lat' dir='ltr'><strong><em>moremur</em></strong></span> <span class='ocrx_word' id='word_1_329' title='bbox 2766 4216 3069 4271; x_wconf 86' lang='lat' dir='ltr'><strong><em>recentiora</em></strong></span> <span class='ocrx_word' id='word_1_330' title='bbox 3112 4217 3593 4290; x_wconf 77' lang='lat' dir='ltr'><strong><em>illaPontiﬁcalis,</em></strong></span> 
     </span>
    </p>
   </div>
   <div class='ocr_carea' id='block_1_48' title="bbox 365 4307 3597 4383">
    <p class='ocr_par' dir='ltr' id='par_1_48' title="bbox 365 4307 3597 4383">
     <span class='ocr_line' id='line_1_48' title="bbox 365 4307 3597 4383; baseline 0.003 -22"><span class='ocrx_word' id='word_1_331' title='bbox 365 4307 618 4363; x_wconf 85' lang='lat' dir='ltr'><strong><em>trinsecis.</em></strong></span> <span class='ocrx_word' id='word_1_332' title='bbox 655 4307 859 4362; x_wconf 87' lang='lat' dir='ltr'><strong><em>Donum</em></strong></span> <span class='ocrx_word' id='word_1_333' title='bbox 893 4308 1260 4380; x_wconf 85' lang='lat' dir='ltr'><strong><em>cogitationum</em></strong></span> <span class='ocrx_word' id='word_1_334' title='bbox 1304 4309 1787 4382; x_wconf 77' lang='lat' dir='ltr'><strong><em>patefaciendarum.</em></strong></span> <span class='ocrx_word' id='word_1_335' title='bbox 1824 4342 1895 4353; x_wconf 93' lang='lat'><strong><em>——</em></strong></span> <span class='ocrx_word' id='word_1_336' title='bbox 1997 4308 2295 4364; x_wconf 89' lang='lat' dir='ltr'><strong><em>carminum</em></strong></span> <span class='ocrx_word' id='word_1_337' title='bbox 2349 4307 2608 4364; x_wconf 86' lang='lat' dir='ltr'><strong><em>adversus</em></strong></span> <span class='ocrx_word' id='word_1_338' title='bbox 2645 4308 2943 4365; x_wconf 83' lang='lat' dir='ltr'><strong><em>Macionem</em></strong></span> <span class='ocrx_word' id='word_1_339' title='bbox 2981 4320 3072 4367; x_wconf 89' lang='lat' dir='ltr'><strong><em>aut</em></strong></span> <span class='ocrx_word' id='word_1_340' title='bbox 3116 4328 3235 4383; x_wconf 72' lang='lat' dir='ltr'><strong><em>qua:</em></strong></span> <span class='ocrx_word' id='word_1_341' title='bbox 3291 4313 3369 4368; x_wconf 90' lang='lat' dir='ltr'><strong><em>Pii</em></strong></span> <span class='ocrx_word' id='word_1_342' title='bbox 3401 4330 3597 4372; x_wconf 88' lang='lat' dir='ltr'><strong><em>nomen</em></strong></span> 
     </span>
    </p>
   </div>
   <div class='ocr_carea' id='block_1_49' title="bbox 368 4399 3599 4473">
    <p class='ocr_par' dir='ltr' id='par_1_49' title="bbox 368 4399 3599 4473">
     <span class='ocr_line' id='line_1_49' title="bbox 368 4399 3599 4473; baseline 0.003 -20"><span class='ocrx_word' id='word_1_343' title='bbox 368 4399 515 4471; x_wconf 80' lang='lat'><strong><em>§28,</em></strong></span> <span class='ocrx_word' id='word_1_344' title='bbox 545 4400 637 4468; x_wconf 88' lang='lat'><strong><em>29,</em></strong></span> <span class='ocrx_word' id='word_1_345' title='bbox 663 4400 755 4456; x_wconf 85' lang='grc'><strong>50.</strong></span> <span class='ocrx_word' id='word_1_346' title='bbox 800 4400 1114 4457; x_wconf 86' lang='lat' dir='ltr'><strong><em>Futurorum</em></strong></span> <span class='ocrx_word' id='word_1_347' title='bbox 1168 4402 1621 4473; x_wconf 78' lang='lat' dir='ltr'><strong><em>preedicendorum.</em></strong></span> <span class='ocrx_word' id='word_1_348' title='bbox 1671 4404 1892 4472; x_wconf 77' lang='lat' dir='ltr'><strong><em>Futura,</em></strong></span> <span class='ocrx_word' id='word_1_349' title='bbox 2000 4402 2248 4459; x_wconf 80' lang='lat' dir='ltr'><strong><em>feruntur</em></strong></span> <span class='ocrx_word' id='word_1_350' title='bbox 2278 4401 2629 4473; x_wconf 86' lang='lat' dir='ltr'><strong><em>epistolarum</em></strong></span> <span class='ocrx_word' id='word_1_351' title='bbox 2680 4402 2744 4457; x_wconf 87' lang='lat' dir='ltr'><strong><em>ad</em></strong></span> <span class='ocrx_word' id='word_1_352' title='bbox 2784 4403 2993 4459; x_wconf 85' lang='lat' dir='ltr'><strong><em>Justum</em></strong></span> <span class='ocrx_word' id='word_1_353' title='bbox 3040 4404 3421 4472; x_wconf 69' lang='lat' dir='ltr'><strong><em>Viennen~em,</em></strong></span> <span class='ocrx_word' id='word_1_354' title='bbox 3473 4408 3599 4465; x_wconf 88' lang='lat' dir='ltr'><strong><em>tidei</em></strong></span> 
     </span>
    </p>
   </div>
   <div class='ocr_carea' id='block_1_50' title="bbox 363 4493 3600 4567">
    <p class='ocr_par' dir='ltr' id='par_1_50' title="bbox 363 4493 3600 4567">
     <span class='ocr_line' id='line_1_50' title="bbox 363 4493 3600 4567; baseline 0.003 -23"><span class='ocrx_word' id='word_1_355' title='bbox 363 4507 486 4564; x_wconf 70' lang='lat' dir='ltr'><strong><em>qua</em></strong></span> <span class='ocrx_word' id='word_1_356' title='bbox 537 4493 666 4547; x_wconf 81' lang='lat' dir='ltr'><strong><em>vires</em></strong></span> <span class='ocrx_word' id='word_1_357' title='bbox 723 4494 913 4564; x_wconf 85' lang='lat' dir='ltr'><strong><em>alioqui</em></strong></span> <span class='ocrx_word' id='word_1_358' title='bbox 984 4503 1180 4549; x_wconf 86' lang='lat' dir='ltr'><strong><em>creatas</em></strong></span> <span class='ocrx_word' id='word_1_359' title='bbox 1231 4511 1333 4549; x_wconf 89' lang='lat' dir='ltr'><strong><em>non</em></strong></span> <span class='ocrx_word' id='word_1_360' title='bbox 1362 4496 1674 4563; x_wconf 66' lang='lat' dir='ltr'><strong><em>excederent,</em></strong></span> <span class='ocrx_word' id='word_1_361' title='bbox 1702 4497 1766 4551; x_wconf 90' lang='lat' dir='ltr'><strong><em>ab</em></strong></span> <span class='ocrx_word' id='word_1_362' title='bbox 1793 4498 1897 4552; x_wconf 90' lang='lat' dir='ltr'><strong><em>alio</em></strong></span> <span class='ocrx_word' id='word_1_363' title='bbox 2000 4496 2181 4550; x_wconf 88' lang='lat' dir='ltr'><strong><em>omnia</em></strong></span> <span class='ocrx_word' id='word_1_364' title='bbox 2207 4504 2501 4564; x_wconf 68' lang='lat' dir='ltr'><strong><em>suspectae,</em></strong></span> <span class='ocrx_word' id='word_1_365' title='bbox 2555 4495 2882 4550; x_wconf 89' lang='lat' dir='ltr'><strong><em>testimonia.</em></strong></span> <span class='ocrx_word' id='word_1_366' title='bbox 2916 4496 3084 4567; x_wconf 85' lang='lat' dir='ltr'><strong><em>llujus</em></strong></span> <span class='ocrx_word' id='word_1_367' title='bbox 3113 4513 3249 4567; x_wconf 90' lang='lat' dir='ltr'><strong><em>opus</em></strong></span> <span class='ocrx_word' id='word_1_368' title='bbox 3275 4513 3397 4554; x_wconf 91' lang='lat' dir='ltr'><strong><em>cum</em></strong></span> <span class='ocrx_word' id='word_1_369' title='bbox 3429 4499 3600 4555; x_wconf 89' lang='lat' dir='ltr'><strong><em>tribus</em></strong></span> 
     </span>
    </p>
   </div>
   <div class='ocr_carea' id='block_1_51' title="bbox 370 4585 3600 4662">
    <p class='ocr_par' dir='ltr' id='par_1_51' title="bbox 370 4585 3600 4662">
     <span class='ocr_line' id='line_1_51' title="bbox 370 4585 3600 4662; baseline 0.002 -23"><span class='ocrx_word' id='word_1_370' title='bbox 370 4595 567 4652; x_wconf 85' lang='lat' dir='ltr'><strong><em>tamen,</em></strong></span> <span class='ocrx_word' id='word_1_371' title='bbox 592 4586 929 4657; x_wconf 61' lang='lat' dir='ltr'><strong><em>praeterquam</em></strong></span> <span class='ocrx_word' id='word_1_372' title='bbox 958 4585 1066 4642; x_wconf 89' lang='lat' dir='ltr'><strong><em>Deo</em></strong></span> <span class='ocrx_word' id='word_1_373' title='bbox 1091 4588 1327 4657; x_wconf 72' lang='lat' dir='ltr'><strong><em>prazdici,</em></strong></span> <span class='ocrx_word' id='word_1_374' title='bbox 1359 4605 1421 4644; x_wconf 80' lang='lat' dir='ltr'><strong><em>ea:</em></strong></span> <span class='ocrx_word' id='word_1_375' title='bbox 1448 4589 1590 4644; x_wconf 83' lang='lat' dir='ltr'><strong><em>illius</em></strong></span> <span class='ocrx_word' id='word_1_376' title='bbox 1630 4591 1724 4645; x_wconf 71' lang='lat' dir='ltr'><strong><em>levi</em></strong></span> <span class='ocrx_word' id='word_1_377' title='bbox 1754 4592 1897 4662; x_wconf 85' lang='lat' dir='ltr'><strong><em>prin-</em></strong></span> <span class='ocrx_word' id='word_1_378' title='bbox 2000 4598 2214 4646; x_wconf 89' lang='lat' dir='ltr'><strong><em>constet</em></strong></span> <span class='ocrx_word' id='word_1_379' title='bbox 2256 4589 2428 4657; x_wconf 89' lang='lat' dir='ltr'><strong><em>libris,</em></strong></span> <span class='ocrx_word' id='word_1_380' title='bbox 2478 4589 2682 4659; x_wconf 87' lang='lat' dir='ltr'><strong><em>primus</em></strong></span> <span class='ocrx_word' id='word_1_381' title='bbox 2725 4590 2989 4645; x_wconf 88' lang='lat' dir='ltr'><strong><em>visionum</em></strong></span> <span class='ocrx_word' id='word_1_382' title='bbox 3023 4592 3235 4646; x_wconf 89' lang='lat' dir='ltr'><strong><em>titulum</em></strong></span> <span class='ocrx_word' id='word_1_383' title='bbox 3266 4609 3375 4662; x_wconf 70' lang='lat' dir='ltr'><strong><em>pra:</em></strong></span> <span class='ocrx_word' id='word_1_384' title='bbox 3396 4608 3455 4646; x_wconf 83' lang='lat' dir='ltr'><strong><em>se</em></strong></span> <span class='ocrx_word' id='word_1_385' title='bbox 3477 4592 3600 4659; x_wconf 79' lang='lat' dir='ltr'><strong><em>fert,</em></strong></span> 
     </span>
    </p>
   </div>
   <div class='ocr_carea' id='block_1_52' title="bbox 368 4678 3604 4752">
    <p class='ocr_par' dir='ltr' id='par_1_52' title="bbox 368 4678 3604 4752">
     <span class='ocr_line' id='line_1_52' title="bbox 368 4678 3604 4752; baseline 0.002 -18"><span class='ocrx_word' id='word_1_386' title='bbox 368 4678 552 4750; x_wconf 85' lang='lat' dir='ltr'><strong><em>cipiis,</em></strong></span> <span class='ocrx_word' id='word_1_387' title='bbox 590 4696 690 4734; x_wconf 91' lang='lat' dir='ltr'><strong><em>non</em></strong></span> <span class='ocrx_word' id='word_1_388' title='bbox 725 4690 975 4747; x_wconf 86' lang='lat' dir='ltr'><strong><em>poterant.</em></strong></span> <span class='ocrx_word' id='word_1_389' title='bbox 1027 4710 1099 4719; x_wconf 91' lang='lat'><strong><em>—</em></strong></span> <span class='ocrx_word' id='word_1_390' title='bbox 1146 4681 1173 4750; x_wconf 85' lang='lat'><strong>§</strong></span> <span class='ocrx_word' id='word_1_391' title='bbox 1202 4681 1292 4736; x_wconf 88' lang='grc'><strong><em>51.</em></strong></span> <span class='ocrx_word' id='word_1_392' title='bbox 1350 4680 1547 4737; x_wconf 81' lang='lat' dir='ltr'><strong><em>Eodem</em></strong></span> <span class='ocrx_word' id='word_1_393' title='bbox 1583 4683 1752 4752; x_wconf 90' lang='lat' dir='ltr'><strong><em>redit,</em></strong></span> <span class='ocrx_word' id='word_1_394' title='bbox 1800 4685 1903 4739; x_wconf 81' lang='lat' dir='ltr'><strong><em>sive</em></strong></span> <span class='ocrx_word' id='word_1_395' title='bbox 1927 4685 1972 4749; x_wconf 69' lang='grc' dir='ltr'><strong><em>(ζ</em></strong></span> <span class='ocrx_word' id='word_1_396' title='bbox 2003 4690 2257 4750; x_wconf 89' lang='lat' dir='ltr'><strong><em>totusque</em></strong></span> <span class='ocrx_word' id='word_1_397' title='bbox 2296 4690 2379 4736; x_wconf 89' lang='lat' dir='ltr'><strong><em>est</em></strong></span> <span class='ocrx_word' id='word_1_398' title='bbox 2423 4680 2475 4736; x_wconf 91' lang='lat' dir='ltr'><strong><em>in</em></strong></span> <span class='ocrx_word' id='word_1_399' title='bbox 2517 4696 2583 4737; x_wconf 88' lang='lat' dir='ltr'><strong><em>eo</em></strong></span> <span class='ocrx_word' id='word_1_400' title='bbox 2613 4691 2950 4752; x_wconf 79' lang='lat' dir='ltr'><strong><em>argumento.</em></strong></span> <span class='ocrx_word' id='word_1_401' title='bbox 2983 4682 3039 4737; x_wconf 87' lang='lat' dir='ltr'><strong><em>In</em></strong></span> <span class='ocrx_word' id='word_1_402' title='bbox 3072 4683 3309 4738; x_wconf 85' lang='lat' dir='ltr'><strong><em>secundo</em></strong></span> <span class='ocrx_word' id='word_1_403' title='bbox 3345 4685 3504 4739; x_wconf 87' lang='lat' dir='ltr'><strong><em>etiam</em></strong></span> <span class='ocrx_word' id='word_1_404' title='bbox 3534 4683 3604 4739; x_wconf 86' lang='lat' dir='ltr'><strong><em>de</em></strong></span> 
     </span>
    </p>
   </div>
   <div class='ocr_carea' id='block_1_53' title="bbox 368 4768 3605 4847">
    <p class='ocr_par' dir='ltr' id='par_1_53' title="bbox 368 4768 3605 4847">
     <span class='ocr_line' id='line_1_53' title="bbox 368 4768 3605 4847; baseline 0.002 -22"><span class='ocrx_word' id='word_1_405' title='bbox 368 4788 404 4825; x_wconf 91' lang='lat' dir='ltr'><strong><em>a</em></strong></span> <span class='ocrx_word' id='word_1_406' title='bbox 452 4768 561 4824; x_wconf 90' lang='lat' dir='ltr'><strong><em>Deo</em></strong></span> <span class='ocrx_word' id='word_1_407' title='bbox 599 4769 711 4839; x_wconf 87' lang='lat' dir='ltr'><strong><em>ipso</em></strong></span> <span class='ocrx_word' id='word_1_408' title='bbox 750 4772 1057 4836; x_wconf 83' lang='lat' dir='ltr'><strong><em>immediate,</em></strong></span> <span class='ocrx_word' id='word_1_409' title='bbox 1091 4773 1135 4827; x_wconf 87' lang='lat' dir='ltr'><strong><em>si</em></strong></span> <span class='ocrx_word' id='word_1_410' title='bbox 1164 4773 1266 4827; x_wconf 82' lang='lat' dir='ltr'><strong><em>sive</em></strong></span> <span class='ocrx_word' id='word_1_411' title='bbox 1315 4773 1481 4827; x_wconf 88' lang='lat' dir='ltr'><strong><em>media</em></strong></span> <span class='ocrx_word' id='word_1_412' title='bbox 1526 4773 1700 4845; x_wconf 86' lang='lat' dir='ltr'><strong><em>aliqua</em></strong></span> <span class='ocrx_word' id='word_1_413' title='bbox 1754 4791 1898 4830; x_wconf 90' lang='lat' dir='ltr'><strong><em>crea-</em></strong></span> <span class='ocrx_word' id='word_1_414' title='bbox 2005 4775 2391 4847; x_wconf 89' lang='lat' dir='ltr'><strong><em>prophetarum</em></strong></span> <span class='ocrx_word' id='word_1_415' title='bbox 2464 4775 2858 4845; x_wconf 87' lang='lat' dir='ltr'><strong><em>spirituumque</em></strong></span> <span class='ocrx_word' id='word_1_416' title='bbox 2928 4792 3179 4832; x_wconf 87' lang='lat' dir='ltr'><strong><em>verorum</em></strong></span> <span class='ocrx_word' id='word_1_417' title='bbox 3242 4776 3605 4847; x_wconf 79' lang='lat' dir='ltr'><strong><em>falsorumque</em></strong></span> 
     </span>
    </p>
   </div>
   <div class='ocr_carea' id='block_1_54' title="bbox 376 4865 3599 4940">
    <p class='ocr_par' dir='ltr' id='par_1_54' title="bbox 376 4865 3599 4940">
     <span class='ocr_line' id='line_1_54' title="bbox 376 4865 3599 4940; baseline 0.001 -21"><span class='ocrx_word' id='word_1_418' title='bbox 376 4875 498 4919; x_wconf 83' lang='lat' dir='ltr'><strong><em>tura</em></strong></span> <span class='ocrx_word' id='word_1_419' title='bbox 525 4866 745 4920; x_wconf 81' lang='lat' dir='ltr'><strong><em>revelata</em></strong></span> <span class='ocrx_word' id='word_1_420' title='bbox 791 4866 998 4937; x_wconf 83' lang='lat' dir='ltr'><strong><em>fuerint.</em></strong></span> <span class='ocrx_word' id='word_1_421' title='bbox 1033 4865 1156 4938; x_wconf 83' lang='lat'><strong><em>——§</em></strong></span> <span class='ocrx_word' id='word_1_422' title='bbox 1210 4867 1300 4922; x_wconf 80' lang='grc'><strong><em>52.</em></strong></span> <span class='ocrx_word' id='word_1_423' title='bbox 1350 4866 1701 4939; x_wconf 82' lang='lat' dir='ltr'><strong><em>ngotheseos</em></strong></span> <span class='ocrx_word' id='word_1_424' title='bbox 1746 4869 1900 4940; x_wconf 83' lang='lat' dir='ltr'><strong><em>hujus</em></strong></span> <span class='ocrx_word' id='word_1_425' title='bbox 2004 4867 2349 4923; x_wconf 86' lang='lat' dir='ltr'><strong><em>distinctione</em></strong></span> <span class='ocrx_word' id='word_1_426' title='bbox 2393 4867 2503 4937; x_wconf 76' lang='lat' dir='ltr'><strong><em>agit</em></strong></span> <span class='ocrx_word' id='word_1_427' title='bbox 2547 4883 2615 4922; x_wconf 80' lang='lat' dir='ltr'><strong><em>ex</em></strong></span> <span class='ocrx_word' id='word_1_428' title='bbox 2661 4867 2908 4933; x_wconf 86' lang='lat' dir='ltr'><strong><em>professo</em></strong></span> <span class='ocrx_word' id='word_1_429' title='bbox 2960 4867 3273 4939; x_wconf 83' lang='lat' dir='ltr'><strong><em>(Mandat.,</em></strong></span> <span class='ocrx_word' id='word_1_430' title='bbox 3321 4868 3405 4933; x_wconf 85' lang='grc'><strong>11,</strong></span> <span class='ocrx_word' id='word_1_431' title='bbox 3463 4869 3530 4923; x_wconf 71' lang='grc'><strong><em>12</em></strong></span> <span class='ocrx_word' id='word_1_432' title='bbox 3558 4867 3599 4940; x_wconf 92' lang='grc'><strong>).</strong></span> 
     </span>
    </p>
   </div>
   <div class='ocr_carea' id='block_1_55' title="bbox 375 4957 3605 5032">
    <p class='ocr_par' dir='ltr' id='par_1_55' title="bbox 375 4957 3605 5032">
     <span class='ocr_line' id='line_1_55' title="bbox 375 4957 3605 5032; baseline 0.002 -22"><span class='ocrx_word' id='word_1_433' title='bbox 375 4973 492 5011; x_wconf 86' lang='lat' dir='ltr'><strong><em>cum</em></strong></span> <span class='ocrx_word' id='word_1_434' title='bbox 527 4957 875 5027; x_wconf 72' lang='lat' dir='ltr'><strong><em>phatnomenis</em></strong></span> <span class='ocrx_word' id='word_1_435' title='bbox 900 4960 1164 5014; x_wconf 86' lang='lat' dir='ltr'><strong><em>consensio</em></strong></span> <span class='ocrx_word' id='word_1_436' title='bbox 1184 4961 1409 5015; x_wconf 87' lang='lat' dir='ltr'><strong><em>veritatis</em></strong></span> <span class='ocrx_word' id='word_1_437' title='bbox 1434 4972 1787 5032; x_wconf 87' lang='lat' dir='ltr'><strong><em>argumentum</em></strong></span> <span class='ocrx_word' id='word_1_438' title='bbox 1805 4974 1897 5018; x_wconf 88' lang='lat' dir='ltr'><strong><em>est.</em></strong></span> <span class='ocrx_word' id='word_1_439' title='bbox 2006 4959 2273 5027; x_wconf 78' lang='lat' dir='ltr'><strong><em>Quorsum</em></strong></span> <span class='ocrx_word' id='word_1_440' title='bbox 2332 4958 2486 5024; x_wconf 88' lang='lat' dir='ltr'><strong><em>illud,</em></strong></span> <span class='ocrx_word' id='word_1_441' title='bbox 2527 4960 2626 5014; x_wconf 89' lang='lat' dir='ltr'><strong><em>nisi</em></strong></span> <span class='ocrx_word' id='word_1_442' title='bbox 2674 4974 2924 5015; x_wconf 86' lang='lat' dir='ltr'><strong><em>verorum</em></strong></span> <span class='ocrx_word' id='word_1_443' title='bbox 2966 4975 3180 5030; x_wconf 78' lang='lat' dir='ltr'><strong><em>quoque</em></strong></span> <span class='ocrx_word' id='word_1_444' title='bbox 3223 4960 3605 5030; x_wconf 86' lang='lat' dir='ltr'><strong><em>prophetarum</em></strong></span> 
     </span>
    </p>
   </div>
   <div class='ocr_carea' id='block_1_56' title="bbox 379 5050 3607 5123">
    <p class='ocr_par' dir='ltr' id='par_1_56' title="bbox 379 5050 3607 5123">
     <span class='ocr_line' id='line_1_56' title="bbox 379 5050 3607 5123; baseline -0 -15"><span class='ocrx_word' id='word_1_445' title='bbox 379 5080 454 5092; x_wconf 89' lang='lat'><strong><em>—-</em></strong></span> <span class='ocrx_word' id='word_1_446' title='bbox 479 5052 507 5123; x_wconf 64' lang='grc' dir='ltr'>θ</span> <span class='ocrx_word' id='word_1_447' title='bbox 533 5052 623 5108; x_wconf 79' lang='grc'><strong><em>55.</em></strong></span> <span class='ocrx_word' id='word_1_448' title='bbox 653 5050 737 5108; x_wconf 70' lang='lat' dir='ltr'><strong><em>Ex</em></strong></span> <span class='ocrx_word' id='word_1_449' title='bbox 763 5053 980 5107; x_wconf 90' lang='lat' dir='ltr'><strong><em>aliarum</em></strong></span> <span class='ocrx_word' id='word_1_450' title='bbox 1011 5053 1398 5123; x_wconf 85' lang='lat' dir='ltr'><strong><em>prophetiarum</em></strong></span> <span class='ocrx_word' id='word_1_451' title='bbox 1453 5055 1555 5123; x_wconf 81' lang='lat' dir='ltr'><strong><em>ﬁde</em></strong></span> <span class='ocrx_word' id='word_1_452' title='bbox 1599 5065 1655 5110; x_wconf 91' lang='lat' dir='ltr'><strong><em>ut</em></strong></span> <span class='ocrx_word' id='word_1_453' title='bbox 1684 5056 1904 5109; x_wconf 89' lang='lat' dir='ltr'><strong><em>aliarum</em></strong></span> <span class='ocrx_word' id='word_1_454' title='bbox 2008 5050 2149 5107; x_wconf 87' lang='lat' dir='ltr'><strong><em>dona</em></strong></span> <span class='ocrx_word' id='word_1_455' title='bbox 2193 5065 2433 5117; x_wconf 77' lang='lat' dir='ltr'><strong><em>eousque</em></strong></span> <span class='ocrx_word' id='word_1_456' title='bbox 2463 5051 2515 5105; x_wconf 91' lang='lat' dir='ltr'><strong><em>in</em></strong></span> <span class='ocrx_word' id='word_1_457' title='bbox 2551 5050 2791 5106; x_wconf 82' lang='lat' dir='ltr'><strong><em>Ecclesia</em></strong></span> <span class='ocrx_word' id='word_1_458' title='bbox 2840 5052 3202 5121; x_wconf 87' lang='lat' dir='ltr'><strong><em>permansisse</em></strong></span> <span class='ocrx_word' id='word_1_459' title='bbox 3247 5053 3607 5123; x_wconf 77' lang='lat' dir='ltr'><strong><em>credidisset?</em></strong></span> 
     </span>
    </p>
   </div>
   <div class='ocr_carea' id='block_1_57' title="bbox 380 5141 3609 5218">
    <p class='ocr_par' dir='ltr' id='par_1_57' title="bbox 380 5141 3609 5218">
     <span class='ocr_line' id='line_1_57' title="bbox 380 5141 3609 5218; baseline 0.002 -24"><span class='ocrx_word' id='word_1_460' title='bbox 380 5141 543 5212; x_wconf 83' lang='lat' dir='ltr'><strong><em>ﬁdem</em></strong></span> <span class='ocrx_word' id='word_1_461' title='bbox 577 5143 939 5199; x_wconf 73' lang='lat' dir='ltr'><strong><em>adstruxerim.</em></strong></span> <span class='ocrx_word' id='word_1_462' title='bbox 962 5175 1033 5185; x_wconf 90' lang='lat'><strong><em>——</em></strong></span> <span class='ocrx_word' id='word_1_463' title='bbox 1062 5144 1091 5217; x_wconf 84' lang='lat'><strong>§</strong></span> <span class='ocrx_word' id='word_1_464' title='bbox 1120 5148 1208 5201; x_wconf 70' lang='grc'><strong><em>51.</em></strong></span> <span class='ocrx_word' id='word_1_465' title='bbox 1262 5144 1504 5200; x_wconf 83' lang='lat' dir='ltr'><strong><em>Verorum</em></strong></span> <span class='ocrx_word' id='word_1_466' title='bbox 1543 5147 1906 5218; x_wconf 84' lang='lat' dir='ltr'><strong><em>prophetarum</em></strong></span> <span class='ocrx_word' id='word_1_467' title='bbox 2015 5145 2168 5200; x_wconf 85' lang='lat' dir='ltr'><strong><em>Hunc</em></strong></span> <span class='ocrx_word' id='word_1_468' title='bbox 2199 5143 2510 5199; x_wconf 88' lang='lat' dir='ltr'><strong><em>Blondellus</em></strong></span> <span class='ocrx_word' id='word_1_469' title='bbox 2543 5143 2805 5198; x_wconf 87' lang='lat' dir='ltr'><strong><em>larvatum</em></strong></span> <span class='ocrx_word' id='word_1_470' title='bbox 2838 5142 3150 5213; x_wconf 81' lang='lat' dir='ltr'><strong><em>prOphetam</em></strong></span> <span class='ocrx_word' id='word_1_471' title='bbox 3198 5147 3609 5200; x_wconf 84' lang='lat' dir='ltr'><strong><em>somniatorem-</em></strong></span> 
     </span>
    </p>
   </div>
   <div class='ocr_carea' id='block_1_58' title="bbox 383 5235 3611 5311">
    <p class='ocr_par' dir='ltr' id='par_1_58' title="bbox 383 5235 3611 5311">
     <span class='ocr_line' id='line_1_58' title="bbox 383 5235 3611 5311; baseline 0 -20"><span class='ocrx_word' id='word_1_472' title='bbox 383 5235 565 5291; x_wconf 88' lang='lat' dir='ltr'><strong><em>omnia</em></strong></span> <span class='ocrx_word' id='word_1_473' title='bbox 585 5253 680 5292; x_wconf 85' lang='lat' dir='ltr'><strong><em>non</em></strong></span> <span class='ocrx_word' id='word_1_474' title='bbox 701 5242 908 5311; x_wconf 80' lang='lat' dir='ltr'><strong><em>fuerunt</em></strong></span> <span class='ocrx_word' id='word_1_475' title='bbox 934 5239 1372 5311; x_wconf 81' lang='lat' dir='ltr'><strong><em>prophetica.—§</em></strong></span> <span class='ocrx_word' id='word_1_476' title='bbox 1400 5240 1489 5303; x_wconf 81' lang='grc'><strong>55,</strong></span> <span class='ocrx_word' id='word_1_477' title='bbox 1520 5240 1609 5307; x_wconf 83' lang='grc'><strong><em>56,</em></strong></span> <span class='ocrx_word' id='word_1_478' title='bbox 1627 5241 1717 5295; x_wconf 87' lang='grc'><strong>5⁸7.</strong></span> <span class='ocrx_word' id='word_1_479' title='bbox 1743 5240 1912 5309; x_wconf 84' lang='lat' dir='ltr'><strong><em>Aliqui</em></strong></span> <span class='ocrx_word' id='word_1_480' title='bbox 2018 5255 2123 5309; x_wconf 82' lang='lat' dir='ltr'><strong><em>quc</em></strong></span> <span class='ocrx_word' id='word_1_481' title='bbox 2161 5238 2424 5308; x_wconf 86' lang='lat' dir='ltr'><strong><em>appellat,</em></strong></span> <span class='ocrx_word' id='word_1_482' title='bbox 2473 5236 2969 5292; x_wconf 80' lang='lat' dir='ltr'><strong><em>mantauisticarum</em></strong></span> <span class='ocrx_word' id='word_1_483' title='bbox 3009 5238 3449 5306; x_wconf 70' lang='lat' dir='ltr'><strong><em>superstitionum</em></strong></span> <span class='ocrx_word' id='word_1_484' title='bbox 3488 5253 3611 5304; x_wconf 73' lang='lat' dir='ltr'><strong><em>gur-</em></strong></span> 
     </span>
    </p>
   </div>
   <div class='ocr_carea' id='block_1_59' title="bbox 379 5326 3612 5404">
    <p class='ocr_par' dir='ltr' id='par_1_59' title="bbox 379 5326 3612 5404">
     <span class='ocr_line' id='line_1_59' title="bbox 379 5326 3612 5404; baseline 0 -21"><span class='ocrx_word' id='word_1_485' title='bbox 379 5327 744 5400; x_wconf 84' lang='lat' dir='ltr'><strong><em>prophetarum</em></strong></span> <span class='ocrx_word' id='word_1_486' title='bbox 769 5346 962 5385; x_wconf 90' lang='lat' dir='ltr'><strong><em>errores</em></strong></span> <span class='ocrx_word' id='word_1_487' title='bbox 997 5346 1112 5385; x_wconf 87' lang='lat' dir='ltr'><strong><em>cum</em></strong></span> <span class='ocrx_word' id='word_1_488' title='bbox 1152 5347 1268 5385; x_wconf 84' lang='lat' dir='ltr'><strong><em>vera</em></strong></span> <span class='ocrx_word' id='word_1_489' title='bbox 1300 5331 1565 5401; x_wconf 86' lang='lat' dir='ltr'><strong><em>praphetia</em></strong></span> <span class='ocrx_word' id='word_1_490' title='bbox 1613 5334 1911 5403; x_wconf 85' lang='lat' dir='ltr'><strong><em>consistunt,</em></strong></span> <span class='ocrx_word' id='word_1_491' title='bbox 2016 5333 2175 5403; x_wconf 78' lang='lat' dir='ltr'><strong><em>gitem</em></strong></span> <span class='ocrx_word' id='word_1_492' title='bbox 2205 5331 2446 5404; x_wconf 86' lang='lat' dir='ltr'><strong><em>(Apolog.</em></strong></span> <span class='ocrx_word' id='word_1_493' title='bbox 2472 5346 2564 5402; x_wconf 89' lang='lat' dir='ltr'><strong><em>pro</em></strong></span> <span class='ocrx_word' id='word_1_494' title='bbox 2591 5330 2735 5384; x_wconf 87' lang='lat' dir='ltr'><strong><em>Sent.</em></strong></span> <span class='ocrx_word' id='word_1_495' title='bbox 2772 5326 3097 5399; x_wconf 81' lang='lat' dir='ltr'><strong><em>Hieronym.,</em></strong></span> <span class='ocrx_word' id='word_1_496' title='bbox 3124 5348 3177 5400; x_wconf 90' lang='lat' dir='ltr'><strong><em>p.</em></strong></span> <span class='ocrx_word' id='word_1_497' title='bbox 3208 5330 3297 5393; x_wconf 81' lang='grc'><strong><em>16,</em></strong></span> <span class='ocrx_word' id='word_1_498' title='bbox 3332 5330 3442 5400; x_wconf 90' lang='grc'><strong>17).</strong></span> <span class='ocrx_word' id='word_1_499' title='bbox 3465 5330 3612 5386; x_wconf 82' lang='lat' dir='ltr'><strong><em>Idem</em></strong></span> 
     </span>
    </p>
   </div>
   <div class='ocr_carea' id='block_1_60' title="bbox 378 5421 3617 5496">
    <p class='ocr_par' dir='ltr' id='par_1_60' title="bbox 378 5421 3617 5496">
     <span class='ocr_line' id='line_1_60' title="bbox 378 5421 3617 5496; baseline 0 -18"><span class='ocrx_word' id='word_1_500' title='bbox 378 5433 429 5478; x_wconf 88' lang='lat' dir='ltr'><strong><em>et</em></strong></span> <span class='ocrx_word' id='word_1_501' title='bbox 472 5423 683 5495; x_wconf 85' lang='lat' dir='ltr'><strong><em>quinam</em></strong></span> <span class='ocrx_word' id='word_1_502' title='bbox 708 5424 807 5479; x_wconf 82' lang='lat' dir='ltr'><strong><em>illi.</em></strong></span> <span class='ocrx_word' id='word_1_503' title='bbox 833 5424 961 5496; x_wconf 84' lang='lat'><strong><em>—-§</em></strong></span> <span class='ocrx_word' id='word_1_504' title='bbox 995 5426 1083 5480; x_wconf 88' lang='grc'><strong><em>58.</em></strong></span> <span class='ocrx_word' id='word_1_505' title='bbox 1115 5423 1407 5493; x_wconf 77' lang='lat' dir='ltr'><strong><em>Prophetia:</em></strong></span> <span class='ocrx_word' id='word_1_506' title='bbox 1449 5426 1630 5480; x_wconf 82' lang='lat' dir='ltr'><strong><em>veritas</em></strong></span> <span class='ocrx_word' id='word_1_507' title='bbox 1675 5443 1737 5481; x_wconf 75' lang='lat' dir='ltr'><strong><em>ex</em></strong></span> <span class='ocrx_word' id='word_1_508' title='bbox 1778 5445 1915 5482; x_wconf 85' lang='lat' dir='ltr'><strong><em>com-</em></strong></span> <span class='ocrx_word' id='word_1_509' title='bbox 2024 5434 2200 5480; x_wconf 85' lang='lat' dir='ltr'><strong><em>tamen</em></strong></span> <span class='ocrx_word' id='word_1_510' title='bbox 2232 5423 2430 5478; x_wconf 90' lang='lat' dir='ltr'><strong><em>ibidem</em></strong></span> <span class='ocrx_word' id='word_1_511' title='bbox 2471 5432 2679 5492; x_wconf 90' lang='lat' dir='ltr'><strong><em>patrum</em></strong></span> <span class='ocrx_word' id='word_1_512' title='bbox 2708 5421 2868 5478; x_wconf 75' lang='lat' dir='ltr'><strong><em>aliter</em></strong></span> <span class='ocrx_word' id='word_1_513' title='bbox 2902 5423 3249 5478; x_wconf 88' lang='lat' dir='ltr'><strong><em>sentientium</em></strong></span> <span class='ocrx_word' id='word_1_514' title='bbox 3298 5424 3471 5495; x_wconf 82' lang='lat' dir='ltr'><strong><em>elogia</em></strong></span> <span class='ocrx_word' id='word_1_515' title='bbox 3521 5438 3617 5493; x_wconf 90' lang='lat' dir='ltr'><strong><em>pro</em></strong></span> 
     </span>
    </p>
   </div>
   <div class='ocr_carea' id='block_1_61' title="bbox 380 5514 3618 5589">
    <p class='ocr_par' dir='ltr' id='par_1_61' title="bbox 380 5514 3618 5589">
     <span class='ocr_line' id='line_1_61' title="bbox 380 5514 3618 5589; baseline 0 -20"><span class='ocrx_word' id='word_1_516' title='bbox 380 5514 643 5571; x_wconf 79' lang='lat' dir='ltr'><strong><em>ntunionis</em></strong></span> <span class='ocrx_word' id='word_1_517' title='bbox 670 5516 753 5571; x_wconf 89' lang='lat' dir='ltr'><strong><em>cui</em></strong></span> <span class='ocrx_word' id='word_1_518' title='bbox 777 5532 831 5570; x_wconf 91' lang='lat' dir='ltr'><strong><em>se</em></strong></span> <span class='ocrx_word' id='word_1_519' title='bbox 857 5517 1159 5586; x_wconf 74' lang='lat' dir='ltr'><strong><em>adjunxerat</em></strong></span> <span class='ocrx_word' id='word_1_520' title='bbox 1189 5516 1456 5587; x_wconf 85' lang='lat' dir='ltr'><strong><em>propheta,</em></strong></span> <span class='ocrx_word' id='word_1_521' title='bbox 1486 5516 1681 5572; x_wconf 87' lang='lat' dir='ltr'><strong><em>unitate</em></strong></span> <span class='ocrx_word' id='word_1_522' title='bbox 1706 5519 1918 5589; x_wconf 86' lang='lat' dir='ltr'><strong><em>probata</em></strong></span> <span class='ocrx_word' id='word_1_523' title='bbox 2024 5534 2173 5576; x_wconf 86' lang='lat' dir='ltr'><strong><em>more</em></strong></span> <span class='ocrx_word' id='word_1_524' title='bbox 2220 5533 2318 5574; x_wconf 90' lang='lat' dir='ltr'><strong><em>suo</em></strong></span> <span class='ocrx_word' id='word_1_525' title='bbox 2362 5516 2701 5573; x_wconf 85' lang='lat' dir='ltr'><strong><em>coacervavit</em></strong></span> <span class='ocrx_word' id='word_1_526' title='bbox 2730 5514 3020 5572; x_wconf 82' lang='lat' dir='ltr'><strong><em>admodum</em></strong></span> <span class='ocrx_word' id='word_1_527' title='bbox 3063 5516 3380 5580; x_wconf 75' lang='lat' dir='ltr'><strong><em>honorifica,</em></strong></span> <span class='ocrx_word' id='word_1_528' title='bbox 3422 5525 3473 5569; x_wconf 89' lang='lat' dir='ltr'><strong><em>et</em></strong></span> <span class='ocrx_word' id='word_1_529' title='bbox 3501 5516 3618 5585; x_wconf 84' lang='lat' dir='ltr'><strong><em>qui-</em></strong></span> 
     </span>
    </p>
   </div>
   <div class='ocr_carea' id='block_1_62' title="bbox 386 5605 3619 5682">
    <p class='ocr_par' dir='ltr' id='par_1_62' title="bbox 386 5605 3619 5682">
     <span class='ocr_line' id='line_1_62' title="bbox 386 5605 3619 5682; baseline -0.001 -19"><span class='ocrx_word' id='word_1_530' title='bbox 386 5614 485 5663; x_wconf 84' lang='lat' dir='ltr'><strong><em>est.</em></strong></span> <span class='ocrx_word' id='word_1_531' title='bbox 526 5637 600 5649; x_wconf 90' lang='lat'><strong>-</strong></span> <span class='ocrx_word' id='word_1_532' title='bbox 644 5605 674 5678; x_wconf 63' lang='grc' dir='ltr'>ᾗ</span> <span class='ocrx_word' id='word_1_533' title='bbox 718 5606 809 5664; x_wconf 81' lang='grc'><strong><em>59.</em></strong></span> <span class='ocrx_word' id='word_1_534' title='bbox 859 5608 1085 5676; x_wconf 78' lang='lat' dir='ltr'><strong><em>Quorum</em></strong></span> <span class='ocrx_word' id='word_1_535' title='bbox 1154 5608 1435 5682; x_wconf 80' lang='lat' dir='ltr'><strong><em>prophetia:</em></strong></span> <span class='ocrx_word' id='word_1_536' title='bbox 1487 5625 1659 5665; x_wconf 89' lang='lat' dir='ltr'><strong><em>omnes</em></strong></span> <span class='ocrx_word' id='word_1_537' title='bbox 1705 5612 1921 5682; x_wconf 79' lang='lat' dir='ltr'><strong><em>fuissent</em></strong></span> <span class='ocrx_word' id='word_1_538' title='bbox 2027 5614 2149 5672; x_wconf 87' lang='lat' dir='ltr'><strong><em>dem</em></strong></span> <span class='ocrx_word' id='word_1_539' title='bbox 2195 5629 2225 5668; x_wconf 89' lang='lat' dir='ltr'><strong><em>a</em></strong></span> <span class='ocrx_word' id='word_1_540' title='bbox 2287 5608 2680 5668; x_wconf 85' lang='lat' dir='ltr'><strong><em>montanisticis</em></strong></span> <span class='ocrx_word' id='word_1_541' title='bbox 2740 5608 3213 5681; x_wconf 86' lang='lat' dir='ltr'><strong><em>superstitionibus</em></strong></span> <span class='ocrx_word' id='word_1_542' title='bbox 3263 5606 3619 5662; x_wconf 82' lang='lat' dir='ltr'><strong><em>alienissimo-</em></strong></span> 
     </span>
    </p>
   </div>
   <div class='ocr_carea' id='block_1_63' title="bbox 380 5697 3621 5771">
    <p class='ocr_par' dir='ltr' id='par_1_63' title="bbox 380 5697 3621 5771">
     <span class='ocr_line' id='line_1_63' title="bbox 380 5697 3621 5771; baseline -0.002 -11"><span class='ocrx_word' id='word_1_543' title='bbox 380 5701 644 5769; x_wconf 75' lang='lat' dir='ltr'><strong><em>obscnrte,</em></strong></span> <span class='ocrx_word' id='word_1_544' title='bbox 675 5717 850 5756; x_wconf 86' lang='lat' dir='ltr'><strong><em>eorum</em></strong></span> <span class='ocrx_word' id='word_1_545' title='bbox 880 5701 1010 5771; x_wconf 84' lang='lat' dir='ltr'><strong><em>ﬁdes</em></strong></span> <span class='ocrx_word' id='word_1_546' title='bbox 1036 5701 1183 5758; x_wconf 86' lang='lat' dir='ltr'><strong><em>aliter</em></strong></span> <span class='ocrx_word' id='word_1_547' title='bbox 1204 5701 1304 5760; x_wconf 85' lang='lat' dir='ltr'><strong><em>nisi</em></strong></span> <span class='ocrx_word' id='word_1_548' title='bbox 1328 5718 1393 5758; x_wconf 77' lang='lat' dir='ltr'><strong><em>ea:</em></strong></span> <span class='ocrx_word' id='word_1_549' title='bbox 1413 5704 1781 5760; x_wconf 85' lang='lat' dir='ltr'><strong><em>communionis</em></strong></span> <span class='ocrx_word' id='word_1_550' title='bbox 1805 5705 1922 5761; x_wconf 87' lang='lat' dir='ltr'><strong><em>uni-</em></strong></span> <span class='ocrx_word' id='word_1_551' title='bbox 2030 5721 2169 5764; x_wconf 84' lang='lat' dir='ltr'><strong><em>rum.</em></strong></span> <span class='ocrx_word' id='word_1_552' title='bbox 2214 5704 2290 5761; x_wconf 81' lang='lat' dir='ltr'><strong><em>Ita</em></strong></span> <span class='ocrx_word' id='word_1_553' title='bbox 2327 5701 2459 5759; x_wconf 89' lang='lat' dir='ltr'><strong><em>nihil</em></strong></span> <span class='ocrx_word' id='word_1_554' title='bbox 2487 5702 2540 5758; x_wconf 90' lang='lat' dir='ltr'><strong><em>in</em></strong></span> <span class='ocrx_word' id='word_1_555' title='bbox 2570 5715 2636 5759; x_wconf 87' lang='lat' dir='ltr'><strong><em>eo</em></strong></span> <span class='ocrx_word' id='word_1_556' title='bbox 2677 5700 3113 5759; x_wconf 85' lang='lat' dir='ltr'><strong><em>moutauisticum</em></strong></span> <span class='ocrx_word' id='word_1_557' title='bbox 3162 5697 3403 5769; x_wconf 85' lang='lat' dir='ltr'><strong><em>reperire</em></strong></span> <span class='ocrx_word' id='word_1_558' title='bbox 3433 5708 3621 5769; x_wconf 81' lang='lat' dir='ltr'><strong><em>potuc-</em></strong></span> 
     </span>
    </p>
   </div>
   <div class='ocr_carea' id='block_1_64' title="bbox 636 5794 3194 5862">
    <p class='ocr_par' dir='ltr' id='par_1_64' title="bbox 636 5794 3194 5862">
     <span class='ocr_line' id='line_1_64' title="bbox 636 5794 3194 5862; baseline -0.003 -1"><span class='ocrx_word' id='word_1_559' title='bbox 636 5795 913 5862; x_wconf 69' lang='lat' dir='ltr'><strong><em>Psruos.</em></strong></span> <span class='ocrx_word' id='word_1_560' title='bbox 953 5794 1029 5858; x_wconf 88' lang='lat' dir='ltr'><strong><em>V.</em></strong></span> <span class='ocrx_word' id='word_1_561' title='bbox 3138 5794 3194 5855; x_wconf 86' lang='lat'><strong><em>1.</em></strong></span> 
     </span>
    </p>
   </div>
   <div class='ocr_carea' id='block_1_65' title="bbox 349 2364 1875 2439">
    <p class='ocr_par' dir='ltr' id='par_1_65' title="bbox 349 2364 1875 2439">
     <span class='ocr_line' id='line_1_65' title="bbox 349 2364 1875 2439; baseline -0.003 -17"><span class='ocrx_word' id='word_1_562' title='bbox 349 2364 622 2431; x_wconf 83' lang='lat' dir='ltr'><strong><em>Sardensi,</em></strong></span> <span class='ocrx_word' id='word_1_563' title='bbox 634 2366 930 2421; x_wconf 70' lang='lat' dir='ltr'><strong><em>Alexandro</em></strong></span> <span class='ocrx_word' id='word_1_564' title='bbox 951 2365 1179 2439; x_wconf 80' lang='lat' dir='ltr'><strong><em>Phryge,</em></strong></span> <span class='ocrx_word' id='word_1_565' title='bbox 1205 2366 1399 2431; x_wconf 85' lang='lat' dir='ltr'><strong><em>Attalo,</em></strong></span> <span class='ocrx_word' id='word_1_566' title='bbox 1424 2367 1738 2438; x_wconf 86' lang='lat' dir='ltr'><strong><em>aliisque.—-</em></strong></span> <span class='ocrx_word' id='word_1_567' title='bbox 1762 2365 1790 2437; x_wconf 86' lang='lat'>§</span> <span class='ocrx_word' id='word_1_568' title='bbox 1820 2366 1875 2419; x_wconf 90' lang='lat'><strong><em>7.</em></strong></span> 
     </span>
    </p>
   </div>
   <div class='ocr_carea' id='block_1_66' title="bbox 351 2456 1879 2530">
    <p class='ocr_par' dir='ltr' id='par_1_66' title="bbox 351 2456 1879 2530">
     <span class='ocr_line' id='line_1_66' title="bbox 351 2456 1879 2530; baseline 0 -19"><span class='ocrx_word' id='word_1_569' title='bbox 351 2456 577 2513; x_wconf 76' lang='lat' dir='ltr'><strong><em>Irentco.</em></strong></span> <span class='ocrx_word' id='word_1_570' title='bbox 601 2457 722 2530; x_wconf 63' lang='grc' dir='ltr'><strong><em>-ς</em></strong></span> <span class='ocrx_word' id='word_1_571' title='bbox 755 2459 809 2514; x_wconf 92' lang='grc'><strong>8.</strong></span> <span class='ocrx_word' id='word_1_572' title='bbox 835 2456 1095 2529; x_wconf 84' lang='lat' dir='ltr'><strong><em>Perpetua</em></strong></span> <span class='ocrx_word' id='word_1_573' title='bbox 1115 2468 1160 2512; x_wconf 90' lang='lat' dir='ltr'><strong><em>et</em></strong></span> <span class='ocrx_word' id='word_1_574' title='bbox 1184 2459 1398 2514; x_wconf 86' lang='lat' dir='ltr'><strong><em>Saturo.</em></strong></span> <span class='ocrx_word' id='word_1_575' title='bbox 1426 2458 1551 2514; x_wconf 85' lang='lat' dir='ltr'><strong><em>Non</em></strong></span> <span class='ocrx_word' id='word_1_576' title='bbox 1583 2460 1740 2524; x_wconf 80' lang='lat' dir='ltr'><strong><em>fuisse</em></strong></span> <span class='ocrx_word' id='word_1_577' title='bbox 1761 2459 1879 2512; x_wconf 91' lang='lat' dir='ltr'><strong><em>illos</em></strong></span> 
     </span>
    </p>
   </div>
   <div class='ocr_carea' id='block_1_67' title="bbox 352 2550 1881 2623">
    <p class='ocr_par' dir='ltr' id='par_1_67' title="bbox 352 2550 1881 2623">
     <span class='ocr_line' id='line_1_67' title="bbox 352 2550 1881 2623; baseline -0.001 -18"><span class='ocrx_word' id='word_1_578' title='bbox 352 2550 718 2607; x_wconf 75' lang='lat' dir='ltr'><strong><em>Montanistas.</em></strong></span> <span class='ocrx_word' id='word_1_579' title='bbox 736 2582 809 2593; x_wconf 93' lang='lat'><strong><em>—-</em></strong></span> <span class='ocrx_word' id='word_1_580' title='bbox 829 2553 858 2623; x_wconf 61' lang='grc' dir='ltr'>ᾗ</span> <span class='ocrx_word' id='word_1_581' title='bbox 877 2554 930 2608; x_wconf 84' lang='grc'><strong>9.</strong></span> <span class='ocrx_word' id='word_1_582' title='bbox 958 2550 1147 2607; x_wconf 82' lang='lat' dir='ltr'><strong><em>Verum</em></strong></span> <span class='ocrx_word' id='word_1_583' title='bbox 1176 2569 1277 2607; x_wconf 91' lang='lat' dir='ltr'><strong><em>non</em></strong></span> <span class='ocrx_word' id='word_1_584' title='bbox 1301 2562 1395 2615; x_wconf 89' lang='lat' dir='ltr'><strong><em>est,</em></strong></span> <span class='ocrx_word' id='word_1_585' title='bbox 1410 2553 1645 2606; x_wconf 87' lang='lat' dir='ltr'><strong><em>relictum</em></strong></span> <span class='ocrx_word' id='word_1_586' title='bbox 1674 2551 1881 2606; x_wconf 78' lang='lat' dir='ltr'><strong><em>Monta-</em></strong></span> 
     </span>
    </p>
   </div>
   <div class='ocr_carea' id='block_1_68' title="bbox 350 2642 1880 2713">
    <p class='ocr_par' dir='ltr' id='par_1_68' title="bbox 350 2642 1880 2713">
     <span class='ocr_line' id='line_1_68' title="bbox 350 2642 1880 2713; baseline 0 -16"><span class='ocrx_word' id='word_1_587' title='bbox 350 2643 506 2697; x_wconf 80' lang='lat' dir='ltr'><strong><em>nistis</em></strong></span> <span class='ocrx_word' id='word_1_588' title='bbox 526 2642 590 2696; x_wconf 87' lang='lat' dir='ltr'><strong><em>ab</em></strong></span> <span class='ocrx_word' id='word_1_589' title='bbox 608 2642 835 2696; x_wconf 81' lang='lat' dir='ltr'><strong><em>Ecclesia</em></strong></span> <span class='ocrx_word' id='word_1_590' title='bbox 864 2643 1245 2712; x_wconf 81' lang='lat' dir='ltr'><strong><em>prOphetiarum</em></strong></span> <span class='ocrx_word' id='word_1_591' title='bbox 1267 2643 1424 2713; x_wconf 85' lang='lat' dir='ltr'><strong><em>[uisse</em></strong></span> <span class='ocrx_word' id='word_1_592' title='bbox 1463 2652 1785 2713; x_wconf 63' lang='lat' dir='ltr'><strong><em>praetextum.</em></strong></span> <span class='ocrx_word' id='word_1_593' title='bbox 1808 2674 1880 2685; x_wconf 91' lang='lat'><strong><em>—</em></strong></span> 
     </span>
    </p>
   </div>
   <div class='ocr_carea' id='block_1_69' title="bbox 357 2733 1883 2807">
    <p class='ocr_par' dir='ltr' id='par_1_69' title="bbox 357 2733 1883 2807">
     <span class='ocr_line' id='line_1_69' title="bbox 357 2733 1883 2807; baseline 0.001 -18"><span class='ocrx_word' id='word_1_594' title='bbox 357 2735 389 2805; x_wconf 83' lang='lat'>§</span> <span class='ocrx_word' id='word_1_595' title='bbox 417 2736 502 2791; x_wconf 82' lang='grc'><strong>10.</strong></span> <span class='ocrx_word' id='word_1_596' title='bbox 542 2733 731 2788; x_wconf 78' lang='lat' dir='ltr'><strong><em>Contra</em></strong></span> <span class='ocrx_word' id='word_1_597' title='bbox 756 2744 870 2801; x_wconf 88' lang='lat' dir='ltr'><strong><em>post</em></strong></span> <span class='ocrx_word' id='word_1_598' title='bbox 905 2736 1177 2805; x_wconf 89' lang='lat' dir='ltr'><strong><em>imperium</em></strong></span> <span class='ocrx_word' id='word_1_599' title='bbox 1215 2733 1516 2801; x_wconf 88' lang='lat' dir='ltr'><strong><em>Commodi,</em></strong></span> <span class='ocrx_word' id='word_1_600' title='bbox 1547 2751 1605 2789; x_wconf 92' lang='lat' dir='ltr'><strong><em>eo</em></strong></span> <span class='ocrx_word' id='word_1_601' title='bbox 1641 2736 1753 2807; x_wconf 91' lang='lat' dir='ltr'><strong><em>ipso</em></strong></span> <span class='ocrx_word' id='word_1_602' title='bbox 1793 2753 1883 2791; x_wconf 85' lang='lat' dir='ltr'><strong><em>ar-</em></strong></span> 
     </span>
    </p>
   </div>
   <div class='ocr_carea' id='block_1_70' title="bbox 350 2918 1878 2991">
    <p class='ocr_par' dir='ltr' id='par_1_70' title="bbox 350 2918 1878 2991">
     <span class='ocr_line' id='line_1_70' title="bbox 350 2918 1878 2991; baseline 0.003 -21"><span class='ocrx_word' id='word_1_603' title='bbox 350 2918 476 2980; x_wconf 88' lang='lat' dir='ltr'><strong><em>lici,</em></strong></span> <span class='ocrx_word' id='word_1_604' title='bbox 499 2918 635 2987; x_wconf 85' lang='lat' dir='ltr'><strong><em>quod</em></strong></span> <span class='ocrx_word' id='word_1_605' title='bbox 670 2934 800 2974; x_wconf 76' lang='lat' dir='ltr'><strong><em>vera:</em></strong></span> <span class='ocrx_word' id='word_1_606' title='bbox 825 2920 1111 2991; x_wconf 71' lang='lat' dir='ltr'><strong><em>praphetiaz</em></strong></span> <span class='ocrx_word' id='word_1_607' title='bbox 1152 2922 1342 2975; x_wconf 81' lang='lat' dir='ltr'><strong><em>donum</em></strong></span> <span class='ocrx_word' id='word_1_608' title='bbox 1380 2922 1435 2975; x_wconf 90' lang='lat' dir='ltr'><strong><em>in</em></strong></span> <span class='ocrx_word' id='word_1_609' title='bbox 1473 2920 1702 2977; x_wconf 84' lang='lat' dir='ltr'><strong><em>Ecclesia</em></strong></span> <span class='ocrx_word' id='word_1_610' title='bbox 1745 2920 1878 2976; x_wconf 82' lang='lat' dir='ltr'><strong><em>Per-</em></strong></span> 
     </span>
    </p>
   </div>
   <div class='ocr_carea' id='block_1_71' title="bbox 367 3748 1888 3822">
    <p class='ocr_par' dir='ltr' id='par_1_71' title="bbox 367 3748 1888 3822">
     <span class='ocr_line' id='line_1_71' title="bbox 367 3748 1888 3822; baseline 0.005 -19"><span class='ocrx_word' id='word_1_611' title='bbox 367 3748 597 3820; x_wconf 80' lang='lat' dir='ltr'><strong><em>Dionysii</em></strong></span> <span class='ocrx_word' id='word_1_612' title='bbox 640 3749 995 3804; x_wconf 69' lang='lat' dir='ltr'><strong><em>Alexandrini.</em></strong></span> <span class='ocrx_word' id='word_1_613' title='bbox 1027 3750 1149 3822; x_wconf 63' lang='grc' dir='ltr'>-θ</span> <span class='ocrx_word' id='word_1_614' title='bbox 1186 3752 1270 3814; x_wconf 89' lang='grc'><strong><em>18,</em></strong></span> <span class='ocrx_word' id='word_1_615' title='bbox 1319 3752 1407 3816; x_wconf 84' lang='grc'><strong><em>19,</em></strong></span> <span class='ocrx_word' id='word_1_616' title='bbox 1445 3751 1535 3817; x_wconf 88' lang='lat'><strong><em>20,</em></strong></span> <span class='ocrx_word' id='word_1_617' title='bbox 1574 3753 1662 3809; x_wconf 87' lang='grc'><strong><em>21.</em></strong></span> <span class='ocrx_word' id='word_1_618' title='bbox 1720 3754 1888 3810; x_wconf 75' lang='lat' dir='ltr'><strong><em>Visio~</em></strong></span> 
     </span>
    </p>
   </div>
   <div class='ocr_carea' id='block_1_72' title="bbox 362 3841 1891 3921">
    <p class='ocr_par' dir='ltr' id='par_1_72' title="bbox 362 3841 1891 3921">
     <span class='ocr_line' id='line_1_72' title="bbox 362 3841 1891 3921; baseline 0.005 -24"><span class='ocrx_word' id='word_1_619' title='bbox 362 3859 453 3898; x_wconf 87' lang='lat' dir='ltr'><strong><em>nes</em></strong></span> <span class='ocrx_word' id='word_1_620' title='bbox 484 3843 644 3913; x_wconf 87' lang='lat' dir='ltr'><strong><em>ipsius</em></strong></span> <span class='ocrx_word' id='word_1_621' title='bbox 689 3841 956 3914; x_wconf 86' lang='lat' dir='ltr'><strong><em>Cypriani.</em></strong></span> <span class='ocrx_word' id='word_1_622' title='bbox 1003 3843 1130 3915; x_wconf 66' lang='grc' dir='ltr'><strong><em>-ς</em></strong></span> <span class='ocrx_word' id='word_1_623' title='bbox 1183 3844 1274 3899; x_wconf 86' lang='grc'><strong><em>22.</em></strong></span> <span class='ocrx_word' id='word_1_624' title='bbox 1326 3843 1464 3901; x_wconf 87' lang='lat' dir='ltr'><strong><em>Visio</em></strong></span> <span class='ocrx_word' id='word_1_625' title='bbox 1494 3845 1600 3900; x_wconf 85' lang='lat' dir='ltr'><strong><em>alia</em></strong></span> <span class='ocrx_word' id='word_1_626' title='bbox 1657 3846 1891 3921; x_wconf 84' lang='lat' dir='ltr'><strong><em>Dionysii</em></strong></span> 
     </span>
    </p>
   </div>
   <div class='ocr_carea' id='block_1_73' title="bbox 362 3933 1888 4010">
    <p class='ocr_par' dir='ltr' id='par_1_73' title="bbox 362 3933 1888 4010">
     <span class='ocr_line' id='line_1_73' title="bbox 362 3933 1888 4010; baseline 0.004 -21"><span class='ocrx_word' id='word_1_627' title='bbox 362 3933 943 4006; x_wconf 74' lang='lat' dir='ltr'><strong><em>Alexandrini.—§25.</em></strong></span> <span class='ocrx_word' id='word_1_628' title='bbox 978 3933 1204 3991; x_wconf 84' lang='lat' dir='ltr'><strong><em>Visiones</em></strong></span> <span class='ocrx_word' id='word_1_629' title='bbox 1230 3938 1402 4008; x_wconf 88' lang='lat' dir='ltr'><strong><em>palam</em></strong></span> <span class='ocrx_word' id='word_1_630' title='bbox 1421 3940 1676 3994; x_wconf 88' lang='lat' dir='ltr'><strong><em>enuntiari</em></strong></span> <span class='ocrx_word' id='word_1_631' title='bbox 1703 3941 1888 4010; x_wconf 69' lang='lat' dir='ltr'><strong><em>solitis,</em></strong></span> 
     </span>
    </p>
   </div>
   <div class='ocr_carea' id='block_1_74' title="bbox 366 4028 1892 4101">
    <p class='ocr_par' dir='ltr' id='par_1_74' title="bbox 366 4028 1892 4101">
     <span class='ocr_line' id='line_1_74' title="bbox 366 4028 1892 4101; baseline 0.004 -19"><span class='ocrx_word' id='word_1_632' title='bbox 366 4028 526 4099; x_wconf 86' lang='lat' dir='ltr'><strong><em>idque</em></strong></span> <span class='ocrx_word' id='word_1_633' title='bbox 538 4038 654 4083; x_wconf 86' lang='lat' dir='ltr'><strong><em>ante</em></strong></span> <span class='ocrx_word' id='word_1_634' title='bbox 683 4038 935 4084; x_wconf 74' lang='lat' dir='ltr'><strong><em>eventura.</em></strong></span> <span class='ocrx_word' id='word_1_635' title='bbox 963 4058 1033 4069; x_wconf 90' lang='lat'><strong><em>--</em></strong></span> <span class='ocrx_word' id='word_1_636' title='bbox 1061 4028 1201 4101; x_wconf 63' lang='lat'><strong><em>§24.</em></strong></span> <span class='ocrx_word' id='word_1_637' title='bbox 1238 4030 1305 4086; x_wconf 91' lang='lat' dir='ltr'><strong><em>Ut</em></strong></span> <span class='ocrx_word' id='word_1_638' title='bbox 1332 4032 1526 4101; x_wconf 77' lang='lat' dir='ltr'><strong><em>fraudi,</em></strong></span> <span class='ocrx_word' id='word_1_639' title='bbox 1557 4033 1612 4087; x_wconf 90' lang='lat' dir='ltr'><strong><em>in</em></strong></span> <span class='ocrx_word' id='word_1_640' title='bbox 1640 4030 1892 4089; x_wconf 79' lang='lat' dir='ltr'><strong><em>visionum</em></strong></span> 
     </span>
    </p>
   </div>
   <div class='ocr_carea' id='block_1_75' title="bbox 364 4123 1893 4200">
    <p class='ocr_par' dir='ltr' id='par_1_75' title="bbox 364 4123 1893 4200">
     <span class='ocr_line' id='line_1_75' title="bbox 364 4123 1893 4200; baseline 0.004 -23"><span class='ocrx_word' id='word_1_641' title='bbox 364 4132 647 4191; x_wconf 63' lang='lat' dir='ltr'><strong><em>primum,</em></strong></span> <span class='ocrx_word' id='word_1_642' title='bbox 686 4124 981 4178; x_wconf 76' lang='lat' dir='ltr'><strong><em>subventum</em></strong></span> <span class='ocrx_word' id='word_1_643' title='bbox 1018 4125 1103 4178; x_wconf 89' lang='lat' dir='ltr'><strong><em>sit.</em></strong></span> <span class='ocrx_word' id='word_1_644' title='bbox 1131 4154 1201 4164; x_wconf 93' lang='lat'><strong><em>—</em></strong></span> <span class='ocrx_word' id='word_1_645' title='bbox 1220 4123 1249 4197; x_wconf 58' lang='grc' dir='ltr'>ᾗ</span> <span class='ocrx_word' id='word_1_646' title='bbox 1268 4123 1360 4189; x_wconf 80' lang='grc'><strong>25,</strong></span> <span class='ocrx_word' id='word_1_647' title='bbox 1390 4125 1484 4190; x_wconf 82' lang='grc'><strong><em>26,</em></strong></span> <span class='ocrx_word' id='word_1_648' title='bbox 1513 4125 1603 4181; x_wconf 90' lang='lat'><strong><em>27.</em></strong></span> <span class='ocrx_word' id='word_1_649' title='bbox 1637 4126 1712 4182; x_wconf 85' lang='lat' dir='ltr'><strong><em>De</em></strong></span> <span class='ocrx_word' id='word_1_650' title='bbox 1737 4146 1893 4200; x_wconf 88' lang='lat' dir='ltr'><strong><em>argu-</em></strong></span> 
     </span>
    </p>
   </div>
   <div class='ocr_carea' id='block_1_76' title="bbox 361 4215 1893 4290">
    <p class='ocr_par' dir='ltr' id='par_1_76' title="bbox 361 4215 1893 4290">
     <span class='ocr_line' id='line_1_76' title="bbox 361 4215 1893 4290; baseline 0.004 -21"><span class='ocrx_word' id='word_1_651' title='bbox 361 4216 549 4271; x_wconf 88' lang='lat' dir='ltr'><strong><em>mentis</em></strong></span> <span class='ocrx_word' id='word_1_652' title='bbox 572 4215 750 4287; x_wconf 79' lang='lat' dir='ltr'><strong><em>quibus</em></strong></span> <span class='ocrx_word' id='word_1_653' title='bbox 763 4216 1060 4287; x_wconf 81' lang='lat' dir='ltr'><strong><em>probaretur</em></strong></span> <span class='ocrx_word' id='word_1_654' title='bbox 1077 4217 1327 4272; x_wconf 78' lang='lat' dir='ltr'><strong><em>oisionum</em></strong></span> <span class='ocrx_word' id='word_1_655' title='bbox 1346 4218 1493 4287; x_wconf 77' lang='lat' dir='ltr'><strong><em>ﬁdes,</em></strong></span> <span class='ocrx_word' id='word_1_656' title='bbox 1514 4221 1789 4290; x_wconf 74' lang='lat' dir='ltr'><strong><em>prtesertim</em></strong></span> <span class='ocrx_word' id='word_1_657' title='bbox 1810 4222 1893 4275; x_wconf 89' lang='lat' dir='ltr'><strong><em>in-</em></strong></span> 
     </span>
    </p>
   </div>
   <div class='ocr_carea' id='block_1_77' title="bbox 310 5857 393 5930">
    <p class='ocr_par' dir='ltr' id='par_1_77' title="bbox 310 5857 393 5930">
     <span class='ocr_line' id='line_1_77' title="bbox 310 5857 393 5930; baseline 0 -49"><span class='ocrx_word' id='word_1_658' title='bbox 310 5857 393 5930; x_wconf 61' lang='lat'><strong><em>.\</em></strong></span> 
     </span>
    </p>
   </div>
   <div class='ocr_carea' id='block_1_78' title="bbox 148 5914 339 5988">
    <p class='ocr_par' dir='ltr' id='par_1_78' title="bbox 148 5914 339 5988">
     <span class='ocr_line' id='line_1_78' title="bbox 148 5914 339 5988; baseline 0 0"><span class='ocrx_word' id='word_1_659' title='bbox 148 5914 339 5988; x_wconf 68' lang='grc' dir='ltr'><strong><em>ηΊκ</em></strong></span> 
     </span>
    </p>
   </div>
  </div>
