3990 6060
144 5712 205 5767 ’ἤιει

404 207 466 267 11
858 214 861 219 ’
968 294 971 299 _
1424 206 1790 270 DODWELLI
1830 209 2283 273 DISSERTATIO
2328 208 2748 274 CYPRIANICA
3640 220 3709 278 l2

402 334 532 385 runt
555 325 894 385 montanistis
932 325 1101 384 coaevi
1128 333 1333 398 patres,
1368 328 1569 399 quique
1596 327 1714 384 illas
1741 329 1998 400 supersti-
2025 331 2079 390 Α
2105 327 2267 397 ﬁlias,
2295 346 2361 387 ex
2392 330 2499 386 illis
2529 330 2809 402 probabile
2833 336 2919 388 est
2947 345 3068 403 quae
3095 331 3313 405 scripsit
3340 332 3409 389 ad
3432 332 3706 390 Victorem

403 423 581 480 tiones
609 423 769 494 primi
797 423 1139 483 damnarunt.
1170 419 1383 481 Iudicat
1407 421 1577 481 lector
1600 424 1908 497 φιλαρχαῖος
1924 423 2017 481 cui

410 517 483 572 sit
510 518 684 588 potius
710 516 1004 575 lidcndumt

483 609 513 680 ᾗ
548 609 607 671 2.
629 640 699 651 -
718 610 955 667 Hermeti
979 609 1212 665 diximus
1237 624 1476 666 ceterum
1517 625 1641 667 esse
1668 609 2007 668 Clementem

403 705 704 761 Romanum
736 705 1092 775 eamdemque
1122 704 1389 761 donorum
1430 706 1871 777 propheticorum
1915 719 2009 779 pa-

399 806 639 852 tronum.
674 797 976 854 Istiusmodi
1023 797 1170 855 enim
1199 797 1340 857 dona
1386 798 1554 857 luis“
1596 799 1792 869 quibm
1819 811 2009 869 super-

399 887 623 944 biehant
645 890 955 945 schismatis
976 898 1248 957 auctores,
1279 900 1347 946 ex
1373 880 1478 945 illis
1505 889 1621 960 ejus
1649 888 1830 947 verbis
1852 890 2008 946 facile

397 980 684 1052 colligitur.
708 979 843 1037 ’Ἦτω
869 985 949 1044 τίς
974 984 1183 1048 πιστὸς,
1203 982 1309 1042 ἤτω
1328 980 1545 1046 δυνατὸς
1565 991 1750 1057 γνῶσιν
1771 985 2003 1052 ἐξειπεῖν,

396 1075 505 1135 ἤτω
550 1076 702 1148 σοφὸς
744 1077 795 1129 ἐν
821 1073 994 1151 δικαίᾳ
1038 1096 1203 1152 κρισει
1255 1073 1452 1147 (Clem.
1494 1072 1582 1133 ﬁl.
1646 1073 1921 1149 διακρίσει,
1952 1081 2013 1132 et

388 1166 616 1240 rectius)
638 1168 816 1241 λόγων.
852 1166 979 1241 (Ep.
1011 1185 1026 1222 ι
1054 1168 1122 1223 ad
1152 1167 1413 1236 Corinth.,
1444 1163 1474 1239 ﬁ
1510 1166 1598 1230 48,
1628 1176 1676 1221 et
1705 1182 1771 1221 ex
1795 1167 2002 1221 Asteria

399 1258 629 1331 Urbano,
681 1263 770 1318 lib.
803 1279 869 1331 v,
901 1279 951 1320 c.
982 1265 1099 1337 17.)
1128 1264 1247 1320 Νοιι
1278 1264 1387 1320 alio
1435 1272 1686 1335 spectant
1735 1264 1855 1321 haec
1903 1278 2005 1320 no-

396 1357 544 1413 mina
572 1372 732 1428 quam
759 1358 827 1413 ad
859 1358 998 1413 dona
1043 1358 1257 1413 illorum
1307 1367 1613 1429 temporum
1660 1358 2001 1429 prophetica.

394 1454 571 1513 Πίστις
615 1451 707 1506 illa
747 1451 816 1507 de
861 1467 963 1522 qua
1003 1452 1223 1525 gloriari
1275 1461 1546 1523 poterant,
1594 1465 1703 1507 non
1746 1450 1853 1507 alia
1888 1458 2011 1508 erat.

394 1558 557 1613 quam
590 1543 973 1599 miraculorum
1003 1544 1087 1598 illa
1134 1559 1293 1614 quam
1332 1544 1479 1619 λόγον
1516 1546 1743 1605 πίστεως
1769 1542 2006 1613 appellat

394 1636 708 1707 Apostolus,
758 1650 865 1706 quo
905 1637 1025 1690 loco
1069 1634 1208 1691 dona
1254 1636 1350 1705 Sp;
1401 1636 1457 1692 S.
1504 1636 1641 1711 λόγοι
1679 1635 1822 1708 apud
1852 1635 2003 1690 illum

2114 421 2445 496 Polycrates.
2510 423 2767 495 gladii“
2846 424 3100 501 διαδοχὴν
3163 429 3375 484 lmmia
3412 427 3707 484 Philadel-

2115 511 2358 585 phiensis
2372 524 2427 571 et
2449 516 2562 587 ipsa
2590 531 2803 588 quoque
2821 515 3159 589 prophetissa
3179 519 3249 577 ad
3274 518 3510 577 Montani
3531 530 3708 576 ortum

2114 608 2443 665 continuavit
2471 608 2723 683 (Asterius
2754 609 2993 667 Urbanus
3019 629 3108 683 ap.
3141 612 3351 681 Euseb.,
3382 615 3469 668 ubi
3498 613 3704 685 supra).

2113 699 2407 775 Polycarpo
2466 702 2534 757 de
2599 717 2698 757 suo
2741 706 3002 779 martyrio
3049 706 3285 761 omnium
3335 706 3707 779 propheticum

2112 790 2348 849 oblatum
2393 807 2545 863 esse,
2587 804 2753 852 testes
2798 802 2926 854 sunt
2972 797 3292 870 exceptione
3332 799 3568 870 majores
3606 799 3709 871 ipsi

2110 883 2377 955 Smyrnaei
2409 886 2461 939 in
2490 898 2553 942 ea
2583 872 2765 957 quam
2789 888 2860 944 de
2891 889 3007 958 ejus
3052 891 3311 962 martyrio
3348 890 3615 947 dederunt
3640 892 3708 949 ad

2112 974 2556 1034 Philomelienses
2580 980 2831 1051 epistola.
2865 980 3018 1038 Hunc
3046 982 3329 1040 Doctorem
3354 986 3706 1055 apostolicum

2110 1067 2281 1129 iidem
2337 1078 2497 1144 atque
2565 1073 2936 1146 propheticum
3002 1078 3315 1147 appellant,
3369 1077 3708 1148 iatenturque

2110 1158 2245 1216 nihil
2275 1177 2396 1219 esse
2421 1163 2489 1219 ab
2514 1174 2581 1219 co
2630 1166 2945 1235 praedictum
2973 1169 3102 1239 quin
3134 1179 3277 1225 esset
3313 1180 3507 1225 eventu
3561 1185 3710 1225 com-

2109 1255 2415 1327 probatum.
2460 1256 2585 1330 (Ap.
2614 1256 2827 1326 Euseb.,
2857 1259 2997 1315 Hist.
3025 1260 3195 1327 Eccl.,
3226 1278 3298 1327 tv,
3330 1261 3447 1333 15.)
3477 1269 3578 1318 Πᾶν
3605 1267 3709 1340 γὰρ

2108 1346 2304 1427 sapae
2345 1352 2527 1423 ἀφῆκεν
2558 1354 2613 1407 ἐκ
2652 1358 2745 1408 τοῦ
2789 1355 3048 1427 στόματος
3085 1357 3248 1411 αὐτοῦ
3304 1360 3390 1410 καὶ
3427 1357 3707 1419 ἐτελειώθη.

2108 1444 2379 1517 htqniunr,
2404 1428 2492 1502 καὶ
2533 1447 2936 1507 τελειωθήσιται.
2970 1448 3124 1505 [tunc
3150 1450 3255 1504 An.
3286 1463 3708 1520 exutupassum

2108 1550 2229 1591 esse
2250 1534 2386 1603 vult,
2419 1546 2473 1591 et
2500 1536 2717 1607 quidem
2739 1539 2973 1594 maxima
2999 1538 3492 1607 verisimilitudine,
3521 1550 3709 1598 noster

2109 1625 2507 1682 eruditissimus
2540 1627 2886 1684 Eestriensis.

394 1725 639 1781 audiunt.
689 1733 882 1787 Γνῶσις
909 1741 1019 1782 non
1046 1725 1300 1797 quaelibet
1324 1736 1439 1781 erat
1461 1727 1719 1799 cognitio,
1752 1727 1848 1783 sed
1873 1742 2002 1783 vero
2030 1728 2078 1789 B
2183 1716 2211 1789 §
2253 1717 2307 1773 5-
2335 1748 2406 1759 --
2432 1717 2511 1774 De
2537 1717 2745 1775 ³115ιίηο
2773 1720 3004 1793 Marlyre
3032 1722 3173 1778 idem
3220 1725 3381 1782 habet
3420 1725 3706 1783 Eusebius.

391 1818 773 1891 mysteriorum
800 1818 893 1875 illa
921 1835 1083 1890 quant
1107 1820 1161 1874 in
1188 1820 1458 1876 haereticis
1481 1836 1548 1877 eo
1575 1820 1796 1877 nomine
1816 1835 2005 1891 super-

393 1912 669 1971 hiantibus
692 1911 1023 1985 ψιυδῶνυμον
1066 1922 1252 1985 γνῶσιν
1299 1912 1441 1969 idem
1488 1921 1648 1968 vocat
1687 1912 1999 1983 Apostolus.

394 2005 595 2063 Eadem
618 2007 790 2077 σοφία,
814 2021 974 2076 quam
994 2015 1049 2061 et
1065 2005 1212 2078 λόγον
1233 2006 1419 2079 σοφίας
1434 2014 1727 2076 nuncupat.
1743 2005 2004 2084 Διάκρισις

393 2100 552 2174 λόγων
578 2098 768 2153 eadem
795 2106 879 2154 est
904 2113 1020 2166 qum
1048 2107 1103 2152 et
1118 2096 1375 2173 διάκρισις
1405 2099 1731 2168 πνευμάτων,
1751 2112 1859 2167 quo
1878 2111 2004 2152 sen-

390 2206 459 2248 su
484 2191 627 2246 dona
651 2189 745 2261 Sp.
776 2189 832 2247 S.
877 2189 1058 2261 λόγους
1103 2189 1404 2260 appellatos
1444 2204 1567 2245 esse
1604 2188 1865 2245 diximus.
1892 2187 2004 2245 Nisi

388 2286 529 2343 torte
555 2286 715 2360 λόγων
770 2299 868 2354 pro
921 2284 1177 2356 λογισμῶν
1224 2283 1629 2353 intelligamus,
1675 2298 1784 2354 qtto
1838 2283 2001 2339 etiam

393 2394 554 2436 sensu
603 2377 858 2455 διάκρισιν
903 2378 1209 2449 πνευμάτων
1256 2376 1325 2432 de
1370 2377 1755 2448 cogitationum
1790 2377 2001 2433 revela-

393 2471 542 2527 tione
579 2467 1075 2538 interpretabimur.
1114 2468 1210 2523 His
1240 2466 1473 2525 fortasse
1499 2470 1836 2540 temporibus
1860 2483 2003 2525 com-

390 2576 490 2617 vus
519 2570 635 2619 erat
663 2567 851 2615 auctor
880 2558 1142 2615 librorum
1166 2558 1355 2615 Esdrte
1381 2560 1853 2631 Apocryphorum,
1871 2576 1992 2632 quo-

390 2670 509 2715 rum
544 2666 750 2725 partem
776 2654 934 2724 longe
963 2653 1252 2710 maximam
1276 2652 1481 2709 iaciunt
1512 2654 1566 2709 id
1593 2668 1766 2724 genus
1796 2654 2004 2711 visione

392 2759 555 2821 atque
582 2747 969 2803 revelationes.

467 2842 498 2914 θ
530 2843 670 2897 5.-
706 2839 991 2897 Proximus
1016 2845 1099 2893 est
1118 2837 1385 2909 lgnatius;
1414 2838 1470 2894 in
1498 2853 1606 2910 quo
1631 2838 1685 2894 id
1719 2839 1895 2909 ipsum
1917 2854 2003 2896 re-

394 2934 738 3008 prehendunt
763 2933 818 2988 hi
849 2931 1190 3003 antiquitatis
1217 2933 1383 2988 momi
1403 2971 1418 2997 ,
1442 2931 1585 3003 quod
1615 2941 1701 2989 est
1729 2932 2006 3003 prophetis

394 3029 477 3088 eis
505 3028 654 3085 hisce
683 3025 840 3082 donis
868 3024 1069 3096 magis,
1113 3041 1275 3096 quam
1315 3026 1506 3081 volunt
1552 3025 1663 3091 illi,
1713 3025 2000 3097 pr0pitins.

2103 1811 2310 1886 Γράᾳιι,
2337 1810 2529 1883 inquit,
2557 1814 2628 1874 ὡς
2655 1809 2735 1869 ὅτι
2757 1819 2845 1870 καὶ
2867 1817 3033 1893 μέχρι
3072 1821 3160 1873 καὶ
3203 1820 3366 1875 αὐτοῦ
3395 1820 3715 1895 χαρίσματα

2106 1908 2397 1982 προφητικά
2423 1903 2694 1980 διέλαμπεν
2721 1906 2886 1980 (Hist.
2911 1907 3136 1976 Eodem,
3153 1924 3224 1976 tv,
3254 1910 3365 1981 115).
3404 1911 3571 1969 Recte
3593 1914 3713 1984 ιιιιὶ-⁸

2106 1996 2230 2052 dem
2257 1996 2370 2052 ille.
2398 1996 2596 2054 Justini
2617 1998 2683 2054 ad
2707 2000 3052 2072 Tryphonem
3076 2004 3239 2060 verba
3260 2014 3388 2061 sunt
3411 2006 3536 2062 illa:
3567 2011 3714 2085 Παρά

2107 2093 2209 2167 γὰρ
2236 2092 2354 2163 ἡμῖν
2378 2096 2466 2146 καί
2488 2094 2653 2170 μέχρι
2687 2100 2778 2149 νῦν
2805 2101 3095 2172 προγητιιιὰ
3122 2103 3435 2177 χαρίσματά
3473 2103 3630 2159 ἐστιν’
3660 2105 3713 2168 ἐξ

2107 2179 2167 2237 οὗ
2196 2185 2289 2238 καί
2316 2185 2466 2240 αὐτοὶ
2485 2187 2712 2241 συνιέναι
2739 2187 2979 2260 ὀφείλετε.
3011 2186 3088 2247 ὅτι
3117 2194 3185 2248 τὰ
3223 2193 3381 2249 πάλαι
3413 2196 3463 2248 ἐν
3486 2202 3560 2268 τῷ
3584 2197 3714 2269 ’γένει

2107 2273 2249 2343 ὑμῶν
2277 2269 2403 2329 ὄντα
2429 2276 2501 2335 εἰς
2541 2277 2677 2348 ἡμᾶς
2717 2281 2974 2350 μετετέθη.
3010 2279 3242 2353 (Dialog.
3274 2299 3389 2337 cum
3412 2283 3707 2355 Tryphon.,

2108 2384 2162 2437 ρ.
2191 2367 2318 2433 308,
2350 2368 2426 2439 ιι.)
2460 2368 2660 2424 Eodem
2706 2380 2892 2442 postea
2945 2389 3075 2430 usus
3099 2385 3183 2432 est
3205 2376 3467 2435 adversus
3495 2377 3714 2435 Judtcos

2107 2473 2447 2532 argumento,
2473 2474 2596 2534 post
2615 2465 2816 2522 Christi
2847 2468 3160 2538 adventum,
3187 2471 3364 2527 nullos
3392 2472 3558 2528 fuisse
3570 2473 3712 2543 apud

2107 2554 2346 2621 Judzeos,
2374 2556 2444 2612 de
2472 2573 2581 2626 quo
2610 2558 2761 2629 ipsos
2798 2575 2985 2616 eorum
3016 2578 3207 2619 sensus
3237 2572 3405 2619 testes
3431 2565 3669 2635 appellat
3696 2583 3709 2619 :

2107 2649 2289 2718 μηκέτι
2307 2651 2357 2703 ἄν
2385 2657 2460 2722 τῷ
2477 2652 2609 2722 γένει
2633 2652 2776 2722 ὐμων
2803 2656 2935 2709 κατὰ
2978 2658 3037 2711 τὸ
3070 2658 3285 2712 παλαιὸν
3314 2656 3422 2719 ἔθος
3450 2663 3714 2735 προφήτας

2106 2746 2422 2815 γενήσεσθαι.
2443 2741 2571 2820 ὅπερ
2597 2749 2685 2800 καί
2705 2742 2819 2816 ὄψει
2849 2748 2967 2819 ὑμῖν
2990 2745 3109 2802 ἰδεῖν
3127 2747 3258 2804 ἔστι.
3275 2751 3387 2821 μετ’
3410 2754 3595 2806 ἐκεῖνον
3610 2756 3713 2829 ’γὰρ

2107 2832 2273 2894 οὐδεὶς
2298 2833 2425 2895 ὅλως
2449 2839 2713 2909 προφήτης
2759 2838 2886 2912 παρ’
2921 2840 3040 2909 ὑμῖν
3067 2842 3351 2914 γεγένηται.
3393 2840 3553 2914 (Pag.
3586 2844 3712 2912 514,

2110 2941 2160 2993 e,
2195 2923 2277 2997 ιι.)
2306 2925 2678 2987 Permansisse
2704 2938 2885 2985 autem
2925 2931 3067 3000 apud
3098 2933 3180 2987 sui
3214 2948 3430 3003 quoque
3458 2935 3716 3006 temporis

2106 3018 2433 3075 christianos
2456 3021 2771 3078 earumdem
2801 3038 3057 3079 sensuum
3086 3026 3394 3082 testimonio
3407 3027 3713 3094 conﬁrmat,

391 3122 451 3179 In
478 3120 506 3192 §
535 3121 591 3186 7,
624 3119 726 3189 Ep.
758 3117 825 3174 ad
872 3117 1212 3189 Philadelplt.
1253 3134 1406 3174 suam
1457 3119 1625 3188 ipsius
1666 3118 2004 3190 prophetiam

2114 3113 2301 3169 eadem
2331 3113 2454 3171 ἰδεῖν
2494 3132 2630 3172 voce
2661 3131 2789 3172 usus
2819 3137 2830 3172 :
2865 3123 2951 3175 καί
2976 3120 3230 3196 παρ’ἡμῖν
3285 3123 3424 3178 ἐστὶν
3471 3121 3592 3178 ἰδεῖν
3628 3127 3714 3180 καὶ

400 3222 794 3272 commemorat
813 3254 828 3279 ,
856 3227 1016 3282 quam
1038 3212 1142 3268 sibi
1166 3228 1294 3268 vere
1321 3213 1614 3268 revelatam
1644 3210 1813 3268 fuisse
1840 3212 2008 3269 Deum

399 3310 579 3381 ipsum
610 3316 801 3365 testem
830 3306 1086 3376 appellat.
1118 3309 1175 3361 Εἰ
1202 3309 1302 3380 ’γὰρ
1335 3306 1556 3378 (inquit)
1583 3308 1716 3363 κατὰ
1744 3308 1917 3379 σάρκα
1940 3306 2006 3379 με

397 3423 529 3463 τινες
554 3401 790 3459 ίθὲλησαν
810 3399 1068 3458 πλανῆσαι
1088 3414 1101 3429 ’
1133 3398 1257 3453 ἀλλὰ
1298 3400 1361 3453 τὸ
1397 3403 1604 3470 πνεῦμα
1632 3399 1690 3453 οὐ
1727 3398 2006 3466 πλανᾶται,

396 3502 500 3556 ἀπὸ
525 3501 640 3553 θεοῦ
665 3493 739 3550 ὃν.
771 3491 901 3553 οἶδεν
924 3497 1028 3570 γὰρ
1059 3494 1210 3549 πόθεν
1252 3492 1493 3569 ἔρχεται,
1524 3496 1612 3548 καὶ
1644 3499 1748 3548 ποῦ
1794 3493 2005 3564 ὑπάγει,

398 3599 487 3651 καί
510 3597 577 3649 τὰ
607 3593 817 3667 κρυπτὰ
843 3591 1046 3663 ἐλέγχει
1071 3604 1085 3617 ⁵
1130 3590 1431 3664 ἕκραύτασα
1460 3588 1652 3661 μεταξὺ
1684 3586 1771 3641 ὧν.
1804 3587 2009 3643 ἐλάλουν

400 3685 595 3758 μεγάλῃ
620 3689 774 3756 φωνῇ·
804 3688 880 3754 τῷ
899 3679 1166 3751 ἑπισκόπῳ
1202 3679 1522 3754 προσέχετε,
1552 3679 1639 3733 καί
1672 3685 1745 3751 τῷ
1770 3677 2007 3753 πρεσϐυ-

399 3779 574 3852 τιρίῳ,
604 3778 692 3830 καὶ
715 3772 987 3833 διακόνοις.
1018 3772 1064 3827 οἱ
1106 3769 1161 3826 δὲ
1204 3772 1490 3831 πτέσαντίς
1524 3791 1587 3843 με
1624 3773 1694 3831 ὡς
1731 3769 2012 3847 προειδότα

399 3871 490 3927 τὸν
512 3869 763 3944 μερισμὸν
792 3873 938 3922 τινῶν
967 3864 1126 3937 λέγειν
1152 3869 1340 3918 ταῦτα.
1361 3864 1572 3941 Μάρτυς
1599 3862 1654 3918 δέ
1674 3884 1760 3935 μοι
1784 3863 2010 3935 (rectius

406 3961 574 4019 editio
594 3959 922 4030 interpolata
962 3956 1291 4028 suffragante
1318 3957 1482 4013 etiam
1505 3966 1691 4013 vetere
1719 3958 2015 4028 interprete

404 4054 722 4118 Usseriano,
749 4055 806 4108 Εἰ
829 4051 884 4109 δέ
913 4051 1235 4107 {inmederi
1257 4070 1321 4122 με
1353 4052 1425 4110 ὡς
1451 4052 1782 4126 προμαθόντα
1809 4053 1897 4106 τὸν
1919 4071 2009 4122 με-

407 4150 590 4224 ρισμὸν
618 4153 766 4202 τινῶν
793 4146 954 4219 λέγειν
990 4148 1182 4208 ταῦτα,
1208 4144 1418 4219 Μάρτυς
1449 4140 1576 4213 μοι)
1603 4144 1655 4196 ἄν
1693 4139 1735 4216 ᾧ
1780 4140 2010 4215 δέδεμαι,

407 4238 489 4297 ὅτι
514 4241 616 4295 ἀπὸ
660 4242 854 4315 σαρκὸς
902 4240 1213 4313 ἀνθρωπίνης
1251 4238 1344 4291 οὐκ
1394 4234 1571 4311 ἔγνων.
1604 4238 1663 4292 τὸ
1707 4235 1761 4292 δὲ
1808 4242 2015 4309 πνεῦμα

404 4335 689 4409 ἐκήρυσσεν
717 4332 873 4404 λόγων
898 4327 1040 4387 τάδε·
1075 4332 1243 4405 χωρὶς
1268 4335 1361 4385 τοῦ
1391 4329 1698 4398 ἐπισκόπου,
1729 4335 1832 4385 etc.
1866 4328 2012 4384 Idem

408 4425 478 4482 de
506 4424 620 4481 suis
650 4423 701 4478 id
732 4436 907 4494 genus
929 4420 1089 4476 donis
1115 4423 1169 4475 in
1197 4419 1226 4493 δ
1256 4420 1314 4487 ι,
1341 4421 1441 4491 Ep.
1464 4421 1532 4476 ad
1560 4422 1863 4477 Trallianos
1883 4420 2010 4475 illa:

2113 3208 2311 3272 θηλείας
2334 3213 2421 3266 καί
2449 3208 2693 3284 ἄρσενάς,
2723 3216 3035 3289 χαρίσματα
3061 3217 3163 3270 ἀπὸ
3192 3220 3285 3270 τοῦ
3312 3218 3602 3290 πνεύματος
3622 3223 3714 3273 τοῦ

2112 3305 2227 3358 ϐιοῦ
2270 3302 2514 3375 ἔχοντας.
2562 3304 2722 3377 (Pag.
2770 3306 2896 3373 515,
2930 3307 3011 3378 ιι.)
3039 3306 3170 3363 'l‘am
3214 3324 3344 3381 ergo
3373 3310 3713 3366 manifestum

2114 3393 2213 3449 fuit
2241 3394 2552 3451 christianis
2590 3397 2757 3454 fuisse
2803 3400 3091 3469 prophetas
3129 3416 3289 3471 quam
3329 3400 3533 3459 Judacis
3569 3402 3718 3459 dele-

2115 3488 2277 3542 cisse.
2305 3486 2606 3558 Utrumque
2633 3488 2703 3543 ita
2733 3490 3101 3555 manifestum.
3132 3500 3191 3546 ut
3215 3494 3517 3564 argumenti
3543 3494 3715 3550 vicem

2114 3578 2384 3634 sustinere
2429 3592 2613 3649 posset
2659 3581 2923 3638 adversus
2965 3583 3356 3639 adversarium.
3407 3585 3719 3657 Eademque

2115 3674 2525 3743 argumentandi
2560 3675 2730 3731 forma
2755 3692 2889 3733 usus
2915 3684 3000 3733 est
3025 3679 3339 3748 Apostolus,
3368 3678 3513 3747 Gal.,
3547 3695 3628 3749 nt,
3655 3679 3713 3746 2,

2118 3783 2215 3838 per
2239 3768 2487 3840 spiritum
2534 3771 2679 3826 enim
2711 3772 3142 3829 extraordinaria
3191 3771 3425 3843 Spiritus
3462 3772 3604 3831 dona
3640 3775 3718 3830 in-

2117 3859 2451 3931 telliguntur.

2192 3951 2220 4025 θ
2249 3954 2302 4008 6.
2329 3983 2402 3996 —
2424 3955 2537 4011 Sub
2569 3956 2729 4012 [istem
2752 3956 2914 4013 Marci
2941 3956 3009 4014 de
3035 3957 3285 4015 Melitone
3300 3958 3559 4017 Sardensi
3589 3960 3719 4016 illud

2118 4046 2379 4103 habemus
2409 4048 2710 4120 Polycratis
2742 4050 3080 4121 Encomium,
3113 4052 3255 4124 quod
3273 4052 3368 4125 Sp.
3392 4052 3452 4111 S.
3481 4053 3716 4125 afﬂatus,

2118 4149 2311 4194 cuncta
2342 4143 2591 4211 gesserit,
2624 4145 2710 4200 τὸν
2737 4147 2788 4199 ἔν
2817 4145 2945 4219 ἁγίῳ
2976 4150 3230 4221 πνεύματι
3267 4151 3440 4206 πάντα
3484 4151 3721 4207 πολιτευ-

2121 4235 2339 4305 σάμενον
2390 4233 2513 4307 (Ap.
2557 4236 2773 4307 Euseb.,
2810 4238 2948 4295 Hist.
2979 4240 3150 4309 Eccl.,
3178 4242 3267 4298 lib.
3297 4260 3352 4313 V,
3389 4242 3507 4313 26).
3536 4244 3596 4301 111
3625 4260 3720 4301 ea-

2119 4326 2242 4382 dem
2272 4330 2649 4398 persecutionc
2669 4333 2971 4391 Alexander
2987 4335 3167 4409 Phryx
3194 4336 3391 4394 dicitur
3404 4341 3495 4394 οὐκ
3508 4336 3722 4416 ἄμοιρος

2118 4422 2471 4478 Δποστολικοῦ
2511 4429 2848 4501 χαρίσματος
3028 4428 3127 4500 Ep.
3167 4427 3406 4502 Ludgun.
3432 4444 3480 4486 et
3540 4431 3718 4487 Visun.

406 4523 484 4576 Mn
511 4519 571 4572 οὐ
600 4514 824 4590 δύναμαι
844 4517 915 4571 τὰ
944 4516 1224 4591 ἐπουράνια
1245 4513 1477 4590 γράψαι,
1511 4514 1636 4570 ἀλλὰ
1660 4515 1917 4588 φοϐοῦμαι
1941 4518 2006 4587 μή

2116 4533 2205 4586 ap.
2253 4514 2466 4583 Euseb.,
2498 4518 2587 4572 lib.
2619 4536 2670 4587 ν,
2700 4518 2780 4591 1).
2825 4518 2884 4574 In
2944 4521 3033 4575 illa
3062 4522 3359 4593 apostolica
3383 4525 3551 4595 gratia
3584 4524 3723 4580 hanc

407 4612 602 4670 νηπίοις
640 4603 787 4664 οὖσιν
834 4608 953 4680 ὑμῖν
989 4606 1183 4679 βλάϐην
1226 4609 1444 4682 παραθῷ
1472 4622 1486 4638 ⁸
1516 4609 1604 4662 καί
1646 4608 2017 4681 συγνωμονιιτέ

409 4724 513 4775 μοι,
548 4706 745 4774 μήποτε
772 4702 832 4754 οὐ
858 4698 1147 4759 δυνηθέντες
1177 4707 1423 4775 χωρῆσαι
1452 4700 1899 4776 πραγγαλαιθῆτιο
1930 4703 2019 4756 καί

404 4798 508 4871 γὰρ
534 4798 633 4868 ἐγὼ
662 4796 720 4851 οὐ
751 4792 940 4856 καθότι,
969 4795 1055 4847 καὶ
1080 4789 1357 4862 δυνάμενος
1383 4793 1451 4847 τὰ
1479 4793 1778 4868 ἐπουράνια,
1810 4796 1898 4849 καί
1923 4794 2019 4852 τὰς

406 4890 709 4947 τοποθεσίας
733 4889 828 4947 τὰς
854 4885 1143 4959 ὰγγιλικάς,
1165 4888 1365 4945 καὶτὰς
1391 4886 1679 4946 συστάσεις
1703 4888 1799 4946 τὰς
1825 4889 2017 4962 ἄρχον-

404 4982 574 5046 τιιιὰς,
603 4979 769 5055 ὁρατά
800 5000 855 5034 τε
883 4981 970 5034 καί
995 4979 1217 5052 ἀόρατα·
1266 4980 1414 5055 ποιρά
1465 4985 1622 5035 τοῦτο
1675 4978 1769 5039 ἤδη
1796 4983 1885 5034 καὶ
1911 5002 2015 5052 μοι·

403 5075 556 5134 θητής
593 5074 716 5143 εἰμι.
746 5070 854 5126 Nec
883 5087 1013 5127 vero
1038 5070 1370 5141 singularem
1399 5070 1711 5142 luisse,hac
1752 5074 1807 5127 in
1852 5086 2015 5128 causa

408 5163 697 5234 lgnatium,
722 5178 789 5218 ex
816 5162 937 5217 aliis
954 5163 1227 5220 constabit
1248 5163 1393 5218 illius
1418 5163 1519 5219 (θνὶ
1551 5165 1941 5220 monumentis.

484 5255 514 5327 §
541 5253 931 5325 4.-—lgnatium
957 5255 1199 5324 proxime
1215 5256 1766 5325 excepitQuadratus,
1782 5257 1873 5327 qui
1888 5270 2017 5326 apo.

406 5346 603 5416 logiam
633 5360 729 5415 pro
758 5344 1069 5401 christianis
1108 5345 1380 5403 Hadriano
1434 5348 1650 5402 dicavit.
1708 5348 1860 5404 Hunc
1904 5362 2008 5404 una

404 5454 530 5497 cum
561 5438 796 5509 Philippi
829 5439 1047 5495 ﬁliabus
1067 5455 1202 5509 quas
1228 5441 1285 5495 Β.
1310 5440 1487 5497 Lucas
1515 5442 1887 5510 prophetissae
1907 5457 2006 5513 ap-

401 5534 597 5604 pellat,
651 5532 966 5603 prophetica
1019 5532 1192 5601 ipsum
1250 5548 1463 5604 quoque
1515 5533 1686 5603 gratia
1734 5534 2006 5591 illustrem

400 5626 570 5684 fuisse
616 5626 803 5689 scribit
859 5625 1125 5681 Eusebius
1162 5624 1330 5698 (Hist.
1388 5624 1619 5694 Bedes,
1665 5642 1744 5695 nt,
1774 5628 1889 5700 57).
1938 5624 2006 5685 Et

397 5715 616 5790 quidem
659 5716 774 5772 haec
805 5729 972 5786 astute
1021 5723 1261 5786 tempora
1312 5716 1553 5787 attigisse
1602 5717 1724 5775 illas
1770 5718 2004 5792 Philippi

2123 4610 2493 4680 propheticum
2519 4627 2642 4667 esse
2673 4612 3055 4670 includendam
3077 4616 3187 4685 jam
3204 4617 3437 4673 vidimus
3464 4634 3530 4674 ex
3559 4618 3721 4674 simili

2123 4702 2527 4773 Smyrnzeorum
2570 4703 2637 4759 de
2667 4704 2964 4776 Polycarpo
3018 4708 3157 4773 loco,
3193 4708 3282 4764 ubi
3312 4711 3426 4766 luec
3451 4712 3558 4766 duo
3587 4727 3719 4767 con-

2115 4793 2417 4865 junguntur
2445 4794 2570 4866 (Ap.
2623 4793 2839 4864 Euseb.,
2883 4799 2979 4867 ib.,
3003 4797 3083 4871 ὅ).
3117 4799 3521 4859 Rcvelatiouem
3543 4803 3722 4859 Attalo

2117 4887 2312 4942 factam
2328 4888 2396 4944 de
2427 4888 2704 4946 Alcibiade
2730 4894 3125 4950 commemorat
3157 4895 3401 4953 Ecclesia
3431 4897 3717 4968 gallicana.

2120 4980 2564 5056 Frequentesque
2604 4984 2832 5042 aliorum
2862 4987 3094 5045 diversis
3120 4990 3177 5045 in
3208 4991 3466 5049 Ecclesiis
3483 4995 3722 5064 pr0phe-

2121 5074 2225 5131 tias
2257 5076 2415 5133 iidem
2465 5081 2861 5137 montanisticis
2902 5083 3009 5139 illis
3034 5084 3103 5140 de
3140 5088 3422 5157 prophetia
3453 5090 3721 5159 praetexti-

2119 5168 2221 5223 bus
2266 5168 2483 5237 fecisse,
2536 5180 2727 5228 auctor
2783 5182 2868 5229 est
2929 5174 3218 5232 Eusebius.
3270 5176 3344 5232 [ta
3392 5180 3537 5235 enim
3587 5180 3716 5237 ille:

2116 5261 2355 5318 πλεῖσται
2393 5258 2480 5318 οὗν
2507 5266 2594 5320 καί
2621 5266 3049 5345 παραδοξοποιΐαι
3085 5277 3179 5326 τοῦ
3206 5274 3338 5328 θείου
3389 5280 3724 5356 χαρίσματος

2114 5356 2272 5412 εἰσέτι
2300 5357 2415 5413 τότε
2444 5361 2576 5414 κατὰ
2614 5357 2885 5435 διαφόρους
2914 5362 3184 5425 ἐκκλησίας
3212 5366 3583 5440 ἐπιτελούμεναι,
3600 5373 3723 5425 πίσ-

2115 5470 2195 5502 τιν
2241 5453 2388 5527 παρά
2438 5453 2637 5514 πολλοῖς
2672 5460 2764 5508 τοῦ
2805 5457 3066 5529 κᾴκείνους
3107 5464 3439 5535 προφητεύειν
3464 5473 3721 5540 παρεῖχον

2114 5539 2355 5610 (Ειιιεοη
2399 5542 2494 5610 ει..
2523 5561 2569 5598 c.
2597 5545 2675 5614 4).
2722 5545 2797 5601 Ita
2845 5550 3297 5609 montanistarum
3336 5539 3576 5610 nondum
3607 5565 3723 5612 erat

2114 5634 2371 5704 proprius
2412 5634 2502 5694 hic
2555 5646 2880 5711 praetextas,
2931 5650 2991 5699 ut
3039 5642 3298 5704 hactenus
3341 5648 3724 5710 existimarunt

2114 5724 2333 5783 eruditi.
