3990 6060
370 197 439 253 15
1335 180 1699 243 DODWELLI
1739 178 2187 243 DISSERTATIO
2233 173 2650 233 CYPRIANICA
3594 170 3664 228 ‘16

358 312 624 383 δέχεσθαι,
655 311 741 364 καὶ
783 306 860 364 δεῖ
908 310 958 364 ἐν
1003 306 1242 383 ἐκκλησίᾳ
1272 308 1607 383 χαρίσματα,
1637 312 1746 366 πῶς
1793 305 1963 359 οὐκέτι

2082 299 2303 355 visiones
2353 302 2471 351 erat
2508 290 2927 364 complexurus;
2982 300 3288 361 quanquam
3338 294 3550 344 certum
3600 287 3671 342 sit

364 411 494 473 μετὰ
520 404 792 468 Μοντανόν,
832 405 919 456 καὶ
945 399 1262 476 Πρίσκιλλαν,
1311 402 1398 453 καὶ
1442 398 1747 471 Μαξιμί).λαν
1777 395 1969 468 ἔχουσι

361 499 628 572 προφήτας
653 511 669 561 ;
701 489 804 570 ἆρα
827 494 1045 570 ἤργησεν
1070 494 1100 550 ἡ
1128 494 1287 568 χάρις
1311 507 1326 555 ;
1356 493 1446 545 οὐκ
1474 492 1623 565 ἀργεῖ
1660 488 1713 544 δὲ
1751 490 1780 547 ἡ
1807 490 1967 562 χάρις

363 589 415 641 ἐν
442 585 563 662 ἁγίᾳ
588 585 848 660 ἐκκλησίᾳ.
876 589 945 656 μή
969 585 1183 658 γένοιτο.
1214 585 1270 637 Εἰ
1294 580 1348 638 δὲ
1377 582 1471 642 ἕως
1512 583 1646 640 τινὸς
1679 583 1966 655 προφήτιυ-

365 700 464 733 σαν
489 678 536 731 οἰ
558 677 1027 753 προφητεύσαντες,
1059 679 1147 729 καὶ
1170 674 1340 729 οὐκέτι
1382 673 1809 749 προφητεύουσιν.
1842 671 1967 726 ἀὶᾶἁ

364 771 483 829 οὔτε
505 770 796 850 Πρίσκιλλα,
823 767 944 824 οὔτε
965 768 1244 840 Μαξιμῦλα
1270 770 1632 843 προεφήτευσαν
1657 768 1787 837 μετὰ
1812 767 1968 836 (κατὰ

363 866 530 920 scrib.
562 867 579 932 )
630 866 724 923 τὰς
770 862 1080 937 προφητείας
1105 866 1199 921 τὰς
1220 857 1305 914 διὰ
1331 866 1430 915 τῶν
1473 858 1628 931 ἁγίων
1651 857 1967 913 Ἀποστόλων

362 959 414 1011 ἐν
442 965 503 1029 τῇ
533 956 656 1030 ἁγίᾳ
682 955 930 1028 ἐκκλησίᾳ
955 951 1353 1023 δοκιμασθεὶσας
1387 949 1559 1022 (Har.
1592 966 1775 1013 XLVIII,
1811 948 1839 1021 δ
1866 948 1901 1003 2

365 1049 533 1106 Planc
563 1049 678 1103 haec
706 1048 1080 1118 Epiplianiano
1108 1046 1307 1102 saeculo
1347 1060 1452 1100 non
1485 1043 1832 1107 conveniunt,
1862 1058 1969 1113 quo

360 1142 472 1214 jam
519 1143 571 1197 in
615 1139 864 1196 confesso
901 1147 1018 1194 erat
1056 1137 1173 1193 haec
1223 1140 1533 1215 χαρίσματα
1584 1150 1823 1206 eousque
1858 1149 1968 1189 non

363 1248 736 1310 permanasse.
785 1232 1049 1287 Existimo
1107 1233 1272 1303 igitur
1328 1246 1396 1287 ex
1449 1228 1752 1301 antiquiore
1788 1228 1970 1300 aliquo

363 1329 634 1399 scriptore
675 1326 828 1381 illum
860 1326 975 1380 haec
1016 1324 1264 1395 imperite
1290 1323 1665 1395 descripsisse.

439 1420 468 1493 §
493 1418 739 1476 12.-—-Ad
760 1418 1003 1474 eamdem
1025 1417 1251 1472 formam
1271 1425 1675 1489 argumentatur
1697 1423 1850 1471 vetus
1877 1414 1970 1470 ille

368 1523 576 1578 auctor,
610 1513 934 1583 quicumque
962 1511 1079 1577 fuit,
1109 1522 1407 1582 martyrum
1434 1520 1921 1578 contemporaneus
1952 1547 1966 1572 ,

366 1616 611 1663 actorum
638 1604 919 1674 Perpetua:
955 1612 1009 1659 et
1039 1602 1356 1658 Felicitatis.
1397 1602 1447 1657 Is
1474 1602 1585 1669 ubi,
1614 1600 1776 1655 allato
1801 1598 1971 1656 Joelis

370 1702 511 1766 loco,
546 1697 850 1769 probasset,
884 1697 955 1750 ita
980 1712 1085 1751 non
1113 1696 1347 1753 deﬁcere
1376 1712 1405 1750 a
1432 1695 1495 1750 ν.
1519 1695 1583 1751 Τ.
1616 1694 1721 1749 illis
1750 1693 1812 1748 N.
1838 1694 1971 1749 Tes-

371 1791 594 1848 tamenti
626 1790 934 1861 prophetias
958 1830 973 1853 ,
1007 1800 1064 1843 ut
1083 1790 1193 1844 sint
1223 1789 1398 1860 potius
1424 1805 1492 1843 ex
1519 1787 1748 1844 adverso
1775 1786 1875 1842 sub
1902 1786 1966 1842 N.

366 1885 435 1942 Τ.
460 1885 697 1956 potiores
728 1882 1107 1954 expectandae;
1152 1881 1269 1938 hinc
1295 1880 1491 1937 deinde
1518 1880 1791 1952 subjungit
1816 1879 1869 1934 in
1900 1879 1971 1933 il-

368 1976 502 2043 lam,
523 1991 683 2047 quam
714 1975 850 2041 dixi,
879 1974 1234 2030 sententiam:
1263 1992 1282 2026 ι
1315 1975 1499 2045 Itaque
1515 1984 1568 2030 et
1598 1988 1719 2040 nos,
1749 1973 1837 2043 qui
1866 1973 1972 2028 sic-

368 2078 429 2124 ut
457 2068 803 2140 prophetias,
852 2069 921 2122 ita
962 2076 1018 2123 et
1055 2068 1294 2124 visiones
1341 2084 1514 2123 novas
1539 2069 1745 2138 pariter
1780 2081 1971 2136 repro-

368 2162 563 2217 missas
609 2170 664 2216 et
702 2161 1044 2232 agnoscimus
1096 2171 1151 2215 et
1210 2160 1588 2228 lionoramus;
1635 2172 1972 2239 caeterasquc

368 2256 601 2311 virtutes
646 2254 881 2326 Spiritus
922 2254 1103 2310 Sancti
1144 2254 1211 2309 ad
1254 2255 1669 2312 instrumentum
1711 2259 1973 2318 Ecclesia:

371 2358 686 2419 reputamus
713 2386 729 2411 ,
778 2348 865 2400 cui
894 2357 945 2401 et
977 2345 1172 2401 missus
1218 2356 1302 2402 est
1330 2346 1472 2403 idem
1501 2349 1679 2404 omnia
1711 2350 1971 2409 donativa

367 2442 757 2500 administrans
785 2440 836 2494 in
879 2441 1127 2495 omnibus
1152 2481 1168 2507 ,
1201 2449 1361 2510 prout
1384 2441 1673 2512 unicuique
1700 2442 1975 2501 distribuit

369 2533 657 2601 Dominus,
687 2531 996 2588 necesszirio
1020 2541 1077 2587 et
1102 2530 1417 2602 digerimus,
1451 2541 1505 2586 et
1534 2533 1599 2588 ad
1623 2534 1851 2605 gloriam
1881 2536 1973 2592 Dei

372 2627 608 2683 lectione
632 2625 992 2682 celebramus.
1033 2623 1102 2680 Ut
1122 2640 1209 2679 une
1236 2641 1338 2696 qua
1372 2634 1463 2680 aut
1488 2620 1976 2694 imbecillitas,”hut

374 2718 684 2791 deSperatio
716 2717 838 2773 [idci
866 2759 879 2782 ,
934 2717 1077 2788 apud
1119 2725 1335 2773 veteres
1358 2726 1566 2774 tantum
1595 2720 1825 2776 aestimet
1852 2737 1975 2793 gra-

380 2813 510 2868 tiam
546 2810 854 2866 Divinitatis
884 2818 1257 2865 conversatam
1280 2851 1294 2875 ,
1338 2810 1455 2867 sive
1502 2821 1826 2884 martyrum,
1859 2814 1976 2871 sive

375 2906 435 2962 in
474 2904 863 2962 revelationum
902 2904 1209 2974 dignatione
1239 2921 1253 2958 :
1288 2918 1411 2958 cum
1439 2919 1657 2975 semper
1683 2906 1822 2962 Deus
1845 2921 1975 2978 ope-

376 3007 530 3058 retur
558 3013 679 3069 qute
722 2995 1076 3065 repromisit,
1128 3011 1234 3049 non
1280 2996 1627 3053 credentibus
1651 2998 1704 3052 in
1729 3001 1975 3056 testimo-

2072 392 2213 447 hanc
2239 387 2737 459 interpretationem
2765 384 2830 440 ad
2856 391 3091 441 mentem
3121 379 3433 438 Maximilla:
3451 395 3670 437 accom-

2071 483 2275 541 modari
2311 499 2413 536 nr-n
2447 496 2625 553 posse.
2660 480 2790 549 Qua:
2820 480 2964 536 enim
2995 486 3116 549 post
3142 492 3202 533 se
3232 477 3525 533 συντέλειαν
3553 476 3671 532 fore

2071 578 2300 645 dixerat,
2324 592 2445 633 eam
2473 592 2687 632 omnem
2718 591 2939 647 prorsus
2972 573 3270 644 prophetia:
3299 587 3454 627 usum
3484 571 3673 626 exclu-

2071 688 2250 729 suram
2281 686 2500 727 necesse
2536 680 2671 726 erat.
2725 671 2788 724 5°
2832 669 2970 724 Cum
3016 667 3118 722 hac
3162 666 3276 737 ipsa
3324 672 3673 737 argumenta-

2073 763 2218 819 tione
2238 804 2256 829 ,
2310 772 2436 818 ante
2461 776 2634 817 annos
2661 760 2728 816 ad
2755 760 3037 816 minimum
3066 758 3255 814 decem
3278 798 3295 826 ,
3326 757 3379 812 in
3408 767 3552 813 secta
3581 756 3672 812 illa

2068 854 2361 912 refellenda
2388 870 2517 911 usus
2548 856 2722 910 fuerat
2743 853 2988 909 Asterius
3020 850 3309 917 Urbanus;
3342 848 3464 921 quis
3485 848 3674 905 credat

2071 948 2263 1003 eadem
2285 944 2758 1017 argumentatione
2796 959 3019 1015 usurum
3042 951 3207 998 secta:
3234 949 3518 1012 patronum
3544 940 3568 993 ?
3605 937 3671 993 4ο

2073 1039 2129 1095 Id
2169 1039 2330 1095 etiam
2380 1054 2449 1094 ex
2496 1037 2690 1093 eodem
2745 1035 2964 1093 Urbano
2992 1043 3205 1091 constat
3255 1032 3325 1090 de
3374 1031 3518 1089 facto
3552 1032 3674 1088 illos

2072 1145 2287 1187 omnem
2335 1146 2485 1186 suam
2537 1129 2924 1201 prophetarum
2970 1126 3373 1183 successionem
3416 1125 3469 1181 in
3511 1124 3674 1179 Maxi-

2072 1223 2218 1279 milla
2251 1221 2572 1278 terminasse
2595 1264 2609 1290 ,
2650 1236 2749 1277 nec
2788 1222 2953 1276 alium
2984 1218 3229 1291 quemvis
3252 1226 3374 1288 post
3401 1216 3548 1272 illam
3575 1215 3674 1272 ad-

2073 1314 2285 1371 misisse
2326 1328 2718 1370 successorem.
2776 1312 2979 1370 Eadem
3029 1312 3498 1383 argumentatione
3547 1324 3677 1367 usus

2074 1405 2407 1478 Epiphanius
2455 1405 2627 1480 (Haar.
2671 1421 2874 1475 XLVIII,
2925 1404 3064 1476 $2),
3110 1413 3235 1476 post
3283 1403 3426 1460 illius
3470 1402 3678 1459 obitum

2075 1500 2343 1556 neminem
2370 1501 2531 1554 alium
2578 1515 2609 1554 a
2639 1499 2987 1554 montanistis
3006 1497 3075 1553 ad
3104 1512 3202 1554 sua
3233 1511 3404 1569 usque
3433 1507 3677 1567 tempora

2074 1599 2313 1666 agnitum
2369 1610 2491 1651 esse
2533 1596 2838 1650 confirmat.
2888 1591 3030 1648 Fieri
3071 1593 3233 1664 igitur
3269 1608 3379 1647 non
3416 1598 3595 1661 potest
3623 1596 3682 1646 ut

2000 1704 2048 1765 Β
2076 1688 2404 1742 montanista
2434 1686 2688 1744 Saturum
2716 1686 3147 1757 Perpetuamque
3191 1686 3243 1740 in
3283 1684 3675 1756 prophetarum

2073 1778 2253 1836 album
2284 1780 2549 1837 retulerit.
2586 1779 2642 1836 ld
2672 1779 2863 1836 saltem
2894 1795 2960 1835 ex
3005 1778 3096 1834 illa
3127 1778 3361 1835 aliorum
3388 1793 3680 1850 argumen-

2074 1876 2278 1932 tatione
2305 1874 2570 1932 concedat
2595 1875 2767 1931 lector
2788 1889 3011 1931 necesse
3035 1882 3119 1930 est
3138 1915 3155 1940 ,
3179 1874 3271 1946 qui
3304 1875 3378 1929 ita
3402 1888 3681 1947 argumen-

2076 1978 2216 2026 tetur
2249 1985 2359 2025 non
2402 1984 2524 2026 esse
2555 1984 2622 2025 eo
2655 1968 2875 2025 nomine
2905 1983 3003 2039 pro
3052 1967 3378 2023 montanista
3407 1967 3682 2024 :estiman-

2074 2062 2225 2119 dum.
2273 2061 2385 2118 Nec
2428 2070 2607 2117 tamen
2635 2061 2784 2118 aliud
2831 2062 3112 2132 proferunt
3137 2063 3228 2133 qui
3254 2059 3415 2117 aliter
3442 2059 3683 2116 sentiunt

2073 2155 2175 2210 viri
2202 2169 2333 2210 sane
2361 2154 2579 2211 eruditi.
2613 2154 2738 2212 Scio
2778 2153 3032 2226 equidem
3065 2153 3364 2227 iubeasque
3393 2153 3634 2210 concedo
3662 2194 3681 2223 ,

2075 2248 2129 2304 in
2159 2258 2266 2305 tota
2287 2250 2387 2304 hac
2415 2248 2485 2305 de
2512 2249 2920 2321 prophetiarum
2953 2248 3314 2320 perpetuitate
3336 2259 3682 2322 argumenta-

2075 2342 2221 2397 tione
2261 2340 2615 2397 hallueinatos
2641 2356 2764 2398 esse
2786 2349 3001 2398 veteres
3025 2384 3042 2411 ,
3075 2358 3176 2399 nec
3196 2342 3262 2397 ad
3289 2358 3477 2398 eorum
3499 2351 3684 2400 aucto-

2076 2436 2289 2492 ritatem
2320 2436 2664 2493 minuendam
2697 2435 2847 2506 facit,
2876 2438 3020 2508 quod
3051 2437 3100 2493 id
3126 2453 3296 2509 genus
3316 2441 3521 2495 erroris
3545 2438 3683 2496 alios

2077 2527 2498 2600 frequentesque
2548 2544 2929 2602 agnoscamus.
2963 2530 3076 2587 Nec
3117 2532 3263 2587 enim
3298 2530 3440 2586 aliud
3482 2530 3684 2588 habue-

2077 2630 2205 2675 runt
2239 2623 2524 2676 sententia:
2553 2636 2667 2676 suae
2706 2623 3114 2679 fundamentum
3142 2638 3300 2694 quam
3334 2633 3517 2680 textus
3560 2624 3682 2682 illos

2082 2727 2220 2781 quos
2270 2713 2530 2780 diximus,
2557 2714 2701 2770 unde
2732 2723 2952 2772 rectene
2974 2715 3338 2786 argumentati
3365 2726 3526 2783 sunt,
3573 2733 3681 2773 non

2076 2803 2145 2860 de
2171 2804 2482 2861 testimonio
2509 2821 2729 2873 eorum,
2782 2806 2877 2863 sed
2909 2822 3038 2863 vero
3081 2805 3151 2862 de
3183 2806 3390 2877 judicio
3423 2817 3503 2863 est
3534 2823 3686 2880 qua:-

2076 2900 2203 2965 stio,
2225 2900 2276 2955 in
2301 2915 2404 2970 qua
2431 2900 2637 2957 nullum
2663 2901 2864 2958 habent
2888 2918 2917 2957 a
2939 2916 3034 2956 sua
3057 2909 3322 2957 vetustate
3347 2902 3681 2972 prmsidium.

2077 2993 2234 3063 Quod
2275 3012 2409 3055 vero
2458 2997 2584 3055 inde
2611 2997 2825 3066 infero,
2870 2998 2939 3055 de
2986 2999 3131 3056 facto
3163 2998 3285 3055 illos
3310 3001 3599 3071 agnovisse
3628 3002 3684 3057 in

378 3089 529 3145 nium
560 3129 575 3155 ,
607 3087 953 3145 credentibus
998 3087 1050 3141 in
1082 3086 1396 3142 beneficium
1425 3085 1516 3160 (1η
1545 3088 1810 3162 ΡνιεῙαι.).
1852 3112 1870 3146 ι
1899 3092 1979 3149 Eo
2006 3093 2051 3157 C
2083 3103 2183 3145 suo
2212 3104 2425 3162 quoque
2445 3093 2643 3149 sa:culo
2668 3092 2998 3163 prophetias,
3024 3093 3077 3150 id
3102 3095 3213 3165 jam
3246 3097 3300 3150 in
3334 3094 3475 3151 facto
3500 3112 3687 3153 versa-

377 3182 600 3238 omnino
625 3188 835 3251 spectat
862 3188 969 3234 tota
1001 3193 1065 3234 ea
1092 3178 1382 3250 disputatio
1414 3195 1478 3236 ne
1510 3180 1684 3237 fraudi
1714 3194 1859 3239 esset
1883 3199 1974 3240 se-

377 3273 588 3329 cuturis
617 3271 915 3325 visionibus
945 3269 1088 3336 quod
1117 3270 1321 3325 ultimis
1353 3271 1611 3329 Ecclesia:
1642 3277 1978 3347 temporibus

373 3364 497 3421 illas
528 3364 669 3419 Deus
693 3360 932 3417 revelare
962 3361 1209 3431 dignatus
1231 3364 1321 3419 sit.
1349 3363 1407 3419 Id
1435 3380 1502 3421 ne
1527 3375 1692 3433 esset,
1723 3368 1825 3424 hoc
1875 3369 1976 3426 sibi

375 3461 716 3537 probandum
747 3461 995 3532 sumpsit,
1024 3460 1226 3515 ultimis
1257 3462 1511 3518 esseillas
1540 3466 1809 3536 praecipue
1842 3476 1977 3523 tem-

377 3557 623 3629 poribus,
653 3568 977 3623 semperque
1015 3557 1081 3608 ad
1109 3557 1634 3612 consummationem
1676 3574 1846 3630 usque
1873 3577 1976 3618 ex-

377 3648 694 3721 pectandas.
738 3647 994 3701 Poterant
1037 3661 1099 3702 ea
1146 3646 1390 3704 fortassis
1419 3650 1677 3707 adversus
1719 3653 1980 3711 Ethnicos

381 3743 524 3799 dicta
579 3740 745 3797 videri
779 3782 795 3807 ,
847 3748 1097 3810 poterant
1122 3741 1283 3796 etiam
1312 3742 1571 3799 adversus
1599 3748 1973 3805 molitauistas.

380 3833 577 3892 Contra
619 3832 972 3889 tnontanistas
1024 3833 1200 3903 petius
1247 3834 1387 3891 dicta
1436 3838 1803 3907 crediderim,
1853 3842 1978 3911 quia

377 3949 498 4005 qua:
528 3932 733 3987 dixerat
758 3972 773 3995 ,
803 3944 864 3985 ea
893 3928 1290 3999 Scripturarum
1326 3933 1632 3989 testimonio
1680 3937 1978 3995 confirma-

381 4026 481 4082 vit.
532 4024 589 4080 ω
642 4037 774 4080 sane
802 4021 1145 4077 manifestum
1165 4031 1251 4078 est
1278 4040 1397 4094 qua:
1424 4024 1512 4080 hic
1538 4027 1837 4097 protulerat
1860 4044 1981 4087 esse

384 4116 525 4189 apud
574 4131 700 4171 suos
754 4115 808 4169 in
855 4113 1143 4180 confesso,
1195 4116 1336 4185 quod
1366 4132 1398 4171 a
1441 4120 1766 4176 montanista
1817 4118 2001 4179 scribi

386 4212 608 4268 omnino
634 4224 741 4263 non
769 4216 998 4279 poterat.

461 4305 492 4376 §
521 4300 922 4359 13.—-Notctur
943 4301 1085 4355 enim
1118 4301 1362 4370 inprimis
1389 4304 1585 4374 scripta
1614 4320 1735 4363 esse
1757 4307 1824 4363 ab
1850 4321 1980 4363 auc-

388 4410 509 4454 tore
553 4409 694 4449 anno
748 4392 957 4447 Domini
995 4407 1120 4454 ccn.
1149 4392 1200 4447 id
1231 4406 1332 4459 est,
1363 4410 1506 4450 anno
1528 4396 1596 4451 ab
1626 4397 1771 4453 obitu
1817 4398 1984 4456 Maxi-

2080 3181 2242 3251 bitur,
2274 3183 2343 3239 de
2369 3199 2475 3257 quo
2504 3185 2870 3241 testimonium
2902 3201 3091 3242 eorum
3115 3185 3218 3243 erit
3238 3201 3339 3257 pro
3362 3202 3463 3244 suo
3485 3190 3687 3245 saeculo

2080 3277 2469 3334 certissimum.

2155 3367 2183 3440 ς
2216 3367 2489 3425 H.—Sed
2518 3376 2575 3424 ut
2594 3383 2680 3436 eo,
2699 3369 2841 3427 unde
2861 3369 3101 3444 digressa
3128 3381 3233 3442 est,
3264 3371 3451 3430 redeat
3476 3372 3685 3442 oratio,

2079 3462 2267 3521 eadem
2297 3477 2399 3534 qua
2429 3476 2600 3533 passae
2625 3475 2750 3519 sunt
2772 3464 3039 3536 Perpetua
3056 3474 3110 3520 et
3137 3465 3393 3522 Felicitas
3418 3508 3436 3534 ,
3490 3466 3685 3524 Severi

2081 3556 2480 3626 persecutione,
2522 3557 2887 3614 occurrebant
2935 3567 2991 3613 et
3035 3558 3141 3612 alia
3188 3558 3455 3613 visionum
3494 3573 3684 3616 exem-

2082 3650 2169 3719 pla
2209 3650 2425 3721 (Auctor
2454 3651 2747 3723 incognitus
2776 3652 2897 3708 adv.
2938 3652 3229 3707 Ammonis
3281 3653 3501 3707 Ιιωνθεὶη
3526 3694 3542 3720 ,
3593 3669 3685 3724 ap.

2084 3740 2300 3810 Euseb.,
2323 3740 2464 3797 Hist.
2487 3744 2637 3809 eccl.,
2671 3759 2725 3809 ν,
2751 3742 2868 3813 28).
2902 3743 3109 3800 Natalis
3134 3743 3379 3815 inprimis
3403 3743 3688 3801 confesso-

2081 3835 2158 3889 ris
2184 3834 2273 3891 illa
2301 3835 2403 3891 sub
2424 3850 2651 3891 romano
2682 3829 2935 3906 pontifice
2957 3836 3288 3909 Zephyrino,
3318 3852 3421 3908 qua
3438 3836 3507 3891 ab
3530 3838 3688 3895 Arte-

2081 3926 2257 3983 monis
2289 3927 2485 3983 haeresi
2503 3928 2571 3983 ad
2602 3928 2927 3985 catholicam
2957 3929 3254 3985 Ecclesiam
3285 3939 3573 3986 revocatus
3597 3938 3686 3986 est

2085 4017 2298 4087 (Euseb.
2334 4060 2350 4087 ,
2398 4018 2538 4076 Hist.
2566 4023 2717 4089 eccl.,
2748 4038 2824 4088 v1,
2853 4021 2934 4092 5).
2978 4020 3118 4077 Tum
3144 4021 3490 4079 Potatniazua:
3517 4022 3639 4078 alite
3667 4063 3686 4091 ,

2083 4113 2279 4184 quibus
2307 4128 2414 4170 non
2445 4114 2707 4172 Basilides
2733 4116 2918 4183 modo,
2952 4116 3049 4173 sed
3084 4127 3139 4173 et
3193 4118 3284 4172 alii
3330 4118 3687 4176 Alexandrini

2084 4205 2268 4276 plures
2293 4207 2361 4263 ad
2394 4207 2552 4263 ﬁdem
2581 4208 2933 4265 christianam
2952 4209 3207 4273 conversi
3239 4219 3385 4266 sunt.
3408 4209 3686 4268 Prteterea

2084 4300 2447 4358 revelationes
2468 4301 2813 4374 visionesque
2851 4302 3004 4368 aliae,
3041 4317 3269 4374 quarum
3302 4303 3476 4375 prima
3500 4304 3691 4375 jussus

2086 4400 2172 4447 est
2197 4392 2506 4448 Alexander
2553 4409 2585 4448 e
2633 4391 2976 4464 Cappadocia
3020 4393 3160 4448 utin
3192 4393 3539 4450 Palaestinam
3585 4394 3691 4450 mi-

390 4486 558 4547 millac
587 4484 802 4540 circiter
828 4498 996 4545 xxnt;
1028 4484 1331 4541 decessisse
1361 4487 1503 4541 enim
1550 4489 1695 4543 illam
1743 4490 1975 4549 diximus

2090 4496 2272 4557 gravet
2310 4483 2550 4558 (Euseb,
2574 4486 2668 4554 ib.,
2698 4503 2745 4558 c_.
2771 4484 2886 4558 ll),
2926 4485 3160 4542 secunda
3188 4495 3349 4558 atque
3381 4488 3535 4544 tertia
3564 4503 3690 4546 cum

388 4592 531 4634 anno
556 4574 715 4631 Marci
744 4574 934 4628 ultimo
956 4616 971 4640 ,
1000 4574 1051 4628 id
1076 4584 1179 4640 est,
1218 4576 1369 4631 Dom.
1400 4591 1616 4633 caxxrx.
1648 4581 1809 4652 Atqui
1841 4598 1902 4639 ea
1933 4586 1979 4640 si

386 4685 521 4727 vera
554 4669 740 4723 inisset
765 4667 1124 4737 prophetissa,
1144 4683 1251 4723 non
1275 4668 1386 4739 jam
1415 4670 1554 4727 altus
1576 4682 1695 4729 erat
1723 4677 1983 4748 propheta

388 4758 777 4832 expectandus.
810 4759 910 4826 Qui
938 4759 1097 4828 igitur
1123 4760 1261 4816 alios
1282 4762 1458 4819 adhuc
1484 4771 1809 4837 expectavit,
1838 4786 1983 4828 sem-

381 4869 483 4927 per
505 4851 867 4920 expcctandos
896 4842 1244 4922 eiistimavit,
1272 4856 1385 4912 ﬁeri
1411 4873 1517 4913 non
1550 4869 1727 4929 potest
1758 4872 1815 4917 ut
1840 4865 1982 4920 illam

386 4965 490 5020 pro
529 4961 655 5003 vera
687 4945 1029 5018 prophetissa
1062 4946 1311 5005 habuerit
1337 4991 1353 5015 ,
1384 4968 1483 5008 nec
1514 4954 1744 5025 proinde
1768 4967 1979 5014 monta-

389 5042 529 5098 nista
556 5053 680 5095 esse
707 5039 895 5106 potuit.
918 5038 1248 5109 Quamquam
1275 5043 1419 5097 enim
1451 5059 1513 5099 ea
1542 5045 1767 5103 hmresis
1797 5059 1983 5119 postea

389 5135 446 5191 in
473 5133 651 5187 varias
679 5129 876 5186 deinde
902 5142 1076 5188 sectas
1101 5131 1384 5189 distributa
1414 5134 1604 5201 fuerit;
1632 5138 1683 5192 in
1715 5155 1781 5195 eo
1808 5151 1987 5199 tamen

388 5237 582 5283 omnes
628 5221 1021 5277 conveniebant
1055 5264 1070 5290 ,
1117 5224 1318 5295 primas
1348 5226 1467 5283 illas
1493 5229 1857 5297 mulierculas,
1886 5251 1984 5306 pro

386 5313 746 5389 proplietissis
774 5312 941 5369 fuisse
961 5318 1355 5383 agooscendas.
1379 5319 1604 5374 Notetur
1641 5322 1706 5376 2ο
1735 5332 1793 5379 ut
1817 5340 1981 5382 sensu

380 5405 770 5479 benignissimo
817 5404 1122 5461 Maximilla:
1151 5409 1315 5464 verba
1351 5411 1792 5483 interpretemur,
1831 5418 1982 5475 etde

376 5499 697 5557 mulieribus
745 5498 1105 5570 prOphetissis
1131 5542 1146 5568 ,
1182 5518 1287 5557 non
1316 5502 1385 5559 de
1413 5506 1544 5562 viris
1585 5508 1869 5579 prophetis
1896 5512 1981 5568 in-

379 5596 686 5665 telligamus
717 5609 733 5649 :
765 5609 835 5650 ne
856 5595 928 5650 ita
959 5593 1177 5664 quidem
1210 5596 1350 5653 hanc
1366 5600 1734 5668 prtefationem
1773 5619 1802 5658 a
1827 5622 1984 5662 mon-

380 5689 577 5753 tanista
614 5686 777 5749 scribi
819 5683 1080 5762 potuisse.
1121 5689 1405 5764 Perpetua:
1441 5693 1584 5752 enim
1627 5696 1980 5768 prophetissa:

2089 4556 2224 4634 voce
2269 4556 2478 4636 edaleSti
2521 4595 2683 4650 quam
2724 4556 2799 4663 ΒΡ
2827 4556 2911 4635 i'ln
2944 4579 3222 4649 appellant
3248 4556 3461 4645 .ludzei,
3494 4580 3691 4652 quibus

2088 4673 2280 4729 moniti
2307 4683 2434 4730 sunt
2457 4689 2578 4730 cum
2608 4674 2879 4746 EpiscOpo
2895 4688 2995 4730 suo
3009 4672 3511 4746 Hierosolymitani,
3539 4688 3688 4730 eum-

2087 4768 2208 4825 dem
2261 4768 2627 4827 Alcxandrum
2668 4777 2727 4824 ut
2775 4768 2828 4823 in
2886 4767 3267 4839 Episcopatum
3318 4766 3690 4824 admitterent.

2088 4861 2201 4917 Sub
2249 4862 2539 4918 Maximino
2583 4862 2670 4917 vel
2722 4860 2997 4918 Gordiano
3036 4858 3312 4916 Fabianus
3354 4860 3693 4919 revelatione

2086 4952 2275 5008 Divina
2304 4951 2477 5010 factus
2505 4962 2587 5010 est
2619 4952 2917 5023 Episcopus
2947 4950 3165 5021 (Euseb.
3190 4994 3205 5018 ,
3231 4950 3373 5008 Hist.
3403 4950 3528 5006 εισι.
3548 4993 3563 5019 ,
3592 4967 3646 5007 vi
3672 4992 3690 5019 ,

2088 5046 2203 5118 29),
2254 5046 2350 5116 Sp.
2380 5047 2440 5101 S.
2483 5046 2537 5101 in
2571 5044 2720 5099 illum
2752 5086 2769 5112 ,
2815 5043 3082 5101 columba:
3105 5043 3288 5114 specie
3316 5042 3543 5113 delapso
3566 5083 3585 5109 ,
3624 5042 3695 5097 ad

2088 5138 2334 5195 eamdem
2378 5138 2543 5210 plane
2589 5138 2816 5194 formam
2843 5154 2948 5209 qua
2982 5138 3038 5193 in
3068 5135 3404 5193 Salvatorem
3435 5135 3692 5207 delapsus

2088 5230 2284 5287 fuerat.

2166 5323 2194 5397 ς
2224 5324 2385 5381 15.-
2412 5321 2528 5380 Sub
2553 5322 2847 5391 Gordiano,
2872 5324 2954 5379 vel
2979 5323 3154 5394 potius
3186 5322 3416 5378 fortasse
3443 5319 3694 5392 Philippo

2090 5434 2221 5475 suos
2245 5420 2507 5478 adversus
2555 5419 2770 5476 Celsum
2804 5429 2982 5475 tomos
3010 5417 3297 5487 scripsisse
3326 5414 3539 5471 videtur
3566 5415 3694 5471 Ori-

2086 5528 2291 5585 genes;
2343 5528 2444 5570 nec
2490 5515 2634 5569 enim
2675 5515 2858 5574 στάσις
2892 5511 2979 5567 illa
3009 5515 3169 5582 cujus
3194 5508 3442 5567 meminit
3471 5523 3529 5578 p.
3562 5508 3689 5577 120,

2085 5605 2155 5662 ad
2179 5620 2350 5677 remp.
2383 5604 2665 5663 referenda
2692 5614 2778 5661 est
2802 5603 2819 5676 (
2843 5602 2959 5660 Lib.
2982 5620 3060 5673 ιιι,
3088 5603 3207 5659 adv.
3240 5601 3427 5672 Cela),
3457 5610 3516 5657 ut
3539 5611 3694 5673 puta-

2090 5699 2165 5758 vit
2218 5699 2484 5774 interpres
2516 5741 2530 5767 ,
2582 5699 2678 5758 sed
2724 5699 2792 5758 ad
2829 5709 3006 5758 sectas
3058 5698 3238 5770 potius
3266 5695 3688 5761 Christianorum
