3990 6060
342 231 419 288 17
1472 230 1557 286 DE
1596 220 1980 285 VISIONIBUS
2018 220 2488 286 PROPHETICIS.
3574 221 3643 281 18

341 345 467 404 Jam
515 354 695 404 autem
736 349 916 422 χρόνῳ
968 349 1154 406 πλείονι
1196 345 1630 418 persecutionem
1665 342 1806 414 passi
1839 356 1943 395 non
1970 338 2024 399 Α
2049 339 2157 409 jam
2209 351 2363 397 antea
2415 344 2646 400 futuram
2700 345 3052 404 intellexerat.
3105 349 3170 405 Et
3200 351 3415 421 quidem
3446 351 3535 408 illa
3577 352 3646 407 de

338 448 505 497 erant
544 438 869 504 christiani,
917 456 1075 512 quam
1127 440 1291 494 etiam
1344 440 1504 495 παλαι
1575 435 1740 492 fuisse
1788 434 1939 489 dicit.

338 531 585 604 Longam
616 532 761 587 illam
795 547 982 602 pacem
1010 533 1231 587 omnino
1258 532 1520 587 deputare
1552 529 1763 585 videtur
1789 527 1944 597 cujus

335 625 591 682 meminit
614 624 921 697 Cyprianus
951 624 1039 698 (de
1057 624 1281 698 Laps.);
1315 622 1654 679 intervallum
1690 622 1941 676 nimirum

334 732 368 773 a
424 717 807 789 persecutione
850 717 1033 772 Severi
1083 717 1150 772 ad
1187 717 1334 773 illam
1379 716 1548 772 Decii.
1598 715 1711 770 Hoc
1758 723 1938 769 autem

332 818 587 880 tempore
614 807 929 880 prapbetiea
957 808 1095 865 dona
1126 807 1268 878 apud
1299 808 1624 865 christianos
1666 807 1901 880 viguisse
1925 849 1940 872 ,

335 901 495 959 tesﬁs
521 902 640 971 ipse
665 912 749 956 est
780 899 849 956 de
878 915 979 956 suo
1001 910 1246 971 tempore
1272 900 1377 957 lide
1402 900 1753 972 dignissimus
1781 940 1797 965 ,
1849 900 1940 969 qui

332 1006 393 1051 et
464 1009 580 1050 rem
645 1008 862 1049 omnem
930 993 1375 1065 propheticorum
1431 994 1696 1049 donorum
1756 991 1941 1061 paucis

334 1085 587 1143 absolvit.
621 1084 754 1142 Οὔτε
784 1093 882 1142 τῶν
910 1095 1002 1147 τῆς
1029 1084 1252 1148 πίστεως
1285 1086 1554 1162 ἀλλοτρίων
1581 1084 1940 1162 παραπλήσιόν

337 1207 391 1240 τι
419 1190 522 1244 τοῖς
557 1186 845 1259 προφήταις
892 1186 1226 1245 πεποιήκασι,
1256 1179 1371 1236 οὔτε
1416 1184 1651 1255 νεώτεροι
1692 1182 1779 1234 καὶ
1808 1180 1940 1250 μετὰ

332 1281 429 1337 τήν
452 1276 616 1336 ἰησοῦ
643 1275 914 1350 ἐπιδημίαν
952 1276 1248 1351 ἱστόρηνται
1290 1278 1341 1330 ἐν
1366 1274 1624 1336 Ἰουδαίοις
1652 1278 1783 1335 τινὲς·
1810 1296 1939 1351 προ-

339 1372 701 1445 φητεύσαντες.
730 1370 792 1425 τὸ
832 1371 933 1446 γὰρ
963 1368 1103 1442 ἅγιον
1127 1374 1336 1441 πνεῦμα
1375 1369 1693 1441 ὡμολόγηται
1721 1370 1940 1428 ἐκεινους

334 1465 751 1521 καταλελοιπέναι
793 1463 1151 1523 ἀσεϐήσαντας
1183 1464 1254 1523 εἰς
1297 1465 1384 1518 τὸν
1421 1463 1546 1526 θεὸν,
1580 1464 1667 1515 καὶ
1694 1461 1781 1516 τὸν
1811 1480 1939 1535 προ-

330 1561 640 1635 φητευθέντα
688 1558 791 1612 ὑπὸ
837 1564 938 1612 τῶν
974 1555 1100 1632 παρ’
1124 1556 1298 1616 αὐτοῖς
1326 1561 1595 1631 προφητῶν
1628 1553 1646 1624 (
1678 1550 1794 1607 Lib.
1842 1567 1937 1618 vn,

326 1670 388 1723 ρ.
422 1650 557 1723 337)
591 1649 735 1705 ldem
771 1663 933 1719 supra
955 1648 1022 1704 de
1050 1647 1255 1704 ludas-is
1283 1647 1527 1702 Justinus
1555 1656 1776 1717 martyr.
1810 1645 1940 1701 Per—

2050 435 2416 491 unanimitatis
2440 437 2652 493 defectu
2682 439 2802 496 talis
2829 452 2944 497 erat
2964 443 3176 509 qualem
3202 443 3645 514 descripsitApo-

2047 528 2239 594 stulns,
2263 546 2365 600 qua
2416 532 2528 603 ipsa
2577 548 2789 605 quoque
2817 535 3058 611 cordinm
3095 539 3302 593 occulta
3359 538 3639 594 manifesta

2047 622 2422 679 redderentur.
2456 625 2579 681 Erat
2612 636 2667 681 et
2712 628 2814 682 alia
2861 630 3117 684 revelatio
3164 646 3324 701 quam
3378 631 3445 686 ad
3478 632 3641 686 mini-

2049 729 2193 768 mum
2242 715 2496 771 famulum
2531 718 2612 789 (se
2655 735 2716 774 ea
2749 720 3095 789 proculdubio
3150 737 3285 777 voce
3339 723 3643 795 denotarat)

2047 806 2353 862 mandatam
2400 810 2494 875 ait,
2528 809 2616 864 dic
2659 810 2755 876 illi,
2784 812 2975 881 inquit,
3020 827 3241 869 securus
3269 817 3358 881 sit,
3384 817 3507 886 quia
3540 830 3639 885 pax

2049 906 2269 954 ventura
2302 909 2402 955 est.
2435 900 2549 957 Jam
2575 902 2731 972 longe
2760 903 2987 959 aberant
3025 920 3052 957 a
3088 906 3231 974 pacis
3278 922 3372 977 spe
3401 923 3522 962 cum
3555 909 3639 962 illa

2046 992 2307 1048 scriberet
2331 992 2649 1065 Cyprianus.
2677 995 2787 1052 Nec
2817 1006 2992 1052 tamen
3022 998 3461 1055 dissimulandum
3487 1017 3644 1072 prop.

2049 1095 2196 1141 terea
2250 1087 2507 1153 credidit,
2559 1090 2686 1159 quin
2722 1090 2898 1159 potius
2946 1091 3113 1160 ipsam
3168 1091 3305 1147 hanc
3354 1093 3638 1163 epistolam

2046 1180 2211 1235 fuisse
2239 1179 2492 1237 fratribus
2511 1183 2813 1253 legendam.
2835 1184 2910 1238 Ita
2932 1195 3136 1241 eertum
3161 1184 3227 1240 dc
3255 1198 3450 1240 crcnttt
3476 1186 3643 1241 fuisse

2045 1282 2278 1337 constat,
2314 1272 2426 1328 fore
2457 1274 2805 1330 nihilominus
2833 1275 2974 1346 quod
3007 1279 3328 1346 promissum
3357 1287 3490 1333 erat.

2116 1364 2243 1420 Orta
2267 1367 2640 1436 persecutione
2662 1369 2906 1424 secessit.
2924 1370 2980 1423 Id
3001 1385 3215 1441 quoque
3246 1382 3302 1427 ut
3330 1372 3636 1443 Dionysium

2046 1456 2236 1513 lecisse
2265 1458 2619 1526 ostendimus,
2648 1462 2727 1517 sic
2772 1462 2879 1516 Deo
2928 1463 3129 1530 pariter
3173 1474 3397 1520 auctore
3427 1475 3641 1518 constat

2045 1549 2236 1607 fecisse
2251 1549 2598 1624 Cyprianum.
2615 1573 2633 1606 ι
2649 1555 2711 1609 Et
2736 1555 2985 1623 audietis,
3006 1558 3198 1627 inquit,
3220 1558 3641 1628 munia,qnando

2041 1643 2109 1697 ad
2138 1659 2232 1698 vos
2275 1646 2526 1700 reducem
2563 1661 2649 1702 me
2681 1647 2936 1703 Dominus
2968 1636 3172 1714 fecerit,
3203 1652 3291 1720 qui
3322 1661 3379 1703 ut
3407 1650 3633 1704 secede-

327 1744 411 1815 git
439 1752 615 1798 autem
646 1741 907 1811 Origenes
936 1758 951 1796 :
982 1750 1169 1813 Σημεῖα
1197 1740 1251 1797 δὲ
1299 1748 1392 1797 τοῦ
1443 1740 1588 1815 ἁγίου
1639 1744 1931 1815 πνεύματος

2045 1750 2148 1791 rem
2175 1735 2334 1805 jussit
2362 1735 2487 1811 (Ep.
2523 1739 2601 1808 χ).
2649 1757 2669 1790 ι
2718 1737 2862 1794 Idem
2911 1742 2963 1794 in
3011 1756 3097 1811 ep.
3126 1757 3216 1806 xv,
3267 1742 3554 1812 multisque
3585 1742 3636 1794 in

327 1837 447 1894 κατ’
484 1839 663 1916 ἀρχάς
707 1840 798 1909 μὲν
842 1845 934 1896 τῆς
958 1833 1125 1895 Ἰησοῦ
1177 1832 1531 1897 διδασκαλίας,
1567 1837 1698 1906 μετὰ
1745 1831 1799 1888 δέ
1848 1838 1937 1892 τήν

328 1928 579 2003 ἀνάληψιν
608 1931 770 1985 αὐτοῦ
792 1928 998 1984 πλείονα
1027 1925 1300 1988 ἐδεικνυτο,
1349 1926 1564 2003 ὕστερον
1593 1923 1645 1980 δέ
1664 1926 1933 1982 λάττοντα.

326 2022 457 2081 πλὴν
484 2027 571 2077 καί
589 2028 678 2076 νῦν
705 2020 780 2079 ἔτι
808 2020 933 2094 ἴχνη
963 2023 1102 2078 ἐστιν
1133 2024 1295 2076 αὐτοῦ
1321 2022 1445 2098 παρ’
1475 2021 1681 2094 ὀλίγοις.
1713 2023 1807 2081 τὰς
1834 2021 1936 2093 ψυ-

326 2119 441 2188 χὰς
461 2123 534 2188 τῷ
558 2115 690 2189 λόγῳ
709 2117 796 2169 καί
819 2122 935 2174 ταῖς
963 2112 1076 2170 κατ’
1095 2115 1250 2169 αὐτὸν
1276 2115 1495 2190 πράξεσι
1522 2115 1931 2189 κεκαθαρμένοις.

325 2205 485 2275 Quod
516 2220 614 2260 suo
644 2214 890 2275 tempore
919 2203 1145 2275 vestigia
1177 2203 1440 2258 duntaxat
1465 2217 1751 2273 superesse
1764 2202 1930 2270 dicat,

324 2301 398 2358 ad
443 2302 611 2371 prima
661 2300 747 2355 illa
769 2299 1051 2355 christiani
1100 2298 1280 2354 cultus
1305 2297 1595 2367 primordia
1643 2297 1695 2351 in
1738 2305 1936 2367 pente-

324 2403 480 2451 coste
508 2391 859 2464 proculdubio
910 2391 1169 2461 respexit,
1194 2398 1358 2460 utque
1386 2390 1555 2443 voluit
1596 2403 1720 2444 cum
1758 2388 1934 2444 chris-

324 2485 599 2540 tianorum
646 2483 904 2555 cujusque
948 2482 1156 2538 ordinis
1203 2482 1513 2538 communia
1558 2482 1686 2536 olim
1737 2481 1936 2537 fuerint

326 2576 435 2633 sub
460 2575 723 2648 apostolis
775 2575 909 2630 dona
937 2574 1077 2643 hinc,
1116 2590 1235 2645 qua:
1262 2575 1526 2642 diximus,
1579 2573 1893 2645 pr0phctica
1915 2617 1929 2639 ,

330 2671 446 2742 jam
474 2670 759 2725 illustrium
795 2667 1053 2725 duntaxat
1089 2668 1355 2739 primique
1399 2667 1574 2723 meriti
1605 2668 1930 2722 christiano-

331 2777 453 2818 rum
486 2759 621 2816 facta
649 2776 769 2818 esse
797 2762 1063 2833 pr0pria._

404 2853 434 2926 §
463 2852 625 2909 l6.—
636 2853 931 2926 Benignum
943 2852 1030 2908 hic
1044 2853 1312 2924 pra-beret
1330 2862 1699 2923 argumentum
1719 2853 1802 2909 vel
1826 2867 1930 2908 una

332 2945 425 3001 illa
466 2944 709 3014 Gregorii
738 2945 1122 3017 Thaumalurgi
1144 2987 1159 3011 ,
1191 2945 1435 3016 Origenis
1465 2945 1733 3015 discipuli,
1769 2945 1874 3000 vita
1898 2960 1926 2999 a

328 3035 575 3110 Nysseno
594 3037 935 3107 conscripta:
959 3036 1013 3092 ni
1036 3036 1085 3091 id
1117 3048 1411 3092 metuerem
1435 3052 1502 3091 ne
1528 3037 1774 3092 certioris
1803 3035 1925 3091 ﬁdei

2017 1829 2282 1914 'ejusdem
2329 1831 2434 1885 vita
2491 1831 2734 1888 Pontius.
2778 1833 2966 1904 Lap~is
2992 1849 3283 1903 paeem,eo
3312 1835 3637 1899 iucnnsulto,

2043 1930 2247 1977 temere
2277 1935 2656 1979 concesserant
2717 1924 3037 1997 presbyteri.
3068 1926 3143 1979 De
3193 1942 3259 1982 eo
3299 1928 3483 1992 etiam,
3512 1926 3637 1998 quid

2043 2016 2262 2082 faceret,
2312 2016 2477 2070 Deum
2528 2016 2706 2071 habuit
2759 2018 3081 2072 monitorem
3115 2036 3128 2075 :
3168 2037 3185 2070 ι
3217 2018 3492 2088 Castigare
3539 2033 3640 2073 nos

2042 2107 2219 2178 itaque
2237 2107 2413 2162 divina
2429 2123 2656 2164 censura
2673 2124 2772 2165 nec
2794 2111 3040 2167 noctibus
3058 2114 3273 2178 desinit,
3298 2128 3397 2169 nec
3424 2113 3634 2167 diebus.

2044 2200 2247 2256 Pra-ter
2304 2212 2594 2258 nocturnas
2638 2204 2780 2258 enim
2830 2205 3087 2271 visiones,
3141 2221 3236 2275 per
3282 2206 3396 2261 dies
3424 2221 3640 2275 quoque

2047 2296 2300 2364 impletur
2326 2298 2466 2367 apud
2496 2313 2592 2352 nos
2615 2299 2818 2367 Spiritu
2846 2308 3031 2354 sancto
3059 2315 3345 2368 puerorum
3377 2300 3639 2355 innocens

2042 2397 2192 2455 artas,
2220 2404 2342 2459 qum
2371 2390 2422 2443 in
2441 2390 2614 2444 extasi
2647 2389 2787 2446 videt
2814 2393 3007 2459 oculis,
3040 2402 3094 2448 ct
3120 2393 3286 2456 audit,
3321 2402 3375 2448 ct
3404 2392 3643 2462 loquitur

2040 2483 2237 2552 quibus
2271 2498 2369 2537 uos
2397 2483 2657 2539 Dominus
2688 2500 2909 2540 monere
2936 2495 2990 2541 et
3036 2486 3299 2541 instruere
3326 2487 3630 2557 dignatur.»

2038 2577 2285 2646 Quinque
2334 2578 2632 2650 presbyteri
2661 2579 2937 2648 lapsorum
2986 2581 3229 2649 patroni,
3255 2596 3390 2651 quas
3422 2579 3499 2635 illi
3523 2588 3636 2635 tur-

2040 2670 2142 2727 bas
2187 2670 2458 2738 dederint,
2486 2672 2686 2742 ubique
2715 2682 2926 2728 constat
2982 2688 3047 2728 ex
3077 2674 3319 2743 ejusdem
3369 2674 3633 2739 epistolis.

2037 2762 2094 2819 ld
2126 2764 2286 2820 etiam
2313 2765 2363 2820 ei
2406 2780 2435 2818 a
2468 2765 2693 2819 Domino
2736 2766 2940 2822 caelesti
2987 2768 3193 2821 visione
3239 2775 3396 2821 antea
3426 2766 3634 2821 revela-

2041 2866 2151 2912 tum
2185 2865 2287 2912 est.
2330 2875 2349 2908 ι
2384 2857 2728 2924 Persecutio,
2771 2859 2965 2928 inquit,
2999 2868 3082 2915 cst
3114 2860 3229 2914 haec
3277 2861 3400 2921 alia.
3433 2869 3490 2915 et
3528 2859 3632 2915 alia

2036 2950 2261 3005 tentalio
2286 2967 2301 3016 ;
2331 2959 2386 3005 et
2416 2951 2651 3021 quinque
2701 2951 2785 3005 isti
2836 2952 3133 3023 presbyteri
3168 2952 3300 3006 nihil
3333 2951 3475 3007 aliud
3507 2962 3637 3007 sunt

2035 3056 2195 3110 quam
2243 3042 2478 3113 quinque
2534 3046 2798 3111 primores
2846 3044 2945 3106 illi.
2978 3045 3067 3114 qui
3100 3044 3278 3099 edicto
3307 3060 3477 3114 nuper
3520 3060 3632 3099 ma-

328 3136 692 3190 monumentis
740 3133 900 3189 ﬁdem
954 3133 1316 3200 detraherem,
1340 3135 1383 3189 si
1430 3136 1714 3190 incertiora
1762 3136 1921 3190 etiam
1952 3135 1997 3198 C
2029 3135 2342 3204 gistratibus
2366 3133 2579 3189 fuerant
2606 3134 2838 3204 copulati
2867 3133 2996 3207 (Ep.
3026 3134 3139 3207 ιιι).
3193 3155 3211 3188 ι
3248 3137 3321 3190 lta
3372 3136 3636 3192 intellexit

329 3240 726 3282 coacervarem.
758 3225 946 3282 Hausit
967 3226 1055 3281 illa
1079 3225 1355 3296 Nyssenus
1383 3242 1486 3282 non
1527 3243 1558 3283 e
1587 3229 1784 3284 cozevis
1811 3241 1926 3283 mo-

329 3319 625 3386 numentis,
682 3318 777 3373 sed
830 3333 959 3374 vero
992 3333 1057 3373 ex
1104 3319 1236 3373 orali
1275 3320 1592 3391 plerumque
1620 3321 1955 3387 traditione,-

331 3427 435 3468 nec
458 3412 546 3466 illa
579 3413 798 3483 propius
840 3428 997 3481 quam
1026 3427 1091 3467 ex
1123 3412 1297 3480 unius,
1326 3412 1390 3466 ad
1421 3414 1725 3481 minimum,
1758 3415 1930 3469 artatis

330 3505 621 3560 intervallo
645 3503 893 3559 deducta.
929 3504 999 3558 Ea
1026 3505 1070 3559 si
1098 3519 1278 3559 coram
1317 3506 1647 3575 accepisset,
1682 3521 1781 3559 nec
1806 3521 1921 3561 rem

330 3605 539 3668 gestam
562 3597 717 3652 aliter
734 3611 893 3665 quam
920 3605 1070 3666 geSta
1095 3607 1199 3664 est,
1233 3588 1524 3653 ratiociniis
1550 3598 1799 3652 nimirum
1821 3598 1933 3651 suis

332 3688 763 3760 conjecturisque
787 3696 1017 3753 auctam,
1044 3691 1271 3760 posteris
1319 3698 1792 3760 reprtesentaSset,
1826 3703 1930 3743 non

332 3781 578 3838 viderem
593 3796 722 3837 sane
741 3797 838 3837 cur
855 3781 1115 3855 Nysseno,
1131 3782 1411 3838 eurcuivis
1427 3781 1662 3853 probata:
1682 3782 1802 3836 ﬁdei
1818 3781 1933 3837 viro

330 3889 590 3929 assensus
633 3882 775 3929 esset
825 3873 1191 3945 deuegandus.
1240 3874 1387 3928 Talia
1418 3886 1542 3928 sunt
1585 3886 1761 3929 autem
1815 3889 1934 3944 qua:

330 3967 603 4025 hactenus
630 3968 966 4039 protulimus,
995 3983 1223 4039 qumque
1273 3968 1527 4038 deinceps
1577 3967 1930 4038 proferemus.

414 4059 445 4132 §
476 4059 564 4115 l7.
585 4091 653 4101 -—
677 4061 855 4127 Quare
907 4060 1151 4130 suppleat
1174 4060 1289 4131 ejus
1326 4061 1502 4115 locum
1529 4060 1665 4114 alius
1693 4061 1810 4128 ejus
1836 4061 1934 4116 sub

330 4151 568 4222 Origene
618 4152 1036 4223 condiscipulus,
1079 4153 1362 4225 Dionysius
1392 4152 1812 4208 Alexandrinus.
1840 4152 1936 4209 Hic

332 4246 441 4302 sub
466 4245 626 4302 linem
659 4247 911 4321 Philippi,
937 4246 1219 4318 ingruente
1265 4245 1630 4312 Alexandriae,
1663 4246 1840 4320 pOpuli
1881 4247 1933 4301 in

330 4338 663 4396 christianos
715 4339 1022 4396 ferocientis
1070 4341 1294 4409 impetu,
1331 4341 1725 4410 persecutione,
1753 4340 1936 4396 divino

331 4419 546 4488 monitu
593 4434 775 4504 iugere
813 4433 997 4504 jussus
1045 4441 1147 4498 est,
1178 4435 1262 4489 cui
1308 4443 1361 4489 et
1391 4433 1528 4505 fuga:
1554 4434 1694 4488 viam
1743 4442 1937 4504 praeter

2036 3235 2308 3296 reeteque,
2368 3234 2426 3280 ut
2462 3226 2693 3294 videtur,
2723 3226 2997 3282 Parnelius
3049 3246 3062 3282 :
3102 3246 3120 3279 ι
3160 3226 3379 3282 Videtur
3401 3227 3532 3282 mihi
3558 3228 3637 3282 al—

2036 3316 2222 3373 ludere
2264 3317 2330 3371 ad
2392 3318 2654 3374 visionem
2703 3319 3009 3388 quampiam
3066 3319 3118 3373 in
3169 3334 3272 3390 qua
3323 3319 3637 3389 apparuisse

2040 3414 2286 3469 videntur
2316 3428 2436 3469 cum
2488 3413 2890 3484 magistratibus
2930 3414 3165 3483 quinque
3226 3414 3512 3482 primores,
3546 3415 3636 3483 qtti

2037 3508 2270 3564 edictuin
2294 3518 2482 3564 contra
2512 3509 2793 3580 episcopos
2823 3524 2926 3564 una
2959 3510 3312 3579 publicarent.
3350 3528 3370 3561 ι

2115 3598 2143 3670 §
2175 3600 2350 3654 19.—-—-
2378 3599 2681 3656 Secundam
2710 3599 2857 3654 illam
2888 3600 2968 3654 sui
3002 3601 3259 3671 temporis
3280 3601 3380 3655 sub
3401 3599 3555 3657 Gallo
3579 3611 3635 3656 et

2040 3690 2335 3746 Volusiano
2382 3691 2816 3763 persecutionem
2842 3693 2955 3764 jam
3003 3704 3159 3748 antea
3213 3708 3277 3749 ex
3307 3694 3634 3749 revelatinnc

2040 3782 2220 3838 divina
2250 3782 2571 3848 didicerant,
2599 3783 2776 3855 deque
2824 3800 2886 3840 ca
2916 3784 3170 3856 populum
3213 3786 3406 3842 litteris
3446 3788 3639 3841 etiam-
3718 3790 3721 3791 ⁷

2042 3893 2167 3933 num
2217 3878 2530 3933 extantibus
2599 3877 2927 3934 mouendum
2983 3879 3383 3934 existimarunt.
3436 3879 3510 3934 Ita
3571 3878 3638 3933 ad

2041 3971 2255 4040 plebem
2299 3970 2704 4026 Thiharitanatn
2756 3969 3055 4042 Cyprianus
3105 3988 3117 4024 :
3155 3990 3175 4024 ‹
3208 3970 3340 4027 Nam
3372 3987 3492 4026 cum
3530 3972 3637 4025 Do-

2041 4062 2173 4116 mini
2223 4062 2540 4117 instrnentis
2567 4061 2878 4133 dignatione
2918 4062 3236 4133 iustigcmur
3271 4063 3492 4133 smpius,
3518 4077 3638 4116 am-

2040 4154 2182 4224 plius
2210 4163 2263 4209 ct
2289 4154 2698 4220 admoneamur,
2737 4154 2804 4209 ad
2832 4163 3064 4210 vestram
3107 4170 3321 4226 quoque
3350 4157 3638 4211 conscien-

2042 4248 2169 4302 tiam
2221 4247 2608 4305 admonitionis
2662 4258 2862 4304 nostra:
2910 4249 3328 4305 sollicitudinem
3395 4251 3638 4321 perferre

2040 4338 2320 4396 debemus.
2348 4339 2501 4396 Scire
2523 4340 2667 4396 enim
2695 4340 2903 4397 debetis
2943 4351 2996 4397 et
3021 4356 3117 4411 pro
3147 4351 3296 4398 certo
3326 4342 3549 4399 credere
3574 4358 3637 4399 ac

2042 4441 2250 4500 tenere,
2270 4447 2553 4503 prtessurte
2579 4434 2719 4490 diem
2748 4451 2909 4506 super
2929 4445 3090 4507 caput
3110 4452 3230 4493 esse
3256 4438 3486 4507 coepisse
3506 4437 3634 4510 (Ep.

334 4525 647 4596 opinionem
675 4527 903 4596 aperuit.
932 4526 1008 4582 lta
1036 4528 1104 4583 de
1137 4544 1196 4583 se
1249 4529 1363 4600 ipse
1389 4529 1441 4583 in
1472 4544 1566 4585 sua
1596 4532 1662 4584 ad
1713 4530 1935 4586 Germa-
1958 4528 2014 4589 D
2041 4524 2168 4595 LVI),
2188 4534 2291 4579 etc.
2310 4526 2560 4591 iDeinde,
2590 4527 2774 4597 paucis
2807 4528 3135 4598 interpositis
3166 4547 3179 4581 :
3210 4547 3230 4581 ι
3253 4528 3363 4584 Nec
3391 4541 3638 4599 putemus

332 4634 468 4674 num
496 4621 717 4691 epistola
740 4637 756 4674 :
782 4623 1110 4685 κελεύσαντος
1130 4644 1215 4696 μοι
1230 4632 1545 4696 μεταστῆναι
1570 4630 1663 4681 τοῦ
1682 4630 1832 4690 Θεοῦ,
1855 4626 1943 4680 καί

332 4715 647 4795 παραδόξως
676 4715 1074 4779 ὁδοποιήσαντος
1100 4759 1115 4784 ,
1157 4725 1261 4771 etc.
1311 4718 1488 4786 (Apud
1532 4716 1744 4786 Euseb.,
1797 4716 1938 4771 Hist.

334 4810 547 4877 ποίει,
575 4826 650 4877 v1,
697 4809 814 4883 40).
852 4811 978 4866 Ha-c
1018 4826 1146 4864 vera
1188 4824 1327 4873 esse,
1386 4811 1552 4866 Deum
1619 4812 1792 4881 ipsum
1829 4820 1939 4867 tes-

338 4913 447 4960 tem
492 4905 765 4978 appellat:
807 4911 905 4981 ἐγὼ
951 4907 1006 4964 δὲ
1037 4912 1124 4963 καὶ
1169 4910 1374 4964 ἐνώπιον
1402 4916 1495 4966 τοῦ
1523 4912 1657 4974 θεοῦ,
1672 4909 1824 4974 λαλῶ,
1856 4910 1942 4961 καὶ

339 5001 500 5061 αὐτὸς
542 4996 673 5057 οἶδεν
709 4998 788 5057 ὅτι
821 5003 881 5057 οὐ
929 4999 1185 5074 ψεύδομαι
1211 5015 1223 5029 ⁸
1290 4998 1405 5056 οὐδέ
1451 5003 1570 5074 μίαν
1610 4998 1691 5056 ἐπ’
1717 5002 1943 5071 ἐμαυτοῦ

337 5093 668 5168 βαλὶρμενος,
698 5097 831 5151 ἀθειί
869 5098 1152 5168 πεποίημαι
1196 5100 1284 5154 τὴν
1309 5100 1486 5170 φυγήν.
1512 5093 1649 5161 Quid
1672 5093 1757 5148 hic
1783 5090 1945 5148 facie-

336 5184 514 5241 mus?
538 5184 662 5242 Viro
687 5187 1027 5243 sanctissimo
1072 5202 1141 5243 ne
1170 5187 1348 5256 jurato
1369 5186 1582 5258 quidem
1618 5184 1945 5242 credemus?

416 5275 448 5346 §
473 5275 562 5333 18.
579 5306 649 5319 --
672 5277 752 5333 Ad
780 5277 892 5351 ipsa
910 5278 1022 5349 jam
1053 5277 1308 5349 Cypriani
1339 5287 1579 5349 tempora
1602 5276 1938 5341 devenimus,

338 5371 503 5444 cujus
524 5372 572 5429 si
604 5371 762 5429 unius
804 5371 1107 5428 testimonia
1148 5372 1513 5437 consulamus,
1543 5386 1643 5427 nec
1665 5369 1768 5426 erit
1811 5384 1944 5426 sane

339 5465 492 5539 quod
516 5464 847 5534 dubitemus,
876 5465 1041 5522 fuisse
1068 5465 1302 5521 visiones
1329 5464 1567 5541 aliasque
1605 5462 1937 5535 prophetias,

344 5572 453 5616 nec
481 5558 647 5615 fuisse
668 5558 833 5615 etiam
864 5558 982 5614 illas
1002 5558 1396 5615 veracissimas.
1430 5555 1489 5612 In
1516 5555 1617 5611 hac
1642 5556 1756 5627 ipsa
1777 5568 1938 5625 quam

346 5662 645 5714 tractamus
666 5654 893 5727 epistola
942 5653 1186 5711 meminit
1211 5649 1434 5709 visionis
1464 5649 1610 5721 prius
1651 5650 1810 5720 longe
1847 5661 1941 5703 os-

344 5766 521 5813 tensa:
541 5762 702 5823 quam
733 5757 1024 5824 tempestas
1050 5746 1313 5803 vastitatis
1334 5746 1478 5802 illius
1502 5743 1755 5812 oriretur,
1782 5754 1942 5813 quam

2044 4618 2170 4672 talia
2195 4633 2315 4673 esse
2331 4634 2450 4688 quae
2480 4620 2724 4688 veniunt,
2746 4620 2921 4690 qualia
2954 4620 3168 4675 fuerunt
3192 4621 3278 4676 illa
3311 4637 3429 4691 quae
3463 4633 3637 4676 trans-

2044 4710 2238 4764 ierunt.
2293 4708 2517 4765 Gravior
2564 4727 2704 4766 nttnc
2730 4720 2785 4765 et
2836 4709 3065 4766 ferocior
3116 4726 3287 4783 pugna
3337 4712 3633 4778 imminet,»

2044 4817 2150 4861 clc.
2170 4805 2379 4859 Rursus
2396 4804 2534 4859 idem
2550 4821 2669 4859 cum
2686 4805 2892 4876 synodo
2904 4804 3201 4877 Cyprianus
3213 4806 3276 4859 ad
3293 4805 3598 4861 Cornelium
3622 4823 3635 4859 :

2050 4916 2069 4949 ι
2106 4895 2211 4953 Sed
2243 4897 2385 4951 enim
2413 4912 2535 4952 cum
2563 4896 2837 4952 videamus
2876 4897 3017 4952 diem
3066 4912 3250 4951 rursus
3301 4897 3524 4954 alterius
3554 4900 3639 4954 in-

2045 4989 2350 5046 l'estationis
2390 4991 2821 5060 appr0pinquare
2866 4990 3117 5059 cmpissc,
3144 4997 3199 5044 et
3239 4990 3444 5045 crebris
3472 5002 3638 5062 atque

2047 5082 2278 5137 assiduis
2309 5081 2713 5153 ostensionibus
2742 5084 3154 5148 admoneamur,
3186 5090 3243 5136 ut
3271 5081 3335 5136 ad
3364 5090 3643 5138 certamen

2044 5174 2187 5245 quod
2209 5173 2363 5231 nobis
2396 5173 2789 5241 hostisindicit,
2820 5173 3011 5228 armati
3037 5183 3092 5229 et
3114 5175 3282 5244 parati
3305 5174 3496 5239 simus,
3530 5176 3641 5246 ple-

2046 5267 2169 5323 hem
2193 5268 2354 5322 etiam
2379 5266 2534 5322 nobis
2551 5267 2621 5322 de
2636 5266 2813 5322 divina
2837 5264 3147 5339 dignatione
3159 5269 3526 5337 commissam,
3547 5284 3643 5325 ex-

2048 5358 2443 5416 hortationibus
2475 5361 2675 5415 nostris
2700 5374 2973 5431 paremus,
2988 5370 3094 5417 etc.
3129 5360 3254 5433 (Ep.
3287 5361 3452 5435 ιιν).ι
3488 5362 3642 5419 Post-

2049 5468 2111 5511 ea
2132 5470 2145 5507 :
2172 5472 2190 5505 ι
2203 5452 2691 5525 Obtemperandum
2708 5462 2793 5508 est
2814 5469 3045 5526 namque
3057 5456 3456 5513 ostensionibus
3478 5465 3644 5524 atque

2048 5547 2502 5605 admonitionibus
2548 5547 2727 5617 iustis,
2759 5558 2818 5604 ut
2859 5564 2889 5604 a
2922 5548 3229 5619 pastoribus
3257 5563 3385 5622 oves
3416 5548 3467 5602 in
3501 5551 3644 5615 peri-

2050 5642 2172 5700 culo
2202 5657 2307 5698 non
2334 5640 2681 5712 deserantur,
2709 5652 2814 5699 etc.
2853 5660 2869 5694 ι
2908 5640 3115 5697 Rursus
3146 5659 3161 5694 :
3201 5638 3441 5694 «Placuit
3467 5636 3655 5706 nobis,

2052 5739 2257 5815 Spiritu
2311 5746 2500 5794 sancto
2545 5745 2874 5815 suggerente
2923 5743 2979 5792 et
3005 5734 3253 5797 Domino
3293 5745 3388 5802 per
3417 5728 3674 5788 visiones
