3990 6060
301 217 382 274 21

1456 219 1547 278 DE
1586 217 1976 278 VISIONIBUS
2012 217 2484 285 PROPHETICIS.
3550 235 3622 291 92

305 339 477 407 velis,
496 337 671 409 passis
698 336 928 394 fortasse
955 339 1186 409 capillis,
1215 339 1282 395 ad
1313 339 1533 396 modum
1561 339 1912 412 Sibyllamm,
1943 339 1991 402 Δ
2021 339 2148 396 dum
2176 345 2538 414 suspicionem
2556 346 2764 411 attinet,
2786 349 3114 406 alienissima
3127 359 3245 407 erat
3269 359 3400 408 aetas
3425 361 3622 423 puero-

309 435 732 507 prophetarent.
759 431 872 489 Nec
900 433 1060 489 aliter
1080 434 1296 504 Agabus
1349 435 1544 490 famem
1573 434 1720 488 illam
1768 446 1918 489 mcu-

307 528 589 584 menicam
621 526 890 596 praedixit,
921 543 1042 597 qua:
1071 528 1369 599 imperante
1397 522 1624 584 Claudio
1649 526 1910 596 conligit;

307 643 419 699 qua
453 637 635 681 tamen
666 624 1020 696 praedictione
1059 625 1246 680 moniti
1284 626 1464 679 statim
1498 634 1785 694 antequam
1839 620 1918 675 fu~

310 734 436 775 mes
468 719 582 788 ipsa
631 719 933 783 evenisset,
982 717 1241 773 subsidiis
1267 717 1593 788 pecuniariis
1630 713 1917 769 subvenie-

313 811 469 873 bant,
501 809 567 864 ad
596 808 843 864 eamdem
877 809 1035 879 plane
1063 809 1289 864 formam
1316 825 1420 880 qua
1441 809 1771 881 Cyprianum
1799 805 1916 875 jam

309 905 554 961 vidimus
596 903 961 973 persecutioni
1009 903 1262 958 similiter
1308 902 1578 972 pradictae
1621 902 1916 956 etiamnum

310 997 506 1051 futurae
529 1003 879 1051 occurentem
913 994 1052 1064 (Act.
1086 1012 1162 1060 ιιι,
1189 995 1278 1060 28,
1302 995 1394 1059 29,
1429 995 1545 1067 50).
1569 995 1734 1050 Erant
1771 994 1914 1049 enim

311 1091 546 1164 publica:
585 1101 642 1144 ut
691 1089 980 1160 plurimum
1027 1090 1362 1146 calamitates
1410 1091 1810 1160 prephetiarum
1841 1089 1912 1144 is-

317 1185 569 1240 tiusmodi
615 1193 1016 1254 argumentum,
1081 1183 1166 1238 vel
1201 1198 1551 1254 personarum
1592 1183 1782 1238 saltem
1814 1197 1914 1253 puo

312 1277 597 1333 blicarum.
623 1275 730 1331 ista
762 1278 817 1332 S.
855 1276 1004 1330 Pauli
1029 1275 1238 1331 vincula
1269 1273 1913 1346 praedixitAgabus,Act.

311 1388 436 1435 xu,
479 1372 566 1434 10,
613 1372 698 1425 Η.
721 1369 1098 1425 Ρνωάἰκθτιιιιι
1127 1379 1179 1424 et
1201 1368 1288 1423 alii
1317 1368 1588 1439 discipuli,
1620 1385 1671 1422 v.
1693 1370 1747 1432 4;
1775 1383 1914 1437 prte-

313 1465 452 1520 dixit
502 1472 699 1538 πνεῦμα
763 1467 900 1520 κατὰ
950 1465 1113 1527 πόλιν,
1173 1478 1292 1533 cap.
1338 1478 1407 1518 xx
1436 1503 1451 1526 ,
1484 1461 1576 1529 25,
1631 1461 1685 1516 id
1730 1468 1918 1526 est,ut

311 1571 417 1626 ego
469 1557 724 1623 arbitror,
768 1561 1105 1631 πνευματικοὶ
1153 1553 1488 1625 singularum
1537 1553 1914 1619 ecclesiarum,

313 1663 439 1716 quae
463 1663 530 1703 ea
568 1647 732 1702 etiam
778 1658 938 1702 aetate
983 1646 1277 1702 secundum
1323 1646 1566 1700 civitates
1614 1643 1914 1699 distributae

2021 451 2158 502 rum,
2189 453 2324 508 quos
2352 440 2602 512 Cypriani
2628 443 2828 497 saeculo
2850 445 3202 514 prophetasse
3220 447 3331 516 jam
3363 446 3614 503 vidimus.

2093 530 2122 601 §
2154 531 2319 587 25.—
2344 534 2553 590 Fraude
2584 537 2761 606 itaque
2788 539 3132 603 remota,alia
3157 547 3334 596 tamen
3363 549 3617 611 suppete-

1945 695 1947 698 j
2021 623 2150 678 bant
2190 639 2506 696 argumenta
2563 630 2758 698 quibus
2803 646 2830 683 a
2884 631 2993 686 Deo
3019 642 3239 690 auctore
3297 636 3618 705 proﬂuxisse

2021 716 2341 784 probaretur
2365 735 2428 774 ea
2460 720 2762 790 prephetia,
2795 723 2877 776 vel
2901 724 3044 778 enim
3093 725 3200 779 alio
3255 727 3402 781 edito
3449 728 3616 782 mira-

2019 809 2143 864 culo
2171 825 2229 864 se
2258 826 2285 862 a
2316 811 2430 865 Deo
2459 815 2682 866 missurn
2734 816 2994 884 propheta
3033 817 3422 884 confirmabat,
3475 818 3619 888 quod

2019 904 2230 972 signum
2264 905 2545 976 prOphetae
2578 907 2778 962 veteris
2824 911 3130 962 testamenti
3182 908 3473 980 scriptores
3525 926 3624 981 ap-

2021 994 2257 1063 pellant;
2291 996 2375 1050 vel
2409 997 2718 1052 intrinsecis
2750 999 3047 1068 prOphctiaa
3089 1003 3420 1071 argumentis
3447 1016 3475 1056 a
3509 1002 3621 1057 Deo

2021 1089 2165 1143 illam
2193 1104 2478 1145 en‘ianasse
2510 1092 2894 1160 probabat.'Si
2926 1093 3188 1147 miraculo
3234 1110 3292 1148 se
3338 1109 3620 1150 commen-

2021 1180 2152 1236 dare
2181 1182 2374 1248 vellet,
2401 1183 2546 1237 aliud
2579 1184 2779 1238 donum
2814 1185 3038 1240 haberet
3063 1201 3285 1242 necesse
3316 1188 3420 1242 erit
3439 1228 3454 1252 ,
3479 1193 3621 1256 quod

2021 1284 2198 1330 tamen
2224 1292 2329 1330 non
2357 1288 2462 1340 est,
2489 1291 2553 1332 ex
2582 1278 2854 1348 Evangelii
2878 1279 3205 1346 mcenomia,
3228 1281 3620 1336 necessarium.

2022 1366 2438 1423 lntrinsecorum
2468 1379 2647 1423 autem
2674 1380 3113 1441 argumentorum
3136 1415 3150 1437 ,
3205 1388 3324 1442 qua:
3368 1387 3434 1428 eo
3487 1385 3625 1442 pra:-

2020 1461 2177 1529 cipue
2207 1461 2522 1530 spectabant
2551 1470 2609 1516 ut
2653 1463 3040 1520 revelationem
3093 1465 3239 1519 illam
3295 1465 3619 1536 probarent,

2019 1561 2226 1609 natura:
2254 1557 2399 1610 vires
2429 1569 2720 1625 superare,
2764 1567 3078 1628 naturmque
3133 1558 3360 1628 proinde
3415 1561 3624 1614 auctori

2020 1647 2122 1702 soli
2147 1648 2506 1716 tribuendam,
2531 1649 2636 1704 duo
2659 1661 2814 1706 erant
2839 1665 3056 1722 genera.
3082 1652 3178 1707 Vel
3201 1651 3344 1708 enim
3381 1654 3622 1710 occultas

309 1752 461 1797 sunt.
519 1741 592 1795 ita
637 1741 872 1812 denique
940 1751 1334 1809 postremorum
1405 1747 1705 1808 temporum
1776 1753 1915 1808 prae-
1948 1739 1996 1799 Β
2024 1740 2300 1798 hominum
2328 1745 2680 1814 cogitationes
2703 1744 3082 1814 proferebant,
3135 1747 3222 1800 vel
3256 1747 3431 1800 futura
3486 1759 3623 1801 con-

309 1834 441 1890 dicti
470 1843 595 1889 sunt
639 1848 856 1888 errores
907 1833 948 1905 (l
980 1831 1139 1896 ‘l‘im.,
1173 1830 1246 1902 tv)
1280 1851 1292 1885 :
1322 1837 1526 1904 πνεῦμα
1577 1831 1737 1885 etiam
1771 1831 1822 1884 in
1849 1845 1916 1885 eo

315 1928 439 1982 loco
464 1926 534 1982 de
571 1935 932 1981 conventuram
981 1924 1262 1995 prephetis
1315 1924 1578 1993 intelligo,
1631 1935 1764 1993 quos
1792 1938 1915 1978 cum

314 2021 448 2076 dicit
492 2019 607 2074 hare
635 2021 806 2095 ῥητῶς
839 2018 1172 2088 praedixisse,
1208 2017 1259 2072 id
1302 2032 1495 2086 nempe
1525 2017 1718 2083 innuit,
1747 2016 1918 2071 diser-

321 2113 393 2167 tis
421 2111 538 2166 haze
569 2111 747 2166 verbis
796 2125 916 2166 esse
960 2109 1236 2180 praedicta,
1270 2118 1468 2179 pra-ter
1507 2109 1761 2164 usitatum
1793 2124 1919 2179 pro-

314 2204 624 2273 phetiarum
656 2217 864 2257 morem
894 2217 1016 2272 qua:
1061 2200 1322 2272 symbolis
1361 2209 1417 2256 ut
1446 2201 1732 2268 plurimum
1758 2202 1916 2257 intel-

314 2302 462 2356 lectu
478 2297 814 2353 difficillimis
835 2307 988 2353 erant
1021 2299 1294 2353 involutas.
1322 2298 1377 2353 ld
1398 2297 1590 2352 saltem
1620 2297 1916 2352 verisimil-

317 2394 506 2448 limum
528 2401 612 2447 est
629 2393 962 2463 privatorum
988 2392 1165 2446 nullas
1190 2402 1435 2462 receptas
1463 2407 1584 2448 esse
1607 2391 1918 2462 prophetias

316 2488 481 2557 quise
499 2487 715 2557 publico
733 2487 968 2542 examini
987 2502 1092 2541 non
1114 2487 1455 2557 probassent.
1475 2487 1553 2541 Ita
1577 2497 1724 2543 certe
1753 2489 1804 2542 in
1823 2503 1918 2556 pu-

317 2582 465 2636 blico
495 2595 694 2635 munus
713 2595 869 2635 suum
897 2582 1209 2636 exercuisse
1237 2581 1472 2636 vidimus
1499 2581 1776 2652 lgnatium.
1809 2580 1918 2634 Pu-

316 2673 529 2727 blicum
575 2674 630 2726 in
685 2689 832 2726 usum
878 2674 1187 2744 prophetias
1215 2690 1341 2730 suas
1364 2674 1602 2730 scribere
1633 2673 1766 2744 jussi
1796 2682 1920 2728 stmt

320 2765 564 2834 ejusdem
579 2766 1070 2837 stcculiprophetat.
1101 2769 1159 2824 S.
1188 2767 1445 2834 Joannes,
1464 2766 1916 2837 pseudo-Esdras,

315 2856 412 2926 qui
451 2857 564 2912 veri
604 2857 881 2927 propheta:
924 2873 1206 2928 personam
1237 2850 1462 2915 induere
1484 2859 1672 2923 voluit,
1705 2868 1757 2914 et
1786 2857 1918 2913 Her-

315 2951 718 3023 mas.Cypriani
734 2953 896 3006 etiam
921 2963 1164 3024 tempore
1181 2953 1352 3024 palam
1367 2955 1488 3008 etin
1507 2953 1640 3008 facie
1659 2951 1915 3007 Ecclesia:

319 3043 799 3100 communicabant
827 3058 953 3098 suas
980 3045 1236 3100 visiones.
1269 3044 1544 3100 Visionem
1574 3043 1722 3097 illam
1753 3042 1920 3110 ipsius

2021 1835 2298 1904 tingentia.
2367 1835 2571 1891 Horum
2619 1847 2946 1908 utrumque,
3008 1849 3074 1892 ex
3127 1837 3268 1892 illius
3323 1838 3624 1908 praesertim

2022 1928 2204 1983 saeculi
2235 1927 2535 2000 principiis,
2559 1929 2659 1983 soli
2693 1929 2801 1984 Deo
2831 1929 3127 1999 proprium,
3149 1943 3444 2000 omnesque
3472 1942 3626 1985 crea-

2024 2029 2262 2075 turarum
2295 2020 2439 2076 vires
2490 2021 2796 2091 superabat.
2858 2020 3014 2075 Prius
3067 2019 3352 2090 equidem;
3401 2021 3526 2091 quia
3576 2022 3624 2077 is

2022 2111 2171 2167 solus
2201 2111 2638 2187 καρδιογνώστης,
2670 2127 2850 2168 rerum
2877 2121 3038 2183 atque
3064 2113 3306 2168 cordium
3335 2121 3624 2182 scrutator,

2021 2206 2108 2260 cui
2135 2207 2315 2260 omnia
2347 2216 2472 2261 sunt
2499 2207 2639 2262 nuda
2681 2217 2843 2277 atque
2871 2208 3344 2282 τετραχηλισμένα.
3394 2206 3630 2262 Proinde

2023 2314 2218 2355 arcana
2254 2300 2347 2355 Dei
2374 2315 2536 2356 nemo
2591 2301 2918 2369 investigare
2972 2311 3182 2371 poterat
3235 2301 3337 2354 nisi
3393 2299 3626 2370 Spiritus

2027 2394 2124 2449 Dei
2168 2393 2210 2465 (l
2263 2392 2408 2461 Cor.,
2450 2409 2518 2460 ιι,
2574 2391 2684 2464 ll).
2753 2393 3016 2462 Spiritum
3066 2393 3226 2447 etiam
3271 2391 3624 2446 discretoretn

2024 2487 2414 2558 cogitationum
2441 2496 2495 2542 et
2524 2486 2886 2541 intentionum
2919 2485 3099 2541 cordis
3128 2484 3362 2554 appellat
3393 2485 3625 2553 Aposto-

2023 2580 2107 2634 lus
2143 2578 2325 2648 (Heb.,
2359 2595 2432 2646 tv,
2460 2580 2575 2647 l2).
2617 2580 2718 2648 Qui
2742 2595 2870 2652 ergo
2893 2580 3095 2634 alienas
3119 2578 3471 2650 cogitationes
3496 2593 3625 2648 ape-

2025 2683 2240 2741 ruerat,
2299 2675 2346 2728 is
2375 2675 2462 2730 ubi
2494 2673 2698 2729 fraudis
2745 2675 2923 2728 omnis
2945 2673 3183 2742 suspicio
3211 2683 3417 2728 remota
3474 2680 3623 2738 erat,

2027 2779 2134 2819 non
2165 2764 2272 2819 alio
2299 2780 2458 2836 quam
2486 2765 2672 2820 divino
2697 2765 2900 2836 Spiritu
2931 2763 3142 2818 afﬂatus
3169 2763 3508 2819 credebatur.

2097 2858 2126 2929 ς
2156 2858 2245 2912 26.
2263 2889 2333 2899 -
2361 2858 2549 2914 Fuisse
2574 2869 2755 2914 autem
2784 2859 2923 2912 inter
2947 2859 3323 2928 πνευματικοὺς
3361 2855 3621 2912 Ecclesiae

2023 2951 2203 3020 quieo
2225 2951 2387 3005 etiam
2414 2960 2596 3006 essent
2627 2951 2769 3006 dono
2802 2950 3042 3022 praediti,
3090 2958 3303 3005 constat
3349 2965 3414 3003 ex
3473 2947 3626 3019 Apo-

2028 3042 2170 3098 stolo
2197 3057 2214 3096 ι
2243 3041 2394 3110 Cor.,
2439 3058 2554 3110 xiv,
2578 3043 2670 3109 24,
2699 3042 2771 3099 25
2801 3061 2813 3098 :
2851 3061 2870 3094 ι
2911 3042 2966 3097 Si
2995 3051 3197 3109 autem,
3224 3041 3412 3111 inquit,
3437 3055 3628 3096 onmes

321 3141 380 3195 in
424 3139 593 3193 exilio
640 3139 892 3192 omnibus
940 3140 1239 3193 innotuisse
1288 3138 1400 3207 jam
1453 3136 1810 3203 ostendimus,
1845 3131 1994 3195 utiC
2028 3133 2381 3204 prophetent,
2428 3136 2593 3191 intret
2621 3147 2798 3192 autem
2846 3137 2966 3206 quis
3007 3135 3237 3190 infidelis
3281 3135 3364 3190 vel
3413 3135 3621 3189 idiota:

321 3233 488 3286 etiam
519 3239 574 3284 et
595 3231 712 3285 illas
736 3231 805 3287 de
835 3232 1067 3286 instante
1094 3231 1489 3300 persecutione.
1527 3229 1689 3298 idque
1717 3244 1780 3283 ex
1807 3229 1918 3298 ipsa

320 3325 592 3378 visionum
608 3325 888 3380 mentione
916 3339 1047 3378 sane
1065 3323 1470 3393 ahruptissima,
1495 3322 1781 3392 colligitur,
1807 3331 1919 3376 tum

326 3418 382 3472 in
412 3416 512 3471 hac
543 3417 796 3486 epistola,
823 3426 934 3470 tum
965 3418 1016 3470 in
1049 3433 1134 3487 ep.
1171 3433 1239 3470 xt.
1278 3416 1346 3471 de
1374 3417 1610 3486 quinque
1647 3413 1923 3485 presbyte-

320 3509 427 3574 ris,
453 3518 562 3562 tum
594 3511 646 3563 in
678 3524 768 3579 ep.
801 3525 922 3564 thx
955 3509 1023 3564 de
1054 3509 1327 3564 Florentio
1369 3509 1625 3578 Pupiano.
1659 3509 1732 3562 lla
1776 3518 1923 3562 certe

325 3603 685 3674 perstrinxit,
737 3618 839 3661 nec
894 3605 1054 3658 ullam
1115 3619 1365 3674 umquam
1420 3605 1624 3668 καθεξῆς
1681 3602 1920 3671 exponit,

325 3699 481 3766 quasi
508 3713 620 3752 rem
663 3709 1117 3753 commemoraret
1137 3700 1246 3767 jam
1278 3699 1530 3752 omnibus
1557 3697 1917 3764 notissimam,

324 3806 556 3862 qumque
584 3791 719 3846 adeo
758 3793 1069 3846 narratione
1112 3807 1216 3846 non
1245 3792 1528 3860 indigeret.

400 3883 628 3954 §24.—
654 3883 804 3952 Quod
831 3899 953 3938 cum
983 3885 1052 3938 ita
1083 3898 1139 3937 se
1160 3882 1401 3946 haberet,
1430 3883 1539 3951 jam
1570 3881 1772 3951 Optime
1798 3893 1922 3935 cau-

327 3983 444 4029 tum
479 3974 764 4030 videbatur
785 3991 852 4030 ne
882 3976 972 4046 qui
1005 3974 1344 4029 falsariorum
1388 3974 1497 4029 doli
1541 3973 1788 4028 fidelibus
1818 3973 1923 4027 imo‘

327 4081 616 4141 perierem.
667 4070 916 4142 Inprimis
963 4072 1105 4125 enim
1154 4070 1281 4124 nulli
1339 4069 1407 4125 ad
1457 4070 1572 4130 hoc.
1604 4084 1797 4124 munus
1828 4068 1923 4122 ad-

326 4164 472 4218 mitti
501 4173 785 4233 potuerunt
807 4165 907 4219 nisi
951 4179 1175 4234 quorum
1227 4164 1428 4233 optima
1473 4172 1615 4218 esset
1654 4162 1928 4218 esiStima-

327 4256 429 4317 tio,
462 4256 675 4324 vitaque
719 4256 786 4308 ab
829 4258 972 4309 omni
1016 4256 1215 4309 fraudis
1253 4258 1569 4322 astutiaaque
1619 4255 1923 4325 suspicione

325 4346 677 4401 alienissima.
709 4347 784 4402 lta
815 4346 1007 4402 factum
1037 4357 1094 4403 ut
1121 4349 1420 4418 pr0phetze,
1451 4347 1596 4402 onmi
1623 4346 1927 4418 suspicione

328 4450 565 4504 remota,
586 4440 653 4494 de
680 4441 795 4510 ejus
823 4435 1078 4496 duntaxat
1102 4456 1224 4497 esse
1251 4441 1528 4512 prophetia
1552 4440 1920 4512 judicandttm.

2026 3226 2365 3281 convincitur
2403 3227 2470 3281 ab
2521 3228 2803 3294 omnibus,
2852 3228 3179 3298 dijudicatur
3228 3228 3295 3282 ab
3349 3227 3622 3282 omnibus.

2026 3318 2247 3374 Occulta
2301 3319 2445 3374 enim
2497 3320 2677 3376 cordis
2729 3321 2847 3390 ejus
2895 3322 3177 3375 manifesta
3233 3319 3498 3375 fiuntzet
3549 3320 3622 3373 ita

2025 3411 2226 3467 cadens
2261 3411 2312 3466 in
2340 3411 2528 3468 faciem
2555 3413 2802 3468 adorabit
2849 3415 3014 3469 Deum
3038 3454 3051 3478 ,
3098 3414 3448 3482 pronuntians
3478 3411 3625 3483 quod

2026 3519 2153 3560 vere
2185 3504 2328 3560 Deus
2363 3506 2415 3560 in
2461 3506 2614 3561 vobis
2655 3511 2742 3563 sit.
2783 3526 2803 3560 ι
2838 3508 2892 3562 ln
2943 3507 3044 3561 hoc
3090 3507 3323 3562 lufldclis
3371 3507 3626 3574 exemplo

2025 3607 2234 3655 certum
2259 3610 2373 3655 erat
2399 3601 2529 3655 nihil
2551 3601 2634 3671 agi
2661 3602 2898 3671 potuisse
2927 3617 2991 3656 ex
3022 3600 3295 3666 condicto,
3316 3609 3374 3655 ut
3402 3598 3627 3670 proinde

2027 3693 2390 3748 certissimum
2418 3703 2600 3760 esset,
2643 3695 2732 3764 qui
2767 3696 2835 3748 ita
2883 3695 3238 3765 cogitationes
3287 3693 3404 3765 ejus
3447 3693 3624 3748 mani-

2027 3782 2282 3853 festaret,
2317 3800 2422 3840 non
2455 3786 2562 3842 alio
2595 3787 2746 3852 illas,
2772 3802 2930 3857 quam
2959 3788 3138 3842 divino
3171 3787 3374 3857 Spiritu
3405 3786 3621 3841 afﬂante

2027 3878 2304 3935 didicisse.
2357 3879 2525 3952 Hujus
2577 3881 2764 3952 gratia:
2811 3882 3064 3952 frequens
3110 3881 3168 3935 fit
3223 3881 3275 3935 in
3332 3879 3625 3936 Salvatoris

2028 3973 2250 4028 historia
2298 3977 2504 4031 mentio
2543 3975 2632 4046 (S.
2684 3975 2841 4042 Μαι,
2887 3991 2964 4042 tx,
3004 3976 3060 4043 2,
3100 3977 3169 4041 4;
3203 3991 3302 4043 xu,
3329 3974 3433 4041 25;
3465 3973 3622 4039 Luc.,

2031 4084 2086 4136 v,
2120 4067 2225 4136 εἰς
2253 4085 2327 4135 vr,
2361 4069 2424 4138 8;
2456 4086 2531 4136 χι,
2563 4069 2680 4142 17),
2714 4085 2743 4124 a
2773 4086 2881 4141 quo
2907 4072 3066 4148 χάριν
3097 4073 3207 4126 ἀντὶ
3258 4072 3480 4148 χάριτος
3535 4082 3628 4122 ac.

2029 4166 2173 4235 cepit
2192 4165 2452 4220 Ecclesia.
2475 4165 2673 4220 Eadem
2695 4178 2823 4220 usus
2845 4174 2928 4220 est
2950 4166 3002 4218 in
3027 4164 3250 4218 Ananiae
3267 4171 3321 4218 et
3343 4161 3625 4232 Sapphira:

2032 4266 2088 4311 ut
2117 4260 2169 4312 in
2197 4257 2433 4312 Simonis
2458 4256 2619 4311 etiam
2669 4256 2802 4328 Magi
2829 4271 2992 4312 causa
3042 4255 3102 4312 S.
3153 4255 3366 4310 Petrus.
3420 4254 3495 4308 De
3539 4255 3624 4309 Si-

2030 4367 2190 4408 mone
2218 4352 2288 4405 ita
2324 4369 2336 4406 :
2369 4353 2400 4409 ἡ
2442 4349 2628 4431 καρδία
2658 4373 2752 4407 σου
2783 4354 2875 4406 οὐκ
2903 4350 3040 4406 ἔστιν
3078 4353 3242 4406 εὐθεῖα
3276 4353 3488 4404 ἐνώπιον
3532 4353 3628 4405 τοῦ

2028 4447 2141 4499 θεοῦ
2171 4443 2331 4514 (Ach,
2365 4457 2479 4508 vut,
2514 4444 2626 4514 21).
2673 4443 2878 4499 Rursus
2906 4447 3027 4503 εΕἰς
3064 4446 3164 4517 γάρ
3215 4443 3373 4514 χολὴν
3423 4444 3632 4514 πικρίας

333 4530 452 4586 Hoc
483 4541 662 4586 autem
686 4531 958 4601 judicandi
991 4549 1205 4598 munus,
1239 4542 1294 4587 ut
1335 4549 1494 4604 quam
1525 4533 1922 4588 accuratissime

2033 4541 2118 4592 καὶ
2143 4536 2429 4609 σύνδεσμον
2451 4535 2650 4598 ἀδικίας
2680 4535 2783 4612 ὁρῶ
2825 4557 2882 4591 σε
2921 4532 3061 4591 ὅντα.
3116 4535 3172 4589 In
3228 4549 3388 4589 causa
3439 4533 3630 4587 Elima:

335 4633 710 4694 praestaretur,
743 4627 941 4693 optima
975 4625 1137 4680 etiam
1167 4627 1394 4679 erantin
1421 4623 1634 4694 publico
1657 4625 1924 4694 praesidia.

325 4715 576 4770 Aderant
602 4717 745 4770 enim
778 4725 832 4770 et
859 4717 953 4770 alii
984 4715 1281 4786 prophetae,
1306 4717 1531 4771 aderant
1555 4727 1607 4770 et
1631 4717 1923 4786 prophetae

328 4825 456 4864 rum
481 4809 712 4878 judices,
733 4808 824 4880 qui
851 4809 1190 4865 donoessent
1211 4810 1554 4866 discernendi
1578 4810 1808 4879 Spiritus
1839 4811 1928 4865 inc

338 4902 556 4969 structi,
599 4903 700 4972 ipsi
729 4903 894 4957 etiam
937 4901 1096 4956 fama:
1145 4902 1497 4971 proculdubio
1546 4903 1927 4973 integerrimas.

341 4995 548 5051 [lorum
588 4997 634 5050 si
664 5012 789 5051 cum
837 4997 1021 5066 aliquo
1069 5007 1329 5068 pugnaret
1358 5012 1478 5052 cum
1523 4995 1576 5050 id
1604 4996 1657 5050 in
1683 4995 1932 5051 confesso

340 5102 510 5156 esset,
537 5092 790 5147 eumdem
820 5091 912 5146 Dei
933 5091 1192 5161 Spiritum
1221 5091 1323 5145 sibi
1345 5104 1466 5146 esse
1490 5103 1597 5146 non
1625 5103 1783 5160 posse
1812 5103 1936 5144 con«

335 5183 608 5249 trnrium;
661 5187 820 5256 plane
864 5185 1194 5251 sequebatur
1234 5186 1344 5254 jam
1397 5186 1573 5239 locum
1601 5199 1722 5239 esse
1761 5183 1940 5252 suspi-

337 5277 520 5335 cioni.
566 5277 896 5350 Quamquam
940 5281 1088 5334 enim
1135 5288 1344 5334 certum
1399 5288 1515 5334 erat
1544 5278 1722 5333 omnia
1768 5273 1940 5331 divini

342 5372 586 5443 Spiritus
609 5371 746 5428 dona
767 5388 891 5429 esse
921 5375 1124 5444 pariter
1147 5373 1466 5438 infallihilia;
1497 5372 1548 5427 id
1574 5382 1749 5427 tamen
1773 5373 1936 5426 etiam

336 5475 572 5532 eertum,
624 5467 805 5538 quoad
862 5468 1268 5533 credibilitatis,
1299 5483 1418 5536 qua:
1472 5475 1683 5529 vocant,
1715 5467 1936 5532 motiva,

339 5560 578 5614 certiora
599 5574 722 5614 esse
741 5569 1060 5630 argumenta
1090 5575 1186 5614 cur
1223 5573 1364 5614 unus
1390 5558 1704 5615 crederetur
1729 5557 1947 5612 afﬂatus

338 5667 508 5723 quam
532 5667 630 5707 cur
654 5652 764 5717 alii;
780 5653 1089 5722 iustumque
1114 5667 1234 5709 esse
1263 5662 1320 5708 ut
1343 5653 1434 5724 qui
1467 5655 1645 5708 minus
1670 5661 1948 5708 essetcre-

339 5743 550 5812 dibilis,
575 5745 620 5802 is
646 5759 678 5800 a
703 5745 1040 5803 credibiliori
1059 5746 1344 5816 iudicetur.
1365 5745 1521 5816 Quod
1533 5747 1692 5806 etiam
1724 5746 1795 5804 ad
1808 5745 1950 5806 fraa‘

2037 4629 2206 4700 magis
2248 4629 2308 4684 S.
2339 4629 2537 4684 Paulus
2567 4625 2706 4698 (Act.
2739 4645 2853 4694 xm,
2886 4625 2939 4694 9,
2971 4625 3084 4699 10).
3137 4626 3190 4683 ls
3245 4628 3386 4682 enim
3437 4627 3630 4696 plenus

2036 4722 2128 4793 Sp.
2176 4722 2408 4786 Sancto,
2459 4735 2567 4776 non
2621 4720 2750 4775 illud
2799 4719 2961 4774 modo
3009 4719 3213 4790 Etyma:
3244 4718 3472 4782 factum,
3531 4716 3627 4773 sed

2039 4817 2283 4872 dolosam
2322 4815 2484 4870 etiam
2547 4813 2782 4869 indolem
2852 4813 3237 4883 reprehendit,
3303 4825 3630 4882 quamquam

2039 4915 2198 4964 antea
2227 4908 2414 4978 ignoti.
2467 4906 2635 4964 Usum
2677 4908 2840 4963 etiam
2895 4905 3124 4961 vidimus
3165 4903 3460 4975 Ignatium,
3505 4917 3629 4957 cum

2038 4999 2505 5055 schismaticorutn
2555 4999 2766 5055 occulta
2820 4997 3043 5054 consilia
3099 4995 3302 5066 primus
3355 4995 3406 5050 in
3455 4995 3630 5051 lucem

2041 5092 2283 5162 pratulit.
2313 5092 2378 5146 Et
2407 5091 2624 5161 quidem
2666 5091 2853 5146 nescio
2875 5105 3054 5144 annon
3083 5089 3184 5144 hoc
3213 5088 3442 5144 fortasse
3470 5088 3632 5143 fuerit

2039 5174 2238 5238 donum
2301 5182 2604 5255 διακρίσεως
2655 5186 2956 5256 πνευμάτων
3007 5183 3160 5254 cujus
3207 5183 3450 5238 meminit
3492 5189 3636 5252 Apo-

2043 5277 2235 5332 stolus.
2292 5275 2562 5332 Affinibus
2611 5286 2759 5333 certe
2808 5276 2988 5332 verbis
3038 5277 3118 5332 usi
3169 5283 3295 5332 sunt
3345 5276 3636 5347 scriptores

2041 5369 2178 5424 sacri
2208 5369 2258 5422 in
2286 5367 2535 5440 bocipso
2579 5369 2810 5439 Spiritus
2859 5369 3093 5440 negotio.
3150 5369 3353 5424 Dicitur
3407 5371 3635 5448 κριτικὸς
3731 5363 3740 5368 ’

2043 5463 2392 5534 ἐνθυμήσεων,
2441 5472 2545 5517 etc.
2579 5460 2732 5526 "66.,
2779 5477 2849 5529 tv,
2905 5460 2993 5527 12,
3042 5463 3385 5535 ἀνακριτικὸς,
3439 5459 3638 5526 lCor.,

2049 5567 2159 5621 xw,
2186 5553 2276 5621 24,
2310 5563 2364 5610 et
2389 5567 2520 5608 vero
2560 5551 2792 5625 Spiritus
2841 5568 2940 5624 pro
2988 5553 3155 5609 corde
3199 5551 3638 5624 cogitationibus—

2049 5660 2154 5717 que
2183 5655 2318 5701 usus
2350 5647 2685 5718 frequentior
2713 5654 2800 5705 est
2840 5659 3002 5718 quam
3042 5655 3096 5705 ut
3123 5645 3192 5704 de
3231 5657 3296 5703 eo
3341 5645 3643 5702 monendus

2051 5739 2122 5797 sit
2147 5738 2337 5796 lector.
