3990 6060
343 188 414 242 25
1347 182 1716 240 DODWELLI
1736 170 2209 239 ADISSERTATIO
2257 181 2669 242 CYPRIANICA
3578 190 3654 247 24

347 316 371 363 τ,
422 303 450 376 §
475 301 774 359 27.——Duo
801 310 981 360 autem
1007 310 1159 358 erant
1186 299 1463 357 hominum
1503 315 1701 373 genera
1733 313 1959 370 quorum
1990 297 2040 357 A
2068 310 2289 368 possent
2313 301 2419 355 nisi
2450 316 2515 357 ex
2543 300 2631 357 illa
2667 316 2829 358 causa
2868 303 3090 376 intelligi
3116 304 3278 360 futuri
3308 304 3392 362 cui
3427 304 3652 363 aliarum

345 400 702 467 cogitationes
745 399 816 453 ita
861 398 1201 469 pateﬁerent.
1240 396 1328 450 Vel
1369 396 1512 450 enim
1539 395 1766 450 aliorum
1819 408 1949 464 pro-

343 494 633 563 phetarum
691 494 1043 561 cogitatiooes
1068 490 1436 562 patefecerunt
1455 504 1577 544 cum
1607 487 1801 558 quibus
1822 485 1946 539 nul-

347 585 459 640 lum
505 586 603 651 ipsi
632 585 1016 640 commercium
1050 583 1351 647 habebant,
1395 598 1462 635 ex
1502 596 1610 651 quo
1633 594 1823 649 magna
1852 593 1943 633 ac-

351 682 518 735 cessit
544 679 622 734 rei
654 678 923 747 pra-dictae
947 677 1305 731 conlirmatio.
1332 676 1404 730 lta
1433 675 1501 729 de
1527 672 1811 727 Timetheo
1839 686 1944 727 non

268 800 269 803 η
348 786 456 827 una
514 782 631 826 erat
675 770 771 826 sed
808 769 990 824 multae
1021 770 1266 838 interque
1300 781 1359 823 se
1385 766 1785 822 consentientes
1818 780 1944 834 pro-

347 863 549 934 phelim
575 864 643 919 de
674 864 731 921 S.
760 863 923 917 Paulo
953 864 1257 935 πνευμάτων
1282 864 1418 917 κατά
1446 861 1635 920 πόλεις.
1684 868 1743 912 ut
1785 873 1943 927 supra

349 957 605 1011 vidimus.
636 956 731 1010 His
758 965 935 1010 autem
965 955 1139 1025 major
1166 964 1283 1011 erat
1307 952 1609 1009 adhibenda
1640 951 1774 1006 ﬁdes
1801 950 1944 1020 quod

348 1038 837 1104 nonltumauorum
883 1048 1177 1114 duntaxat,
1237 1047 1329 1103 sed
1385 1046 1687 1100 divinorum
1733 1061 1947 1116 quoque

347 1155 668 1198 arcanorum
700 1142 903 1215 conscii
956 1140 1288 1196 viderentur.
1350 1139 1715 1194 Humanarum
1764 1148 1943 1194 autem

346 1235 729 1303 cogitationum
778 1235 884 1288 duo
907 1244 1063 1289 erant
1083 1249 1277 1302 genera
1310 1248 1429 1303 qum
1460 1233 1561 1287 hoc
1587 1232 1732 1286 dono
1762 1241 1946 1288 essent

345 1326 765 1382 tttanifestattda.
827 1327 923 1382 Vel
967 1328 1110 1382 enim
1166 1327 1402 1381 fidelium
1458 1337 1611 1381 erant
1658 1326 1799 1393 illte,
1859 1326 1944 1380 vel

342 1418 664 1474 infidelium.
732 1420 1028 1475 lolidclium
1064 1420 1314 1490 equidem
1343 1425 1385 1473 si
1427 1420 1549 1489 quis
1589 1419 1732 1474 malo
1762 1420 1945 1474 animo

342 1512 398 1565 in
424 1513 830 1569 ecclesiasticos
855 1520 1153 1566 conventus
1181 1514 1484 1582 irrepsisset
1508 1554 1522 1578 ,
1564 1512 1647 1566 vel
1679 1509 1942 1581 prodendi

345 1616 505 1659 causa
529 1644 545 1668 ,
581 1604 665 1657 vel
694 1603 927 1658 ludibrio
958 1603 1300 1673 exponendi,
1332 1604 1415 1660 vel
1446 1614 1504 1658 ut
1547 1604 1819 1657 mundano
1849 1600 1936 1656 af-

2053 397 2294 451 omnium
2326 412 2610 454 causarum
2634 400 2947 471 complexio
2963 399 3032 458 de
3057 400 3196 458 facto
3221 409 3369 459 esset
3388 402 3646 458 obnoxia.

2055 487 2187 542 Eam
2215 498 2395 544 autem
2436 506 2542 543 ttou
2574 492 2734 546 aliam
2762 491 3106 548 crediderunt
3133 493 3445 560 christiani,
3491 508 3653 566 quam

2053 585 2309 653 primum,
2339 585 2605 655 optimum
2639 587 3042 657 maximumque
3068 587 3260 643 Deum.

2125 674 2153 748 §
2177 676 2703 734 29.—Crediderunt
2733 679 2997 750 imprimis
3023 696 3129 735 non
3157 696 3285 737 casu
3315 680 3510 738 factum
3532 696 3656 739 esse

2054 770 2348 837 mundum,
2392 779 2452 826 ut
2480 772 2733 827 volebant
2768 773 3038 843 epicurei,
3087 773 3183 829 sed
3234 783 3379 829 certa
3422 773 3652 845 quadam

2054 863 2415 935 providentia,
2446 864 2754 937 factumque
2793 867 3087 923 etiamnum
3122 866 3310 924 eadem
3362 867 3474 939 regi
3522 883 3653 937 pro-

2057 956 2292 1012 videntia
2320 971 2422 1025 qua
2456 956 2630 1013 factos
2654 967 2755 1013 est.
2790 957 3148 1015 Crediderunt
3190 957 3390 1015 deinde
3420 958 3649 1014 liberum

2053 1048 2336 1103 arbitrium
2368 1048 2500 1104 nulli
2542 1065 2666 1105 esse
2693 1063 2871 1105 causa!
2898 1050 3051 1105 alteri
3100 1050 3201 1104 nisi
3247 1051 3358 1105 Deo
3405 1050 3506 1104 soli
3549 1050 3652 1105 ob-

2056 1143 2301 1196 noxium.
2349 1140 2586 1196 Proinde
2628 1140 2720 1196 l'ati
2743 1157 2934 1195 omnes
2965 1142 3087 1196 illos
3114 1156 3306 1197 sensus
3346 1142 3439 1212 qui
3469 1149 3654 1198 essent

2052 1249 2081 1286 a
2112 1235 2351 1304 supremi
2381 1235 2473 1290 Dei
2497 1235 2717 1290 decreto
2748 1233 3027 1299 distincti,
3060 1235 3273 1302 penitus
3302 1234 3645 1305 rejiciebant,

2050 1326 2168 1381 sive
2214 1326 2592 1396 epicureorum
2627 1326 2776 1381 illum
2805 1341 2834 1379 a
2867 1324 3227 1381 materialium
3258 1339 3542 1380 causarum
3570 1324 3654 1380 in-

2051 1418 2267 1473 ﬂuentia
2295 1418 2543 1489 petitum,
2563 1418 2678 1473 sive
2704 1417 3098 1489 astrologorum
3125 1418 3272 1472 illum
3295 1432 3324 1471 a
3347 1416 3650 1473 caelestium

2049 1511 2285 1566 siderum
2315 1512 2430 1566 sive
2454 1519 2602 1565 motu
2634 1509 2949 1576 deductum,
2974 1509 3089 1564 sive
3115 1507 3280 1564 etiam
3312 1507 3647 1563 causalitate.

2049 1603 2103 1660 Si
2127 1618 2256 1675 ergo
2284 1605 2384 1660 soli
2416 1604 2526 1659 Deo
2567 1603 2798 1659 liberum
2830 1602 3112 1658 arbitrium
3161 1601 3456 1656 obnoxium
3502 1599 3651 1657 fece-

341 1697 507 1752 fectoi
564 1698 982 1767 gratiﬁcaretur,
1068 1699 1119 1753 id
1171 1699 1343 1767 ipsum
1399 1697 1602 1770 Spiritu
1662 1696 1937 1753 revelante
1968 1696 2174 1765 Briut,
2207 1699 2363 1768 plane
2392 1698 2638 1769 sequitur
2686 1706 2977 1753 eventuum
3030 1711 3218 1752 eorum
3266 1692 3649 1750 certitudioem

341 1787 707 1859 prodebatur;
763 1788 903 1845 unde
952 1789 1117 1845 ﬂebat
1168 1798 1227 1843 ut
1275 1789 1318 1843 si
1369 1804 1436 1844 ex
1492 1804 1679 1844 eorum
1719 1802 1942 1844 numero

336 1882 565 1947 fuisset,
614 1897 752 1953 quos
795 1883 967 1939 Grieci
1009 1886 1452 1957 εὐγνωμονοῦντας
1495 1884 1800 1955 appellant,
1832 1898 1940 1938 non

339 1984 451 2029 tam
485 1985 833 2031 suecenserct
863 1977 1247 2045 prodentibus,
1271 1992 1429 2045 quam
1461 1978 1512 2032 in
1542 1986 1730 2033 eorum
1763 1976 1943 2047 potius

340 2068 756 2125 admirationem
787 2080 1089 2138 raperetur,
1123 2079 1180 2124 ttt
1210 2070 1260 2124 in
1290 2070 1548 2139 pnedicto
1594 2070 1714 2125 loco
1761 2070 1943 2126 innui-

337 2172 430 2217 tur
464 2162 718 2233 Epistola:
763 2163 828 2216 ad
877 2162 1206 2242 Corinthios.
1257 2162 1521 2219 Fidelium
1567 2173 1748 2218 autem
1797 2164 1944 2235 cogi-

341 2256 575 2310 tationes
615 2255 1003 2325 prodebantur,
1026 2256 1070 2309 si
1093 2256 1182 2325 qui
1215 2267 1395 2311 essent
1420 2257 1470 2311 in
1501 2257 1704 2311 clerum
1733 2255 1939 2312 adscri-

342 2347 533 2411 bendi,
567 2357 623 2401 ut
667 2348 718 2401 in
749 2348 999 2415 exemplo
1021 2347 1329 2410 Timothei;
1380 2349 1464 2403 vel
1517 2349 1561 2403 si
1597 2363 1700 2419 qua
1753 2348 1941 2405 fraude

340 2440 423 2493 usi
473 2447 684 2503 essent,
741 2450 794 2492 ttt
849 2440 902 2493 itt
945 2439 1152 2493 Anania
1185 2448 1233 2493 et
1283 2440 1582 2510 Sappltira;
1643 2442 1724 2496 vel
1778 2430 1940 2496 etiam

340 2526 578 2596 in'sidiis,
600 2539 658 2585 ut
674 2530 865 2586 Judam
887 2531 1121 2601 prodidit
1150 2532 1489 2588 insidiantem
1515 2534 1627 2602 ipse
1651 2532 1938 2595 Dominus;

338 2623 426 2679 vel
450 2623 557 2678 alio
583 2623 816 2693 denique
845 2625 1073 2679 fortas~e
1119 2626 1309 2695 quovis
1352 2628 1564 2682 occulto
1618 2626 1841 2697 ﬂagitio.
1884 2626 1940 2681 Id

340 2716 486 2771 enim
551 2716 724 2786 ipsum
778 2717 1130 2784 reprehendit
1189 2718 1239 2772 itt
1295 2718 1503 2774 Anania
1571 2728 1627 2774 et
1678 2719 1941 2788 Sapphira

342 2810 513 2880 (Ach,
542 2826 594 2874 v,
621 2813 671 2875 4,
709 2809 764 2880 9)
793 2810 851 2867 S.
883 2811 1074 2865 Petrus
1115 2811 1257 2882 quod
1297 2814 1412 2867 ausi
1463 2823 1646 2869 essent
1695 2828 1801 2869 non
1843 2812 1941 2869 ho-

340 2903 580 2958 minibus
624 2905 872 2970 mentiri,
925 2905 1019 2961 sed
1053 2906 1197 2972 Deo;
1249 2907 1389 2976 quod
1419 2907 1676 2977 Spiritum
1727 2909 1939 2964 Domini

340 3005 632 3053 tentarent.
681 2998 843 3066 Quasi
874 2997 924 3052 id
952 2999 1369 3068 exprobrasset,
1417 3001 1558 3069 qttod
1602 3016 1722 3056 cum
1769 3001 1833 3055 iis
1881 3015 1941 3056 se

2047 1793 2138 1863 qui
2167 1793 2250 1847 vel
2277 1793 2344 1847 ab
2371 1793 2488 1863 ipso
2516 1791 2689 1848 libero
2716 1791 2963 1857 arbitrio,
2981 1789 3111 1846 vela
3129 1788 3442 1844 conditione
3468 1787 3646 1858 aliqua

2049 1900 2144 1956 per
2190 1884 2419 1940 liberum
2468 1885 2750 1940 arbitrium
2790 1883 3037 1954 ponenda
3089 1880 3424 1952 penderent,
3476 1895 3505 1935 a
3537 1879 3648 1935 Deo

2047 1976 2168 2033 solo
2207 1992 2329 2032 esse
2356 1977 2424 2033 de
2454 1977 2599 2032 facto
2624 1976 3017 2033 deducendam.
3058 1974 3212 2044 Quod
3262 1989 3394 2029 vero
3432 1973 3499 2029 ad
3532 1989 3646 2028 ma-

2051 2070 2318 2126 terialium
2375 2087 2657 2127 causarum
2705 2080 2931 2126 eventus
2985 2068 3211 2135 attinet,
3268 2074 3516 2137 poterant
3566 2066 3643 2120 illi

2048 2176 2225 2220 motus
2256 2166 2577 2221 universalis
2604 2167 2711 2221 vim
2758 2165 2993 2234 aliquam
3025 2160 3394 2219 mechanicam
3441 2174 3640 2231 agnos.

2045 2272 2189 2312 cere.
2216 2257 2322 2314 Sed
2347 2272 2446 2312 nec
2469 2256 2539 2311 ita
2570 2256 2729 2311 talem
2757 2256 2902 2310 illam
2927 2262 3277 2323 agnoverunt,
3312 2261 3369 2307 ut
3397 2259 3648 2308 creatura

2045 2349 2255 2418 aliqua,
2288 2364 2409 2403 cum
2452 2364 2556 2419 qua
2588 2349 2743 2404 nobis
2792 2357 2875 2402 est
2924 2346 3343 2413 commercium,
3389 2345 3475 2401 vel
3531 2346 3646 2415 ipsa

2048 2442 2220 2511 possit
2272 2457 2338 2496 ex
2388 2441 2685 2496 universali
2745 2440 2835 2495 illo
2890 2448 3072 2495 motus
3124 2453 3429 2501 consensu,
3473 2436 3647 2492 futura

2047 2536 2414 2606 contingentia
2439 2551 2790 2607 cognoscere,
2816 2536 2898 2590 vel
2931 2535 3086 2591 nobis
3111 2535 3365 2590 indicare.
3401 2532 3646 2590 lndicare

2007 2676 2013 2683 .
2047 2638 2196 2684 certe
2223 2629 2368 2684 nulla
2403 2631 2575 2699 potuit
2605 2629 2705 2684 ttisi
2736 2629 3145 2692 intellectualis,
3179 2644 3339 2698 quam
3372 2627 3646 2683 christiani

2047 2723 2298 2793 angelum
2351 2723 2707 2794 appellamus.
2763 2722 2835 2777 At
2879 2722 3120 2792 quicum
3156 2722 3313 2775 nobis
3366 2730 3650 2776 versantur

2044 2816 2286 2887 angelos,
2340 2831 2436 2871 eos
2481 2817 2644 2871 certis
2669 2823 3041 2871 creaturarum
3085 2814 3374 2884 provinciis
3402 2814 3648 2885 assigna-

2045 2909 2210 2974 bant,
2262 2910 2639 2965 universorum
2687 2908 3087 2979 provinciarum
3133 2908 3309 2980 λόγον,
3357 2906 3644 2977 praesidem

2044 3004 2459 3070 existimabant,
2493 3011 2545 3056 ut
2578 2999 2801 3071 proinde
2829 2999 3164 3071 angelorum,
3196 3013 3333 3069 quos
3361 2998 3494 3061 dixi,
3522 3012 3644 3053 eum

342 3093 574 3148 cmtibus
606 3092 1010 3162 adjuuxissent,
1065 3093 1116 3148 in
1164 3093 1358 3161 quibus
1407 3093 1641 3163 Spiritus
1666 3094 1804 3148 dona
1837 3094 1935 3164 ipsi
1965 3085 2010 3149 C
2046 3095 2203 3149 nobis
2253 3094 2621 3162 versantium,
2672 3093 2852 3147 nullus
2919 3092 3089 3145 motui
3139 3090 3429 3146 universali
3484 3087 3643 3145 fuerit

343 3195 714 3257 agnoverant;
748 3187 995 3255 interque
1024 3187 1125 3241 alia
1169 3188 1295 3241 illud
1325 3204 1538 3259 quoque
1585 3205 1690 3258 quo
1745 3204 1937 3244 arcana

339 3278 751 3340 revelarentur;
805 3279 904 3347 ipsi
961 3288 1138 3335 tamen
1170 3281 1382 3335 occulta
1412 3296 1506 3333 sua
1541 3281 1737 3351 ﬂagitia
1772 3283 1940 3337 latere

339 3384 505 3441 pos<e
550 3370 854 3439 Sperariut,
905 3385 1074 3440 seque
1123 3387 1185 3427 ea
1243 3373 1461 3440 impune
1507 3373 1729 3427 laturos.
1778 3372 1940 3443 quue

342 3465 517 3532 ipsum
538 3477 787 3533 maguum
808 3463 1159 3532 proculdubio
1182 3464 1406 3518 incussit
1422 3463 1752 3518 occultorum
1777 3463 1936 3518 etiam

339 3556 665 3625 ﬂagitiorum
697 3566 930 3621 metum,
957 3572 1078 3611 cum
1113 3557 1286 3611 nullas
1334 3557 1530 3612 deinde
1581 3556 1814 3611 latebras
1854 3573 1939 3613 se-

339 3664 501 3705 curas
530 3649 643 3704 l'ore
674 3649 1108 3715 intellexissent,
1142 3665 1195 3702 v.
1225 3650 1280 3704 5.
1332 3648 1440 3705 Nec
1478 3657 1560 3704 est
1586 3648 1728 3719 quod
1761 3650 1814 3703 in
1839 3650 1939 3706 hac

337 3742 454 3811 ipsa
485 3741 838 3797 ratiocinandi
870 3741 1041 3796 forma
1067 3740 1150 3797 vel
1175 3740 1275 3811 ipsi
1304 3741 1447 3796 athei
1470 3750 1724 3811 poterunt
1746 3743 1938 3798 merito

341 3834 771 3903 reprehendere.

417 3925 446 3996 §
476 3925 777 3979 28.-Erat
792 3935 972 3979 tamen
1002 3934 1055 3979 et
1075 3925 1217 3980 aliud
1238 3936 1635 3997 argumentum,
1651 3937 1704 3983 et
1721 3927 1937 3997 quidem

332 4017 441 4090 ipsi
473 4017 771 4088 propltetim
799 4016 941 4071 dono
965 4019 1314 4073 intrinsecum
1338 4061 1352 4081 ,
1400 4035 1505 4088 quo
1536 4020 1938 4087 propltetiarunt

337 4125 557 4166 suarum
616 4110 776 4167 tidem
850 4119 1061 4165 veteres
1128 4110 1551 4176 conﬁrmabant,
1632 4110 1933 4166 futurorum

336 4218 538 4276 nempe
560 4205 985 4273 contingentium
1016 4204 1314 4275 prmdictio.
1365 4204 1737 4274 Quteqnidem
1789 4216 1933 4260 certa

339 4312 497 4361 esse,
541 4307 597 4352 et
642 4314 669 4351 a
725 4297 838 4352 Deo
886 4308 1106 4352 auctore
1152 4298 1314 4353 fuisse
1363 4298 1631 4354 intellecta
1674 4308 1785 4363 est,
1813 4314 1949 4361 cum,

334 4390 509 4460 ipsam
537 4389 912 4445 conﬁrmasset
952 4399 1200 4446 eventus.
1230 4390 1464 4459 Eratque
1504 4389 1620 4445 hare
1646 4404 1937 4459 argumen-

2045 3189 2326 3256 admotus,
2375 3199 2432 3244 ut
2471 3187 2637 3258 possit
2665 3203 2733 3242 ex
2759 3185 3074 3256 cansalitate
3102 3200 3195 3239 sua
3241 3184 3310 3239 de
3347 3183 3645 3239 l‘nturorum

2044 3283 2467 3351 contingentium
2528 3289 2723 3336 eventu
2770 3279 3034 3350 judicare.
3091 3276 3199 3334 Sed
3260 3291 3359 3333 nec
3412 3291 3507 3332 eos
3558 3277 3632 3332 ita

2046 3377 2399 3444 incorporeos
2419 3381 2753 3445 agnoverunt
2779 3384 2835 3427 ιιι
2883 3379 3104 3442 possent
3143 3372 3321 3427 omnia
3360 3379 3538 3425 creata
3591 3370 3642 3425 in
3730 3366 3735 3371 ’

2046 3461 2268 3531 speculo
2332 3461 2595 3516 creatoris
2646 3460 2864 3515 intueri.
2927 3458 3034 3514 Nec
3085 3458 3265 3512 omnia
3314 3465 3494 3511 creata
3541 3456 3647 3511 illis

2046 3556 2384 3612 innotescere
2409 3554 2780 3619 crediderunt,
2812 3553 2913 3606 nisi
2940 3567 3059 3623 qua:
3098 3552 3236 3616 Deus
3264 3551 3367 3605 illis
3396 3549 3639 3605 revelare

2044 3650 2295 3718 dignatus
2317 3657 2498 3712 esset,
2540 3663 2641 3703 nee
2689 3647 2851 3702 etiam
2901 3646 3081 3702 omnia
3135 3645 3241 3700 illis
3291 3643 3531 3699 revelare
3575 3643 3643 3699 de

2046 3741 2187 3797 laeto
2212 3757 2333 3797 esse
2362 3741 2660 3811 dignatum.
2694 3738 3004 3811 Mysteriutn
3034 3736 3102 3792 de
3157 3736 3527 3792 incarnatione
3571 3735 3640 3790 ab

2048 3835 2283 3889 Ecclesia
2306 3833 2558 3888 didicisse
2602 3833 2821 3902 angelos
2851 3830 3002 3885 testis
3027 3837 3111 3883 est
3150 3827 3439 3899 Apostolus
3472 3825 3639 3899 (Eph.

2043 3941 2121 3991 ιιι,
2156 3925 2278 3997 10).
2323 3925 2444 3980 Tria
2477 3926 2637 3981 etiam
2661 3966 2676 3991 ,
2719 3934 2846 3978 ante
2878 3921 3301 3978 incarnationem
3331 3921 3633 3976 daemonem

2045 4019 2265 4076 latuisse
2290 4063 2305 4086 ,
2340 4029 2613 4075 auctorem
2648 4018 2909 4073 habemus
2939 4018 3201 4088 Ignatium
3253 4014 3480 4089 (Ignot.,
3537 4016 3639 4085 Ep.

2042 4112 2110 4165 ad
2138 4109 2361 4181 Epltes.,
2408 4112 2435 4184 §
2471 4111 2581 4183 19).
2609 4110 2715 4166 Sed
2768 4125 2873 4165 non
2920 4119 3077 4164 vacat
3119 4108 3267 4164 hisce
3319 4120 3376 4163 ιιι
3416 4109 3640 4179 singulis

2042 4202 2411 4259 immorentur.

2117 4296 2145 4368 §
2179 4295 2344 4372 50,—
2364 4295 2557 4364 Liquet
2578 4296 2816 4358 interim,
2844 4293 2967 4348 data
2997 4293 3095 4349 hac
3124 4292 3430 4365 hypotbesi,
3461 4293 3638 4350 futura

2041 4392 2408 4460 contingentia
2431 4431 2446 4456 ,
2475 4390 2588 4445 sive
2618 4405 2647 4444 a
2688 4390 2861 4444 libero
2889 4387 3144 4452 arbitrio,
3177 4387 3290 4443 sive
3319 4386 3388 4442 ab
3419 4387 3635 4443 univer-

333 4482 471 4536 tatio
531 4496 593 4535 ex
646 4480 1066 4536 chriSIianorum
1119 4481 1399 4551 principiis
1440 4480 1765 4535 certissima.
1798 4479 1934 4548 ‘lpse
1960 4482 2013 4542 D
2039 4484 2141 4538 sali
2189 4492 2372 4545 motu.
2422 4482 2745 4553 pendentia,
2786 4480 3269 4550 netninempossr,
3302 4480 3403 4535 nisi
3426 4494 3640 4535 summo

332 4573 479 4630 Deus
511 4589 578 4629 eo
610 4574 1029 4645 provocatapud
1080 4572 1271 4628 Isaiam
1317 4572 1479 4643 (Isa.,
1522 4589 1633 4636 xm,
1663 4572 1778 4645 25).
1826 4573 1937 4629 Nec

332 4681 470 4725 vero
520 4667 676 4723 alteri
727 4684 887 4735 quam
925 4668 1035 4721 Deo
1086 4667 1245 4721 tribui
1298 4666 1366 4721 de
1415 4667 1557 4721 l'acto
1603 4668 1775 4737 potuit
1823 4667 1939 4722 hrec

335 4759 643 4816 futurorum
690 4761 1117 4830 Contingeutium
1176 4760 1513 4828 praescientia
1551 4775 1615 4814 ex
1661 4759 1939 4830 principiis

338 4855 782 4909 chriStianorum.
834 4853 905 4908 Ut
934 4853 1076 4907 enim
1107 4853 1298 4909 demus
1333 4853 1534 4907 multos
1560 4868 1683 4909 esse
1710 4863 1936 4908 eventus

336 4947 427 5016 qui
488 4948 631 5002 vires
678 4957 1048 5004 creaturarum
1103 4962 1208 5002 non
1260 4946 1622 5013 excederent;
1677 4960 1935 5003 concessa

338 5050 518 5096 tamen
567 5039 687 5107 illa,
721 5056 880 5111 quam
904 5041 1180 5096 christiani
1211 5041 1516 5109 tuebantur,
1548 5040 1890 5112 providentia
1917 5081 1933 5108 ,

336 5141 496 5189 erant
538 5132 890 5188 nihilominus
936 5134 1068 5188 certi
1117 5131 1333 5204 quidam
1365 5142 1591 5188 eventus
1620 5134 1708 5203 qui
1736 5132 1935 5187 nullam

337 5225 616 5282 habebant
662 5240 880 5282 causam
926 5242 955 5280 a
983 5235 1173 5282 natura
1204 5226 1655 5293 determinatam,
1715 5242 1778 5282 ex
1830 5241 1935 5298 qua

335 5329 589 5389 poterant
617 5329 776 5376 antea
826 5320 1115 5391 cognosci;
1169 5330 1224 5375 et
1269 5334 1398 5376 vero
1452 5321 1542 5390 qui
1588 5336 1695 5374 non
1736 5337 1802 5375 ex
1831 5337 1934 5378 una

334 5410 515 5481 aliqua
535 5426 719 5479 causa,
752 5412 844 5469 sed
874 5429 940 5468 ex
968 5413 1208 5468 omnium
1239 5427 1510 5468 consensu
1535 5413 1931 5485 complexuque

333 5502 605 5559 orirentur
654 5504 889 5577 (quales
935 5514 1091 5562 erant
1144 5505 1234 5576 qui
1282 5506 1551 5576 publicum
1613 5507 1933 5577 Spectabant

330 5595 623 5668 plerique),
664 5597 786 5655 illos
812 5600 895 5654 vel
924 5598 1081 5653 unius
1120 5612 1299 5653 causa:
1334 5597 1599 5666 delectus,
1635 5599 1714 5655 vel
1762 5599 1923 5655 etiam

331 5688 493 5745 unius
537 5689 909 5763 interpositio,
944 5693 1178 5749 incertos
1206 5691 1369 5762 fecit,
1426 5701 1485 5749 ut
1536 5690 1760 5764 proinde
1815 5707 1923 5751 non

2044 4575 2134 4631 illo
2184 4574 2294 4629 Deo
2346 4574 2624 4629 revelante
2671 4587 3017 4644 cognoscere.
3064 4571 3170 4628 Sed
3203 4586 3302 4628 nec
3331 4573 3378 4627 si
3432 4583 3636 4628 motum

2041 4668 2191 4724 illum
2223 4668 2583 4724 univcrsalem
2613 4666 3026 4738 cognovissent,
3060 4668 3141 4723 vel
3188 4670 3258 4722 ita
3307 4677 3526 4736 possent
3568 4668 3635 4725 de

2040 4775 2329 4819 eventuum
2358 4763 2511 4818 istius
2535 4763 2678 4817 modi
2705 4761 3029 4818 certitttdine
3057 4760 3320 4831 judicare.
3352 4760 3462 4817 Nec
3489 4761 3633 4817 enim

2040 4858 2113 4912 ita
2152 4855 2413 4910 mundum
2461 4855 2767 4909 universum
2802 4852 3115 4908 mecltanice
3141 4868 3170 4906 a
3204 4853 3315 4908 Deo
3361 4853 3472 4925 regi
3518 4866 3637 4907 cre-

2041 4948 2273 5014 debant,
2309 4959 2365 5004 ut
2402 4964 2507 5003 non
2538 4947 2828 5017 aliquando
2854 4955 3043 5002 contra
3075 4956 3277 5001 motum
3318 4947 3465 5001 illum
3515 4947 3636 5001 uni-

2040 5040 2338 5106 versalem,
2394 5040 2592 5110 saepius
2636 5049 2816 5095 tamen
2844 5048 3040 5110 praeter
3068 5039 3254 5106 illum,
3302 5038 3442 5093 Deus
3470 5038 3636 5095 inter—

2037 5147 2243 5203 ponere
2287 5141 2344 5187 et
2395 5131 2557 5187 vellet
2609 5142 2665 5187 et
2706 5131 2942 5198 soleret;
2993 5143 3181 5187 contra
3232 5130 3525 5201 equidem,
3581 5132 3631 5187 in

2043 5225 2316 5280 miraculis
2347 5242 2359 5279 :
2392 5234 2589 5296 prmter
2636 5225 2785 5280 illum
2808 5266 2822 5291 ,
2855 5226 3068 5296 quoties
3114 5224 3280 5281 vellet
3331 5225 3635 5281 ordinarias

2040 5318 2202 5374 etiam
2269 5319 2565 5373 electorum
2617 5324 2807 5390 preces
2865 5316 3145 5373 exaudire.
3212 5317 3434 5374 Frustra
3486 5317 3632 5373 enim

2039 5418 2223 5467 essent
2250 5412 2457 5480 piorum
2486 5426 2675 5481 preces
2706 5422 2762 5465 ut
2801 5411 3121 5481 plurimum,
3156 5426 3256 5476 pro
3296 5411 3452 5466 bonis
3492 5426 3633 5481 prae-

2035 5504 2220 5559 sertim
2270 5503 2686 5574 temporalibus;
2737 5503 2783 5557 si
2829 5502 2965 5558 nihil
3011 5512 3195 5573 posset
3242 5503 3381 5557 Deus
3432 5511 3638 5571 prteter.

2032 5599 2355 5655 universalis
2386 5608 2594 5654 naturae
2624 5612 2865 5666 cursum,
2895 5597 3012 5652 sine
3035 5595 3319 5662 miraculo,
3350 5606 3629 5665 prmstare.

2027 5694 2213 5754 Toties
2242 5692 2389 5754 enim
2415 5691 2622 5770 edenda
2649 5701 2833 5751 essent
2854 5690 3152 5749 istiusmodi
3177 5689 3457 5761 miracula,
3490 5702 3629 5760 quo-
