  <div class='ocr_page' id='page_1' title='image "/cluster/home/n/w/nwhite01/storage/ocr_20150623/5/hvd.32044073505083/018.png"; bbox 0 0 3990 6060; ppageno 0'>
   <div class='ocr_carea' id='block_1_1' title="bbox 225 228 3541 293">
    <p class='ocr_par' dir='ltr' id='par_1_1' title="bbox 225 228 3541 293">
     <span class='ocr_line' id='line_1_1' title="bbox 225 228 3541 293; baseline 0.002 -7"><span class='ocrx_word' id='word_1_1' title='bbox 225 231 303 286; x_wconf 73' lang='grc'><strong>9-5</strong></span> <span class='ocrx_word' id='word_1_2' title='bbox 1372 230 1460 286; x_wconf 82' lang='lat' dir='ltr'><strong>DE</strong></span> <span class='ocrx_word' id='word_1_3' title='bbox 1500 228 1881 288; x_wconf 76' lang='lat' dir='ltr'><strong>VISIONIBUS</strong></span> <span class='ocrx_word' id='word_1_4' title='bbox 1918 230 2391 291; x_wconf 75' lang='lat' dir='ltr'><strong>PROPHETICIS.</strong></span> <span class='ocrx_word' id='word_1_5' title='bbox 3468 238 3541 293; x_wconf 79' lang='lat'><strong>26</strong></span> 
     </span>
    </p>
   </div>
   <div class='ocr_carea' id='block_1_2' title="bbox 229 344 3540 426">
    <p class='ocr_par' dir='ltr' id='par_1_2' title="bbox 229 344 3540 426">
     <span class='ocr_line' id='line_1_2' title="bbox 229 344 3540 426; baseline 0.002 -25"><span class='ocrx_word' id='word_1_6' title='bbox 229 346 339 403; x_wconf 90' lang='lat' dir='ltr'><strong>ties</strong></span> <span class='ocrx_word' id='word_1_7' title='bbox 392 345 661 402; x_wconf 89' lang='lat' dir='ltr'><strong>bonorum</strong></span> <span class='ocrx_word' id='word_1_8' title='bbox 715 344 901 402; x_wconf 85' lang='lat' dir='ltr'><strong>essent</strong></span> <span class='ocrx_word' id='word_1_9' title='bbox 955 358 1139 416; x_wconf 85' lang='lat' dir='ltr'><strong>preces</strong></span> <span class='ocrx_word' id='word_1_10' title='bbox 1187 344 1492 401; x_wconf 70' lang='lat' dir='ltr'><strong>audiendaz.</strong></span> <span class='ocrx_word' id='word_1_11' title='bbox 1571 344 1727 414; x_wconf 84' lang='lat' dir='ltr'><strong>Quod</strong></span> <span class='ocrx_word' id='word_1_12' title='bbox 1794 347 1837 401; x_wconf 88' lang='lat' dir='ltr'><strong>si</strong></span> <span class='ocrx_word' id='word_1_13' title='bbox 1867 347 1917 408; x_wconf 79' lang='grc' dir='ltr'><strong>Λ</strong></span> <span class='ocrx_word' id='word_1_14' title='bbox 1945 348 2363 417; x_wconf 78' lang='lat' dir='ltr'><strong>expectandum.</strong></span> <span class='ocrx_word' id='word_1_15' title='bbox 2408 348 2634 421; x_wconf 84' lang='lat' dir='ltr'><strong>Quoque</strong></span> <span class='ocrx_word' id='word_1_16' title='bbox 2663 352 2863 421; x_wconf 73' lang='lat' dir='ltr'><strong>smpius</strong></span> <span class='ocrx_word' id='word_1_17' title='bbox 2907 353 3205 425; x_wconf 91' lang='lat' dir='ltr'><strong>prophetiis</strong></span> <span class='ocrx_word' id='word_1_18' title='bbox 3234 354 3351 426; x_wconf 88' lang='lat' dir='ltr'><strong>ejus</strong></span> <span class='ocrx_word' id='word_1_19' title='bbox 3374 366 3540 411; x_wconf 89' lang='lat' dir='ltr'><strong>even-</strong></span> 
     </span>
    </p>
   </div>
   <div class='ocr_carea' id='block_1_3' title="bbox 231 437 1837 509">
    <p class='ocr_par' dir='ltr' id='par_1_3' title="bbox 231 437 1837 509">
     <span class='ocr_line' id='line_1_3' title="bbox 231 437 1837 509; baseline 0 -16"><span class='ocrx_word' id='word_1_20' title='bbox 231 446 441 509; x_wconf 59' lang='lat' dir='ltr'><strong>praeter</strong></span> <span class='ocrx_word' id='word_1_21' title='bbox 499 437 862 493; x_wconf 87' lang='lat' dir='ltr'><strong>universalcm</strong></span> <span class='ocrx_word' id='word_1_22' title='bbox 909 437 1058 493; x_wconf 90' lang='lat' dir='ltr'><strong>illum</strong></span> <span class='ocrx_word' id='word_1_23' title='bbox 1104 446 1308 493; x_wconf 90' lang='lat' dir='ltr'><strong>motum</strong></span> <span class='ocrx_word' id='word_1_24' title='bbox 1362 437 1526 492; x_wconf 90' lang='lat' dir='ltr'><strong>multa</strong></span> <span class='ocrx_word' id='word_1_25' title='bbox 1584 439 1724 493; x_wconf 85' lang='lat' dir='ltr'><strong>Deus</strong></span> <span class='ocrx_word' id='word_1_26' title='bbox 1781 448 1837 493; x_wconf 90' lang='lat' dir='ltr'><strong>et</strong></span> 
     </span>
    </p>
   </div>
   <div class='ocr_carea' id='block_1_4' title="bbox 229 528 1835 600">
    <p class='ocr_par' dir='ltr' id='par_1_4' title="bbox 229 528 1835 600">
     <span class='ocr_line' id='line_1_4' title="bbox 229 528 1835 600; baseline 0.001 -18"><span class='ocrx_word' id='word_1_27' title='bbox 229 530 369 585; x_wconf 86' lang='lat' dir='ltr'><strong>velit</strong></span> <span class='ocrx_word' id='word_1_28' title='bbox 418 538 676 599; x_wconf 74' lang='lat' dir='ltr'><strong>prmstare</strong></span> <span class='ocrx_word' id='word_1_29' title='bbox 710 528 1065 600; x_wconf 44' lang='lat' dir='ltr'><strong>&#39;soleretque;</strong></span> <span class='ocrx_word' id='word_1_30' title='bbox 1107 529 1351 600; x_wconf 95' lang='lat' dir='ltr'><strong>sequitur</strong></span> <span class='ocrx_word' id='word_1_31' title='bbox 1389 544 1453 585; x_wconf 74' lang='lat' dir='ltr'><strong>ex</strong></span> <span class='ocrx_word' id='word_1_32' title='bbox 1496 530 1622 594; x_wconf 91' lang='lat' dir='ltr'><strong>illo,</strong></span> <span class='ocrx_word' id='word_1_33' title='bbox 1654 530 1698 584; x_wconf 82' lang='lat' dir='ltr'><strong>si</strong></span> <span class='ocrx_word' id='word_1_34' title='bbox 1751 530 1835 584; x_wconf 88' lang='lat' dir='ltr'><strong>vel</strong></span> 
     </span>
    </p>
   </div>
   <div class='ocr_carea' id='block_1_5' title="bbox 228 620 1834 693">
    <p class='ocr_par' dir='ltr' id='par_1_5' title="bbox 228 620 1834 693">
     <span class='ocr_line' id='line_1_5' title="bbox 228 620 1834 693; baseline -0.001 -15"><span class='ocrx_word' id='word_1_35' title='bbox 228 622 481 678; x_wconf 77' lang='lat' dir='ltr'><strong>maxime</strong></span> <span class='ocrx_word' id='word_1_36' title='bbox 503 622 859 687; x_wconf 83' lang='lat' dir='ltr'><strong>innotuissct,</strong></span> <span class='ocrx_word' id='word_1_37' title='bbox 891 621 1020 675; x_wconf 80' lang='lat' dir='ltr'><strong>nihil</strong></span> <span class='ocrx_word' id='word_1_38' title='bbox 1047 636 1168 676; x_wconf 89' lang='lat' dir='ltr'><strong>esse</strong></span> <span class='ocrx_word' id='word_1_39' title='bbox 1196 622 1263 677; x_wconf 89' lang='lat' dir='ltr'><strong>de</strong></span> <span class='ocrx_word' id='word_1_40' title='bbox 1293 620 1490 677; x_wconf 85' lang='lat' dir='ltr'><strong>futuris</strong></span> <span class='ocrx_word' id='word_1_41' title='bbox 1516 624 1834 693; x_wconf 88' lang='lat' dir='ltr'><strong>contingen-</strong></span> 
     </span>
    </p>
   </div>
   <div class='ocr_carea' id='block_1_6' title="bbox 232 715 1062 785">
    <p class='ocr_par' dir='ltr' id='par_1_6' title="bbox 232 715 1062 785">
     <span class='ocr_line' id='line_1_6' title="bbox 232 715 1062 785; baseline -0.005 -13"><span class='ocrx_word' id='word_1_42' title='bbox 232 716 380 772; x_wconf 98' lang='lat' dir='ltr'><strong>tibus</strong></span> <span class='ocrx_word' id='word_1_43' title='bbox 409 727 559 771; x_wconf 88' lang='lat' dir='ltr'><strong>certo</strong></span> <span class='ocrx_word' id='word_1_44' title='bbox 589 715 1062 785; x_wconf 86' lang='lat' dir='ltr'><strong>pronuntiandum.</strong></span> 
     </span>
    </p>
   </div>
   <div class='ocr_carea' id='block_1_7' title="bbox 307 808 1831 882">
    <p class='ocr_par' dir='ltr' id='par_1_7' title="bbox 307 808 1831 882">
     <span class='ocr_line' id='line_1_7' title="bbox 307 808 1831 882; baseline -0.002 -15"><span class='ocrx_word' id='word_1_45' title='bbox 307 810 337 882; x_wconf 85' lang='lat'><strong>§</strong></span> <span class='ocrx_word' id='word_1_46' title='bbox 368 812 459 867; x_wconf 77' lang='grc'><strong>51.</strong></span> <span class='ocrx_word' id='word_1_47' title='bbox 482 839 557 850; x_wconf 90' lang='lat'><strong>-—</strong></span> <span class='ocrx_word' id='word_1_48' title='bbox 583 809 736 878; x_wconf 81' lang='lat' dir='ltr'><strong>Quod</strong></span> <span class='ocrx_word' id='word_1_49' title='bbox 778 810 824 864; x_wconf 94' lang='lat' dir='ltr'><strong>si</strong></span> <span class='ocrx_word' id='word_1_50' title='bbox 866 809 1013 875; x_wconf 72' lang='lat' dir='ltr'><strong>hmc,</strong></span> <span class='ocrx_word' id='word_1_51' title='bbox 1050 816 1107 863; x_wconf 92' lang='lat' dir='ltr'><strong>ut</strong></span> <span class='ocrx_word' id='word_1_52' title='bbox 1130 817 1342 865; x_wconf 87' lang='lat' dir='ltr'><strong>creatas</strong></span> <span class='ocrx_word' id='word_1_53' title='bbox 1372 808 1515 865; x_wconf 90' lang='lat' dir='ltr'><strong>vires</strong></span> <span class='ocrx_word' id='word_1_54' title='bbox 1540 823 1604 864; x_wconf 82' lang='lat' dir='ltr'><strong>ex</strong></span> <span class='ocrx_word' id='word_1_55' title='bbox 1640 819 1831 864; x_wconf 85' lang='lat' dir='ltr'><strong>natura</strong></span> 
     </span>
    </p>
   </div>
   <div class='ocr_carea' id='block_1_8' title="bbox 230 912 1829 974">
    <p class='ocr_par' dir='ltr' id='par_1_8' title="bbox 230 912 1829 974">
     <span class='ocr_line' id='line_1_8' title="bbox 230 912 1829 974; baseline -0.001 -15"><span class='ocrx_word' id='word_1_56' title='bbox 230 917 331 959; x_wconf 83' lang='lat' dir='ltr'><strong>sua</strong></span> <span class='ocrx_word' id='word_1_57' title='bbox 359 918 467 958; x_wconf 91' lang='lat' dir='ltr'><strong>non</strong></span> <span class='ocrx_word' id='word_1_58' title='bbox 501 912 853 974; x_wconf 87' lang='lat' dir='ltr'><strong>superarent,</strong></span> <span class='ocrx_word' id='word_1_59' title='bbox 887 918 993 957; x_wconf 91' lang='lat' dir='ltr'><strong>non</strong></span> <span class='ocrx_word' id='word_1_60' title='bbox 1024 912 1205 958; x_wconf 90' lang='lat' dir='ltr'><strong>tamen</strong></span> <span class='ocrx_word' id='word_1_61' title='bbox 1241 914 1461 972; x_wconf 87' lang='lat' dir='ltr'><strong>possent</strong></span> <span class='ocrx_word' id='word_1_62' title='bbox 1486 919 1513 956; x_wconf 88' lang='lat' dir='ltr'><strong>a</strong></span> <span class='ocrx_word' id='word_1_63' title='bbox 1544 914 1793 958; x_wconf 76' lang='lat' dir='ltr'><strong>creatura</strong></span> <span class='ocrx_word' id='word_1_64' title='bbox 1815 945 1829 969; x_wconf 95' lang='lat'><strong>,</strong></span> 
     </span>
    </p>
   </div>
   <div class='ocr_carea' id='block_1_9' title="bbox 233 997 1832 1069">
    <p class='ocr_par' dir='ltr' id='par_1_9' title="bbox 233 997 1832 1069">
     <span class='ocr_line' id='line_1_9' title="bbox 233 997 1832 1069; baseline 0 -16"><span class='ocrx_word' id='word_1_65' title='bbox 233 998 342 1054; x_wconf 88' lang='lat' dir='ltr'><strong>nisi</strong></span> <span class='ocrx_word' id='word_1_66' title='bbox 380 1000 491 1051; x_wconf 81' lang='lat' dir='ltr'><strong>Deo</strong></span> <span class='ocrx_word' id='word_1_67' title='bbox 522 999 835 1064; x_wconf 87' lang='lat' dir='ltr'><strong>revelante,</strong></span> <span class='ocrx_word' id='word_1_68' title='bbox 869 997 1160 1069; x_wconf 90' lang='lat' dir='ltr'><strong>cognosci;</strong></span> <span class='ocrx_word' id='word_1_69' title='bbox 1193 997 1246 1052; x_wconf 88' lang='lat' dir='ltr'><strong>id</strong></span> <span class='ocrx_word' id='word_1_70' title='bbox 1274 1013 1439 1052; x_wconf 91' lang='lat' dir='ltr'><strong>unum</strong></span> <span class='ocrx_word' id='word_1_71' title='bbox 1484 998 1696 1053; x_wconf 82' lang='lat' dir='ltr'><strong>abunde</strong></span> <span class='ocrx_word' id='word_1_72' title='bbox 1722 997 1832 1053; x_wconf 86' lang='lat' dir='ltr'><strong>suf-</strong></span> 
     </span>
    </p>
   </div>
   <div class='ocr_carea' id='block_1_10' title="bbox 234 1092 1829 1163">
    <p class='ocr_par' dir='ltr' id='par_1_10' title="bbox 234 1092 1829 1163">
     <span class='ocr_line' id='line_1_10' title="bbox 234 1092 1829 1163; baseline -0.001 -14"><span class='ocrx_word' id='word_1_73' title='bbox 234 1093 372 1160; x_wconf 88' lang='lat' dir='ltr'><strong>ficit,</strong></span> <span class='ocrx_word' id='word_1_74' title='bbox 407 1103 463 1147; x_wconf 93' lang='lat' dir='ltr'><strong>ut</strong></span> <span class='ocrx_word' id='word_1_75' title='bbox 481 1093 701 1163; x_wconf 89' lang='lat' dir='ltr'><strong>quoties</strong></span> <span class='ocrx_word' id='word_1_76' title='bbox 732 1092 1041 1147; x_wconf 88' lang='lat' dir='ltr'><strong>hominilms</strong></span> <span class='ocrx_word' id='word_1_77' title='bbox 1063 1093 1419 1147; x_wconf 90' lang='lat' dir='ltr'><strong>innotuissent</strong></span> <span class='ocrx_word' id='word_1_78' title='bbox 1447 1134 1461 1159; x_wconf 96' lang='lat'><strong>,</strong></span> <span class='ocrx_word' id='word_1_79' title='bbox 1510 1094 1622 1147; x_wconf 91' lang='lat' dir='ltr'><strong>Deo</strong></span> <span class='ocrx_word' id='word_1_80' title='bbox 1652 1104 1829 1148; x_wconf 88' lang='lat' dir='ltr'><strong>tamen</strong></span> 
     </span>
    </p>
   </div>
   <div class='ocr_carea' id='block_1_11' title="bbox 236 1183 1831 1255">
    <p class='ocr_par' dir='ltr' id='par_1_11' title="bbox 236 1183 1831 1255">
     <span class='ocr_line' id='line_1_11' title="bbox 236 1183 1831 1255; baseline -0.002 -13"><span class='ocrx_word' id='word_1_81' title='bbox 236 1201 452 1242; x_wconf 90' lang='lat' dir='ltr'><strong>summo</strong></span> <span class='ocrx_word' id='word_1_82' title='bbox 476 1194 660 1242; x_wconf 90' lang='lat' dir='ltr'><strong>essent</strong></span> <span class='ocrx_word' id='word_1_83' title='bbox 700 1185 897 1240; x_wconf 89' lang='lat' dir='ltr'><strong>merito</strong></span> <span class='ocrx_word' id='word_1_84' title='bbox 930 1184 1234 1239; x_wconf 87' lang='lat' dir='ltr'><strong>tribuenda.</strong></span> <span class='ocrx_word' id='word_1_85' title='bbox 1288 1183 1398 1239; x_wconf 81' lang='lat' dir='ltr'><strong>Nec</strong></span> <span class='ocrx_word' id='word_1_86' title='bbox 1425 1184 1567 1239; x_wconf 87' lang='lat' dir='ltr'><strong>enini</strong></span> <span class='ocrx_word' id='word_1_87' title='bbox 1601 1184 1652 1239; x_wconf 88' lang='lat' dir='ltr'><strong>id</strong></span> <span class='ocrx_word' id='word_1_88' title='bbox 1681 1199 1831 1255; x_wconf 82' lang='lat' dir='ltr'><strong>quae-</strong></span> 
     </span>
    </p>
   </div>
   <div class='ocr_carea' id='block_1_12' title="bbox 235 1275 1830 1348">
    <p class='ocr_par' dir='ltr' id='par_1_12' title="bbox 235 1275 1830 1348">
     <span class='ocr_line' id='line_1_12' title="bbox 235 1275 1830 1348; baseline -0.001 -14"><span class='ocrx_word' id='word_1_89' title='bbox 235 1278 505 1342; x_wconf 85' lang='lat' dir='ltr'><strong>rendum,</strong></span> <span class='ocrx_word' id='word_1_90' title='bbox 559 1278 772 1331; x_wconf 87' lang='lat' dir='ltr'><strong>Ueusne</strong></span> <span class='ocrx_word' id='word_1_91' title='bbox 822 1277 970 1347; x_wconf 89' lang='lat' dir='ltr'><strong>ipse,</strong></span> <span class='ocrx_word' id='word_1_92' title='bbox 1020 1292 1088 1331; x_wconf 92' lang='lat' dir='ltr'><strong>au</strong></span> <span class='ocrx_word' id='word_1_93' title='bbox 1117 1277 1234 1347; x_wconf 88' lang='lat' dir='ltr'><strong>ejus</strong></span> <span class='ocrx_word' id='word_1_94' title='bbox 1254 1275 1409 1346; x_wconf 90' lang='lat' dir='ltr'><strong>jussu</strong></span> <span class='ocrx_word' id='word_1_95' title='bbox 1458 1277 1830 1348; x_wconf 85' lang='lat' dir='ltr'><strong>permissuque</strong></span> 
     </span>
    </p>
   </div>
   <div class='ocr_carea' id='block_1_13' title="bbox 233 1371 1827 1443">
    <p class='ocr_par' dir='ltr' id='par_1_13' title="bbox 233 1371 1827 1443">
     <span class='ocr_line' id='line_1_13' title="bbox 233 1371 1827 1443; baseline 0 -15"><span class='ocrx_word' id='word_1_96' title='bbox 233 1381 489 1429; x_wconf 75' lang='lat' dir='ltr'><strong>creatura</strong></span> <span class='ocrx_word' id='word_1_97' title='bbox 518 1372 722 1443; x_wconf 84' lang='lat' dir='ltr'><strong>aliqua,</strong></span> <span class='ocrx_word' id='word_1_98' title='bbox 751 1372 802 1427; x_wconf 92' lang='lat' dir='ltr'><strong>ei</strong></span> <span class='ocrx_word' id='word_1_99' title='bbox 834 1380 1012 1427; x_wconf 87' lang='lat' dir='ltr'><strong>tamen</strong></span> <span class='ocrx_word' id='word_1_100' title='bbox 1044 1371 1257 1426; x_wconf 90' lang='lat' dir='ltr'><strong>subdita</strong></span> <span class='ocrx_word' id='word_1_101' title='bbox 1291 1371 1599 1426; x_wconf 86' lang='lat' dir='ltr'><strong>hominibus</strong></span> <span class='ocrx_word' id='word_1_102' title='bbox 1630 1387 1693 1427; x_wconf 90' lang='lat' dir='ltr'><strong>ea</strong></span> <span class='ocrx_word' id='word_1_103' title='bbox 1737 1386 1827 1428; x_wconf 92' lang='lat' dir='ltr'><strong>re-</strong></span> 
     </span>
    </p>
   </div>
   <div class='ocr_carea' id='block_1_14' title="bbox 232 1464 1828 1536">
    <p class='ocr_par' dir='ltr' id='par_1_14' title="bbox 232 1464 1828 1536">
     <span class='ocr_line' id='line_1_14' title="bbox 232 1464 1828 1536; baseline -0.003 -13"><span class='ocrx_word' id='word_1_104' title='bbox 232 1467 488 1523; x_wconf 82' lang='lat' dir='ltr'><strong>velaret?</strong></span> <span class='ocrx_word' id='word_1_105' title='bbox 514 1465 606 1522; x_wconf 89' lang='lat' dir='ltr'><strong>sed</strong></span> <span class='ocrx_word' id='word_1_106' title='bbox 624 1507 640 1531; x_wconf 97' lang='lat'><strong>,</strong></span> <span class='ocrx_word' id='word_1_107' title='bbox 670 1480 742 1520; x_wconf 90' lang='lat' dir='ltr'><strong>an</strong></span> <span class='ocrx_word' id='word_1_108' title='bbox 761 1508 776 1532; x_wconf 95' lang='lat'><strong>,</strong></span> <span class='ocrx_word' id='word_1_109' title='bbox 818 1480 885 1521; x_wconf 86' lang='lat' dir='ltr'><strong>eo</strong></span> <span class='ocrx_word' id='word_1_110' title='bbox 910 1467 1130 1521; x_wconf 90' lang='lat' dir='ltr'><strong>uolente</strong></span> <span class='ocrx_word' id='word_1_111' title='bbox 1150 1509 1166 1533; x_wconf 92' lang='lat'><strong>,</strong></span> <span class='ocrx_word' id='word_1_112' title='bbox 1201 1465 1281 1521; x_wconf 92' lang='lat' dir='ltr'><strong>vis</strong></span> <span class='ocrx_word' id='word_1_113' title='bbox 1306 1464 1480 1536; x_wconf 87' lang='lat' dir='ltr'><strong>aliqua</strong></span> <span class='ocrx_word' id='word_1_114' title='bbox 1511 1466 1828 1521; x_wconf 86' lang='lat' dir='ltr'><strong>contraria?</strong></span> 
     </span>
    </p>
   </div>
   <div class='ocr_carea' id='block_1_15' title="bbox 230 1559 1826 1632">
    <p class='ocr_par' dir='ltr' id='par_1_15' title="bbox 230 1559 1826 1632">
     <span class='ocr_line' id='line_1_15' title="bbox 230 1559 1826 1632; baseline -0.001 -16"><span class='ocrx_word' id='word_1_115' title='bbox 230 1559 288 1616; x_wconf 88' lang='lat' dir='ltr'><strong>lu</strong></span> <span class='ocrx_word' id='word_1_116' title='bbox 323 1575 393 1617; x_wconf 90' lang='lat' dir='ltr'><strong>eo</strong></span> <span class='ocrx_word' id='word_1_117' title='bbox 420 1561 563 1615; x_wconf 90' lang='lat' dir='ltr'><strong>enim</strong></span> <span class='ocrx_word' id='word_1_118' title='bbox 608 1570 858 1616; x_wconf 90' lang='lat' dir='ltr'><strong>versatur</strong></span> <span class='ocrx_word' id='word_1_119' title='bbox 885 1562 1089 1616; x_wconf 87' lang='lat' dir='ltr'><strong>erroris</strong></span> <span class='ocrx_word' id='word_1_120' title='bbox 1115 1560 1432 1632; x_wconf 87' lang='lat' dir='ltr'><strong>perieulum.</strong></span> <span class='ocrx_word' id='word_1_121' title='bbox 1477 1562 1672 1632; x_wconf 83' lang='lat' dir='ltr'><strong>Atqui,</strong></span> <span class='ocrx_word' id='word_1_122' title='bbox 1703 1560 1826 1615; x_wconf 87' lang='lat' dir='ltr'><strong>data</strong></span> 
     </span>
    </p>
   </div>
   <div class='ocr_carea' id='block_1_16' title="bbox 228 1654 1824 1727">
    <p class='ocr_par' dir='ltr' id='par_1_16' title="bbox 228 1654 1824 1727">
     <span class='ocr_line' id='line_1_16' title="bbox 228 1654 1824 1727; baseline 0 -17"><span class='ocrx_word' id='word_1_123' title='bbox 228 1654 356 1723; x_wconf 83' lang='lat' dir='ltr'><strong>hac,</strong></span> <span class='ocrx_word' id='word_1_124' title='bbox 385 1670 544 1726; x_wconf 89' lang='lat' dir='ltr'><strong>quam</strong></span> <span class='ocrx_word' id='word_1_125' title='bbox 577 1655 1106 1726; x_wconf 68' lang='lat' dir='ltr'><strong>reprzesentavimus,</strong></span> <span class='ocrx_word' id='word_1_126' title='bbox 1157 1654 1479 1727; x_wconf 83' lang='lat' dir='ltr'><strong>hypothesi;</strong></span> <span class='ocrx_word' id='word_1_127' title='bbox 1513 1655 1564 1710; x_wconf 89' lang='lat' dir='ltr'><strong>id</strong></span> <span class='ocrx_word' id='word_1_128' title='bbox 1614 1666 1824 1711; x_wconf 90' lang='lat' dir='ltr'><strong>certum</strong></span> 
     </span>
    </p>
   </div>
   <div class='ocr_carea' id='block_1_17' title="bbox 1944 442 3540 513">
    <p class='ocr_par' dir='ltr' id='par_1_17' title="bbox 1944 442 3540 513">
     <span class='ocr_line' id='line_1_17' title="bbox 1944 442 3540 513; baseline 0.008 -19"><span class='ocrx_word' id='word_1_129' title='bbox 1944 448 2031 495; x_wconf 90' lang='lat' dir='ltr'><strong>tus</strong></span> <span class='ocrx_word' id='word_1_130' title='bbox 2057 442 2495 513; x_wconf 77' lang='lat' dir='ltr'><strong>respondissent,</strong></span> <span class='ocrx_word' id='word_1_131' title='bbox 2540 460 2606 500; x_wconf 93' lang='lat' dir='ltr'><strong>eo</strong></span> <span class='ocrx_word' id='word_1_132' title='bbox 2652 446 2853 501; x_wconf 91' lang='lat' dir='ltr'><strong>certius</strong></span> <span class='ocrx_word' id='word_1_133' title='bbox 2903 450 3184 505; x_wconf 84' lang='lat' dir='ltr'><strong>constabat</strong></span> <span class='ocrx_word' id='word_1_134' title='bbox 3236 464 3341 505; x_wconf 93' lang='lat' dir='ltr'><strong>non</strong></span> <span class='ocrx_word' id='word_1_135' title='bbox 3390 450 3540 506; x_wconf 86' lang='lat' dir='ltr'><strong>casui</strong></span> 
     </span>
    </p>
   </div>
   <div class='ocr_carea' id='block_1_18' title="bbox 1942 534 3535 615">
    <p class='ocr_par' dir='ltr' id='par_1_18' title="bbox 1942 534 3535 615">
     <span class='ocr_line' id='line_1_18' title="bbox 1942 534 3535 615; baseline 0.005 -26"><span class='ocrx_word' id='word_1_136' title='bbox 1942 534 2089 602; x_wconf 72' lang='lat' dir='ltr'><strong>haec,</strong></span> <span class='ocrx_word' id='word_1_137' title='bbox 2147 537 2240 592; x_wconf 86' lang='lat' dir='ltr'><strong>sed</strong></span> <span class='ocrx_word' id='word_1_138' title='bbox 2300 553 2428 592; x_wconf 88' lang='lat' dir='ltr'><strong>vero</strong></span> <span class='ocrx_word' id='word_1_139' title='bbox 2458 538 2621 594; x_wconf 89' lang='lat' dir='ltr'><strong>certis</strong></span> <span class='ocrx_word' id='word_1_140' title='bbox 2651 540 2827 595; x_wconf 80' lang='lat' dir='ltr'><strong>causis</strong></span> <span class='ocrx_word' id='word_1_141' title='bbox 2867 556 2987 597; x_wconf 91' lang='lat' dir='ltr'><strong>esse</strong></span> <span class='ocrx_word' id='word_1_142' title='bbox 3034 543 3337 615; x_wconf 78' lang='lat' dir='ltr'><strong>tribuenda.</strong></span> <span class='ocrx_word' id='word_1_143' title='bbox 3398 541 3535 599; x_wconf 87' lang='lat' dir='ltr'><strong>Cum</strong></span> 
     </span>
    </p>
   </div>
   <div class='ocr_carea' id='block_1_19' title="bbox 1943 627 3538 705">
    <p class='ocr_par' dir='ltr' id='par_1_19' title="bbox 1943 627 3538 705">
     <span class='ocr_line' id='line_1_19' title="bbox 1943 627 3538 705; baseline 0.008 -25"><span class='ocrx_word' id='word_1_144' title='bbox 1943 642 2071 681; x_wconf 85' lang='lat' dir='ltr'><strong>vero</strong></span> <span class='ocrx_word' id='word_1_145' title='bbox 2099 627 2328 683; x_wconf 88' lang='lat' dir='ltr'><strong>duorum</strong></span> <span class='ocrx_word' id='word_1_146' title='bbox 2356 641 2539 685; x_wconf 53' lang='lat' dir='ltr'><strong>essent</strong></span> <span class='ocrx_word' id='word_1_147' title='bbox 2568 647 2826 702; x_wconf 79' lang='lat' dir='ltr'><strong>generum</strong></span> <span class='ocrx_word' id='word_1_148' title='bbox 2861 635 3158 705; x_wconf 64' lang='lat' dir='ltr'><strong>prophetia:</strong></span> <span class='ocrx_word' id='word_1_149' title='bbox 3181 680 3194 703; x_wconf 91' lang='lat'><strong>,</strong></span> <span class='ocrx_word' id='word_1_150' title='bbox 3227 636 3347 691; x_wconf 75' lang='lat' dir='ltr'><strong>alite</strong></span> <span class='ocrx_word' id='word_1_151' title='bbox 3375 637 3538 693; x_wconf 76' lang='lat' dir='ltr'><strong>clara:</strong></span> 
     </span>
    </p>
   </div>
   <div class='ocr_carea' id='block_1_20' title="bbox 1939 720 3539 799">
    <p class='ocr_par' dir='ltr' id='par_1_20' title="bbox 1939 720 3539 799">
     <span class='ocr_line' id='line_1_20' title="bbox 1939 720 3539 799; baseline 0.01 -27"><span class='ocrx_word' id='word_1_152' title='bbox 1939 720 2233 790; x_wconf 84' lang='lat' dir='ltr'><strong>facilesque</strong></span> <span class='ocrx_word' id='word_1_153' title='bbox 2275 722 2550 779; x_wconf 86' lang='lat' dir='ltr'><strong>intellectu</strong></span> <span class='ocrx_word' id='word_1_154' title='bbox 2573 766 2588 791; x_wconf 94' lang='lat'><strong>,</strong></span> <span class='ocrx_word' id='word_1_155' title='bbox 2623 726 2674 778; x_wconf 88' lang='lat' dir='ltr'><strong>itt</strong></span> <span class='ocrx_word' id='word_1_156' title='bbox 2704 726 2901 796; x_wconf 84' lang='lat' dir='ltr'><strong>quibus</strong></span> <span class='ocrx_word' id='word_1_157' title='bbox 2932 727 3073 782; x_wconf 86' lang='lat' dir='ltr'><strong>nulla</strong></span> <span class='ocrx_word' id='word_1_158' title='bbox 3105 743 3228 785; x_wconf 86' lang='lat' dir='ltr'><strong>esse</strong></span> <span class='ocrx_word' id='word_1_159' title='bbox 3258 739 3442 799; x_wconf 85' lang='lat' dir='ltr'><strong>posset</strong></span> <span class='ocrx_word' id='word_1_160' title='bbox 3471 731 3539 788; x_wconf 87' lang='lat' dir='ltr'><strong>de</strong></span> 
     </span>
    </p>
   </div>
   <div class='ocr_carea' id='block_1_21' title="bbox 1938 813 3539 895">
    <p class='ocr_par' dir='ltr' id='par_1_21' title="bbox 1938 813 3539 895">
     <span class='ocr_line' id='line_1_21' title="bbox 1938 813 3539 895; baseline 0.011 -33"><span class='ocrx_word' id='word_1_161' title='bbox 1938 826 2069 865; x_wconf 84' lang='lat' dir='ltr'><strong>vero</strong></span> <span class='ocrx_word' id='word_1_162' title='bbox 2122 813 2404 883; x_wconf 68' lang='lat' dir='ltr'><strong>ptOphCla}</strong></span> <span class='ocrx_word' id='word_1_163' title='bbox 2460 830 2622 871; x_wconf 92' lang='lat' dir='ltr'><strong>sensu</strong></span> <span class='ocrx_word' id='word_1_164' title='bbox 2671 818 2970 885; x_wconf 82' lang='lat' dir='ltr'><strong>dubitatio;</strong></span> <span class='ocrx_word' id='word_1_165' title='bbox 3028 820 3149 875; x_wconf 67' lang='lat' dir='ltr'><strong>aliae</strong></span> <span class='ocrx_word' id='word_1_166' title='bbox 3204 838 3390 878; x_wconf 90' lang='lat' dir='ltr'><strong>rursus</strong></span> <span class='ocrx_word' id='word_1_167' title='bbox 3441 839 3539 895; x_wconf 91' lang='lat' dir='ltr'><strong>pro</strong></span> 
     </span>
    </p>
   </div>
   <div class='ocr_carea' id='block_1_22' title="bbox 1937 906 3538 987">
    <p class='ocr_par' dir='ltr' id='par_1_22' title="bbox 1937 906 3538 987">
     <span class='ocr_line' id='line_1_22' title="bbox 1937 906 3538 987; baseline 0.009 -30"><span class='ocrx_word' id='word_1_168' title='bbox 1937 906 2134 958; x_wconf 85' lang='lat' dir='ltr'><strong>usitato</strong></span> <span class='ocrx_word' id='word_1_169' title='bbox 2183 906 2585 976; x_wconf 80' lang='lat' dir='ltr'><strong>prophetiamm</strong></span> <span class='ocrx_word' id='word_1_170' title='bbox 2630 910 2916 976; x_wconf 88' lang='lat' dir='ltr'><strong>idiomate,</strong></span> <span class='ocrx_word' id='word_1_171' title='bbox 2968 913 3230 985; x_wconf 82' lang='lat' dir='ltr'><strong>symbolis</strong></span> <span class='ocrx_word' id='word_1_172' title='bbox 3282 918 3538 987; x_wconf 61' lang='lat' dir='ltr'><strong>aenigma-</strong></span> 
     </span>
    </p>
   </div>
   <div class='ocr_carea' id='block_1_23' title="bbox 1937 997 3532 1080">
    <p class='ocr_par' dir='ltr' id='par_1_23' title="bbox 1937 997 3532 1080">
     <span class='ocr_line' id='line_1_23' title="bbox 1937 997 3532 1080; baseline 0.01 -30"><span class='ocrx_word' id='word_1_173' title='bbox 1937 997 2182 1070; x_wconf 88' lang='lat' dir='ltr'><strong>tibusque</strong></span> <span class='ocrx_word' id='word_1_174' title='bbox 2231 1000 2487 1055; x_wconf 68' lang='lat' dir='ltr'><strong>involuta:</strong></span> <span class='ocrx_word' id='word_1_175' title='bbox 2509 1043 2524 1068; x_wconf 95' lang='lat'><strong>,</strong></span> <span class='ocrx_word' id='word_1_176' title='bbox 2556 1012 2611 1056; x_wconf 92' lang='lat' dir='ltr'><strong>ut</strong></span> <span class='ocrx_word' id='word_1_177' title='bbox 2640 1018 2783 1075; x_wconf 65' lang='lat' dir='ltr'><strong>mgre</strong></span> <span class='ocrx_word' id='word_1_178' title='bbox 2813 1005 3037 1076; x_wconf 80' lang='lat' dir='ltr'><strong>intelligi</strong></span> <span class='ocrx_word' id='word_1_179' title='bbox 3070 1016 3254 1077; x_wconf 80' lang='lat' dir='ltr'><strong>posset</strong></span> <span class='ocrx_word' id='word_1_180' title='bbox 3282 1024 3532 1080; x_wconf 76' lang='lat' dir='ltr'><strong>quamam</strong></span> 
     </span>
    </p>
   </div>
   <div class='ocr_carea' id='block_1_24' title="bbox 1936 1093 3525 1170">
    <p class='ocr_par' dir='ltr' id='par_1_24' title="bbox 1936 1093 3525 1170">
     <span class='ocr_line' id='line_1_24' title="bbox 1936 1093 3525 1170; baseline 0.008 -27"><span class='ocrx_word' id='word_1_181' title='bbox 1936 1093 2213 1161; x_wconf 65' lang='lat' dir='ltr'><strong>proplietzc</strong></span> <span class='ocrx_word' id='word_1_182' title='bbox 2265 1104 2405 1149; x_wconf 75' lang='lat' dir='ltr'><strong>esset</strong></span> <span class='ocrx_word' id='word_1_183' title='bbox 2438 1104 2530 1149; x_wconf 90' lang='lat' dir='ltr'><strong>aut</strong></span> <span class='ocrx_word' id='word_1_184' title='bbox 2578 1097 2811 1150; x_wconf 91' lang='lat' dir='ltr'><strong>numinis</strong></span> <span class='ocrx_word' id='word_1_185' title='bbox 2842 1100 3113 1153; x_wconf 86' lang='lat' dir='ltr'><strong>sententia</strong></span> <span class='ocrx_word' id='word_1_186' title='bbox 3142 1117 3155 1152; x_wconf 88' lang='lat'><strong>:</strong></span> <span class='ocrx_word' id='word_1_187' title='bbox 3187 1113 3250 1155; x_wconf 79' lang='lat' dir='ltr'><strong>ex</strong></span> <span class='ocrx_word' id='word_1_188' title='bbox 3287 1102 3525 1170; x_wconf 88' lang='lat' dir='ltr'><strong>priorum</strong></span> 
     </span>
    </p>
   </div>
   <div class='ocr_carea' id='block_1_25' title="bbox 1936 1185 3534 1264">
    <p class='ocr_par' dir='ltr' id='par_1_25' title="bbox 1936 1185 3534 1264">
     <span class='ocr_line' id='line_1_25' title="bbox 1936 1185 3534 1264; baseline 0.009 -28"><span class='ocrx_word' id='word_1_189' title='bbox 1936 1185 2165 1240; x_wconf 82' lang='lat' dir='ltr'><strong>veritate</strong></span> <span class='ocrx_word' id='word_1_190' title='bbox 2221 1185 2291 1241; x_wconf 90' lang='lat' dir='ltr'><strong>de</strong></span> <span class='ocrx_word' id='word_1_191' title='bbox 2341 1189 2737 1258; x_wconf 85' lang='lat' dir='ltr'><strong>posterioribus</strong></span> <span class='ocrx_word' id='word_1_192' title='bbox 2766 1200 2884 1245; x_wconf 90' lang='lat' dir='ltr'><strong>erat</strong></span> <span class='ocrx_word' id='word_1_193' title='bbox 2933 1191 3256 1247; x_wconf 90' lang='lat' dir='ltr'><strong>solidissime</strong></span> <span class='ocrx_word' id='word_1_194' title='bbox 3278 1191 3534 1264; x_wconf 86' lang='lat' dir='ltr'><strong>judican-</strong></span> 
     </span>
    </p>
   </div>
   <div class='ocr_carea' id='block_1_26' title="bbox 1933 1276 3533 1362">
    <p class='ocr_par' dir='ltr' id='par_1_26' title="bbox 1933 1276 3533 1362">
     <span class='ocr_line' id='line_1_26' title="bbox 1933 1276 3533 1362; baseline 0.008 -29"><span class='ocrx_word' id='word_1_195' title='bbox 1933 1276 2081 1333; x_wconf 90' lang='lat' dir='ltr'><strong>dum.</strong></span> <span class='ocrx_word' id='word_1_196' title='bbox 2114 1279 2170 1335; x_wconf 93' lang='lat' dir='ltr'><strong>Si</strong></span> <span class='ocrx_word' id='word_1_197' title='bbox 2200 1296 2389 1337; x_wconf 89' lang='lat' dir='ltr'><strong>omnes</strong></span> <span class='ocrx_word' id='word_1_198' title='bbox 2410 1283 2654 1338; x_wconf 80' lang='lat' dir='ltr'><strong>obscura:</strong></span> <span class='ocrx_word' id='word_1_199' title='bbox 2685 1295 2885 1351; x_wconf 88' lang='lat' dir='ltr'><strong>essent,</strong></span> <span class='ocrx_word' id='word_1_200' title='bbox 2923 1296 2979 1341; x_wconf 92' lang='lat' dir='ltr'><strong>ut</strong></span> <span class='ocrx_word' id='word_1_201' title='bbox 3007 1287 3058 1341; x_wconf 91' lang='lat' dir='ltr'><strong>in</strong></span> <span class='ocrx_word' id='word_1_202' title='bbox 3090 1289 3323 1344; x_wconf 91' lang='lat' dir='ltr'><strong>oraculis</strong></span> <span class='ocrx_word' id='word_1_203' title='bbox 3366 1290 3533 1362; x_wconf 80' lang='lat' dir='ltr'><strong>Apol-</strong></span> 
     </span>
    </p>
   </div>
   <div class='ocr_carea' id='block_1_27' title="bbox 1934 1370 3530 1450">
    <p class='ocr_par' dir='ltr' id='par_1_27' title="bbox 1934 1370 3530 1450">
     <span class='ocr_line' id='line_1_27' title="bbox 1934 1370 3530 1450; baseline 0.009 -25"><span class='ocrx_word' id='word_1_204' title='bbox 1934 1370 2059 1426; x_wconf 89' lang='lat' dir='ltr'><strong>linis</strong></span> <span class='ocrx_word' id='word_1_205' title='bbox 2117 1373 2334 1441; x_wconf 73' lang='lat' dir='ltr'><strong>Loxize,</strong></span> <span class='ocrx_word' id='word_1_206' title='bbox 2398 1372 2813 1450; x_wconf 85' lang='lat' dir='ltr'><strong>nostrorumque</strong></span> <span class='ocrx_word' id='word_1_207' title='bbox 2877 1378 3261 1437; x_wconf 85' lang='lat' dir='ltr'><strong>hodiernorum</strong></span> <span class='ocrx_word' id='word_1_208' title='bbox 3333 1382 3530 1439; x_wconf 90' lang='lat' dir='ltr'><strong>enthu-</strong></span> 
     </span>
    </p>
   </div>
   <div class='ocr_carea' id='block_1_28' title="bbox 1932 1470 3534 1542">
    <p class='ocr_par' dir='ltr' id='par_1_28' title="bbox 1932 1470 3534 1542">
     <span class='ocr_line' id='line_1_28' title="bbox 1932 1470 3534 1542; baseline 0.006 -19"><span class='ocrx_word' id='word_1_209' title='bbox 1932 1470 2218 1524; x_wconf 85' lang='lat' dir='ltr'><strong>siastarum</strong></span> <span class='ocrx_word' id='word_1_210' title='bbox 2275 1470 2525 1536; x_wconf 89' lang='lat' dir='ltr'><strong>deliriis;</strong></span> <span class='ocrx_word' id='word_1_211' title='bbox 2573 1472 2715 1526; x_wconf 89' lang='lat' dir='ltr'><strong>nulla</strong></span> <span class='ocrx_word' id='word_1_212' title='bbox 2760 1472 2873 1542; x_wconf 86' lang='lat' dir='ltr'><strong>jam</strong></span> <span class='ocrx_word' id='word_1_213' title='bbox 2905 1483 3059 1528; x_wconf 90' lang='lat' dir='ltr'><strong>erant</strong></span> <span class='ocrx_word' id='word_1_214' title='bbox 3090 1475 3385 1532; x_wconf 89' lang='lat' dir='ltr'><strong>intrinseca</strong></span> <span class='ocrx_word' id='word_1_215' title='bbox 3416 1492 3534 1534; x_wconf 85' lang='lat' dir='ltr'><strong>cre-</strong></span> 
     </span>
    </p>
   </div>
   <div class='ocr_carea' id='block_1_29' title="bbox 1930 1560 3528 1633">
    <p class='ocr_par' dir='ltr' id='par_1_29' title="bbox 1930 1560 3528 1633">
     <span class='ocr_line' id='line_1_29' title="bbox 1930 1560 3528 1633; baseline 0.006 -18"><span class='ocrx_word' id='word_1_216' title='bbox 1930 1560 2210 1616; x_wconf 89' lang='lat' dir='ltr'><strong>dibilitatis</strong></span> <span class='ocrx_word' id='word_1_217' title='bbox 2263 1574 2623 1633; x_wconf 86' lang='lat' dir='ltr'><strong>argumenta,</strong></span> <span class='ocrx_word' id='word_1_218' title='bbox 2694 1574 2749 1618; x_wconf 92' lang='lat' dir='ltr'><strong>ut</strong></span> <span class='ocrx_word' id='word_1_219' title='bbox 2805 1565 2908 1620; x_wconf 87' lang='lat' dir='ltr'><strong>nisi</strong></span> <span class='ocrx_word' id='word_1_220' title='bbox 2974 1565 3112 1623; x_wconf 87' lang='lat' dir='ltr'><strong>forte</strong></span> <span class='ocrx_word' id='word_1_221' title='bbox 3158 1583 3282 1623; x_wconf 90' lang='lat' dir='ltr'><strong>eum</strong></span> <span class='ocrx_word' id='word_1_222' title='bbox 3348 1568 3528 1625; x_wconf 91' lang='lat' dir='ltr'><strong>locum</strong></span> 
     </span>
    </p>
   </div>
   <div class='ocr_carea' id='block_1_30' title="bbox 1930 1654 3529 1728">
    <p class='ocr_par' dir='ltr' id='par_1_30' title="bbox 1930 1654 3529 1728">
     <span class='ocr_line' id='line_1_30' title="bbox 1930 1654 3529 1728; baseline 0.006 -19"><span class='ocrx_word' id='word_1_223' title='bbox 1930 1654 2236 1709; x_wconf 77' lang='lat' dir='ltr'><strong>extrinseca</strong></span> <span class='ocrx_word' id='word_1_224' title='bbox 2293 1656 2674 1726; x_wconf 83' lang='lat' dir='ltr'><strong>supplessenl,</strong></span> <span class='ocrx_word' id='word_1_225' title='bbox 2732 1659 3076 1728; x_wconf 86' lang='lat' dir='ltr'><strong>quantumvis</strong></span> <span class='ocrx_word' id='word_1_226' title='bbox 3103 1674 3250 1716; x_wconf 70' lang='lat' dir='ltr'><strong>verre</strong></span> <span class='ocrx_word' id='word_1_227' title='bbox 3299 1671 3529 1719; x_wconf 88' lang='lat' dir='ltr'><strong>essent:</strong></span> 
     </span>
    </p>
   </div>
   <div class='ocr_carea' id='block_1_31' title="bbox 231 1746 3530 1825">
    <p class='ocr_par' dir='ltr' id='par_1_31' title="bbox 231 1746 3530 1825">
     <span class='ocr_line' id='line_1_31' title="bbox 231 1746 3530 1825; baseline 0.003 -22"><span class='ocrx_word' id='word_1_228' title='bbox 231 1755 357 1803; x_wconf 84' lang='lat' dir='ltr'><strong>erat</strong></span> <span class='ocrx_word' id='word_1_229' title='bbox 377 1746 684 1817; x_wconf 86' lang='lat' dir='ltr'><strong>hujusmodi</strong></span> <span class='ocrx_word' id='word_1_230' title='bbox 731 1747 1093 1802; x_wconf 80' lang='lat' dir='ltr'><strong>revelationes</strong></span> <span class='ocrx_word' id='word_1_231' title='bbox 1142 1761 1173 1802; x_wconf 88' lang='lat' dir='ltr'><strong>a</strong></span> <span class='ocrx_word' id='word_1_232' title='bbox 1222 1747 1270 1801; x_wconf 90' lang='lat' dir='ltr'><strong>vi</strong></span> <span class='ocrx_word' id='word_1_233' title='bbox 1326 1748 1503 1818; x_wconf 90' lang='lat' dir='ltr'><strong>aliqua</strong></span> <span class='ocrx_word' id='word_1_234' title='bbox 1554 1748 1824 1803; x_wconf 87' lang='lat' dir='ltr'><strong>contraria</strong></span> <span class='ocrx_word' id='word_1_235' title='bbox 1856 1753 1986 1813; x_wconf 79' lang='lat' dir='ltr'><strong>Bat</strong></span> <span class='ocrx_word' id='word_1_236' title='bbox 2039 1747 2246 1802; x_wconf 91' lang='lat' dir='ltr'><strong>nullum</strong></span> <span class='ocrx_word' id='word_1_237' title='bbox 2295 1759 2443 1803; x_wconf 91' lang='lat' dir='ltr'><strong>certe</strong></span> <span class='ocrx_word' id='word_1_238' title='bbox 2494 1749 2766 1805; x_wconf 85' lang='lat' dir='ltr'><strong>habebant</strong></span> <span class='ocrx_word' id='word_1_239' title='bbox 2818 1751 3094 1820; x_wconf 83' lang='lat' dir='ltr'><strong>veritatis,</strong></span> <span class='ocrx_word' id='word_1_240' title='bbox 3141 1769 3246 1825; x_wconf 89' lang='lat' dir='ltr'><strong>quo</strong></span> <span class='ocrx_word' id='word_1_241' title='bbox 3291 1770 3323 1810; x_wconf 90' lang='lat' dir='ltr'><strong>a</strong></span> <span class='ocrx_word' id='word_1_242' title='bbox 3378 1754 3530 1813; x_wconf 89' lang='lat' dir='ltr'><strong>falsis</strong></span> 
     </span>
    </p>
   </div>
   <div class='ocr_carea' id='block_1_32' title="bbox 227 1838 1828 1911">
    <p class='ocr_par' dir='ltr' id='par_1_32' title="bbox 227 1838 1828 1911">
     <span class='ocr_line' id='line_1_32' title="bbox 227 1838 1828 1911; baseline 0.001 -15"><span class='ocrx_word' id='word_1_243' title='bbox 227 1853 353 1896; x_wconf 84' lang='lat' dir='ltr'><strong>esse</strong></span> <span class='ocrx_word' id='word_1_244' title='bbox 380 1854 490 1894; x_wconf 89' lang='lat' dir='ltr'><strong>non</strong></span> <span class='ocrx_word' id='word_1_245' title='bbox 529 1855 709 1911; x_wconf 90' lang='lat' dir='ltr'><strong>posse.</strong></span> <span class='ocrx_word' id='word_1_246' title='bbox 741 1838 857 1895; x_wconf 86' lang='lat' dir='ltr'><strong>Nec</strong></span> <span class='ocrx_word' id='word_1_247' title='bbox 895 1840 1040 1895; x_wconf 90' lang='lat' dir='ltr'><strong>enim</strong></span> <span class='ocrx_word' id='word_1_248' title='bbox 1089 1849 1206 1894; x_wconf 90' lang='lat' dir='ltr'><strong>erat</strong></span> <span class='ocrx_word' id='word_1_249' title='bbox 1253 1850 1498 1896; x_wconf 86' lang='lat' dir='ltr'><strong>creatura</strong></span> <span class='ocrx_word' id='word_1_250' title='bbox 1527 1857 1646 1911; x_wconf 82' lang='lat' dir='ltr'><strong>quae</strong></span> <span class='ocrx_word' id='word_1_251' title='bbox 1667 1882 1682 1908; x_wconf 92' lang='lat'><strong>,</strong></span> <span class='ocrx_word' id='word_1_252' title='bbox 1717 1841 1828 1897; x_wconf 90' lang='lat' dir='ltr'><strong>Deo</strong></span> 
     </span>
    </p>
   </div>
   <div class='ocr_carea' id='block_1_33' title="bbox 228 1933 1825 2004">
    <p class='ocr_par' dir='ltr' id='par_1_33' title="bbox 228 1933 1825 2004">
     <span class='ocr_line' id='line_1_33' title="bbox 228 1933 1825 2004; baseline 0.002 -16"><span class='ocrx_word' id='word_1_253' title='bbox 228 1933 486 2000; x_wconf 89' lang='lat' dir='ltr'><strong>nolente,</strong></span> <span class='ocrx_word' id='word_1_254' title='bbox 514 1948 577 1988; x_wconf 91' lang='lat' dir='ltr'><strong>ea</strong></span> <span class='ocrx_word' id='word_1_255' title='bbox 622 1943 805 2003; x_wconf 89' lang='lat' dir='ltr'><strong>posset</strong></span> <span class='ocrx_word' id='word_1_256' title='bbox 833 1948 1190 2004; x_wconf 83' lang='lat' dir='ltr'><strong>cognoscere;</strong></span> <span class='ocrx_word' id='word_1_257' title='bbox 1225 1949 1321 1989; x_wconf 92' lang='lat' dir='ltr'><strong>nec</strong></span> <span class='ocrx_word' id='word_1_258' title='bbox 1353 1936 1647 1991; x_wconf 88' lang='lat' dir='ltr'><strong>verisimile</strong></span> <span class='ocrx_word' id='word_1_259' title='bbox 1677 1947 1825 2002; x_wconf 89' lang='lat' dir='ltr'><strong>erat,</strong></span> 
     </span>
    </p>
   </div>
   <div class='ocr_carea' id='block_1_34' title="bbox 225 2025 1824 2098">
    <p class='ocr_par' dir='ltr' id='par_1_34' title="bbox 225 2025 1824 2098">
     <span class='ocr_line' id='line_1_34' title="bbox 225 2025 1824 2098; baseline 0.002 -17"><span class='ocrx_word' id='word_1_260' title='bbox 225 2025 439 2097; x_wconf 76' lang='lat' dir='ltr'><strong>angelis</strong></span> <span class='ocrx_word' id='word_1_261' title='bbox 461 2026 751 2081; x_wconf 87' lang='lat' dir='ltr'><strong>contrariis</strong></span> <span class='ocrx_word' id='word_1_262' title='bbox 776 2035 831 2081; x_wconf 89' lang='lat' dir='ltr'><strong>et</strong></span> <span class='ocrx_word' id='word_1_263' title='bbox 854 2028 966 2080; x_wconf 89' lang='lat' dir='ltr'><strong>suis</strong></span> <span class='ocrx_word' id='word_1_264' title='bbox 996 2042 1322 2098; x_wconf 86' lang='lat' dir='ltr'><strong>suorumque</strong></span> <span class='ocrx_word' id='word_1_265' title='bbox 1349 2026 1594 2082; x_wconf 83' lang='lat' dir='ltr'><strong>hostibus</strong></span> <span class='ocrx_word' id='word_1_266' title='bbox 1646 2029 1824 2084; x_wconf 87' lang='lat' dir='ltr'><strong>infen-</strong></span> 
     </span>
    </p>
   </div>
   <div class='ocr_carea' id='block_1_35' title="bbox 225 2120 1825 2192">
    <p class='ocr_par' dir='ltr' id='par_1_35' title="bbox 225 2120 1825 2192">
     <span class='ocr_line' id='line_1_35' title="bbox 225 2120 1825 2192; baseline 0.001 -15"><span class='ocrx_word' id='word_1_267' title='bbox 225 2120 484 2188; x_wconf 84' lang='lat' dir='ltr'><strong>sissimis,</strong></span> <span class='ocrx_word' id='word_1_268' title='bbox 516 2120 682 2176; x_wconf 90' lang='lat' dir='ltr'><strong>Deum</strong></span> <span class='ocrx_word' id='word_1_269' title='bbox 714 2135 776 2175; x_wconf 90' lang='lat' dir='ltr'><strong>ea</strong></span> <span class='ocrx_word' id='word_1_270' title='bbox 807 2121 1189 2186; x_wconf 88' lang='lat' dir='ltr'><strong>revelaturum,</strong></span> <span class='ocrx_word' id='word_1_271' title='bbox 1220 2137 1340 2192; x_wconf 74' lang='lat' dir='ltr'><strong>qua:</strong></span> <span class='ocrx_word' id='word_1_272' title='bbox 1369 2136 1473 2176; x_wconf 92' lang='lat' dir='ltr'><strong>non</strong></span> <span class='ocrx_word' id='word_1_273' title='bbox 1496 2134 1677 2179; x_wconf 91' lang='lat' dir='ltr'><strong>essent</strong></span> <span class='ocrx_word' id='word_1_274' title='bbox 1700 2123 1825 2178; x_wconf 90' lang='lat' dir='ltr'><strong>illo-</strong></span> 
     </span>
    </p>
   </div>
   <div class='ocr_carea' id='block_1_36' title="bbox 226 2214 1822 2286">
    <p class='ocr_par' dir='ltr' id='par_1_36' title="bbox 226 2214 1822 2286">
     <span class='ocr_line' id='line_1_36' title="bbox 226 2214 1822 2286; baseline 0.004 -17"><span class='ocrx_word' id='word_1_275' title='bbox 226 2230 351 2271; x_wconf 87' lang='lat' dir='ltr'><strong>rum</strong></span> <span class='ocrx_word' id='word_1_276' title='bbox 384 2227 589 2270; x_wconf 74' lang='lat' dir='ltr'><strong>natura:</strong></span> <span class='ocrx_word' id='word_1_277' title='bbox 618 2214 799 2270; x_wconf 88' lang='lat' dir='ltr'><strong>debita</strong></span> <span class='ocrx_word' id='word_1_278' title='bbox 820 2258 834 2283; x_wconf 92' lang='lat'><strong>,</strong></span> <span class='ocrx_word' id='word_1_279' title='bbox 869 2231 968 2270; x_wconf 91' lang='lat' dir='ltr'><strong>nec</strong></span> <span class='ocrx_word' id='word_1_280' title='bbox 996 2225 1251 2285; x_wconf 88' lang='lat' dir='ltr'><strong>possent,</strong></span> <span class='ocrx_word' id='word_1_281' title='bbox 1287 2218 1387 2272; x_wconf 91' lang='lat' dir='ltr'><strong>nisi</strong></span> <span class='ocrx_word' id='word_1_282' title='bbox 1428 2233 1494 2273; x_wconf 90' lang='lat' dir='ltr'><strong>eo</strong></span> <span class='ocrx_word' id='word_1_283' title='bbox 1526 2219 1822 2286; x_wconf 87' lang='lat' dir='ltr'><strong>revelante,</strong></span> 
     </span>
    </p>
   </div>
   <div class='ocr_carea' id='block_1_37' title="bbox 221 2308 1825 2382">
    <p class='ocr_par' dir='ltr' id='par_1_37' title="bbox 221 2308 1825 2382">
     <span class='ocr_line' id='line_1_37' title="bbox 221 2308 1825 2382; baseline 0.004 -19"><span class='ocrx_word' id='word_1_284' title='bbox 221 2325 577 2382; x_wconf 80' lang='lat' dir='ltr'><strong>cognoscere.</strong></span> <span class='ocrx_word' id='word_1_285' title='bbox 613 2308 870 2381; x_wconf 85' lang='lat' dir='ltr'><strong>Sequitur</strong></span> <span class='ocrx_word' id='word_1_286' title='bbox 893 2326 1057 2382; x_wconf 85' lang='lat' dir='ltr'><strong>ergo,</strong></span> <span class='ocrx_word' id='word_1_287' title='bbox 1093 2321 1150 2365; x_wconf 92' lang='lat' dir='ltr'><strong>ut</strong></span> <span class='ocrx_word' id='word_1_288' title='bbox 1176 2315 1490 2382; x_wconf 88' lang='lat' dir='ltr'><strong>angelorum</strong></span> <span class='ocrx_word' id='word_1_289' title='bbox 1523 2313 1825 2369; x_wconf 89' lang='lat' dir='ltr'><strong>ministerio</strong></span> 
     </span>
    </p>
   </div>
   <div class='ocr_carea' id='block_1_38' title="bbox 225 2402 1824 2473">
    <p class='ocr_par' dir='ltr' id='par_1_38' title="bbox 225 2402 1824 2473">
     <span class='ocr_line' id='line_1_38' title="bbox 225 2402 1824 2473; baseline 0.003 -16"><span class='ocrx_word' id='word_1_290' title='bbox 225 2402 281 2457; x_wconf 90' lang='lat' dir='ltr'><strong>in</strong></span> <span class='ocrx_word' id='word_1_291' title='bbox 324 2402 658 2458; x_wconf 87' lang='lat' dir='ltr'><strong>revelatione</strong></span> <span class='ocrx_word' id='word_1_292' title='bbox 684 2402 996 2458; x_wconf 86' lang='lat' dir='ltr'><strong>hominibus</strong></span> <span class='ocrx_word' id='word_1_293' title='bbox 1028 2404 1392 2473; x_wconf 80' lang='lat' dir='ltr'><strong>patefacienda</strong></span> <span class='ocrx_word' id='word_1_294' title='bbox 1426 2415 1690 2471; x_wconf 88' lang='lat' dir='ltr'><strong>uteretur,</strong></span> <span class='ocrx_word' id='word_1_295' title='bbox 1722 2407 1824 2462; x_wconf 87' lang='lat' dir='ltr'><strong>nisi</strong></span> 
     </span>
    </p>
   </div>
   <div class='ocr_carea' id='block_1_39' title="bbox 221 2494 1821 2570">
    <p class='ocr_par' dir='ltr' id='par_1_39' title="bbox 221 2494 1821 2570">
     <span class='ocr_line' id='line_1_39' title="bbox 221 2494 1821 2570; baseline 0.004 -21"><span class='ocrx_word' id='word_1_296' title='bbox 221 2494 390 2550; x_wconf 88' lang='lat' dir='ltr'><strong>bonis</strong></span> <span class='ocrx_word' id='word_1_297' title='bbox 418 2503 598 2550; x_wconf 88' lang='lat' dir='ltr'><strong>tamen</strong></span> <span class='ocrx_word' id='word_1_298' title='bbox 630 2497 852 2551; x_wconf 87' lang='lat' dir='ltr'><strong>minime</strong></span> <span class='ocrx_word' id='word_1_299' title='bbox 895 2511 1141 2551; x_wconf 90' lang='lat' dir='ltr'><strong>usurum.</strong></span> <span class='ocrx_word' id='word_1_300' title='bbox 1171 2495 1281 2552; x_wconf 84' lang='lat' dir='ltr'><strong>Nec</strong></span> <span class='ocrx_word' id='word_1_301' title='bbox 1311 2499 1658 2553; x_wconf 89' lang='lat' dir='ltr'><strong>metuendum</strong></span> <span class='ocrx_word' id='word_1_302' title='bbox 1691 2501 1821 2570; x_wconf 88' lang='lat' dir='ltr'><strong>quin</strong></span> 
     </span>
    </p>
   </div>
   <div class='ocr_carea' id='block_1_40' title="bbox 220 2585 1824 2660">
    <p class='ocr_par' dir='ltr' id='par_1_40' title="bbox 220 2585 1824 2660">
     <span class='ocr_line' id='line_1_40' title="bbox 220 2585 1824 2660; baseline 0.005 -19"><span class='ocrx_word' id='word_1_303' title='bbox 220 2585 303 2641; x_wconf 86' lang='lat' dir='ltr'><strong>illi</strong></span> <span class='ocrx_word' id='word_1_304' title='bbox 359 2602 586 2642; x_wconf 87' lang='lat' dir='ltr'><strong>munere</strong></span> <span class='ocrx_word' id='word_1_305' title='bbox 639 2588 745 2642; x_wconf 86' lang='lat' dir='ltr'><strong>sibi</strong></span> <span class='ocrx_word' id='word_1_306' title='bbox 793 2588 1079 2643; x_wconf 88' lang='lat' dir='ltr'><strong>commisso</strong></span> <span class='ocrx_word' id='word_1_307' title='bbox 1108 2589 1519 2660; x_wconf 81' lang='lat' dir='ltr'><strong>diligentissime</strong></span> <span class='ocrx_word' id='word_1_308' title='bbox 1570 2591 1824 2649; x_wconf 87' lang='lat' dir='ltr'><strong>fidelissi-</strong></span> 
     </span>
    </p>
   </div>
   <div class='ocr_carea' id='block_1_41' title="bbox 216 2678 1823 2749">
    <p class='ocr_par' dir='ltr' id='par_1_41' title="bbox 216 2678 1823 2749">
     <span class='ocr_line' id='line_1_41' title="bbox 216 2678 1823 2749; baseline 0.005 -15"><span class='ocrx_word' id='word_1_309' title='bbox 216 2693 431 2749; x_wconf 86' lang='lat' dir='ltr'><strong>meque</strong></span> <span class='ocrx_word' id='word_1_310' title='bbox 482 2678 851 2749; x_wconf 89' lang='lat' dir='ltr'><strong>fungerentur.</strong></span> <span class='ocrx_word' id='word_1_311' title='bbox 900 2680 976 2736; x_wconf 85' lang='lat' dir='ltr'><strong>Ita</strong></span> <span class='ocrx_word' id='word_1_312' title='bbox 1025 2683 1313 2736; x_wconf 90' lang='lat' dir='ltr'><strong>constabat</strong></span> <span class='ocrx_word' id='word_1_313' title='bbox 1362 2697 1516 2738; x_wconf 85' lang='lat' dir='ltr'><strong>veras</strong></span> <span class='ocrx_word' id='word_1_314' title='bbox 1556 2683 1717 2742; x_wconf 87' lang='lat' dir='ltr'><strong>hasce</strong></span> <span class='ocrx_word' id='word_1_315' title='bbox 1756 2686 1823 2742; x_wconf 89' lang='lat' dir='ltr'><strong>de</strong></span> 
     </span>
    </p>
   </div>
   <div class='ocr_carea' id='block_1_42' title="bbox 220 2770 1823 2843">
    <p class='ocr_par' dir='ltr' id='par_1_42' title="bbox 220 2770 1823 2843">
     <span class='ocr_line' id='line_1_42' title="bbox 220 2770 1823 2843; baseline 0.006 -16"><span class='ocrx_word' id='word_1_316' title='bbox 220 2770 432 2827; x_wconf 77' lang='lat' dir='ltr'><strong>futuris</strong></span> <span class='ocrx_word' id='word_1_317' title='bbox 457 2773 894 2843; x_wconf 89' lang='lat' dir='ltr'><strong>contingentibus</strong></span> <span class='ocrx_word' id='word_1_318' title='bbox 936 2774 1297 2831; x_wconf 82' lang='lat' dir='ltr'><strong>revelationes</strong></span> <span class='ocrx_word' id='word_1_319' title='bbox 1336 2776 1440 2830; x_wconf 90' lang='lat' dir='ltr'><strong>nisi</strong></span> <span class='ocrx_word' id='word_1_320' title='bbox 1486 2792 1516 2831; x_wconf 92' lang='lat' dir='ltr'><strong>a</strong></span> <span class='ocrx_word' id='word_1_321' title='bbox 1552 2778 1661 2834; x_wconf 90' lang='lat' dir='ltr'><strong>Deo</strong></span> <span class='ocrx_word' id='word_1_322' title='bbox 1696 2794 1823 2836; x_wconf 90' lang='lat' dir='ltr'><strong>auc-</strong></span> 
     </span>
    </p>
   </div>
   <div class='ocr_carea' id='block_1_43' title="bbox 216 2871 834 2935">
    <p class='ocr_par' dir='ltr' id='par_1_43' title="bbox 216 2871 834 2935">
     <span class='ocr_line' id='line_1_43' title="bbox 216 2871 834 2935; baseline 0 -16"><span class='ocrx_word' id='word_1_323' title='bbox 216 2871 343 2919; x_wconf 84' lang='lat' dir='ltr'><strong>tore</strong></span> <span class='ocrx_word' id='word_1_324' title='bbox 367 2878 493 2919; x_wconf 87' lang='lat' dir='ltr'><strong>esse</strong></span> <span class='ocrx_word' id='word_1_325' title='bbox 522 2879 628 2919; x_wconf 85' lang='lat' dir='ltr'><strong>non</strong></span> <span class='ocrx_word' id='word_1_326' title='bbox 657 2880 834 2935; x_wconf 81' lang='lat' dir='ltr'><strong>posse.</strong></span> 
     </span>
    </p>
   </div>
   <div class='ocr_carea' id='block_1_44' title="bbox 294 2956 1822 3034">
    <p class='ocr_par' dir='ltr' id='par_1_44' title="bbox 294 2956 1822 3034">
     <span class='ocr_line' id='line_1_44' title="bbox 294 2956 1822 3034; baseline 0.007 -22"><span class='ocrx_word' id='word_1_327' title='bbox 294 2956 517 3029; x_wconf 53' lang='grc' dir='ltr'><strong>δελ-</strong></span> <span class='ocrx_word' id='word_1_328' title='bbox 530 2957 863 3029; x_wconf 86' lang='lat' dir='ltr'><strong>Quamquam</strong></span> <span class='ocrx_word' id='word_1_329' title='bbox 889 2971 1068 3016; x_wconf 89' lang='lat' dir='ltr'><strong>autem</strong></span> <span class='ocrx_word' id='word_1_330' title='bbox 1098 2961 1460 3033; x_wconf 83' lang='lat' dir='ltr'><strong>liypotlieseus</strong></span> <span class='ocrx_word' id='word_1_331' title='bbox 1482 2964 1698 3034; x_wconf 87' lang='lat' dir='ltr'><strong>veritas,</strong></span> <span class='ocrx_word' id='word_1_332' title='bbox 1727 2981 1822 3022; x_wconf 93' lang='lat' dir='ltr'><strong>cu-</strong></span> 
     </span>
    </p>
   </div>
   <div class='ocr_carea' id='block_1_45' title="bbox 210 3049 1821 3126">
    <p class='ocr_par' dir='ltr' id='par_1_45' title="bbox 210 3049 1821 3126">
     <span class='ocr_line' id='line_1_45' title="bbox 210 3049 1821 3126; baseline 0.007 -22"><span class='ocrx_word' id='word_1_333' title='bbox 210 3049 304 3121; x_wconf 92' lang='lat' dir='ltr'><strong>jus</strong></span> <span class='ocrx_word' id='word_1_334' title='bbox 348 3051 525 3120; x_wconf 86' lang='lat' dir='ltr'><strong>justas</strong></span> <span class='ocrx_word' id='word_1_335' title='bbox 555 3049 719 3106; x_wconf 89' lang='lat' dir='ltr'><strong>hasce</strong></span> <span class='ocrx_word' id='word_1_336' title='bbox 746 3051 981 3107; x_wconf 77' lang='lat' dir='ltr'><strong>diximus</strong></span> <span class='ocrx_word' id='word_1_337' title='bbox 1007 3068 1126 3109; x_wconf 90' lang='lat' dir='ltr'><strong>esse</strong></span> <span class='ocrx_word' id='word_1_338' title='bbox 1150 3064 1311 3126; x_wconf 86' lang='lat' dir='ltr'><strong>atque</strong></span> <span class='ocrx_word' id='word_1_339' title='bbox 1335 3055 1602 3126; x_wconf 84' lang='lat' dir='ltr'><strong>legitimas</strong></span> <span class='ocrx_word' id='word_1_340' title='bbox 1627 3073 1821 3115; x_wconf 85' lang='lat' dir='ltr'><strong>conse-</strong></span> 
     </span>
    </p>
   </div>
   <div class='ocr_carea' id='block_1_46' title="bbox 1934 1842 3526 1919">
    <p class='ocr_par' dir='ltr' id='par_1_46' title="bbox 1934 1842 3526 1919">
     <span class='ocr_line' id='line_1_46' title="bbox 1934 1842 3526 1919; baseline 0.007 -24"><span class='ocrx_word' id='word_1_341' title='bbox 1934 1842 2885 1911; x_wconf 88' lang='lat' dir='ltr'><strong>internoscerentur,characterem,</strong></span> <span class='ocrx_word' id='word_1_342' title='bbox 2942 1860 3044 1901; x_wconf 91' lang='lat' dir='ltr'><strong>nec</strong></span> <span class='ocrx_word' id='word_1_343' title='bbox 3092 1847 3227 1901; x_wconf 86' lang='lat' dir='ltr'><strong>alios</strong></span> <span class='ocrx_word' id='word_1_344' title='bbox 3280 1848 3526 1919; x_wconf 88' lang='lat' dir='ltr'><strong>proinde,</strong></span> 
     </span>
    </p>
   </div>
   <div class='ocr_carea' id='block_1_47' title="bbox 1930 1933 3530 2011">
    <p class='ocr_par' dir='ltr' id='par_1_47' title="bbox 1930 1933 3530 2011">
     <span class='ocr_line' id='line_1_47' title="bbox 1930 1933 3530 2011; baseline 0.006 -24"><span class='ocrx_word' id='word_1_345' title='bbox 1930 1942 1989 1987; x_wconf 92' lang='lat' dir='ltr'><strong>ut</strong></span> <span class='ocrx_word' id='word_1_346' title='bbox 2015 1948 2142 1988; x_wconf 89' lang='lat' dir='ltr'><strong>vera</strong></span> <span class='ocrx_word' id='word_1_347' title='bbox 2183 1933 2560 2001; x_wconf 89' lang='lat' dir='ltr'><strong>crederentur,</strong></span> <span class='ocrx_word' id='word_1_348' title='bbox 2594 1935 2923 2006; x_wconf 84' lang='lat' dir='ltr'><strong>obligabant.</strong></span> <span class='ocrx_word' id='word_1_349' title='bbox 2976 1936 3068 1992; x_wconf 89' lang='lat' dir='ltr'><strong>Sin</strong></span> <span class='ocrx_word' id='word_1_350' title='bbox 3127 1939 3323 2009; x_wconf 74' lang='lat' dir='ltr'><strong>aliquie</strong></span> <span class='ocrx_word' id='word_1_351' title='bbox 3380 1955 3530 2011; x_wconf 86' lang='lat' dir='ltr'><strong>pers-</strong></span> 
     </span>
    </p>
   </div>
   <div class='ocr_carea' id='block_1_48' title="bbox 1930 2026 3529 2105">
    <p class='ocr_par' dir='ltr' id='par_1_48' title="bbox 1930 2026 3529 2105">
     <span class='ocr_line' id='line_1_48' title="bbox 1930 2026 3529 2105; baseline 0.006 -25"><span class='ocrx_word' id='word_1_352' title='bbox 1930 2027 2144 2096; x_wconf 59' lang='lat' dir='ltr'><strong>picuae;</strong></span> <span class='ocrx_word' id='word_1_353' title='bbox 2186 2027 2297 2096; x_wconf 89' lang='lat' dir='ltr'><strong>jam</strong></span> <span class='ocrx_word' id='word_1_354' title='bbox 2342 2027 2497 2083; x_wconf 80' lang='lat' dir='ltr'><strong>facile</strong></span> <span class='ocrx_word' id='word_1_355' title='bbox 2530 2026 2793 2098; x_wconf 85' lang='lat' dir='ltr'><strong>judicium</strong></span> <span class='ocrx_word' id='word_1_356' title='bbox 2842 2039 2991 2097; x_wconf 88' lang='lat' dir='ltr'><strong>erat,</strong></span> <span class='ocrx_word' id='word_1_357' title='bbox 3041 2031 3109 2087; x_wconf 93' lang='lat' dir='ltr'><strong>de</strong></span> <span class='ocrx_word' id='word_1_358' title='bbox 3152 2032 3373 2103; x_wconf 89' lang='lat' dir='ltr'><strong>reliquis</strong></span> <span class='ocrx_word' id='word_1_359' title='bbox 3400 2034 3529 2105; x_wconf 91' lang='lat' dir='ltr'><strong>quid</strong></span> 
     </span>
    </p>
   </div>
   <div class='ocr_carea' id='block_1_49' title="bbox 1931 2120 3529 2198">
    <p class='ocr_par' dir='ltr' id='par_1_49' title="bbox 1931 2120 3529 2198">
     <span class='ocr_line' id='line_1_49' title="bbox 1931 2120 3529 2198; baseline 0.004 -22"><span class='ocrx_word' id='word_1_360' title='bbox 1931 2132 2078 2176; x_wconf 89' lang='lat' dir='ltr'><strong>esset</strong></span> <span class='ocrx_word' id='word_1_361' title='bbox 2105 2120 2471 2177; x_wconf 91' lang='lat' dir='ltr'><strong>statuendum.</strong></span> <span class='ocrx_word' id='word_1_362' title='bbox 2519 2123 2579 2177; x_wconf 86' lang='lat' dir='ltr'><strong>Si</strong></span> <span class='ocrx_word' id='word_1_363' title='bbox 2618 2132 2845 2178; x_wconf 88' lang='lat' dir='ltr'><strong>eventus</strong></span> <span class='ocrx_word' id='word_1_364' title='bbox 2888 2125 2975 2180; x_wconf 94' lang='lat' dir='ltr'><strong>vel</strong></span> <span class='ocrx_word' id='word_1_365' title='bbox 3027 2126 3188 2181; x_wconf 89' lang='lat' dir='ltr'><strong>unius</strong></span> <span class='ocrx_word' id='word_1_366' title='bbox 3232 2127 3529 2198; x_wconf 74' lang='lat' dir='ltr'><strong>perspicua:</strong></span> 
     </span>
    </p>
   </div>
   <div class='ocr_carea' id='block_1_50' title="bbox 1932 2214 3529 2290">
    <p class='ocr_par' dir='ltr' id='par_1_50' title="bbox 1932 2214 3529 2290">
     <span class='ocr_line' id='line_1_50' title="bbox 1932 2214 3529 2290; baseline 0.004 -20"><span class='ocrx_word' id='word_1_367' title='bbox 1932 2214 2240 2286; x_wconf 69' lang='lat' dir='ltr'><strong>prOphetire</strong></span> <span class='ocrx_word' id='word_1_368' title='bbox 2271 2231 2376 2270; x_wconf 91' lang='lat' dir='ltr'><strong>non</strong></span> <span class='ocrx_word' id='word_1_369' title='bbox 2405 2217 2807 2286; x_wconf 88' lang='lat' dir='ltr'><strong>respondisset;</strong></span> <span class='ocrx_word' id='word_1_370' title='bbox 2860 2218 3019 2288; x_wconf 78' lang='lat' dir='ltr'><strong>plane</strong></span> <span class='ocrx_word' id='word_1_371' title='bbox 3046 2220 3377 2290; x_wconf 82' lang='lat' dir='ltr'><strong>sequebatur</strong></span> <span class='ocrx_word' id='word_1_372' title='bbox 3428 2235 3529 2276; x_wconf 89' lang='lat' dir='ltr'><strong>nec</strong></span> 
     </span>
    </p>
   </div>
   <div class='ocr_carea' id='block_1_51' title="bbox 1932 2308 3527 2381">
    <p class='ocr_par' dir='ltr' id='par_1_51' title="bbox 1932 2308 3527 2381">
     <span class='ocr_line' id='line_1_51' title="bbox 1932 2308 3527 2381; baseline 0.004 -19"><span class='ocrx_word' id='word_1_373' title='bbox 1932 2308 2159 2377; x_wconf 87' lang='lat' dir='ltr'><strong>reliquis</strong></span> <span class='ocrx_word' id='word_1_374' title='bbox 2187 2323 2309 2364; x_wconf 89' lang='lat' dir='ltr'><strong>esse</strong></span> <span class='ocrx_word' id='word_1_375' title='bbox 2335 2309 2607 2364; x_wconf 87' lang='lat' dir='ltr'><strong>lidendum</strong></span> <span class='ocrx_word' id='word_1_376' title='bbox 2629 2350 2646 2375; x_wconf 96' lang='lat'><strong>,</strong></span> <span class='ocrx_word' id='word_1_377' title='bbox 2680 2311 2807 2379; x_wconf 92' lang='lat' dir='ltr'><strong>quin</strong></span> <span class='ocrx_word' id='word_1_378' title='bbox 2837 2312 3012 2381; x_wconf 87' lang='lat' dir='ltr'><strong>potius</strong></span> <span class='ocrx_word' id='word_1_379' title='bbox 3033 2312 3151 2368; x_wconf 92' lang='lat' dir='ltr'><strong>illas</strong></span> <span class='ocrx_word' id='word_1_380' title='bbox 3177 2313 3262 2369; x_wconf 91' lang='lat' dir='ltr'><strong>vel</strong></span> <span class='ocrx_word' id='word_1_381' title='bbox 3294 2314 3527 2369; x_wconf 86' lang='lat' dir='ltr'><strong>naturali</strong></span> 
     </span>
    </p>
   </div>
   <div class='ocr_carea' id='block_1_52' title="bbox 1928 2399 3526 2475">
    <p class='ocr_par' dir='ltr' id='par_1_52' title="bbox 1928 2399 3526 2475">
     <span class='ocr_line' id='line_1_52' title="bbox 1928 2399 3526 2475; baseline 0.004 -20"><span class='ocrx_word' id='word_1_382' title='bbox 1928 2399 2338 2469; x_wconf 90' lang='lat' dir='ltr'><strong>enthusiasmo,</strong></span> <span class='ocrx_word' id='word_1_383' title='bbox 2400 2402 2479 2457; x_wconf 83' lang='lat' dir='ltr'><strong>vel</strong></span> <span class='ocrx_word' id='word_1_384' title='bbox 2521 2402 2709 2470; x_wconf 88' lang='lat' dir='ltr'><strong>alteri,</strong></span> <span class='ocrx_word' id='word_1_385' title='bbox 2763 2403 2942 2473; x_wconf 87' lang='lat' dir='ltr'><strong>potius</strong></span> <span class='ocrx_word' id='word_1_386' title='bbox 2992 2404 3259 2459; x_wconf 90' lang='lat' dir='ltr'><strong>diabolico</strong></span> <span class='ocrx_word' id='word_1_387' title='bbox 3313 2405 3526 2475; x_wconf 83' lang='lat' dir='ltr'><strong>spiritui</strong></span> 
     </span>
    </p>
   </div>
   <div class='ocr_carea' id='block_1_53' title="bbox 1928 2493 3530 2569">
    <p class='ocr_par' dir='ltr' id='par_1_53' title="bbox 1928 2493 3530 2569">
     <span class='ocr_line' id='line_1_53' title="bbox 1928 2493 3530 2569; baseline 0.006 -23"><span class='ocrx_word' id='word_1_388' title='bbox 1928 2510 2087 2564; x_wconf 88' lang='lat' dir='ltr'><strong>quam</strong></span> <span class='ocrx_word' id='word_1_389' title='bbox 2130 2493 2312 2549; x_wconf 86' lang='lat' dir='ltr'><strong>divino</strong></span> <span class='ocrx_word' id='word_1_390' title='bbox 2357 2508 2478 2549; x_wconf 88' lang='lat' dir='ltr'><strong>esse</strong></span> <span class='ocrx_word' id='word_1_391' title='bbox 2527 2494 2863 2549; x_wconf 88' lang='lat' dir='ltr'><strong>tribuendas.</strong></span> <span class='ocrx_word' id='word_1_392' title='bbox 2919 2496 2990 2550; x_wconf 83' lang='lat' dir='ltr'><strong>lta</strong></span> <span class='ocrx_word' id='word_1_393' title='bbox 3046 2497 3354 2552; x_wconf 72' lang='lat' dir='ltr'><strong>Maximillm</strong></span> <span class='ocrx_word' id='word_1_394' title='bbox 3404 2513 3530 2569; x_wconf 86' lang='lat' dir='ltr'><strong>pro-</strong></span> 
     </span>
    </p>
   </div>
   <div class='ocr_carea' id='block_1_54' title="bbox 1927 2585 3526 2660">
    <p class='ocr_par' dir='ltr' id='par_1_54' title="bbox 1927 2585 3526 2660">
     <span class='ocr_line' id='line_1_54' title="bbox 1927 2585 3526 2660; baseline 0.003 -21"><span class='ocrx_word' id='word_1_395' title='bbox 1927 2585 2141 2656; x_wconf 84' lang='lat' dir='ltr'><strong>pltelias</strong></span> <span class='ocrx_word' id='word_1_396' title='bbox 2170 2601 2229 2640; x_wconf 90' lang='lat' dir='ltr'><strong>re</strong></span> <span class='ocrx_word' id='word_1_397' title='bbox 2254 2585 2369 2640; x_wconf 86' lang='lat' dir='ltr'><strong>ellil</strong></span> <span class='ocrx_word' id='word_1_398' title='bbox 2400 2586 2648 2642; x_wconf 76' lang='lat' dir='ltr'><strong>Asterius</strong></span> <span class='ocrx_word' id='word_1_399' title='bbox 2692 2586 2943 2643; x_wconf 82' lang='lat' dir='ltr'><strong>Urbanus</strong></span> <span class='ocrx_word' id='word_1_400' title='bbox 2981 2587 3109 2660; x_wconf 81' lang='lat' dir='ltr'><strong>(Ap.</strong></span> <span class='ocrx_word' id='word_1_401' title='bbox 3145 2589 3357 2657; x_wconf 43' lang='lat' dir='ltr'><strong>Euseb”</strong></span> <span class='ocrx_word' id='word_1_402' title='bbox 3387 2588 3526 2645; x_wconf 77' lang='lat' dir='ltr'><strong>Hist.</strong></span> 
     </span>
    </p>
   </div>
   <div class='ocr_carea' id='block_1_55' title="bbox 1925 2676 3530 2755">
    <p class='ocr_par' dir='ltr' id='par_1_55' title="bbox 1925 2676 3530 2755">
     <span class='ocr_line' id='line_1_55' title="bbox 1925 2676 3530 2755; baseline 0.005 -25"><span class='ocrx_word' id='word_1_403' title='bbox 1925 2677 2076 2740; x_wconf 72' lang='grc' dir='ltr'><strong>εστι..</strong></span> <span class='ocrx_word' id='word_1_404' title='bbox 2113 2691 2169 2743; x_wconf 88' lang='lat' dir='ltr'><strong>v,</strong></span> <span class='ocrx_word' id='word_1_405' title='bbox 2204 2676 2316 2747; x_wconf 83' lang='grc'><strong>16).</strong></span> <span class='ocrx_word' id='word_1_406' title='bbox 2360 2677 2695 2733; x_wconf 68' lang='lat' dir='ltr'><strong>Prmdixerat</strong></span> <span class='ocrx_word' id='word_1_407' title='bbox 2741 2679 2831 2733; x_wconf 89' lang='lat' dir='ltr'><strong>illa</strong></span> <span class='ocrx_word' id='word_1_408' title='bbox 2864 2678 3148 2735; x_wconf 87' lang='lat' dir='ltr'><strong>imminere</strong></span> <span class='ocrx_word' id='word_1_409' title='bbox 3193 2683 3446 2755; x_wconf 79' lang='grc' dir='ltr'><strong>πολέμους</strong></span> <span class='ocrx_word' id='word_1_410' title='bbox 3475 2691 3530 2738; x_wconf 90' lang='lat' dir='ltr'><strong>et</strong></span> 
     </span>
    </p>
   </div>
   <div class='ocr_carea' id='block_1_56' title="bbox 1926 2773 3527 2843">
    <p class='ocr_par' dir='ltr' id='par_1_56' title="bbox 1926 2773 3527 2843">
     <span class='ocr_line' id='line_1_56' title="bbox 1926 2773 3527 2843; baseline 0.003 -17"><span class='ocrx_word' id='word_1_411' title='bbox 1926 2773 2345 2838; x_wconf 76' lang='grc' dir='ltr'><strong>ἀκαταστασίας,</strong></span> <span class='ocrx_word' id='word_1_412' title='bbox 2398 2785 2520 2826; x_wconf 93' lang='lat' dir='ltr'><strong>cum</strong></span> <span class='ocrx_word' id='word_1_413' title='bbox 2547 2782 2724 2828; x_wconf 89' lang='lat' dir='ltr'><strong>tamen</strong></span> <span class='ocrx_word' id='word_1_414' title='bbox 2752 2781 2873 2843; x_wconf 89' lang='lat' dir='ltr'><strong>post</strong></span> <span class='ocrx_word' id='word_1_415' title='bbox 2899 2788 3099 2828; x_wconf 89' lang='lat' dir='ltr'><strong>annum</strong></span> <span class='ocrx_word' id='word_1_416' title='bbox 3159 2776 3374 2829; x_wconf 89' lang='lat' dir='ltr'><strong>tertium</strong></span> <span class='ocrx_word' id='word_1_417' title='bbox 3430 2776 3527 2831; x_wconf 88' lang='lat' dir='ltr'><strong>dc-</strong></span> 
     </span>
    </p>
   </div>
   <div class='ocr_carea' id='block_1_57' title="bbox 1924 2864 3527 2936">
    <p class='ocr_par' dir='ltr' id='par_1_57' title="bbox 1924 2864 3527 2936">
     <span class='ocr_line' id='line_1_57' title="bbox 1924 2864 3527 2936; baseline 0.003 -18"><span class='ocrx_word' id='word_1_418' title='bbox 1924 2864 2125 2919; x_wconf 91' lang='lat' dir='ltr'><strong>cimum</strong></span> <span class='ocrx_word' id='word_1_419' title='bbox 2177 2864 2288 2935; x_wconf 92' lang='lat' dir='ltr'><strong>jam</strong></span> <span class='ocrx_word' id='word_1_420' title='bbox 2345 2866 2622 2935; x_wconf 86' lang='lat' dir='ltr'><strong>elapsum,</strong></span> <span class='ocrx_word' id='word_1_421' title='bbox 2670 2881 2770 2921; x_wconf 91' lang='lat' dir='ltr'><strong>nec</strong></span> <span class='ocrx_word' id='word_1_422' title='bbox 2829 2867 3153 2936; x_wconf 87' lang='lat' dir='ltr'><strong>particulare</strong></span> <span class='ocrx_word' id='word_1_423' title='bbox 3207 2867 3405 2923; x_wconf 90' lang='lat' dir='ltr'><strong>bellum</strong></span> <span class='ocrx_word' id='word_1_424' title='bbox 3433 2876 3527 2924; x_wconf 89' lang='lat' dir='ltr'><strong>aut</strong></span> 
     </span>
    </p>
   </div>
   <div class='ocr_carea' id='block_1_58' title="bbox 1925 2958 3523 3031">
    <p class='ocr_par' dir='ltr' id='par_1_58' title="bbox 1925 2958 3523 3031">
     <span class='ocr_line' id='line_1_58' title="bbox 1925 2958 3523 3031; baseline 0.002 -18"><span class='ocrx_word' id='word_1_425' title='bbox 1925 2958 2228 3014; x_wconf 87' lang='lat' dir='ltr'><strong>universale</strong></span> <span class='ocrx_word' id='word_1_426' title='bbox 2278 2959 2329 3013; x_wconf 91' lang='lat' dir='ltr'><strong>in</strong></span> <span class='ocrx_word' id='word_1_427' title='bbox 2361 2961 2519 3016; x_wconf 89' lang='lat' dir='ltr'><strong>terris</strong></span> <span class='ocrx_word' id='word_1_428' title='bbox 2566 2958 2785 3025; x_wconf 88' lang='lat' dir='ltr'><strong>fuisset,</strong></span> <span class='ocrx_word' id='word_1_429' title='bbox 2832 2959 3148 3015; x_wconf 63' lang='lat' dir='ltr'><strong>christianis</strong></span> <span class='ocrx_word' id='word_1_430' title='bbox 3202 2962 3365 3017; x_wconf 88' lang='lat' dir='ltr'><strong>etiam</strong></span> <span class='ocrx_word' id='word_1_431' title='bbox 3423 2977 3523 3031; x_wconf 78' lang='lat' dir='ltr'><strong>pax</strong></span> 
     </span>
    </p>
   </div>
   <div class='ocr_carea' id='block_1_59' title="bbox 1926 3051 3524 3124">
    <p class='ocr_par' dir='ltr' id='par_1_59' title="bbox 1926 3051 3524 3124">
     <span class='ocr_line' id='line_1_59' title="bbox 1926 3051 3524 3124; baseline 0 -16"><span class='ocrx_word' id='word_1_432' title='bbox 1926 3053 2078 3108; x_wconf 90' lang='lat' dir='ltr'><strong>firma</strong></span> <span class='ocrx_word' id='word_1_433' title='bbox 2109 3052 2424 3124; x_wconf 83' lang='lat' dir='ltr'><strong>stabilisque</strong></span> <span class='ocrx_word' id='word_1_434' title='bbox 2452 3054 2857 3122; x_wconf 86' lang='lat' dir='ltr'><strong>permansisset.</strong></span> <span class='ocrx_word' id='word_1_435' title='bbox 2887 3051 3017 3108; x_wconf 89' lang='lat' dir='ltr'><strong>Inde</strong></span> <span class='ocrx_word' id='word_1_436' title='bbox 3043 3052 3322 3107; x_wconf 91' lang='lat' dir='ltr'><strong>concludit</strong></span> <span class='ocrx_word' id='word_1_437' title='bbox 3361 3052 3524 3109; x_wconf 88' lang='lat' dir='ltr'><strong>fidem</strong></span> 
     </span>
    </p>
   </div>
   <div class='ocr_carea' id='block_1_60' title="bbox 213 3144 3515 3223">
    <p class='ocr_par' dir='ltr' id='par_1_60' title="bbox 213 3144 3515 3223">
     <span class='ocr_line' id='line_1_60' title="bbox 213 3144 3515 3223; baseline 0 -24"><span class='ocrx_word' id='word_1_438' title='bbox 213 3146 490 3215; x_wconf 84' lang='lat' dir='ltr'><strong>quentias,</strong></span> <span class='ocrx_word' id='word_1_439' title='bbox 523 3160 591 3200; x_wconf 81' lang='lat' dir='ltr'><strong>ex</strong></span> <span class='ocrx_word' id='word_1_440' title='bbox 620 3146 932 3202; x_wconf 89' lang='lat' dir='ltr'><strong>docentium</strong></span> <span class='ocrx_word' id='word_1_441' title='bbox 959 3149 1279 3203; x_wconf 89' lang='lat' dir='ltr'><strong>auctoritate</strong></span> <span class='ocrx_word' id='word_1_442' title='bbox 1312 3149 1534 3219; x_wconf 88' lang='lat' dir='ltr'><strong>probata</strong></span> <span class='ocrx_word' id='word_1_443' title='bbox 1561 3160 1663 3218; x_wconf 89' lang='lat' dir='ltr'><strong>est,</strong></span> <span class='ocrx_word' id='word_1_444' title='bbox 1696 3168 1817 3223; x_wconf 68' lang='lat' dir='ltr'><strong>qua:</strong></span> <span class='ocrx_word' id='word_1_445' title='bbox 1842 3150 1888 3212; x_wconf 88' lang='lat' dir='ltr'>C</span> <span class='ocrx_word' id='word_1_446' title='bbox 1921 3149 1968 3204; x_wconf 92' lang='lat' dir='ltr'><strong>ei</strong></span> <span class='ocrx_word' id='word_1_447' title='bbox 1993 3163 2207 3202; x_wconf 90' lang='lat' dir='ltr'><strong>onmem</strong></span> <span class='ocrx_word' id='word_1_448' title='bbox 2237 3161 2357 3201; x_wconf 92' lang='lat' dir='ltr'><strong>esse</strong></span> <span class='ocrx_word' id='word_1_449' title='bbox 2387 3145 2775 3216; x_wconf 75' lang='lat' dir='ltr'><strong>derogandum.</strong></span> <span class='ocrx_word' id='word_1_450' title='bbox 2803 3144 2958 3211; x_wconf 81' lang='lat' dir='ltr'><strong>Quod</strong></span> <span class='ocrx_word' id='word_1_451' title='bbox 2984 3146 3030 3200; x_wconf 91' lang='lat' dir='ltr'><strong>si</strong></span> <span class='ocrx_word' id='word_1_452' title='bbox 3056 3146 3366 3200; x_wconf 87' lang='lat' dir='ltr'><strong>evenissent</strong></span> <span class='ocrx_word' id='word_1_453' title='bbox 3392 3160 3515 3216; x_wconf 74' lang='lat' dir='ltr'><strong>qua:</strong></span> 
     </span>
    </p>
   </div>
   <div class='ocr_carea' id='block_1_61' title="bbox 215 3236 1815 3311">
    <p class='ocr_par' dir='ltr' id='par_1_61' title="bbox 215 3236 1815 3311">
     <span class='ocr_line' id='line_1_61' title="bbox 215 3236 1815 3311; baseline 0.004 -16"><span class='ocrx_word' id='word_1_454' title='bbox 215 3248 275 3295; x_wconf 84' lang='lat' dir='ltr'><strong>et</strong></span> <span class='ocrx_word' id='word_1_455' title='bbox 309 3240 426 3311; x_wconf 84' lang='lat' dir='ltr'><strong>ipsa</strong></span> <span class='ocrx_word' id='word_1_456' title='bbox 448 3241 568 3294; x_wconf 91' lang='lat' dir='ltr'><strong>aliis</strong></span> <span class='ocrx_word' id='word_1_457' title='bbox 594 3250 712 3295; x_wconf 88' lang='lat' dir='ltr'><strong>erat</strong></span> <span class='ocrx_word' id='word_1_458' title='bbox 736 3241 1011 3296; x_wconf 90' lang='lat' dir='ltr'><strong>miraculis</strong></span> <span class='ocrx_word' id='word_1_459' title='bbox 1041 3236 1449 3308; x_wconf 84' lang='lat' dir='ltr'><strong>commendata;</strong></span> <span class='ocrx_word' id='word_1_460' title='bbox 1484 3244 1609 3299; x_wconf 81' lang='lat' dir='ltr'><strong>facit</strong></span> <span class='ocrx_word' id='word_1_461' title='bbox 1640 3254 1815 3301; x_wconf 85' lang='lat' dir='ltr'><strong>tamen</strong></span> 
     </span>
    </p>
   </div>
   <div class='ocr_carea' id='block_1_62' title="bbox 215 3332 1818 3407">
    <p class='ocr_par' dir='ltr' id='par_1_62' title="bbox 215 3332 1818 3407">
     <span class='ocr_line' id='line_1_62' title="bbox 215 3332 1818 3407; baseline 0.006 -20"><span class='ocrx_word' id='word_1_462' title='bbox 215 3332 472 3389; x_wconf 85' lang='lat' dir='ltr'><strong>nonnihil</strong></span> <span class='ocrx_word' id='word_1_463' title='bbox 499 3333 568 3389; x_wconf 86' lang='lat' dir='ltr'><strong>ad</strong></span> <span class='ocrx_word' id='word_1_464' title='bbox 609 3336 1013 3405; x_wconf 68' lang='lat' dir='ltr'><strong>praemissarum</strong></span> <span class='ocrx_word' id='word_1_465' title='bbox 1044 3351 1258 3407; x_wconf 91' lang='lat' dir='ltr'><strong>quoque</strong></span> <span class='ocrx_word' id='word_1_466' title='bbox 1285 3337 1563 3393; x_wconf 84' lang='lat' dir='ltr'><strong>veritatem</strong></span> <span class='ocrx_word' id='word_1_467' title='bbox 1584 3380 1597 3403; x_wconf 92' lang='lat'><strong>,</strong></span> <span class='ocrx_word' id='word_1_468' title='bbox 1627 3354 1818 3395; x_wconf 88' lang='lat' dir='ltr'><strong>conse-</strong></span> 
     </span>
    </p>
   </div>
   <div class='ocr_carea' id='block_1_63' title="bbox 218 3426 1816 3503">
    <p class='ocr_par' dir='ltr' id='par_1_63' title="bbox 218 3426 1816 3503">
     <span class='ocr_line' id='line_1_63' title="bbox 218 3426 1816 3503; baseline 0.005 -24"><span class='ocrx_word' id='word_1_469' title='bbox 218 3426 568 3497; x_wconf 85' lang='lat' dir='ltr'><strong>quentiarum</strong></span> <span class='ocrx_word' id='word_1_470' title='bbox 594 3443 814 3499; x_wconf 89' lang='lat' dir='ltr'><strong>quoque</strong></span> <span class='ocrx_word' id='word_1_471' title='bbox 858 3429 971 3499; x_wconf 89' lang='lat' dir='ltr'><strong>ipsa</strong></span> <span class='ocrx_word' id='word_1_472' title='bbox 1008 3429 1393 3499; x_wconf 84' lang='lat' dir='ltr'><strong>probabilitas,</strong></span> <span class='ocrx_word' id='word_1_473' title='bbox 1428 3440 1644 3500; x_wconf 87' lang='lat' dir='ltr'><strong>tamque</strong></span> <span class='ocrx_word' id='word_1_474' title='bbox 1693 3442 1816 3503; x_wconf 87' lang='lat' dir='ltr'><strong>apta</strong></span> 
     </span>
    </p>
   </div>
   <div class='ocr_carea' id='block_1_64' title="bbox 211 3520 1814 3598">
    <p class='ocr_par' dir='ltr' id='par_1_64' title="bbox 211 3520 1814 3598">
     <span class='ocr_line' id='line_1_64' title="bbox 211 3520 1814 3598; baseline 0.005 -23"><span class='ocrx_word' id='word_1_475' title='bbox 211 3520 363 3577; x_wconf 87' lang='lat' dir='ltr'><strong>inter</strong></span> <span class='ocrx_word' id='word_1_476' title='bbox 389 3537 450 3577; x_wconf 89' lang='lat' dir='ltr'><strong>se</strong></span> <span class='ocrx_word' id='word_1_477' title='bbox 469 3531 523 3577; x_wconf 91' lang='lat' dir='ltr'><strong>et</strong></span> <span class='ocrx_word' id='word_1_478' title='bbox 547 3537 668 3578; x_wconf 86' lang='lat' dir='ltr'><strong>cuin</strong></span> <span class='ocrx_word' id='word_1_479' title='bbox 698 3522 1067 3594; x_wconf 71' lang='lat' dir='ltr'><strong>pbzeuomenis</strong></span> <span class='ocrx_word' id='word_1_480' title='bbox 1092 3526 1375 3581; x_wconf 81' lang='lat' dir='ltr'><strong>connexio.</strong></span> <span class='ocrx_word' id='word_1_481' title='bbox 1396 3525 1526 3580; x_wconf 85' lang='lat' dir='ltr'><strong>Nam</strong></span> <span class='ocrx_word' id='word_1_482' title='bbox 1548 3526 1600 3581; x_wconf 90' lang='lat' dir='ltr'><strong>in</strong></span> <span class='ocrx_word' id='word_1_483' title='bbox 1624 3527 1814 3598; x_wconf 87' lang='lat' dir='ltr'><strong>lmjus-</strong></span> 
     </span>
    </p>
   </div>
   <div class='ocr_carea' id='block_1_65' title="bbox 210 3615 1817 3690">
    <p class='ocr_par' dir='ltr' id='par_1_65' title="bbox 210 3615 1817 3690">
     <span class='ocr_line' id='line_1_65' title="bbox 210 3615 1817 3690; baseline 0.001 -16"><span class='ocrx_word' id='word_1_484' title='bbox 210 3615 369 3674; x_wconf 85' lang='lat' dir='ltr'><strong>modi</strong></span> <span class='ocrx_word' id='word_1_485' title='bbox 418 3618 591 3672; x_wconf 82' lang='lat' dir='ltr'><strong>causis</strong></span> <span class='ocrx_word' id='word_1_486' title='bbox 640 3633 776 3689; x_wconf 89' lang='lat' dir='ltr'><strong>quas</strong></span> <span class='ocrx_word' id='word_1_487' title='bbox 805 3618 949 3690; x_wconf 91' lang='lat' dir='ltr'><strong>ipsas</strong></span> <span class='ocrx_word' id='word_1_488' title='bbox 991 3618 1133 3673; x_wconf 89' lang='lat' dir='ltr'><strong>nulla</strong></span> <span class='ocrx_word' id='word_1_489' title='bbox 1167 3629 1350 3674; x_wconf 87' lang='lat' dir='ltr'><strong>nostra</strong></span> <span class='ocrx_word' id='word_1_490' title='bbox 1377 3637 1404 3673; x_wconf 89' lang='lat' dir='ltr'><strong>a</strong></span> <span class='ocrx_word' id='word_1_491' title='bbox 1451 3621 1614 3690; x_wconf 90' lang='lat' dir='ltr'><strong>priori</strong></span> <span class='ocrx_word' id='word_1_492' title='bbox 1646 3621 1817 3676; x_wconf 84' lang='lat' dir='ltr'><strong>ratio-</strong></span> 
     </span>
    </p>
   </div>
   <div class='ocr_carea' id='block_1_66' title="bbox 209 3710 1817 3782">
    <p class='ocr_par' dir='ltr' id='par_1_66' title="bbox 209 3710 1817 3782">
     <span class='ocr_line' id='line_1_66' title="bbox 209 3710 1817 3782; baseline 0.001 -14"><span class='ocrx_word' id='word_1_493' title='bbox 209 3710 425 3768; x_wconf 85' lang='lat' dir='ltr'><strong>cinatio</strong></span> <span class='ocrx_word' id='word_1_494' title='bbox 450 3712 692 3782; x_wconf 78' lang='lat' dir='ltr'><strong>attingit,</strong></span> <span class='ocrx_word' id='word_1_495' title='bbox 733 3711 785 3767; x_wconf 86' lang='lat' dir='ltr'><strong>id</strong></span> <span class='ocrx_word' id='word_1_496' title='bbox 815 3728 980 3766; x_wconf 85' lang='lat' dir='ltr'><strong>unum</strong></span> <span class='ocrx_word' id='word_1_497' title='bbox 1026 3713 1243 3767; x_wconf 86' lang='lat' dir='ltr'><strong>student</strong></span> <span class='ocrx_word' id='word_1_498' title='bbox 1275 3713 1554 3780; x_wconf 85' lang='lat' dir='ltr'><strong>homines,</strong></span> <span class='ocrx_word' id='word_1_499' title='bbox 1608 3722 1667 3768; x_wconf 84' lang='lat' dir='ltr'><strong>ut</strong></span> <span class='ocrx_word' id='word_1_500' title='bbox 1713 3714 1817 3769; x_wconf 86' lang='lat' dir='ltr'><strong>sibi</strong></span> 
     </span>
    </p>
   </div>
   <div class='ocr_carea' id='block_1_67' title="bbox 208 3804 1817 3879">
    <p class='ocr_par' dir='ltr' id='par_1_67' title="bbox 208 3804 1817 3879">
     <span class='ocr_line' id='line_1_67' title="bbox 208 3804 1817 3879; baseline 0.001 -19"><span class='ocrx_word' id='word_1_501' title='bbox 208 3804 507 3879; x_wconf 84' lang='lat' dir='ltr'><strong>quamdam</strong></span> <span class='ocrx_word' id='word_1_502' title='bbox 552 3805 756 3876; x_wconf 82' lang='lat' dir='ltr'><strong>fingant</strong></span> <span class='ocrx_word' id='word_1_503' title='bbox 784 3805 1109 3877; x_wconf 86' lang='lat' dir='ltr'><strong>hypotbesin</strong></span> <span class='ocrx_word' id='word_1_504' title='bbox 1140 3820 1259 3876; x_wconf 75' lang='lat' dir='ltr'><strong>qua:</strong></span> <span class='ocrx_word' id='word_1_505' title='bbox 1285 3819 1406 3860; x_wconf 91' lang='lat' dir='ltr'><strong>cum</strong></span> <span class='ocrx_word' id='word_1_506' title='bbox 1446 3807 1817 3876; x_wconf 79' lang='lat' dir='ltr'><strong>plnenomcnis</strong></span> 
     </span>
    </p>
   </div>
   <div class='ocr_carea' id='block_1_68' title="bbox 208 3899 1814 3970">
    <p class='ocr_par' dir='ltr' id='par_1_68' title="bbox 208 3899 1814 3970">
     <span class='ocr_line' id='line_1_68' title="bbox 208 3899 1814 3970; baseline 0 -16"><span class='ocrx_word' id='word_1_507' title='bbox 208 3908 346 3970; x_wconf 82' lang='lat' dir='ltr'><strong>apte</strong></span> <span class='ocrx_word' id='word_1_508' title='bbox 374 3900 682 3963; x_wconf 84' lang='lat' dir='ltr'><strong>conveniat,</strong></span> <span class='ocrx_word' id='word_1_509' title='bbox 708 3913 806 3955; x_wconf 87' lang='lat' dir='ltr'><strong>nec</strong></span> <span class='ocrx_word' id='word_1_510' title='bbox 827 3900 987 3954; x_wconf 89' lang='lat' dir='ltr'><strong>aliam</strong></span> <span class='ocrx_word' id='word_1_511' title='bbox 1005 3908 1253 3968; x_wconf 75' lang='lat' dir='ltr'><strong>quaerunt</strong></span> <span class='ocrx_word' id='word_1_512' title='bbox 1274 3899 1392 3969; x_wconf 85' lang='lat' dir='ltr'><strong>ejus</strong></span> <span class='ocrx_word' id='word_1_513' title='bbox 1422 3899 1814 3969; x_wconf 85' lang='lat' dir='ltr'><strong>probationem,</strong></span> 
     </span>
    </p>
   </div>
   <div class='ocr_carea' id='block_1_69' title="bbox 208 3991 1815 4066">
    <p class='ocr_par' dir='ltr' id='par_1_69' title="bbox 208 3991 1815 4066">
     <span class='ocr_line' id='line_1_69' title="bbox 208 3991 1815 4066; baseline 0.001 -19"><span class='ocrx_word' id='word_1_514' title='bbox 208 4008 381 4066; x_wconf 86' lang='lat' dir='ltr'><strong>quam</strong></span> <span class='ocrx_word' id='word_1_515' title='bbox 412 4003 590 4062; x_wconf 89' lang='lat' dir='ltr'><strong>aptam</strong></span> <span class='ocrx_word' id='word_1_516' title='bbox 627 3992 772 4047; x_wconf 86' lang='lat' dir='ltr'><strong>illam</strong></span> <span class='ocrx_word' id='word_1_517' title='bbox 804 4008 926 4047; x_wconf 90' lang='lat' dir='ltr'><strong>cum</strong></span> <span class='ocrx_word' id='word_1_518' title='bbox 957 3991 1329 4061; x_wconf 67' lang='lat' dir='ltr'><strong>phzenumenis</strong></span> <span class='ocrx_word' id='word_1_519' title='bbox 1357 3994 1815 4062; x_wconf 84' lang='lat' dir='ltr'><strong>convenientiam,</strong></span> 
     </span>
    </p>
   </div>
   <div class='ocr_carea' id='block_1_70' title="bbox 207 4086 1817 4158">
    <p class='ocr_par' dir='ltr' id='par_1_70' title="bbox 207 4086 1817 4158">
     <span class='ocr_line' id='line_1_70' title="bbox 207 4086 1817 4158; baseline -0.001 -15"><span class='ocrx_word' id='word_1_520' title='bbox 207 4100 455 4157; x_wconf 85' lang='lat' dir='ltr'><strong>eamque</strong></span> <span class='ocrx_word' id='word_1_521' title='bbox 499 4087 760 4141; x_wconf 88' lang='lat' dir='ltr'><strong>veriorem</strong></span> <span class='ocrx_word' id='word_1_522' title='bbox 784 4086 1025 4155; x_wconf 87' lang='lat' dir='ltr'><strong>judicant</strong></span> <span class='ocrx_word' id='word_1_523' title='bbox 1057 4102 1176 4158; x_wconf 77' lang='lat' dir='ltr'><strong>qua:</strong></span> <span class='ocrx_word' id='word_1_524' title='bbox 1225 4086 1599 4157; x_wconf 61' lang='lat' dir='ltr'><strong>phaznomenis</strong></span> <span class='ocrx_word' id='word_1_525' title='bbox 1651 4087 1817 4156; x_wconf 85' lang='lat' dir='ltr'><strong>pluri-</strong></span> 
     </span>
    </p>
   </div>
   <div class='ocr_carea' id='block_1_71' title="bbox 205 4177 1818 4250">
    <p class='ocr_par' dir='ltr' id='par_1_71' title="bbox 205 4177 1818 4250">
     <span class='ocr_line' id='line_1_71' title="bbox 205 4177 1818 4250; baseline 0.001 -16"><span class='ocrx_word' id='word_1_526' title='bbox 205 4179 316 4234; x_wconf 88' lang='lat' dir='ltr'><strong>bus</strong></span> <span class='ocrx_word' id='word_1_527' title='bbox 361 4178 650 4249; x_wconf 87' lang='lat' dir='ltr'><strong>aptiusque</strong></span> <span class='ocrx_word' id='word_1_528' title='bbox 674 4177 987 4250; x_wconf 75' lang='lat' dir='ltr'><strong>l’CSpOlldel.</strong></span> <span class='ocrx_word' id='word_1_529' title='bbox 1042 4178 1118 4232; x_wconf 88' lang='lat' dir='ltr'><strong>Ita</strong></span> <span class='ocrx_word' id='word_1_530' title='bbox 1166 4178 1407 4246; x_wconf 88' lang='lat' dir='ltr'><strong>judicant</strong></span> <span class='ocrx_word' id='word_1_531' title='bbox 1462 4178 1531 4234; x_wconf 88' lang='lat' dir='ltr'><strong>de</strong></span> <span class='ocrx_word' id='word_1_532' title='bbox 1582 4179 1818 4235; x_wconf 86' lang='lat' dir='ltr'><strong>motibus</strong></span> 
     </span>
    </p>
   </div>
   <div class='ocr_carea' id='block_1_72' title="bbox 204 4270 1816 4341">
    <p class='ocr_par' dir='ltr' id='par_1_72' title="bbox 204 4270 1816 4341">
     <span class='ocr_line' id='line_1_72' title="bbox 204 4270 1816 4341; baseline -0.001 -16"><span class='ocrx_word' id='word_1_533' title='bbox 204 4272 434 4327; x_wconf 89' lang='lat' dir='ltr'><strong>orbium</strong></span> <span class='ocrx_word' id='word_1_534' title='bbox 470 4270 795 4336; x_wconf 66' lang='lat' dir='ltr'><strong>celestium,</strong></span> <span class='ocrx_word' id='word_1_535' title='bbox 849 4270 1076 4325; x_wconf 86' lang='lat' dir='ltr'><strong>marium</strong></span> <span class='ocrx_word' id='word_1_536' title='bbox 1100 4313 1113 4335; x_wconf 95' lang='lat'><strong>,</strong></span> <span class='ocrx_word' id='word_1_537' title='bbox 1145 4280 1573 4341; x_wconf 88' lang='lat' dir='ltr'><strong>ventorumque:</strong></span> <span class='ocrx_word' id='word_1_538' title='bbox 1602 4271 1670 4327; x_wconf 88' lang='lat' dir='ltr'><strong>de</strong></span> <span class='ocrx_word' id='word_1_539' title='bbox 1700 4287 1816 4326; x_wconf 82' lang='lat' dir='ltr'><strong>ma-</strong></span> 
     </span>
    </p>
   </div>
   <div class='ocr_carea' id='block_1_73' title="bbox 203 4362 1821 4438">
    <p class='ocr_par' dir='ltr' id='par_1_73' title="bbox 203 4362 1821 4438">
     <span class='ocr_line' id='line_1_73' title="bbox 203 4362 1821 4438; baseline 0.001 -19"><span class='ocrx_word' id='word_1_540' title='bbox 203 4364 394 4438; x_wconf 88' lang='lat' dir='ltr'><strong>gnetis</strong></span> <span class='ocrx_word' id='word_1_541' title='bbox 451 4373 643 4418; x_wconf 89' lang='lat' dir='ltr'><strong>natura</strong></span> <span class='ocrx_word' id='word_1_542' title='bbox 699 4364 1034 4434; x_wconf 90' lang='lat' dir='ltr'><strong>aliorumque</strong></span> <span class='ocrx_word' id='word_1_543' title='bbox 1090 4362 1141 4418; x_wconf 90' lang='lat' dir='ltr'><strong>id</strong></span> <span class='ocrx_word' id='word_1_544' title='bbox 1191 4377 1361 4434; x_wconf 91' lang='lat' dir='ltr'><strong>genus</strong></span> <span class='ocrx_word' id='word_1_545' title='bbox 1415 4364 1676 4418; x_wconf 89' lang='lat' dir='ltr'><strong>omnium.</strong></span> <span class='ocrx_word' id='word_1_546' title='bbox 1710 4363 1821 4421; x_wconf 87' lang='lat' dir='ltr'><strong>Nec</strong></span> 
     </span>
    </p>
   </div>
   <div class='ocr_carea' id='block_1_74' title="bbox 208 4458 1817 4529">
    <p class='ocr_par' dir='ltr' id='par_1_74' title="bbox 208 4458 1817 4529">
     <span class='ocr_line' id='line_1_74' title="bbox 208 4458 1817 4529; baseline -0.001 -14"><span class='ocrx_word' id='word_1_547' title='bbox 208 4469 405 4515; x_wconf 84' lang='lat' dir='ltr'><strong>tamen</strong></span> <span class='ocrx_word' id='word_1_548' title='bbox 438 4459 617 4513; x_wconf 88' lang='lat' dir='ltr'><strong>minus</strong></span> <span class='ocrx_word' id='word_1_549' title='bbox 642 4468 724 4514; x_wconf 83' lang='lat' dir='ltr'><strong>est</strong></span> <span class='ocrx_word' id='word_1_550' title='bbox 749 4474 779 4512; x_wconf 91' lang='lat' dir='ltr'><strong>a</strong></span> <span class='ocrx_word' id='word_1_551' title='bbox 822 4459 979 4513; x_wconf 90' lang='lat' dir='ltr'><strong>nobis</strong></span> <span class='ocrx_word' id='word_1_552' title='bbox 1005 4459 1213 4514; x_wconf 91' lang='lat' dir='ltr'><strong>occulta</strong></span> <span class='ocrx_word' id='word_1_553' title='bbox 1246 4458 1383 4513; x_wconf 89' lang='lat' dir='ltr'><strong>ratio</strong></span> <span class='ocrx_word' id='word_1_554' title='bbox 1427 4458 1779 4529; x_wconf 73' lang='lat' dir='ltr'><strong>providentia:</strong></span> <span class='ocrx_word' id='word_1_555' title='bbox 1801 4500 1817 4526; x_wconf 94' lang='lat'><strong>,</strong></span> 
     </span>
    </p>
   </div>
   <div class='ocr_carea' id='block_1_75' title="bbox 1926 3239 3520 3312">
    <p class='ocr_par' dir='ltr' id='par_1_75' title="bbox 1926 3239 3520 3312">
     <span class='ocr_line' id='line_1_75' title="bbox 1926 3239 3520 3312; baseline -0.001 -17"><span class='ocrx_word' id='word_1_556' title='bbox 1926 3240 2181 3312; x_wconf 75' lang='lat' dir='ltr'><strong>praedicta</strong></span> <span class='ocrx_word' id='word_1_557' title='bbox 2210 3247 2356 3305; x_wconf 92' lang='lat' dir='ltr'><strong>sunt,</strong></span> <span class='ocrx_word' id='word_1_558' title='bbox 2389 3254 2490 3309; x_wconf 88' lang='lat' dir='ltr'><strong>pro</strong></span> <span class='ocrx_word' id='word_1_559' title='bbox 2513 3240 2697 3293; x_wconf 89' lang='lat' dir='ltr'><strong>talium</strong></span> <span class='ocrx_word' id='word_1_560' title='bbox 2736 3247 3027 3294; x_wconf 86' lang='lat' dir='ltr'><strong>eventuum</strong></span> <span class='ocrx_word' id='word_1_561' title='bbox 3054 3239 3352 3310; x_wconf 79' lang='lat' dir='ltr'><strong>frequentia</strong></span> <span class='ocrx_word' id='word_1_562' title='bbox 3391 3253 3520 3310; x_wconf 86' lang='lat' dir='ltr'><strong>pro-</strong></span> 
     </span>
    </p>
   </div>
   <div class='ocr_carea' id='block_1_76' title="bbox 1925 3329 3521 3403">
    <p class='ocr_par' dir='ltr' id='par_1_76' title="bbox 1925 3329 3521 3403">
     <span class='ocr_line' id='line_1_76' title="bbox 1925 3329 3521 3403; baseline 0 -17"><span class='ocrx_word' id='word_1_563' title='bbox 1925 3332 2103 3403; x_wconf 78' lang='lat' dir='ltr'><strong>phetae</strong></span> <span class='ocrx_word' id='word_1_564' title='bbox 2134 3332 2267 3386; x_wconf 87' lang='lat' dir='ltr'><strong>fides</strong></span> <span class='ocrx_word' id='word_1_565' title='bbox 2298 3332 2466 3400; x_wconf 79' lang='lat' dir='ltr'><strong>magis</strong></span> <span class='ocrx_word' id='word_1_566' title='bbox 2513 3344 2631 3386; x_wconf 86' lang='lat' dir='ltr'><strong>erat</strong></span> <span class='ocrx_word' id='word_1_567' title='bbox 2678 3331 2924 3386; x_wconf 86' lang='lat' dir='ltr'><strong>minusve</strong></span> <span class='ocrx_word' id='word_1_568' title='bbox 2974 3330 3229 3385; x_wconf 87' lang='lat' dir='ltr'><strong>stabilita.</strong></span> <span class='ocrx_word' id='word_1_569' title='bbox 3284 3329 3521 3386; x_wconf 90' lang='lat' dir='ltr'><strong>Omnino</strong></span> 
     </span>
    </p>
   </div>
   <div class='ocr_carea' id='block_1_77' title="bbox 1921 3420 3522 3492">
    <p class='ocr_par' dir='ltr' id='par_1_77' title="bbox 1921 3420 3522 3492">
     <span class='ocr_line' id='line_1_77' title="bbox 1921 3420 3522 3492; baseline 0 -13"><span class='ocrx_word' id='word_1_570' title='bbox 1921 3423 2252 3480; x_wconf 79' lang='lat' dir='ltr'><strong>solidissima</strong></span> <span class='ocrx_word' id='word_1_571' title='bbox 2282 3431 2399 3477; x_wconf 91' lang='lat' dir='ltr'><strong>erat</strong></span> <span class='ocrx_word' id='word_1_572' title='bbox 2431 3420 2739 3492; x_wconf 89' lang='lat' dir='ltr'><strong>lmjusmodi</strong></span> <span class='ocrx_word' id='word_1_573' title='bbox 2764 3423 3197 3492; x_wconf 83' lang='lat' dir='ltr'><strong>argumentatio,</strong></span> <span class='ocrx_word' id='word_1_574' title='bbox 3233 3438 3332 3478; x_wconf 90' lang='lat' dir='ltr'><strong>nec</strong></span> <span class='ocrx_word' id='word_1_575' title='bbox 3365 3421 3522 3479; x_wconf 90' lang='lat' dir='ltr'><strong>video</strong></span> 
     </span>
    </p>
   </div>
   <div class='ocr_carea' id='block_1_78' title="bbox 1922 3513 3522 3586">
    <p class='ocr_par' dir='ltr' id='par_1_78' title="bbox 1922 3513 3522 3586">
     <span class='ocr_line' id='line_1_78' title="bbox 1922 3513 3522 3586; baseline 0.001 -17"><span class='ocrx_word' id='word_1_576' title='bbox 1922 3515 2049 3586; x_wconf 91' lang='lat' dir='ltr'><strong>quid</strong></span> <span class='ocrx_word' id='word_1_577' title='bbox 2112 3516 2164 3569; x_wconf 90' lang='lat' dir='ltr'><strong>in</strong></span> <span class='ocrx_word' id='word_1_578' title='bbox 2221 3529 2285 3570; x_wconf 89' lang='lat' dir='ltr'><strong>ea</strong></span> <span class='ocrx_word' id='word_1_579' title='bbox 2327 3513 2731 3585; x_wconf 86' lang='lat' dir='ltr'><strong>reprehendere</strong></span> <span class='ocrx_word' id='word_1_580' title='bbox 2760 3519 3003 3586; x_wconf 89' lang='lat' dir='ltr'><strong>possint,</strong></span> <span class='ocrx_word' id='word_1_581' title='bbox 3059 3513 3256 3569; x_wconf 89' lang='lat' dir='ltr'><strong>nedum</strong></span> <span class='ocrx_word' id='word_1_582' title='bbox 3309 3513 3522 3583; x_wconf 90' lang='lat' dir='ltr'><strong>ridere,</strong></span> 
     </span>
    </p>
   </div>
   <div class='ocr_carea' id='block_1_79' title="bbox 1922 3607 3526 3680">
    <p class='ocr_par' dir='ltr' id='par_1_79' title="bbox 1922 3607 3526 3680">
     <span class='ocr_line' id='line_1_79' title="bbox 1922 3607 3526 3680; baseline 0 -16"><span class='ocrx_word' id='word_1_583' title='bbox 1922 3623 2125 3664; x_wconf 67' lang='lat' dir='ltr'><strong>scurrae</strong></span> <span class='ocrx_word' id='word_1_584' title='bbox 2146 3607 2325 3676; x_wconf 88' lang='lat' dir='ltr'><strong>athei;</strong></span> <span class='ocrx_word' id='word_1_585' title='bbox 2378 3623 2477 3663; x_wconf 88' lang='lat' dir='ltr'><strong>nec</strong></span> <span class='ocrx_word' id='word_1_586' title='bbox 2504 3607 2629 3678; x_wconf 91' lang='lat' dir='ltr'><strong>quid</strong></span> <span class='ocrx_word' id='word_1_587' title='bbox 2662 3609 2837 3663; x_wconf 79' lang='lat' dir='ltr'><strong>simile</strong></span> <span class='ocrx_word' id='word_1_588' title='bbox 2869 3608 3164 3664; x_wconf 90' lang='lat' dir='ltr'><strong>obtendere</strong></span> <span class='ocrx_word' id='word_1_589' title='bbox 3191 3609 3399 3680; x_wconf 91' lang='lat' dir='ltr'><strong>possint</strong></span> <span class='ocrx_word' id='word_1_590' title='bbox 3429 3623 3526 3679; x_wconf 89' lang='lat' dir='ltr'><strong>pro</strong></span> 
     </span>
    </p>
   </div>
   <div class='ocr_carea' id='block_1_80' title="bbox 1921 3699 3524 3771">
    <p class='ocr_par' dir='ltr' id='par_1_80' title="bbox 1921 3699 3524 3771">
     <span class='ocr_line' id='line_1_80' title="bbox 1921 3699 3524 3771; baseline 0.001 -16"><span class='ocrx_word' id='word_1_591' title='bbox 1921 3702 2033 3755; x_wconf 87' lang='lat' dir='ltr'><strong>suis</strong></span> <span class='ocrx_word' id='word_1_592' title='bbox 2056 3744 2070 3768; x_wconf 94' lang='lat'><strong>,</strong></span> <span class='ocrx_word' id='word_1_593' title='bbox 2101 3717 2235 3771; x_wconf 91' lang='lat' dir='ltr'><strong>quas</strong></span> <span class='ocrx_word' id='word_1_594' title='bbox 2259 3700 2416 3755; x_wconf 91' lang='lat' dir='ltr'><strong>hodie</strong></span> <span class='ocrx_word' id='word_1_595' title='bbox 2444 3700 2718 3755; x_wconf 89' lang='lat' dir='ltr'><strong>venditant</strong></span> <span class='ocrx_word' id='word_1_596' title='bbox 2766 3699 3086 3771; x_wconf 77' lang='lat' dir='ltr'><strong>proplictiis,</strong></span> <span class='ocrx_word' id='word_1_597' title='bbox 3131 3700 3244 3756; x_wconf 90' lang='lat' dir='ltr'><strong>heri</strong></span> <span class='ocrx_word' id='word_1_598' title='bbox 3302 3699 3524 3756; x_wconf 88' lang='lat' dir='ltr'><strong>nudius-</strong></span> 
     </span>
    </p>
   </div>
   <div class='ocr_carea' id='block_1_81' title="bbox 1924 3794 3521 3867">
    <p class='ocr_par' dir='ltr' id='par_1_81' title="bbox 1924 3794 3521 3867">
     <span class='ocr_line' id='line_1_81' title="bbox 1924 3794 3521 3867; baseline 0.001 -18"><span class='ocrx_word' id='word_1_599' title='bbox 1924 3795 2218 3866; x_wconf 89' lang='lat' dir='ltr'><strong>tertiusque</strong></span> <span class='ocrx_word' id='word_1_600' title='bbox 2259 3795 2367 3849; x_wconf 88' lang='lat' dir='ltr'><strong>nati</strong></span> <span class='ocrx_word' id='word_1_601' title='bbox 2412 3794 2663 3862; x_wconf 84' lang='lat' dir='ltr'><strong>fanatici,</strong></span> <span class='ocrx_word' id='word_1_602' title='bbox 2713 3795 2827 3851; x_wconf 88' lang='lat' dir='ltr'><strong>sive</strong></span> <span class='ocrx_word' id='word_1_603' title='bbox 2870 3810 3057 3851; x_wconf 86' lang='lat' dir='ltr'><strong>eorum</strong></span> <span class='ocrx_word' id='word_1_604' title='bbox 3113 3796 3202 3867; x_wconf 91' lang='lat' dir='ltr'><strong>qui</strong></span> <span class='ocrx_word' id='word_1_605' title='bbox 3249 3798 3521 3852; x_wconf 88' lang='lat' dir='ltr'><strong>communi</strong></span> 
     </span>
    </p>
   </div>
   <div class='ocr_carea' id='block_1_82' title="bbox 1923 3871 3522 3960">
    <p class='ocr_par' dir='ltr' id='par_1_82' title="bbox 1923 3871 3522 3960">
     <span class='ocr_line' id='line_1_82' title="bbox 1923 3871 3522 3960; baseline -0.001 -16"><span class='ocrx_word' id='word_1_606' title='bbox 1923 3890 2341 3960; x_wconf 84' lang='lat' dir='ltr'><strong>protestantium</strong></span> <span class='ocrx_word' id='word_1_607' title='bbox 2374 3888 2634 3943; x_wconf 85' lang='lat' dir='ltr'><strong>vocabulo</strong></span> <span class='ocrx_word' id='word_1_608' title='bbox 2664 3871 2977 3957; x_wconf 77' lang='lat' dir='ltr'><strong>censentur,</strong></span> <span class='ocrx_word' id='word_1_609' title='bbox 3001 3889 3115 3944; x_wconf 88' lang='lat' dir='ltr'><strong>sive</strong></span> <span class='ocrx_word' id='word_1_610' title='bbox 3146 3890 3304 3945; x_wconf 90' lang='lat' dir='ltr'><strong>etiam</strong></span> <span class='ocrx_word' id='word_1_611' title='bbox 3337 3904 3522 3943; x_wconf 87' lang='lat' dir='ltr'><strong>eorum</strong></span> 
     </span>
    </p>
   </div>
   <div class='ocr_carea' id='block_1_83' title="bbox 1922 3981 3521 4055">
    <p class='ocr_par' dir='ltr' id='par_1_83' title="bbox 1922 3981 3521 4055">
     <span class='ocr_line' id='line_1_83' title="bbox 1922 3981 3521 4055; baseline 0.001 -18"><span class='ocrx_word' id='word_1_612' title='bbox 1922 3999 2057 4055; x_wconf 92' lang='lat' dir='ltr'><strong>quos</strong></span> <span class='ocrx_word' id='word_1_613' title='bbox 2089 3986 2345 4055; x_wconf 86' lang='lat' dir='ltr'><strong>mystieos</strong></span> <span class='ocrx_word' id='word_1_614' title='bbox 2371 3983 2647 4053; x_wconf 83' lang='lat' dir='ltr'><strong>appellant</strong></span> <span class='ocrx_word' id='word_1_615' title='bbox 2685 3981 2965 4055; x_wconf 87' lang='lat' dir='ltr'><strong>theologos</strong></span> <span class='ocrx_word' id='word_1_616' title='bbox 3005 3982 3286 4054; x_wconf 79' lang='lat' dir='ltr'><strong>pontificii.</strong></span> <span class='ocrx_word' id='word_1_617' title='bbox 3339 3982 3521 4038; x_wconf 87' lang='lat' dir='ltr'><strong>Neutri</strong></span> 
     </span>
    </p>
   </div>
   <div class='ocr_carea' id='block_1_84' title="bbox 1924 4074 3519 4146">
    <p class='ocr_par' dir='ltr' id='par_1_84' title="bbox 1924 4074 3519 4146">
     <span class='ocr_line' id='line_1_84' title="bbox 1924 4074 3519 4146; baseline 0.001 -18"><span class='ocrx_word' id='word_1_618' title='bbox 1924 4075 2258 4146; x_wconf 82' lang='lat' dir='ltr'><strong>argumentis</strong></span> <span class='ocrx_word' id='word_1_619' title='bbox 2315 4076 2639 4130; x_wconf 83' lang='lat' dir='ltr'><strong>extrinsecis</strong></span> <span class='ocrx_word' id='word_1_620' title='bbox 2689 4084 2944 4144; x_wconf 88' lang='lat' dir='ltr'><strong>utuntur,</strong></span> <span class='ocrx_word' id='word_1_621' title='bbox 3020 4076 3138 4130; x_wconf 89' lang='lat' dir='ltr'><strong>sive</strong></span> <span class='ocrx_word' id='word_1_622' title='bbox 3206 4074 3519 4142; x_wconf 90' lang='lat' dir='ltr'><strong>miraculis,</strong></span> 
     </span>
    </p>
   </div>
   <div class='ocr_carea' id='block_1_85' title="bbox 1922 4166 3520 4239">
    <p class='ocr_par' dir='ltr' id='par_1_85' title="bbox 1922 4166 3520 4239">
     <span class='ocr_line' id='line_1_85' title="bbox 1922 4166 3520 4239; baseline -0.001 -16"><span class='ocrx_word' id='word_1_623' title='bbox 1922 4183 2105 4223; x_wconf 91' lang='lat' dir='ltr'><strong>coram</strong></span> <span class='ocrx_word' id='word_1_624' title='bbox 2131 4180 2182 4224; x_wconf 90' lang='lat' dir='ltr'><strong>et</strong></span> <span class='ocrx_word' id='word_1_625' title='bbox 2214 4169 2264 4222; x_wconf 92' lang='lat' dir='ltr'><strong>iu</strong></span> <span class='ocrx_word' id='word_1_626' title='bbox 2296 4170 2608 4239; x_wconf 90' lang='lat' dir='ltr'><strong>propatulo,</strong></span> <span class='ocrx_word' id='word_1_627' title='bbox 2656 4168 2816 4239; x_wconf 91' lang='lat' dir='ltr'><strong>inque</strong></span> <span class='ocrx_word' id='word_1_628' title='bbox 2840 4167 3133 4223; x_wconf 90' lang='lat' dir='ltr'><strong>infidelium</strong></span> <span class='ocrx_word' id='word_1_629' title='bbox 3166 4166 3300 4223; x_wconf 87' lang='lat' dir='ltr'><strong>facie</strong></span> <span class='ocrx_word' id='word_1_630' title='bbox 3326 4166 3520 4234; x_wconf 90' lang='lat' dir='ltr'><strong>editis,</strong></span> 
     </span>
    </p>
   </div>
   <div class='ocr_carea' id='block_1_86' title="bbox 1925 4261 3521 4333">
    <p class='ocr_par' dir='ltr' id='par_1_86' title="bbox 1925 4261 3521 4333">
     <span class='ocr_line' id='line_1_86' title="bbox 1925 4261 3521 4333; baseline 0.001 -17"><span class='ocrx_word' id='word_1_631' title='bbox 1925 4263 2039 4317; x_wconf 86' lang='lat' dir='ltr'><strong>sive</strong></span> <span class='ocrx_word' id='word_1_632' title='bbox 2070 4264 2321 4329; x_wconf 90' lang='lat' dir='ltr'><strong>aliorum,</strong></span> <span class='ocrx_word' id='word_1_633' title='bbox 2355 4278 2384 4316; x_wconf 94' lang='lat' dir='ltr'><strong>a</strong></span> <span class='ocrx_word' id='word_1_634' title='bbox 2416 4261 2572 4317; x_wconf 88' lang='lat' dir='ltr'><strong>nobis</strong></span> <span class='ocrx_word' id='word_1_635' title='bbox 2597 4262 2759 4317; x_wconf 90' lang='lat' dir='ltr'><strong>etiam</strong></span> <span class='ocrx_word' id='word_1_636' title='bbox 2791 4263 3094 4333; x_wconf 87' lang='lat' dir='ltr'><strong>agnitorum</strong></span> <span class='ocrx_word' id='word_1_637' title='bbox 3131 4262 3521 4333; x_wconf 68' lang='lat' dir='ltr'><strong>projilietarum</strong></span> 
     </span>
    </p>
   </div>
   <div class='ocr_carea' id='block_1_87' title="bbox 1927 4356 3525 4422">
    <p class='ocr_par' dir='ltr' id='par_1_87' title="bbox 1927 4356 3525 4422">
     <span class='ocr_line' id='line_1_87' title="bbox 1927 4356 3525 4422; baseline -0.003 -5"><span class='ocrx_word' id='word_1_638' title='bbox 1927 4360 2273 4417; x_wconf 89' lang='lat' dir='ltr'><strong>testimoniis.</strong></span> <span class='ocrx_word' id='word_1_639' title='bbox 2347 4358 2532 4414; x_wconf 89' lang='lat' dir='ltr'><strong>Neutri</strong></span> <span class='ocrx_word' id='word_1_640' title='bbox 2602 4356 2925 4413; x_wconf 88' lang='lat' dir='ltr'><strong>testimoniis</strong></span> <span class='ocrx_word' id='word_1_641' title='bbox 2992 4356 3336 4422; x_wconf 86' lang='lat' dir='ltr'><strong>intrinsecis,</strong></span> <span class='ocrx_word' id='word_1_642' title='bbox 3411 4357 3525 4413; x_wconf 88' lang='lat' dir='ltr'><strong>sive</strong></span> 
     </span>
    </p>
   </div>
   <div class='ocr_carea' id='block_1_88' title="bbox 1925 4451 3514 4524">
    <p class='ocr_par' dir='ltr' id='par_1_88' title="bbox 1925 4451 3514 4524">
     <span class='ocr_line' id='line_1_88' title="bbox 1925 4451 3514 4524; baseline -0.002 -14"><span class='ocrx_word' id='word_1_643' title='bbox 1925 4454 2166 4510; x_wconf 89' lang='lat' dir='ltr'><strong>cordium</strong></span> <span class='ocrx_word' id='word_1_644' title='bbox 2199 4453 2492 4509; x_wconf 86' lang='lat' dir='ltr'><strong>infidelium</strong></span> <span class='ocrx_word' id='word_1_645' title='bbox 2522 4453 2798 4524; x_wconf 88' lang='lat' dir='ltr'><strong>patefactis</strong></span> <span class='ocrx_word' id='word_1_646' title='bbox 2842 4452 3088 4518; x_wconf 86' lang='lat' dir='ltr'><strong>occultis,</strong></span> <span class='ocrx_word' id='word_1_647' title='bbox 3140 4453 3255 4507; x_wconf 86' lang='lat' dir='ltr'><strong>sive</strong></span> <span class='ocrx_word' id='word_1_648' title='bbox 3300 4451 3514 4507; x_wconf 85' lang='lat' dir='ltr'><strong>futuro-</strong></span> 
     </span>
    </p>
   </div>
   <div class='ocr_carea' id='block_1_89' title="bbox 203 4542 3520 4624">
    <p class='ocr_par' dir='ltr' id='par_1_89' title="bbox 203 4542 3520 4624">
     <span class='ocr_line' id='line_1_89' title="bbox 203 4542 3520 4624; baseline -0.002 -18"><span class='ocrx_word' id='word_1_649' title='bbox 203 4566 381 4624; x_wconf 84' lang='lat' dir='ltr'><strong>quam</strong></span> <span class='ocrx_word' id='word_1_650' title='bbox 408 4551 625 4606; x_wconf 87' lang='lat' dir='ltr'><strong>orbium</strong></span> <span class='ocrx_word' id='word_1_651' title='bbox 647 4550 971 4607; x_wconf 65' lang='lat' dir='ltr'><strong>caelestium.</strong></span> <span class='ocrx_word' id='word_1_652' title='bbox 1012 4550 1119 4605; x_wconf 81' lang='lat' dir='ltr'><strong>Nec</strong></span> <span class='ocrx_word' id='word_1_653' title='bbox 1164 4551 1344 4604; x_wconf 90' lang='lat' dir='ltr'><strong>minus</strong></span> <span class='ocrx_word' id='word_1_654' title='bbox 1390 4558 1515 4620; x_wconf 87' lang='lat' dir='ltr'><strong>apte</strong></span> <span class='ocrx_word' id='word_1_655' title='bbox 1564 4549 1819 4604; x_wconf 83' lang='lat' dir='ltr'><strong>convenit</strong></span> <span class='ocrx_word' id='word_1_656' title='bbox 1844 4546 1896 4606; x_wconf 93' lang='lat' dir='ltr'><strong>D</strong></span> <span class='ocrx_word' id='word_1_657' title='bbox 1924 4563 2042 4601; x_wconf 91' lang='lat' dir='ltr'><strong>rum</strong></span> <span class='ocrx_word' id='word_1_658' title='bbox 2075 4545 2501 4616; x_wconf 88' lang='lat' dir='ltr'><strong>contingentium</strong></span> <span class='ocrx_word' id='word_1_659' title='bbox 2533 4545 2917 4615; x_wconf 79' lang='lat' dir='ltr'><strong>praedictione,</strong></span> <span class='ocrx_word' id='word_1_660' title='bbox 2939 4543 3048 4614; x_wconf 92' lang='lat' dir='ltr'><strong>jam</strong></span> <span class='ocrx_word' id='word_1_661' title='bbox 3079 4542 3169 4599; x_wconf 83' lang='lat' dir='ltr'><strong>ditt</strong></span> <span class='ocrx_word' id='word_1_662' title='bbox 3197 4554 3325 4599; x_wconf 89' lang='lat' dir='ltr'><strong>ante</strong></span> <span class='ocrx_word' id='word_1_663' title='bbox 3352 4558 3520 4599; x_wconf 86' lang='lat' dir='ltr'><strong>even-</strong></span> 
     </span>
    </p>
   </div>
   <div class='ocr_carea' id='block_1_90' title="bbox 202 4644 1814 4715">
    <p class='ocr_par' dir='ltr' id='par_1_90' title="bbox 202 4644 1814 4715">
     <span class='ocr_line' id='line_1_90' title="bbox 202 4644 1814 4715; baseline -0.002 -12"><span class='ocrx_word' id='word_1_664' title='bbox 202 4662 336 4703; x_wconf 89' lang='lat' dir='ltr'><strong>cum</strong></span> <span class='ocrx_word' id='word_1_665' title='bbox 384 4645 758 4715; x_wconf 72' lang='lat' dir='ltr'><strong>phzcnomenis</strong></span> <span class='ocrx_word' id='word_1_666' title='bbox 786 4645 903 4701; x_wconf 60' lang='lat' dir='ltr'><strong>ha‘c</strong></span> <span class='ocrx_word' id='word_1_667' title='bbox 930 4644 1348 4700; x_wconf 71' lang='lat' dir='ltr'><strong>christianorum</strong></span> <span class='ocrx_word' id='word_1_668' title='bbox 1377 4644 1445 4699; x_wconf 89' lang='lat' dir='ltr'><strong>de</strong></span> <span class='ocrx_word' id='word_1_669' title='bbox 1474 4644 1814 4715; x_wconf 90' lang='lat' dir='ltr'><strong>providentia</strong></span> 
     </span>
    </p>
   </div>
   <div class='ocr_carea' id='block_1_91' title="bbox 207 4736 1812 4813">
    <p class='ocr_par' dir='ltr' id='par_1_91' title="bbox 207 4736 1812 4813">
     <span class='ocr_line' id='line_1_91' title="bbox 207 4736 1812 4813; baseline -0.001 -18"><span class='ocrx_word' id='word_1_670' title='bbox 207 4738 569 4813; x_wconf 78' lang='lat' dir='ltr'><strong>hypotbesis,</strong></span> <span class='ocrx_word' id='word_1_671' title='bbox 608 4754 768 4810; x_wconf 88' lang='lat' dir='ltr'><strong>quam</strong></span> <span class='ocrx_word' id='word_1_672' title='bbox 800 4739 1073 4794; x_wconf 78' lang='lat' dir='ltr'><strong>Ptolemaei</strong></span> <span class='ocrx_word' id='word_1_673' title='bbox 1106 4737 1231 4803; x_wconf 83' lang='lat' dir='ltr'><strong>illa,</strong></span> <span class='ocrx_word' id='word_1_674' title='bbox 1263 4736 1382 4792; x_wconf 89' lang='lat' dir='ltr'><strong>sive</strong></span> <span class='ocrx_word' id='word_1_675' title='bbox 1417 4737 1578 4791; x_wconf 91' lang='lat' dir='ltr'><strong>etiam</strong></span> <span class='ocrx_word' id='word_1_676' title='bbox 1608 4737 1812 4807; x_wconf 83' lang='lat' dir='ltr'><strong>Ceper-</strong></span> 
     </span>
    </p>
   </div>
   <div class='ocr_carea' id='block_1_92' title="bbox 203 4830 1811 4901">
    <p class='ocr_par' dir='ltr' id='par_1_92' title="bbox 203 4830 1811 4901">
     <span class='ocr_line' id='line_1_92' title="bbox 203 4830 1811 4901; baseline -0.002 -14"><span class='ocrx_word' id='word_1_677' title='bbox 203 4834 323 4888; x_wconf 85' lang='lat' dir='ltr'><strong>nici</strong></span> <span class='ocrx_word' id='word_1_678' title='bbox 344 4874 361 4899; x_wconf 94' lang='lat'><strong>,</strong></span> <span class='ocrx_word' id='word_1_679' title='bbox 400 4832 518 4888; x_wconf 87' lang='lat' dir='ltr'><strong>sive</strong></span> <span class='ocrx_word' id='word_1_680' title='bbox 553 4832 775 4887; x_wconf 84' lang='lat' dir='ltr'><strong>alterius</strong></span> <span class='ocrx_word' id='word_1_681' title='bbox 816 4834 1050 4901; x_wconf 84' lang='lat' dir='ltr'><strong>cujusvis</strong></span> <span class='ocrx_word' id='word_1_682' title='bbox 1079 4830 1388 4885; x_wconf 81' lang='lat' dir='ltr'><strong>Astrouomi</strong></span> <span class='ocrx_word' id='word_1_683' title='bbox 1413 4845 1537 4884; x_wconf 92' lang='lat' dir='ltr'><strong>cum</strong></span> <span class='ocrx_word' id='word_1_684' title='bbox 1570 4840 1811 4884; x_wconf 91' lang='lat' dir='ltr'><strong>motuum</strong></span> 
     </span>
    </p>
   </div>
   <div class='ocr_carea' id='block_1_93' title="bbox 203 4922 1816 4995">
    <p class='ocr_par' dir='ltr' id='par_1_93' title="bbox 203 4922 1816 4995">
     <span class='ocr_line' id='line_1_93' title="bbox 203 4922 1816 4995; baseline -0.001 -15"><span class='ocrx_word' id='word_1_685' title='bbox 203 4923 437 4980; x_wconf 84' lang='lat' dir='ltr'><strong>illorum</strong></span> <span class='ocrx_word' id='word_1_686' title='bbox 476 4924 872 4995; x_wconf 69' lang='lat' dir='ltr'><strong>phmnomenis.</strong></span> <span class='ocrx_word' id='word_1_687' title='bbox 902 4924 1104 4979; x_wconf 87' lang='lat' dir='ltr'><strong>Contra</strong></span> <span class='ocrx_word' id='word_1_688' title='bbox 1136 4924 1313 4993; x_wconf 91' lang='lat' dir='ltr'><strong>potius</strong></span> <span class='ocrx_word' id='word_1_689' title='bbox 1359 4922 1517 4993; x_wconf 83' lang='lat' dir='ltr'><strong>longe</strong></span> <span class='ocrx_word' id='word_1_690' title='bbox 1553 4922 1816 4978; x_wconf 88' lang='lat' dir='ltr'><strong>certiores</strong></span> 
     </span>
    </p>
   </div>
   <div class='ocr_carea' id='block_1_94' title="bbox 200 5013 1808 5082">
    <p class='ocr_par' dir='ltr' id='par_1_94' title="bbox 200 5013 1808 5082">
     <span class='ocr_line' id='line_1_94' title="bbox 200 5013 1808 5082; baseline -0.004 -9"><span class='ocrx_word' id='word_1_691' title='bbox 200 5024 379 5073; x_wconf 82' lang='lat' dir='ltr'><strong>erant</strong></span> <span class='ocrx_word' id='word_1_692' title='bbox 399 5014 813 5071; x_wconf 82' lang='lat' dir='ltr'><strong>christianorum</strong></span> <span class='ocrx_word' id='word_1_693' title='bbox 837 5016 997 5071; x_wconf 89' lang='lat' dir='ltr'><strong>etiam</strong></span> <span class='ocrx_word' id='word_1_694' title='bbox 1026 5024 1232 5069; x_wconf 68' lang='lat' dir='ltr'><strong>naturae</strong></span> <span class='ocrx_word' id='word_1_695' title='bbox 1258 5013 1808 5082; x_wconf 87' lang='lat' dir='ltr'><strong>impcritissimorutn,</strong></span> 
     </span>
    </p>
   </div>
   <div class='ocr_carea' id='block_1_95' title="bbox 201 5105 1810 5180">
    <p class='ocr_par' dir='ltr' id='par_1_95' title="bbox 201 5105 1810 5180">
     <span class='ocr_line' id='line_1_95' title="bbox 201 5105 1810 5180; baseline -0.002 -15"><span class='ocrx_word' id='word_1_696' title='bbox 201 5108 279 5165; x_wconf 88' lang='lat' dir='ltr'><strong>de</strong></span> <span class='ocrx_word' id='word_1_697' title='bbox 344 5105 536 5163; x_wconf 82' lang='lat' dir='ltr'><strong>futuris</strong></span> <span class='ocrx_word' id='word_1_698' title='bbox 583 5109 1022 5180; x_wconf 88' lang='lat' dir='ltr'><strong>contingentibus</strong></span> <span class='ocrx_word' id='word_1_699' title='bbox 1072 5108 1405 5179; x_wconf 71' lang='lat' dir='ltr'><strong>prOpIietize,</strong></span> <span class='ocrx_word' id='word_1_700' title='bbox 1458 5123 1619 5178; x_wconf 88' lang='lat' dir='ltr'><strong>quam</strong></span> <span class='ocrx_word' id='word_1_701' title='bbox 1665 5107 1810 5179; x_wconf 88' lang='lat' dir='ltr'><strong>peri-</strong></span> 
     </span>
    </p>
   </div>
   <div class='ocr_carea' id='block_1_96' title="bbox 203 5200 1811 5272">
    <p class='ocr_par' dir='ltr' id='par_1_96' title="bbox 203 5200 1811 5272">
     <span class='ocr_line' id='line_1_96' title="bbox 203 5200 1811 5272; baseline 0.001 -17"><span class='ocrx_word' id='word_1_702' title='bbox 203 5200 555 5256; x_wconf 87' lang='lat' dir='ltr'><strong>tissimorum</strong></span> <span class='ocrx_word' id='word_1_703' title='bbox 611 5202 772 5255; x_wconf 89' lang='lat' dir='ltr'><strong>etiam</strong></span> <span class='ocrx_word' id='word_1_704' title='bbox 822 5201 1220 5272; x_wconf 85' lang='lat' dir='ltr'><strong>astrologorum</strong></span> <span class='ocrx_word' id='word_1_705' title='bbox 1278 5200 1498 5271; x_wconf 87' lang='lat' dir='ltr'><strong>judicia.</strong></span> <span class='ocrx_word' id='word_1_706' title='bbox 1570 5200 1647 5255; x_wconf 77' lang='lat' dir='ltr'><strong>Ex</strong></span> <span class='ocrx_word' id='word_1_707' title='bbox 1704 5215 1811 5271; x_wconf 89' lang='lat' dir='ltr'><strong>quo</strong></span> 
     </span>
    </p>
   </div>
   <div class='ocr_carea' id='block_1_97' title="bbox 202 5294 1812 5367">
    <p class='ocr_par' dir='ltr' id='par_1_97' title="bbox 202 5294 1812 5367">
     <span class='ocr_line' id='line_1_97' title="bbox 202 5294 1812 5367; baseline -0.002 -15"><span class='ocrx_word' id='word_1_708' title='bbox 202 5295 261 5352; x_wconf 87' lang='lat' dir='ltr'><strong>id</strong></span> <span class='ocrx_word' id='word_1_709' title='bbox 304 5296 478 5351; x_wconf 87' lang='lat' dir='ltr'><strong>etiam</strong></span> <span class='ocrx_word' id='word_1_710' title='bbox 503 5298 828 5367; x_wconf 82' lang='lat' dir='ltr'><strong>sequebatur</strong></span> <span class='ocrx_word' id='word_1_711' title='bbox 859 5297 1016 5366; x_wconf 80' lang='lat' dir='ltr'><strong>longe</strong></span> <span class='ocrx_word' id='word_1_712' title='bbox 1056 5310 1183 5351; x_wconf 90' lang='lat' dir='ltr'><strong>esse</strong></span> <span class='ocrx_word' id='word_1_713' title='bbox 1218 5294 1564 5351; x_wconf 88' lang='lat' dir='ltr'><strong>verisimilius</strong></span> <span class='ocrx_word' id='word_1_714' title='bbox 1584 5337 1598 5361; x_wconf 96' lang='lat'><strong>,</strong></span> <span class='ocrx_word' id='word_1_715' title='bbox 1627 5310 1656 5349; x_wconf 87' lang='lat' dir='ltr'><strong>a</strong></span> <span class='ocrx_word' id='word_1_716' title='bbox 1700 5295 1812 5351; x_wconf 90' lang='lat' dir='ltr'><strong>Deo</strong></span> 
     </span>
    </p>
   </div>
   <div class='ocr_carea' id='block_1_98' title="bbox 201 5384 1809 5461">
    <p class='ocr_par' dir='ltr' id='par_1_98' title="bbox 201 5384 1809 5461">
     <span class='ocr_line' id='line_1_98' title="bbox 201 5384 1809 5461; baseline -0.001 -17"><span class='ocrx_word' id='word_1_717' title='bbox 201 5384 337 5444; x_wconf 79' lang='lat' dir='ltr'><strong>esse</strong></span> <span class='ocrx_word' id='word_1_718' title='bbox 370 5388 509 5452; x_wconf 65' lang='lat' dir='ltr'><strong>haec,</strong></span> <span class='ocrx_word' id='word_1_719' title='bbox 544 5403 704 5460; x_wconf 88' lang='lat' dir='ltr'><strong>quam</strong></span> <span class='ocrx_word' id='word_1_720' title='bbox 729 5404 759 5443; x_wconf 90' lang='lat' dir='ltr'><strong>a</strong></span> <span class='ocrx_word' id='word_1_721' title='bbox 788 5390 980 5461; x_wconf 88' lang='lat' dir='ltr'><strong>quovis</strong></span> <span class='ocrx_word' id='word_1_722' title='bbox 1010 5389 1331 5444; x_wconf 89' lang='lat' dir='ltr'><strong>naturalium</strong></span> <span class='ocrx_word' id='word_1_723' title='bbox 1362 5401 1646 5443; x_wconf 91' lang='lat' dir='ltr'><strong>causarum</strong></span> <span class='ocrx_word' id='word_1_724' title='bbox 1676 5401 1809 5442; x_wconf 90' lang='lat' dir='ltr'><strong>con-</strong></span> 
     </span>
    </p>
   </div>
   <div class='ocr_carea' id='block_1_99' title="bbox 200 5480 720 5551">
    <p class='ocr_par' dir='ltr' id='par_1_99' title="bbox 200 5480 720 5551">
     <span class='ocr_line' id='line_1_99' title="bbox 200 5480 720 5551; baseline -0.008 -13"><span class='ocrx_word' id='word_1_725' title='bbox 200 5495 380 5538; x_wconf 77' lang='lat' dir='ltr'><strong>sensu</strong></span> <span class='ocrx_word' id='word_1_726' title='bbox 404 5480 720 5551; x_wconf 87' lang='lat' dir='ltr'><strong>repetenda.</strong></span> 
     </span>
    </p>
   </div>
   <div class='ocr_carea' id='block_1_100' title="bbox 280 5572 1810 5647">
    <p class='ocr_par' dir='ltr' id='par_1_100' title="bbox 280 5572 1810 5647">
     <span class='ocr_line' id='line_1_100' title="bbox 280 5572 1810 5647; baseline 0 -18"><span class='ocrx_word' id='word_1_727' title='bbox 280 5572 315 5646; x_wconf 83' lang='lat'><strong>§</strong></span> <span class='ocrx_word' id='word_1_728' title='bbox 337 5572 739 5630; x_wconf 54' lang='lat' dir='ltr'><strong>Isi—Probata</strong></span> <span class='ocrx_word' id='word_1_729' title='bbox 764 5590 894 5647; x_wconf 89' lang='lat' dir='ltr'><strong>ergo</strong></span> <span class='ocrx_word' id='word_1_730' title='bbox 909 5574 1307 5646; x_wconf 81' lang='lat' dir='ltr'><strong>praphetiarum</strong></span> <span class='ocrx_word' id='word_1_731' title='bbox 1330 5573 1723 5645; x_wconf 70' lang='lat' dir='ltr'><strong>prmteritarum</strong></span> <span class='ocrx_word' id='word_1_732' title='bbox 1743 5587 1810 5629; x_wconf 80' lang='lat' dir='ltr'><strong>ex</strong></span> 
     </span>
    </p>
   </div>
   <div class='ocr_carea' id='block_1_101' title="bbox 205 5666 1813 5740">
    <p class='ocr_par' dir='ltr' id='par_1_101' title="bbox 205 5666 1813 5740">
     <span class='ocr_line' id='line_1_101' title="bbox 205 5666 1813 5740; baseline -0.002 -15"><span class='ocrx_word' id='word_1_733' title='bbox 205 5676 414 5725; x_wconf 78' lang='lat' dir='ltr'><strong>eventu</strong></span> <span class='ocrx_word' id='word_1_734' title='bbox 444 5666 704 5734; x_wconf 83' lang='lat' dir='ltr'><strong>veritate,</strong></span> <span class='ocrx_word' id='word_1_735' title='bbox 739 5668 811 5724; x_wconf 91' lang='lat' dir='ltr'><strong>ita</strong></span> <span class='ocrx_word' id='word_1_736' title='bbox 838 5667 1036 5724; x_wconf 85' lang='lat' dir='ltr'><strong>deinde</strong></span> <span class='ocrx_word' id='word_1_737' title='bbox 1063 5666 1338 5740; x_wconf 79' lang='lat' dir='ltr'><strong>prephetae</strong></span> <span class='ocrx_word' id='word_1_738' title='bbox 1383 5667 1678 5722; x_wconf 89' lang='lat' dir='ltr'><strong>auctoritas</strong></span> <span class='ocrx_word' id='word_1_739' title='bbox 1726 5680 1813 5721; x_wconf 89' lang='lat' dir='ltr'><strong>ac-</strong></span> 
     </span>
    </p>
   </div>
   <div class='ocr_carea' id='block_1_102' title="bbox 208 5759 1813 5837">
    <p class='ocr_par' dir='ltr' id='par_1_102' title="bbox 208 5759 1813 5837">
     <span class='ocr_line' id='line_1_102' title="bbox 208 5759 1813 5837; baseline -0.002 -16"><span class='ocrx_word' id='word_1_740' title='bbox 208 5762 386 5821; x_wconf 78' lang='lat' dir='ltr'><strong>cessit</strong></span> <span class='ocrx_word' id='word_1_741' title='bbox 410 5759 481 5821; x_wconf 80' lang='lat' dir='ltr'><strong>ad</strong></span> <span class='ocrx_word' id='word_1_742' title='bbox 510 5761 738 5820; x_wconf 78' lang='lat' dir='ltr'><strong>aliarum</strong></span> <span class='ocrx_word' id='word_1_743' title='bbox 767 5763 1173 5837; x_wconf 86' lang='lat' dir='ltr'><strong>prophetiarum</strong></span> <span class='ocrx_word' id='word_1_744' title='bbox 1223 5776 1532 5821; x_wconf 85' lang='lat' dir='ltr'><strong>successum</strong></span> <span class='ocrx_word' id='word_1_745' title='bbox 1563 5760 1813 5819; x_wconf 89' lang='lat' dir='ltr'><strong>similiter</strong></span> 
     </span>
    </p>
   </div>
   <div class='ocr_carea' id='block_1_103' title="bbox 1921 4636 3267 4708">
    <p class='ocr_par' dir='ltr' id='par_1_103' title="bbox 1921 4636 3267 4708">
     <span class='ocr_line' id='line_1_103' title="bbox 1921 4636 3267 4708; baseline -0.006 -11"><span class='ocrx_word' id='word_1_746' title='bbox 1921 4652 2033 4697; x_wconf 92' lang='lat' dir='ltr'><strong>tum</strong></span> <span class='ocrx_word' id='word_1_747' title='bbox 2067 4639 2375 4704; x_wconf 82' lang='lat' dir='ltr'><strong>manifesta,</strong></span> <span class='ocrx_word' id='word_1_748' title='bbox 2410 4638 2785 4708; x_wconf 84' lang='lat' dir='ltr'><strong>publicamque</strong></span> <span class='ocrx_word' id='word_1_749' title='bbox 2812 4637 2865 4691; x_wconf 91' lang='lat' dir='ltr'><strong>in</strong></span> <span class='ocrx_word' id='word_1_750' title='bbox 2897 4636 3068 4691; x_wconf 90' lang='lat' dir='ltr'><strong>lucem</strong></span> <span class='ocrx_word' id='word_1_751' title='bbox 3101 4636 3267 4693; x_wconf 88' lang='lat' dir='ltr'><strong>edita.</strong></span> 
     </span>
    </p>
   </div>
   <div class='ocr_carea' id='block_1_104' title="bbox 1990 4727 3518 4803">
    <p class='ocr_par' dir='ltr' id='par_1_104' title="bbox 1990 4727 3518 4803">
     <span class='ocr_line' id='line_1_104' title="bbox 1990 4727 3518 4803; baseline -0.004 -16"><span class='ocrx_word' id='word_1_752' title='bbox 1990 4732 2133 4803; x_wconf 62' lang='grc' dir='ltr'><strong>θδι.</strong></span> <span class='ocrx_word' id='word_1_753' title='bbox 2168 4762 2239 4772; x_wconf 92' lang='grc'><strong>-</strong></span> <span class='ocrx_word' id='word_1_754' title='bbox 2268 4730 2518 4787; x_wconf 84' lang='lat' dir='ltr'><strong>Monendi</strong></span> <span class='ocrx_word' id='word_1_755' title='bbox 2564 4739 2690 4785; x_wconf 90' lang='lat' dir='ltr'><strong>sunt</strong></span> <span class='ocrx_word' id='word_1_756' title='bbox 2731 4728 2944 4783; x_wconf 90' lang='lat' dir='ltr'><strong>interim</strong></span> <span class='ocrx_word' id='word_1_757' title='bbox 2988 4727 3217 4784; x_wconf 85' lang='lat' dir='ltr'><strong>lectores</strong></span> <span class='ocrx_word' id='word_1_758' title='bbox 3261 4742 3367 4782; x_wconf 91' lang='lat' dir='ltr'><strong>non</strong></span> <span class='ocrx_word' id='word_1_759' title='bbox 3397 4741 3518 4782; x_wconf 89' lang='lat' dir='ltr'><strong>esse</strong></span> 
     </span>
    </p>
   </div>
   <div class='ocr_carea' id='block_1_105' title="bbox 1918 4822 3517 4896">
    <p class='ocr_par' dir='ltr' id='par_1_105' title="bbox 1918 4822 3517 4896">
     <span class='ocr_line' id='line_1_105' title="bbox 1918 4822 3517 4896; baseline -0.002 -15"><span class='ocrx_word' id='word_1_760' title='bbox 1918 4836 2096 4882; x_wconf 91' lang='lat' dir='ltr'><strong>tamen</strong></span> <span class='ocrx_word' id='word_1_761' title='bbox 2153 4825 2295 4896; x_wconf 86' lang='lat' dir='ltr'><strong>quod</strong></span> <span class='ocrx_word' id='word_1_762' title='bbox 2349 4825 2732 4893; x_wconf 85' lang='lat' dir='ltr'><strong>prophetarum</strong></span> <span class='ocrx_word' id='word_1_763' title='bbox 2793 4825 2973 4878; x_wconf 89' lang='lat' dir='ltr'><strong>omnia</strong></span> <span class='ocrx_word' id='word_1_764' title='bbox 3037 4822 3353 4894; x_wconf 77' lang='lat' dir='ltr'><strong>pmphctico</strong></span> <span class='ocrx_word' id='word_1_765' title='bbox 3407 4823 3517 4878; x_wconf 90' lang='lat' dir='ltr'><strong>sint</strong></span> 
     </span>
    </p>
   </div>
   <div class='ocr_carea' id='block_1_106' title="bbox 1918 4914 3518 4992">
    <p class='ocr_par' dir='ltr' id='par_1_106' title="bbox 1918 4914 3518 4992">
     <span class='ocr_line' id='line_1_106' title="bbox 1918 4914 3518 4992; baseline -0.003 -17"><span class='ocrx_word' id='word_1_766' title='bbox 1918 4920 2132 4992; x_wconf 90' lang='lat' dir='ltr'><strong>spiritui</strong></span> <span class='ocrx_word' id='word_1_767' title='bbox 2190 4917 2493 4974; x_wconf 87' lang='lat' dir='ltr'><strong>tribuenda.</strong></span> <span class='ocrx_word' id='word_1_768' title='bbox 2544 4917 2621 4972; x_wconf 88' lang='lat' dir='ltr'><strong>Ne</strong></span> <span class='ocrx_word' id='word_1_769' title='bbox 2666 4918 2768 4972; x_wconf 94' lang='lat' dir='ltr'><strong>hoc</strong></span> <span class='ocrx_word' id='word_1_770' title='bbox 2813 4916 3031 4986; x_wconf 78' lang='lat' dir='ltr'><strong>quidem</strong></span> <span class='ocrx_word' id='word_1_771' title='bbox 3072 4914 3242 4971; x_wconf 63' lang='lat' dir='ltr'><strong>Judmi</strong></span> <span class='ocrx_word' id='word_1_772' title='bbox 3273 4914 3343 4971; x_wconf 92' lang='lat' dir='ltr'><strong>de</strong></span> <span class='ocrx_word' id='word_1_773' title='bbox 3385 4916 3518 4984; x_wconf 89' lang='lat' dir='ltr'><strong>suis,</strong></span> 
     </span>
    </p>
   </div>
   <div class='ocr_carea' id='block_1_107' title="bbox 1918 5011 3520 5089">
    <p class='ocr_par' dir='ltr' id='par_1_107' title="bbox 1918 5011 3520 5089">
     <span class='ocr_line' id='line_1_107' title="bbox 1918 5011 3520 5089; baseline -0.003 -18"><span class='ocrx_word' id='word_1_774' title='bbox 1918 5032 2020 5073; x_wconf 90' lang='lat' dir='ltr'><strong>nec</strong></span> <span class='ocrx_word' id='word_1_775' title='bbox 2065 5016 2133 5072; x_wconf 90' lang='lat' dir='ltr'><strong>de</strong></span> <span class='ocrx_word' id='word_1_776' title='bbox 2168 5016 2374 5089; x_wconf 83' lang='lat' dir='ltr'><strong>Pythiis</strong></span> <span class='ocrx_word' id='word_1_777' title='bbox 2401 5014 2575 5070; x_wconf 65' lang='lat' dir='ltr'><strong>Graeci</strong></span> <span class='ocrx_word' id='word_1_778' title='bbox 2604 5056 2619 5079; x_wconf 94' lang='lat'><strong>,</strong></span> <span class='ocrx_word' id='word_1_779' title='bbox 2676 5028 2774 5068; x_wconf 88' lang='lat' dir='ltr'><strong>nec</strong></span> <span class='ocrx_word' id='word_1_780' title='bbox 2819 5013 2887 5068; x_wconf 89' lang='lat' dir='ltr'><strong>de</strong></span> <span class='ocrx_word' id='word_1_781' title='bbox 2919 5011 3197 5082; x_wconf 89' lang='lat' dir='ltr'><strong>pr0phetis</strong></span> <span class='ocrx_word' id='word_1_782' title='bbox 3228 5012 3340 5066; x_wconf 89' lang='lat' dir='ltr'><strong>suis</strong></span> <span class='ocrx_word' id='word_1_783' title='bbox 3384 5027 3520 5083; x_wconf 79' lang='lat' dir='ltr'><strong>gen-</strong></span> 
     </span>
    </p>
   </div>
   <div class='ocr_carea' id='block_1_108' title="bbox 1917 5106 3519 5181">
    <p class='ocr_par' dir='ltr' id='par_1_108' title="bbox 1917 5106 3519 5181">
     <span class='ocr_line' id='line_1_108' title="bbox 1917 5106 3519 5181; baseline -0.004 -14"><span class='ocrx_word' id='word_1_784' title='bbox 1917 5113 2038 5167; x_wconf 90' lang='lat' dir='ltr'><strong>tiles</strong></span> <span class='ocrx_word' id='word_1_785' title='bbox 2081 5110 2203 5176; x_wconf 89' lang='lat' dir='ltr'><strong>alii,</strong></span> <span class='ocrx_word' id='word_1_786' title='bbox 2255 5110 2542 5167; x_wconf 70' lang='lat' dir='ltr'><strong>Plimnices</strong></span> <span class='ocrx_word' id='word_1_787' title='bbox 2580 5117 2740 5181; x_wconf 88' lang='lat' dir='ltr'><strong>atque</strong></span> <span class='ocrx_word' id='word_1_788' title='bbox 2793 5106 3064 5178; x_wconf 66' lang='lat' dir='ltr'><strong>Aigyptii,</strong></span> <span class='ocrx_word' id='word_1_789' title='bbox 3113 5121 3212 5162; x_wconf 90' lang='lat' dir='ltr'><strong>nec</strong></span> <span class='ocrx_word' id='word_1_790' title='bbox 3254 5106 3343 5175; x_wconf 89' lang='lat' dir='ltr'><strong>qui</strong></span> <span class='ocrx_word' id='word_1_791' title='bbox 3391 5121 3519 5177; x_wconf 91' lang='lat' dir='ltr'><strong>pro—</strong></span> 
     </span>
    </p>
   </div>
   <div class='ocr_carea' id='block_1_109' title="bbox 1914 5198 3519 5276">
    <p class='ocr_par' dir='ltr' id='par_1_109' title="bbox 1914 5198 3519 5276">
     <span class='ocr_line' id='line_1_109' title="bbox 1914 5198 3519 5276; baseline -0.002 -21"><span class='ocrx_word' id='word_1_792' title='bbox 1914 5205 2105 5276; x_wconf 78' lang='lat' dir='ltr'><strong>phetas</strong></span> <span class='ocrx_word' id='word_1_793' title='bbox 2157 5212 2525 5273; x_wconf 84' lang='lat' dir='ltr'><strong>agnoverunt,</strong></span> <span class='ocrx_word' id='word_1_794' title='bbox 2570 5201 2708 5256; x_wconf 89' lang='lat' dir='ltr'><strong>ullos</strong></span> <span class='ocrx_word' id='word_1_795' title='bbox 2767 5199 3019 5255; x_wconf 89' lang='lat' dir='ltr'><strong>docuisse</strong></span> <span class='ocrx_word' id='word_1_796' title='bbox 3084 5198 3338 5254; x_wconf 89' lang='lat' dir='ltr'><strong>arbitror.</strong></span> <span class='ocrx_word' id='word_1_797' title='bbox 3405 5198 3519 5253; x_wconf 79' lang='lat' dir='ltr'><strong>Eli-</strong></span> 
     </span>
    </p>
   </div>
   <div class='ocr_carea' id='block_1_110' title="bbox 1916 5278 3516 5352">
    <p class='ocr_par' dir='ltr' id='par_1_110' title="bbox 1916 5278 3516 5352">
     <span class='ocr_line' id='line_1_110' title="bbox 1916 5278 3516 5352; baseline -0.004 0"><span class='ocrx_word' id='word_1_798' title='bbox 1916 5311 2082 5352; x_wconf 61' lang='lat' dir='ltr'><strong>satum</strong></span> <span class='ocrx_word' id='word_1_799' title='bbox 2112 5294 2267 5349; x_wconf 91' lang='lat' dir='ltr'><strong>latuit</strong></span> <span class='ocrx_word' id='word_1_800' title='bbox 2293 5278 2645 5351; x_wconf 73' lang='lat' dir='ltr'><strong>Sunamiiidis</strong></span> <span class='ocrx_word' id='word_1_801' title='bbox 2674 5292 3046 5347; x_wconf 90' lang='lat' dir='ltr'><strong>infortunium.</strong></span> <span class='ocrx_word' id='word_1_802' title='bbox 3082 5292 3328 5346; x_wconf 83' lang='lat' dir='ltr'><strong>llumano</strong></span> <span class='ocrx_word' id='word_1_803' title='bbox 3352 5288 3516 5346; x_wconf 87' lang='lat' dir='ltr'><strong>etiam</strong></span> 
     </span>
    </p>
   </div>
   <div class='ocr_carea' id='block_1_111' title="bbox 1915 5382 3513 5458">
    <p class='ocr_par' dir='ltr' id='par_1_111' title="bbox 1915 5382 3513 5458">
     <span class='ocr_line' id='line_1_111' title="bbox 1915 5382 3513 5458; baseline -0.003 -14"><span class='ocrx_word' id='word_1_804' title='bbox 1915 5388 2107 5458; x_wconf 77' lang='lat' dir='ltr'><strong>Spiritu</strong></span> <span class='ocrx_word' id='word_1_805' title='bbox 2139 5387 2306 5442; x_wconf 88' lang='lat' dir='ltr'><strong>edidit</strong></span> <span class='ocrx_word' id='word_1_806' title='bbox 2349 5387 2602 5442; x_wconf 89' lang='lat' dir='ltr'><strong>nonnulla</strong></span> <span class='ocrx_word' id='word_1_807' title='bbox 2633 5385 3008 5441; x_wconf 89' lang='lat' dir='ltr'><strong>sanctissimus</strong></span> <span class='ocrx_word' id='word_1_808' title='bbox 3039 5384 3355 5456; x_wconf 86' lang='lat' dir='ltr'><strong>Apostolus.</strong></span> <span class='ocrx_word' id='word_1_809' title='bbox 3394 5382 3513 5440; x_wconf 83' lang='lat' dir='ltr'><strong>Non</strong></span> 
     </span>
    </p>
   </div>
   <div class='ocr_carea' id='block_1_112' title="bbox 1915 5477 3516 5552">
    <p class='ocr_par' dir='ltr' id='par_1_112' title="bbox 1915 5477 3516 5552">
     <span class='ocr_line' id='line_1_112' title="bbox 1915 5477 3516 5552; baseline -0.003 -14"><span class='ocrx_word' id='word_1_810' title='bbox 1915 5490 1998 5538; x_wconf 90' lang='lat' dir='ltr'><strong>est</strong></span> <span class='ocrx_word' id='word_1_811' title='bbox 2049 5480 2210 5552; x_wconf 87' lang='lat' dir='ltr'><strong>igitur</strong></span> <span class='ocrx_word' id='word_1_812' title='bbox 2263 5480 2539 5551; x_wconf 74' lang='lat' dir='ltr'><strong>propheta:</strong></span> <span class='ocrx_word' id='word_1_813' title='bbox 2591 5478 2726 5534; x_wconf 86' lang='lat' dir='ltr'><strong>fides</strong></span> <span class='ocrx_word' id='word_1_814' title='bbox 2772 5479 2823 5533; x_wconf 91' lang='lat' dir='ltr'><strong>in</strong></span> <span class='ocrx_word' id='word_1_815' title='bbox 2859 5479 3076 5534; x_wconf 87' lang='lat' dir='ltr'><strong>dubium</strong></span> <span class='ocrx_word' id='word_1_816' title='bbox 3128 5477 3407 5545; x_wconf 85' lang='lat' dir='ltr'><strong>vocanda,</strong></span> <span class='ocrx_word' id='word_1_817' title='bbox 3470 5479 3516 5533; x_wconf 89' lang='lat' dir='ltr'><strong>si</strong></span> 
     </span>
    </p>
   </div>
   <div class='ocr_carea' id='block_1_113' title="bbox 1915 5569 3517 5644">
    <p class='ocr_par' dir='ltr' id='par_1_113' title="bbox 1915 5569 3517 5644">
     <span class='ocr_line' id='line_1_113' title="bbox 1915 5569 3517 5644; baseline -0.001 -18"><span class='ocrx_word' id='word_1_818' title='bbox 1915 5587 2020 5644; x_wconf 88' lang='lat' dir='ltr'><strong>qua</strong></span> <span class='ocrx_word' id='word_1_819' title='bbox 2067 5572 2143 5626; x_wconf 89' lang='lat' dir='ltr'><strong>illi</strong></span> <span class='ocrx_word' id='word_1_820' title='bbox 2203 5571 2512 5628; x_wconf 89' lang='lat' dir='ltr'><strong>humanitus</strong></span> <span class='ocrx_word' id='word_1_821' title='bbox 2556 5569 2697 5624; x_wconf 89' lang='lat' dir='ltr'><strong>dicta</strong></span> <span class='ocrx_word' id='word_1_822' title='bbox 2748 5569 3080 5636; x_wconf 80' lang='lat' dir='ltr'><strong>exciderint,</strong></span> <span class='ocrx_word' id='word_1_823' title='bbox 3138 5570 3239 5624; x_wconf 92' lang='lat' dir='ltr'><strong>hoc</strong></span> <span class='ocrx_word' id='word_1_824' title='bbox 3293 5578 3410 5633; x_wconf 87' lang='lat' dir='ltr'><strong>est,</strong></span> <span class='ocrx_word' id='word_1_825' title='bbox 3461 5570 3517 5624; x_wconf 89' lang='lat' dir='ltr'><strong>in</strong></span> 
     </span>
    </p>
   </div>
   <div class='ocr_carea' id='block_1_114' title="bbox 1917 5653 3511 5737">
    <p class='ocr_par' dir='ltr' id='par_1_114' title="bbox 1917 5653 3511 5737">
     <span class='ocr_line' id='line_1_114' title="bbox 1917 5653 3511 5737; baseline -0.001 -15"><span class='ocrx_word' id='word_1_826' title='bbox 1917 5665 1983 5722; x_wconf 88' lang='lat' dir='ltr'><strong>iis</strong></span> <span class='ocrx_word' id='word_1_827' title='bbox 2031 5682 2152 5737; x_wconf 60' lang='lat' dir='ltr'><strong>qua:</strong></span> <span class='ocrx_word' id='word_1_828' title='bbox 2208 5683 2307 5723; x_wconf 90' lang='lat' dir='ltr'><strong>nec</strong></span> <span class='ocrx_word' id='word_1_829' title='bbox 2348 5668 2464 5737; x_wconf 87' lang='lat' dir='ltr'><strong>ipse</strong></span> <span class='ocrx_word' id='word_1_830' title='bbox 2512 5664 2735 5737; x_wconf 87' lang='lat' dir='ltr'><strong>Spiritui</strong></span> <span class='ocrx_word' id='word_1_831' title='bbox 2791 5666 2915 5733; x_wconf 87' lang='lat' dir='ltr'><strong>Dei,</strong></span> <span class='ocrx_word' id='word_1_832' title='bbox 2981 5665 3076 5720; x_wconf 90' lang='lat' dir='ltr'><strong>sed</strong></span> <span class='ocrx_word' id='word_1_833' title='bbox 3132 5681 3230 5720; x_wconf 90' lang='lat' dir='ltr'><strong>suo</strong></span> <span class='ocrx_word' id='word_1_834' title='bbox 3284 5653 3511 5734; x_wconf 69' lang='lat' dir='ltr'><strong>potius,</strong></span> 
     </span>
    </p>
   </div>
   <div class='ocr_carea' id='block_1_115' title="bbox 1920 5756 3514 5832">
    <p class='ocr_par' dir='ltr' id='par_1_115' title="bbox 1920 5756 3514 5832">
     <span class='ocr_line' id='line_1_115' title="bbox 1920 5756 3514 5832; baseline -0.003 -16"><span class='ocrx_word' id='word_1_835' title='bbox 1920 5759 2127 5817; x_wconf 87' lang='lat' dir='ltr'><strong>tribuit.</strong></span> <span class='ocrx_word' id='word_1_836' title='bbox 2163 5760 2232 5817; x_wconf 84' lang='lat' dir='ltr'><strong>Ut</strong></span> <span class='ocrx_word' id='word_1_837' title='bbox 2272 5761 2319 5816; x_wconf 90' lang='lat' dir='ltr'><strong>si</strong></span> <span class='ocrx_word' id='word_1_838' title='bbox 2347 5760 2641 5832; x_wconf 82' lang='lat' dir='ltr'><strong>Apostolus</strong></span> <span class='ocrx_word' id='word_1_839' title='bbox 2686 5758 2737 5814; x_wconf 91' lang='lat' dir='ltr'><strong>in</strong></span> <span class='ocrx_word' id='word_1_840' title='bbox 2784 5759 2846 5814; x_wconf 88' lang='lat' dir='ltr'><strong>iis</strong></span> <span class='ocrx_word' id='word_1_841' title='bbox 2885 5773 3005 5829; x_wconf 69' lang='lat' dir='ltr'><strong>quze</strong></span> <span class='ocrx_word' id='word_1_842' title='bbox 3053 5771 3143 5825; x_wconf 89' lang='lat' dir='ltr'><strong>se,</strong></span> <span class='ocrx_word' id='word_1_843' title='bbox 3189 5771 3295 5814; x_wconf 92' lang='lat' dir='ltr'><strong>non</strong></span> <span class='ocrx_word' id='word_1_844' title='bbox 3333 5756 3514 5812; x_wconf 90' lang='lat' dir='ltr'><strong>Domi-</strong></span> 
     </span>
    </p>
   </div>
  </div>
