3990 6060
417 222 486 280 27
1375 221 1744 280 DODWELLI
1784 221 2236 282 DISSEBTATIO
2270 221 2685 280 CYPRIANICA
3643 226 3713 282 28

419 354 548 396 num
597 339 800 400 hortari
842 342 1082 409 monuit,
1147 350 1413 410 errasset;
1460 357 1571 399 non
1626 343 1811 399 debuit
1858 344 1912 398 id
1958 343 2010 398 in
2037 345 2091 405 Α
2117 339 2458 394 revelaverat
2501 339 2757 410 Spiritus.
2789 338 3128 411 Colligebant
3159 343 3338 414 potius
3365 357 3432 399 ex
3465 353 3573 399 tam
3605 343 3716 400 fre-

419 433 662 490 fraudem
727 435 924 494 cedere
988 437 1214 493 aliarum
1258 438 1375 508 ejus
1428 439 1851 508 prophetiarum.
1909 438 2013 494 Ne—

420 543 527 598 que
553 543 684 584 vero
717 529 788 584 ita
820 531 1024 585 incerta
1051 540 1168 594 est,
1204 540 1262 586 ut
1291 532 1459 588 voluit
1499 531 1753 601 profanus
1778 531 2014 585 Theolo—

418 619 780 690 gicmPolitici
844 632 1063 688 auctor,
1117 624 1310 680 horum
1371 625 1648 694 utriusque
1715 623 2010 680 distinctio.

421 714 541 781 Quo
595 713 716 772 loco
773 715 1077 770 cautionem
1126 718 1564 788 interposuerunt
1603 720 1742 772 sacri
1789 720 2016 789 scripto-

421 823 542 874 res,
593 823 655 864 ea
698 811 824 877 ipsa,
861 808 1042 864 cautio
1087 810 1300 880 signum
1347 822 1492 878 erat,
1539 813 1853 880 excipienda
1893 829 2017 868 esse

422 900 539 957 sola
587 899 654 955 de
703 900 899 968 quibus
960 900 1136 958 fuerat
1200 913 1448 969 cautum,
1527 905 1730 975 reliqua
1789 904 1856 959 de
1916 905 2020 959 alio

423 1009 545 1050 esse
590 995 783 1064 Spiritu
816 995 1184 1067 intelligenda.
1218 997 1289 1052 Ita
1321 1000 1442 1067 quia
1476 999 1527 1052 in
1563 999 1778 1067 scriptis
1819 999 2020 1069 episto—

422 1089 518 1155 lis,
565 1090 610 1145 si
675 1105 779 1161 qua
837 1105 936 1146 suo
989 1092 1181 1161 spiritu
1231 1093 1543 1162 protulisset
1595 1092 1922 1163 Apostolus.
1969 1093 2020 1147 id

425 1187 601 1255 ipsum
673 1183 903 1239 duxerat
959 1200 1082 1240 esse
1144 1186 1506 1249 monendum,
1563 1188 1720 1254 plane
1777 1186 2023 1255 sequitur

426 1275 760 1347 reliquorum
826 1285 1101 1332 auctorem
1141 1277 1381 1332 divinum
1451 1279 1709 1346 Spiritum
1760 1293 1880 1332 esse
1921 1277 2020 1332 ha-

426 1367 683 1424 bendum.
743 1369 944 1424 Contra
972 1371 1095 1439 quia
1136 1370 1404 1440 lgnatius,
1444 1387 1565 1440 qua:
1596 1371 1776 1424 divino
1820 1368 2021 1437 Spiritu

425 1468 646 1514 auctore
717 1459 918 1526 edidit,
979 1476 1166 1516 eorum
1236 1462 1454 1516 disertis
1515 1462 1694 1516 verbis
1763 1461 2022 1531 Spiritum

425 1560 700 1608 auctorem
732 1552 1086 1622 praeferebat,
1119 1553 1172 1609 id
1203 1569 1415 1625 quoque
1436 1555 1704 1624 sequitur,
1739 1555 1801 1607 iis
1825 1569 2024 1622 excep-

426 1645 526 1709 tis,
562 1644 767 1714 reliqua
811 1647 1021 1714 privato
1066 1661 1186 1701 esse
1225 1647 1412 1717 lgnatii
1453 1647 1665 1716 spiritui
1715 1646 2018 1701 tribuenda.

2121 432 2308 500 qttcnti
2355 443 2724 487 extremorum
2759 443 3064 504 temporum
3105 436 3380 492 mentione
3408 437 3462 491 in
3503 437 3720 494 Veteris

2121 524 2455 582 Tcstamenti
2487 527 2819 597 prophetiis,
2859 529 3071 598 quoties
3098 531 3166 584 de
3195 531 3358 586 rebus
3398 532 3722 600 evangelicis

2123 619 2364 674 occurrit
2408 620 2614 674 mentio
2636 661 2652 687 ,
2682 637 2802 691 qua:
2834 631 3011 677 tamen
3044 622 3110 677 de
3147 623 3377 693 judaicm
3408 626 3725 680 oeconomiae

2123 713 2322 767 ultimis
2367 715 2698 784 temporibus
2747 715 2878 770 satis
2927 717 3210 772 commode
3260 727 3506 787 poterant
3559 719 3723 774 intel-

2123 805 2236 874 ligi.
2294 805 2530 861 Omnino
2569 822 2782 878 aequum
2817 823 2922 862 non
2953 818 3036 862 cst
3074 820 3133 863 ut
3178 809 3300 865 illos
3330 811 3604 865 hominum
3636 827 3722 866 er-

2125 912 2279 952 rores
2329 899 2551 967 Spiritui
2607 899 2936 969 imputemus
2986 916 3123 971 quos
3176 917 3278 957 nec
3325 903 3440 972 ipse
3489 903 3723 970 Spiritus

2125 1001 2438 1060 susceperat
2467 992 2848 1062 corrigendos;
2881 1009 2979 1048 nec
3008 994 3057 1048 id
3086 995 3259 1063 ipsum
3291 995 3604 1049 asserebant
3631 995 3724 1064 qui

2125 1085 2194 1140 ab
2239 1086 2329 1140 illo
2374 1086 2752 1154 Spirituafllati
2785 1097 2974 1152 erant,
3002 1103 3123 1142 esse
3148 1088 3200 1141 id
3231 1103 3260 1141 a
3308 1089 3497 1157 spiritu
3541 1102 3726 1142 susce-

2129 1187 2295 1246 ptum.
2353 1178 2687 1248 Suppetebat
2742 1179 2957 1233 interim
3013 1181 3144 1233 satis
3189 1187 3336 1234 certa
3387 1180 3510 1242 illa,
3562 1195 3723 1250 quam

2126 1267 2392 1332 diximus,
2443 1269 2721 1338 judicantli
2755 1271 2913 1325 ratio.
2965 1271 3018 1326 Si
3051 1272 3192 1326 enim
3238 1273 3322 1326 vel
3354 1273 3565 1326 Illorum
3597 1288 3721 1341 qua:

2128 1363 2410 1431 perspicua
2446 1371 2632 1426 erant,
2683 1377 2786 1418 nec
2845 1363 3014 1417 ullum
3061 1363 3332 1418 habebant
3381 1365 3728 1419 obscuritatis

2127 1455 2420 1526 effugium,
2454 1471 2685 1527 qumque
2726 1457 2952 1526 spiritus
3006 1458 3223 1514 nomine
3269 1467 3452 1512 essent
3497 1473 3526 1510 a
3567 1480 3730 1513 πνευ·

2128 1559 2363 1622 ματικοῐς
2395 1550 2669 1606 venditata
2695 1591 2710 1615 ,
2752 1561 3015 1620 perpetuo
3045 1551 3332 1606 constabat
3365 1550 3496 1606 fides
3518 1594 3531 1617 ,
3567 1567 3665 1606 nec
3693 1567 3725 1604 a

2129 1657 2188 1698 se
2230 1644 2380 1698 ullibi
2414 1643 2743 1700 dissentiens
2767 1687 2782 1711 ,
2809 1645 2861 1698 id
2894 1645 3066 1715 ipsum
3096 1656 3415 1716 argumento
3440 1653 3558 1701 erat
3593 1645 3726 1700 satis

501 1737 530 1812 ᾗ
571 1737 661 1793 '55.
685 1767 755 1777 —-
776 1737 881 1792 Sed
912 1748 967 1794 et
993 1739 1043 1793 id
1073 1740 1383 1798 existimant
1408 1741 1672 1806 nonnulli,
1693 1755 1851 1796 veros
1873 1739 2026 1794 affla-
2055 1748 2102 1808 Β
2129 1735 2418 1790 manifesto
2461 1745 2517 1791 et
2568 1737 2758 1806 spiritu
2802 1735 3016 1792 afflatos
3053 1752 3177 1793 esse
3217 1737 3306 1805 qui
3337 1752 3400 1792 ea
3454 1736 3730 1806 praedixe-

427 1839 619 1902 tosque
663 1831 754 1886 Dei
785 1832 988 1902 Spiritu
1026 1833 1354 1904 prophetas,
1400 1835 1452 1889 in
1504 1833 1861 1889 revelatorum
1905 1848 2022 1888 nia-

429 1921 777 1982 nifestatione
806 1938 906 1980 suo
932 1940 1053 1980 esse
1083 1927 1294 1996 Spiritui
1329 1928 1654 1997 permissos,
1700 1938 1756 1982 ιιι
1796 1944 1892 1997 pro
1925 1944 2023 1982 suo

429 2025 587 2089 captu
632 2032 695 2072 ea
725 2018 844 2076 aliis
875 2021 1297 2087 ennuntiarent,
1348 2021 1438 2091 qui
1483 2021 1621 2076 alius
1668 2030 1784 2077 erat
1830 2021 1882 2076 in
1915 2021 2023 2075 alio

429 2109 693 2166 excultior
730 2119 893 2181 atque
920 2113 1256 2168 exornatior.
1297 2111 1352 2168 Si
1395 2114 1574 2182 itaque
1621 2114 1672 2167 in
1728 2113 1889 2167 rebus
1929 2112 2025 2168 ob-

430 2203 534 2258 iter
563 2202 816 2258 notandis
836 2245 850 2270 ,
874 2219 975 2259 nec
1005 2204 1073 2260 ad
1102 2204 1432 2276 praecipuum
1456 2205 1757 2275 proplietire
1779 2221 2022 2275 scopum,

429 2296 716 2368 quicquam
778 2296 1132 2365 facientibus,
1184 2299 1296 2353 sive
1354 2313 1466 2352 sua:
1516 2299 1794 2354 memoriae
1835 2299 2022 2370 lapsu,

431 2389 545 2442 sive
581 2388 707 2443 dum
750 2404 811 2445 se
855 2390 1160 2446 auditorum
1187 2393 1430 2446 erroneis
1475 2392 1692 2461 quidem
1745 2392 1880 2456 illis,
1931 2392 2027 2447 sed

431 2481 670 2550 receptis
702 2490 880 2538 tamen
931 2484 1261 2554 pra-judiciis
1309 2484 1757 2553 accommodant,
1792 2500 1912 2553 quae
1943 2494 2026 2540 ta-

435 2589 559 2630 men
597 2586 755 2635 erant
793 2578 1348 2645 argumentationibus
1368 2621 1383 2642 ,
1415 2594 1574 2649 quam
1617 2579 1728 2648 ipsa
1758 2579 1990 2634 revelata
2011 2620 2026 2645 ,

433 2669 878 2744 magisidonea,
926 2672 1050 2741 quia
1082 2670 1197 2727 base
1249 2672 1523 2742 probanda
1553 2683 1741 2737 erant,
1799 2674 1901 2728 illis
1955 2673 2032 2728 uti

434 2769 682 2831 poterant
723 2771 779 2816 ut
833 2765 1104 2818 concessis
1163 2783 1176 2818 :
1227 2764 1271 2818 si
1323 2765 1373 2819 in
1422 2763 1506 2819 his
1541 2765 1755 2834 inquam
1807 2763 2032 2822 balinei-

435 2855 545 2919 nati
569 2865 783 2922 essent,
833 2873 902 2912 ne
953 2858 998 2912 is
1028 2857 1246 2927 quidem
1274 2873 1428 2914 error
1459 2869 1602 2914 esset
1641 2859 1854 2930 spiritui
1903 2875 2030 2930 pro-

436 2945 656 3018 phetico
721 2949 1086 3020 imputandus.
1145 2950 1302 3016 Quod
1362 2951 1539 3022 itaque
1602 2967 1700 3022 pro
1773 2951 2032 3008 Zarharia

435 3039 723 3104 Jeremiatn
754 3043 932 3098 laudat
961 3043 1301 3113 Evangelista
1325 3063 1340 3110 ;
1383 3044 1524 3113 quod
1549 3044 1656 3100 £50
1687 3061 1858 3100 annos
1884 3044 2035 3100 .lutli-

2129 1837 2281 1894 rant,
2315 1826 2612 1898 etquidem
2637 1829 2986 1884 veracissimo
3014 1828 3104 1883 illo
3149 1837 3309 1898 atque
3347 1827 3484 1882 adeo
3510 1827 3727 1891 divino,

2129 1933 2186 1978 ιιι
2227 1924 2452 1992 proinde
2531 1932 2751 1990 essent,
2809 1925 2862 1978 in
2925 1922 3044 1978 aliis
3109 1938 3324 1994 quoque
3391 1921 3727 1988 manifestis,

2127 2016 2458 2086 spiritusque
2502 2016 2720 2071 nomine
2770 2014 3054 2070 manifesto
3096 2015 3423 2081 venditatis,
3479 2014 3730 2069 similiter

2126 2111 2407 2166 credendi.
2466 2111 2522 2165 Si
2571 2121 2760 2165 eontra
2821 2111 3228 2180 perspicuorum
3288 2109 3447 2164 fidem
3503 2117 3730 2163 eventus

2127 2205 2436 2272 fefellisset,
2455 2206 2509 2260 id
2539 2207 2673 2262 satis
2692 2216 2810 2262 erat
2837 2206 2904 2261 ad
2922 2206 3181 2262 similium
3205 2205 3541 2275 reliquorum
3563 2204 3723 2259 ﬁdem

2131 2300 2496 2372 abrogandam
2509 2339 2523 2354 .

2201 2393 2230 2463 ᾗ
2260 2393 2350 2448 58.
2373 2424 2441 2434 -—
2465 2393 2628 2449 liecte
2665 2393 2879 2464 quidem
2915 2394 3211 2463 hucusque,
3244 2394 3295 2448 ni
3329 2394 3504 2457 fallor,
3533 2394 3728 2449 obscu-

2131 2500 2311 2539 rarum
2343 2485 2745 2554 prophetiarum
2793 2486 2955 2540 fidem
2986 2503 3050 2542 ex
3095 2486 3394 2542 manifestis
3432 2486 3725 2540 confirma-

2131 2579 2307 2634 vimus
2325 2621 2338 2644 ,
2367 2593 2486 2634 eum
2511 2578 2754 2646 ejusdem
2780 2579 3058 2649 prophetae
3089 2580 3317 2634 fuissent
3343 2578 3588 2634 obscurae
3616 2577 3726 2632 illa:

2133 2673 2288 2740 cujus
2319 2671 2637 2726 manifestte.
2688 2671 2906 2738 Quteret
2956 2683 3135 2731 autem
3181 2675 3412 2728 fortasse
3437 2715 3453 2739 ,
3491 2687 3593 2727 nec
3630 2671 3730 2726 im-

2135 2766 2326 2822 merito
2347 2807 2360 2830 ,
2394 2767 2586 2831 lector,
2615 2781 2736 2822 eum
2767 2765 2835 2820 ad
2862 2765 3110 2822 diversos
3138 2765 3242 2820 illa:
3281 2767 3580 2836 prophetia:
3610 2781 3733 2836 per-

2135 2859 2400 2924 tinerent,
2444 2866 2500 2910 ut
2523 2858 2746 2912 alterius
2778 2856 3079 2911 manifesta:
3137 2866 3355 2922 essent,
3385 2857 3611 2912 alterius
3639 2858 3737 2913 0b-

2136 2965 2307 3008 scurze
2337 2964 2560 3013 omnes,
2593 2949 2752 3004 nulla:
2801 2950 3133 3015 manifestae,
3165 2963 3272 3019 quo
3305 2957 3464 3018 pacto
3503 2958 3726 3018 essent,

2138 3044 2192 3099 in
2235 3058 2300 3099 eo
2340 3058 2504 3108 casu,
2560 3043 2806 3098 obseura:
2861 3059 2890 3096 a
2927 3044 3225 3098 manifestis
3269 3044 3736 3114 comprobandze?

437 3134 609 3200 cibus,
659 3135 732 3192 60
776 3136 922 3192 Sauli
975 3139 1171 3194 tribuat
1214 3139 1531 3208 Apostolus,
1580 3138 1722 3210 quod
1764 3139 2027 3194 incertum
2057 3146 2102 3208 ί]
2137 3137 2352 3196 Poterat
2380 3137 2596 3206 quidem
2627 3153 2691 3191 ex
2732 3135 2938 3190 indubii
2981 3136 3258 3205 prophetat
3289 3137 3598 3191 testimonio
3630 3135 3736 3191 du-

439 3226 732 3282 stadiorum
780 3243 1060 3290 numerum
1105 3240 1368 3284 memorat
1409 3231 1463 3286 S.
1514 3230 1721 3292 Lucas.
1768 3231 2032 3286 incertum

439 3319 838 3389 Baptizatorum
891 3323 946 3378 S.
1004 3324 1228 3390 Paulus;
1296 3326 1454 3394 plane
1529 3326 1757 3379 innuunt
1817 3324 2033 3378 relictas

440 3428 560 3470 esse
601 3415 920 3486 scriptorum
977 3417 1223 3474 humanis
1281 3419 1528 3487 eaptihus
1570 3417 1885 3486 huiusmodi
1933 3419 2033 3472 titi-

441 3507 647 3570 nutias,
691 3523 791 3564 nec
833 3524 954 3564 esse
995 3517 1274 3580 propterea
1317 3509 1461 3580 quod
1505 3510 1558 3565 in
1590 3508 1850 3581 Spiritum
1899 3509 2035 3564 divi—

441 3617 566 3660 num
605 3601 927 3658 referantur.

516 3696 544 3766 §
577 3695 741 3751 56.—
757 3695 850 3752 Est
879 3706 931 3751 et
957 3696 1102 3752 aliud
1130 3697 1434 3766 exemplum
1462 3696 1514 3751 in
1547 3712 1652 3767 quo
1683 3711 1788 3750 non
1821 3695 2037 3750 illorum

442 3789 605 3844 modo
659 3791 747 3859 qui
815 3790 1125 3861 prophetias
1163 3790 1474 3856 audissent,
1529 3790 1627 3845 sed
1681 3801 1735 3845 et
1797 3790 2035 3857 ipsorum

442 3898 656 3954 quoque
707 3885 1092 3955 prephetarum
1151 3885 1394 3953 irrepere
1441 3885 1646 3953 possint
1704 3898 1947 3947 errores,
1984 3882 2037 3936 in

445 3977 850 4049 prophetiarum
899 3979 1104 4033 scilicet
1153 3977 1505 4032 obscurarum
1574 3974 2034 4044 interpretatione.

446 4071 614 4127 Erant
643 4071 788 4127 enim
831 4071 1107 4126 nonnulla:
1138 4069 1434 4140 prophetia:
1473 4077 1623 4123 certo
1649 4068 1880 4138 quodam
1921 4067 2040 4137 Spi-

445 4166 580 4224 ritus
625 4165 882 4232 consilio,
947 4165 1020 4220 ita
1064 4164 1348 4228 obscurae,
1403 4170 1592 4218 utnon
1649 4172 1870 4232 possent
1925 4161 2044 4215 sine

446 4258 549 4314 alia
589 4257 918 4312 revelatione
969 4257 1226 4328 intelligi;
1277 4266 1332 4312 ut
1379 4256 1565 4325 prima:
1618 4270 1726 4311 non
1777 4254 1942 4309 alium
1989 4254 2041 4307 in

449 4351 608 4406 ﬁnem
653 4349 792 4404 datm
842 4347 1184 4415 viderentur,
1233 4364 1392 4418 quam
1448 4358 1503 4403 ut
1567 4358 1876 4403 sanctorum
1929 4360 2045 4416 pro-

449 4441 734 4512 phetarum
779 4441 1147 4496 curiositatem
1197 4440 1637 4510 diligentiamque
1667 4455 1763 4510 pro
1791 4439 2046 4494 secundis

2137 3231 2258 3288 bius
2284 3230 2676 3288 commendari.
2708 3230 2840 3286 Erat
2867 3238 3047 3288 tamen
3075 3241 3128 3285 et
3155 3230 3258 3284 alia
3304 3229 3568 3299 probandi
3601 3229 3736 3284 ratio

2135 3343 2165 3378 a
2189 3325 2464 3381 comnmni
2489 3326 2712 3394 spiritus
2743 3326 2952 3380 unitate
2981 3327 3169 3394 petita.
3214 3327 3293 3383 lta
3319 3327 3462 3380 enim
3495 3341 3561 3381 ex
3593 3325 3735 3379 illius

2135 3419 2236 3478 avi
2301 3419 2579 3489 principiis
2648 3419 2798 3474 licuit
2849 3420 3250 3489 argumentari,
3310 3421 3400 3490 qui
3457 3419 3524 3474 ad
3574 3434 3737 3474 unam

2138 3513 2489 3585 eamdemque
2514 3516 2952 3570 communionem
2974 3516 3336 3584 pertinerent,
3357 3530 3544 3570 eorum
3573 3530 3736 3569 unum

2139 3622 2261 3664 esse
2295 3608 2580 3676 Spiritum,
2613 3623 2676 3663 ex
2721 3608 2911 3664 iisdem
2954 3609 3340 3675 sacramentis,
3397 3607 3586 3664 iisdem
3633 3609 3741 3663 sei-

2141 3703 2266 3762 licet
2314 3704 2500 3774 gratia:
2525 3703 2835 3770 canalibus,
2869 3703 3222 3774 ejusdemque
3269 3703 3499 3758 instituti
3540 3703 3739 3758 virtute

2141 3796 2467 3852 derivatum.
2503 3796 2615 3853 Nec
2635 3814 2696 3854 ea
2732 3797 3015 3853 dumtaxat
3069 3797 3307 3866 generali
3356 3798 3565 3852 ratione
3603 3810 3739 3851 con-

2141 3892 2432 3947 eludebant
2463 3908 2626 3946 unum
2656 3907 2778 3948 esse
2818 3893 2977 3947 unius
3009 3891 3407 3946 communionis
3453 3891 3702 3960 spiritum
3722 3931 3738 3956 ,

2143 3987 2290 4058 quod
2327 3987 2440 4056 pari
2476 3987 2686 4042 ratione
2725 3986 2916 4042 fuisset
2961 3986 3151 4042 iisdem
3187 3985 3542 4040 sacramentis
3578 3983 3744 4038 colla-

2146 4093 2233 4136 tus
2252 4123 2268 4146 ,
2298 4096 2418 4151 qua:
2443 4077 2566 4136 etim
2598 4080 2844 4151 symbola
2873 4091 3058 4136 essent
3079 4090 3354 4136 certorum
3381 4077 3742 4150 quorutndam

2146 4175 2509 4246 legaliumqne
2536 4184 2816 4244 pactorum
2838 4214 2854 4240 ,
2885 4173 2952 4229 de
2980 4174 3099 4244 ipso
3137 4173 3232 4228 illo
3258 4173 3512 4227 nimirum
3549 4170 3744 4240 spiritu

2148 4267 2514 4333 conferendo,
2546 4281 2652 4320 non
2681 4273 2931 4336 poterant
2965 4280 3098 4320 sane
3139 4265 3276 4319 alios
3305 4263 3544 4334 obligare
3581 4275 3744 4332 quam

2148 4375 2380 4430 quorum
2410 4359 2502 4414 illa
2541 4369 2725 4414 essent
2769 4358 3044 4429 symbolo,
3085 4367 3144 4412 ut
3188 4373 3294 4413 non
3350 4356 3521 4426 possit
3572 4354 3746 4409 malus

2150 4455 2374 4524 spiritus
2420 4454 2474 4508 in
2521 4454 2771 4508 homines
2814 4453 3058 4521 irrepere
3104 4450 3209 4506 nisi
3239 4452 3330 4520 qui
3360 4449 3595 4504 vicissim
3623 4462 3750 4504 eum

451 4536 800 4607 impetrandis
826 4537 1143 4592 excitarent.
1187 4534 1242 4591 ld
1275 4536 1519 4592 videmus
1560 4535 1612 4590 in
1650 4535 1870 4591 Daniele
1909 4550 2046 4605 prae-
2069 4548 2124 4607 1)
2147 4562 2216 4602 θα
2243 4547 2382 4617 paci;
2409 4554 2622 4610 essent;
2669 4560 2768 4600 nec
2806 4559 2939 4600 vero
2963 4558 3088 4598 cum
3119 4543 3216 4597 illo
3265 4542 3465 4610 pacisci
3496 4539 3749 4597 homines

451 4632 638 4701 cipue,
689 4631 744 4686 in
782 4647 888 4702 quo
928 4631 1182 4701 frequens
1233 4640 1315 4687 est
1358 4630 1716 4688 secundarum
1777 4631 2048 4688 visionum

453 4741 549 4796 pro
600 4726 896 4796 primarum
953 4727 1404 4796 interpretatione
1456 4727 1678 4782 mentio.
1741 4725 1797 4781 Si
1869 4727 2049 4796 itaque

453 4830 579 4878 ante
614 4821 882 4877 secundas
910 4821 1149 4876 visiones
1181 4821 1296 4892 ipse
1326 4822 1529 4890 primas
1555 4836 1718 4877 ausus
1748 4821 1938 4878 fuisset
1970 4823 2052 4876 in-

458 4914 775 4982 terpretari,
838 4912 1076 4968 humano
1133 4913 1376 4978 omnino,
1422 4928 1530 4967 non
1582 4913 1785 4978 divino,
1838 4914 2052 4982 spiritui

457 5006 749 5062 tribuenda
791 5007 983 5064 fuisset
1027 5005 1336 5062 istiusmodi
1380 5006 1791 5076 interpretatio,
1837 5016 1894 5062 ut
1925 5022 2053 5076 pro-

460 5098 586 5161 inde
608 5099 726 5168 ejus
756 5112 909 5155 error
929 5142 943 5166 ,
977 5100 1023 5154 si
1051 5099 1171 5170 quis
1193 5098 1385 5154 fuisset
1408 5139 1424 5164 ,
1453 5099 1790 5170 iniquissime
1820 5110 1967 5157 esset
1995 5101 2047 5156 in

461 5193 723 5263 Spiritum
745 5201 992 5247 sanctum
1036 5193 1373 5250 referendus.

536 5286 566 5359 ᾗ
597 5285 926 5342 5'1.—ldem
955 5289 1267 5344 statuebant
1288 5295 1496 5344 veteres
1521 5288 1802 5344 christiani
1821 5287 1888 5342 de
1915 5290 2058 5346 scri-

460 5379 567 5451 ptis
611 5393 833 5450 quoque
873 5378 1212 5454 prophetiis,
1267 5380 1440 5438 sicubi
1485 5380 1714 5437 fuissent
1769 5383 2052 5451 obscurae,

460 5475 563 5532 nisi
591 5472 783 5529 eodem
809 5489 917 5545 quo
943 5473 1156 5530 dictata:
1200 5475 1426 5531 fuissent
1468 5477 1662 5545 spiritu
1689 5475 1756 5531 de
1800 5492 1940 5532 novo
1971 5493 2060 5533 re-

463 5567 686 5626 velante
717 5569 1028 5638 neutiquam
1055 5583 1180 5624 esse
1219 5579 1368 5624 certo
1399 5570 1795 5641 intelligendas.
1827 5570 1942 5627 Non
1977 5582 2061 5629 est

465 5662 646 5732 itaque
676 5663 820 5732 quod
861 5663 1122 5720 miremur
1162 5672 1407 5718 veterum
1448 5663 1516 5720 de
1545 5665 1848 5736 propinquo
1878 5665 2064 5721 mundi

469 5756 579 5814 firm
605 5755 1082 5818 hallucinatioues.
1117 5757 1222 5814 Nec
1271 5757 1419 5814 enim
1444 5757 1592 5816 ilium
1636 5759 1858 5816 disertis
1885 5759 2066 5815 verbis

2151 4654 2249 4708 per
2293 4639 2596 4710 symbolaa
2647 4637 2793 4693 bono
2845 4637 3037 4707 spiritu
3094 4635 3421 4699 constituta;
3455 4633 3549 4690 sed
3601 4633 3746 4704 quod

2149 4731 2314 4786 etiam
2344 4731 2565 4802 spiritus
2592 4729 2766 4798 ipsum
2793 4737 2939 4784 esset
2963 4728 3182 4784 unitatis
3213 4726 3264 4782 in
3291 4726 3482 4782 eadem
3503 4740 3750 4781 commu-

2153 4823 2314 4878 nione
2345 4821 2636 4878 vinculum.
2681 4819 2750 4876 Ut
2791 4820 2951 4890 igitur
2979 4835 3047 4875 ex
3076 4819 3165 4874 illa
3209 4818 3463 4875 exteriori
3503 4832 3754 4874 Commu-

2157 4918 2318 4971 nione
2345 4926 2462 4970 erat
2491 4915 2559 4970 de
2581 4916 2791 4970 interna
2819 4914 2983 4969 etiam
3009 4913 3391 4968 communione
3415 4926 3747 4982 praesumen-

2155 5012 2315 5079 dum,
2351 5013 2422 5067 ita
2467 5013 2630 5067 etiam
2660 5012 2983 5082 sequebatur
3023 5013 3113 5083 qui
3161 5010 3477 5067 earumdem
3524 5001 3792 5066 fuissent°

2157 5114 2624 5162 sacramentorum
2703 5105 3031 5175 participes,
3101 5103 3267 5159 fuisse
3340 5102 3501 5158 etiam
3552 5104 3753 5173 pariter

2158 5201 2316 5256 unius
2347 5199 2697 5270 ejusdemque
2721 5199 2944 5268 spiritus
2969 5197 3280 5268 participes.
3304 5196 3434 5250 Data
3462 5209 3590 5266 ergo
3611 5209 3751 5264 prte-

2160 5293 2476 5348 ternaturali
2533 5291 2712 5361 aliqua
2768 5290 3035 5355 motione,
3089 5305 3210 5360 quae
3255 5303 3355 5344 nec
3419 5305 3449 5342 ιι
3491 5301 3758 5357 corporeo

2159 5385 2342 5456 aliquo
2365 5383 2564 5441 affectu
2583 5427 2598 5450 ,
2641 5398 2740 5440 nec
2768 5398 2799 5438 a
2839 5383 3068 5436 naturali
3098 5381 3467 5437 enthusiasmo
3489 5377 3760 5449 proﬁcisci

2162 5487 2403 5548 poterat,
2441 5477 2535 5531 sed
2562 5484 2706 5531 esset
2736 5475 2896 5545 plane
2923 5474 2973 5527 in
3003 5474 3254 5542 spiritum
3295 5472 3528 5541 aliquem
3562 5469 3756 5526 confe-

2162 5571 2360 5634 renda;
2414 5570 2465 5625 id
2515 5571 2759 5641 inprimis
2799 5569 3212 5640 supponendum
3254 5576 3392 5633 erat,
3429 5580 3539 5621 non
3592 5566 3754 5621 alium

2164 5677 2284 5719 esse
2325 5663 2474 5718 iilurn
2519 5664 2765 5733 spiritum
2809 5678 2971 5732 quam
3013 5662 3188 5733 quiin
3244 5660 3465 5730 reliquis
3513 5659 3758 5729 ejusdem

2166 5757 2560 5814 communionis
2606 5755 2861 5814 incudiris
2888 5764 3223 5826 operaretur.
3255 5753 3331 5811 ita
3361 5762 3510 5811 recte
3541 5752 3660 5822 quis
3691 5766 3762 5808 ex
