3990 6060
221 238 303 295 99
1356 233 1447 291 DE
1488 229 1873 293 VISIONIBUS
1912 232 2385 296 PROPHETlClS.
3464 242 3535 299 30

224 354 569 426 reliquorum
599 349 969 409 membrorum
997 349 1537 446 operationibussive
1561 352 1835 428 ἐνεργείαις
1862 355 1913 414 Α
1940 351 2099 413 video
2136 352 2284 424 quod
2319 351 2466 412 athei
2514 352 2761 412 hodierni
2806 354 2931 427 jure
2979 356 3191 446 posgint
3239 356 3536 431 reprehen-

224 448 303 507 de
339 446 506 519 hujus
530 459 748 519 quoque
790 445 1019 503 membri
1072 446 1267 515 spiritu
1307 444 1552 516 judicare
1598 454 1830 513 poterat.

227 540 293 601 Si
320 540 505 609 bonus
528 536 721 595 fuisset
749 538 802 597 in
849 538 1000 607 aliis,
1032 537 1207 595 malus
1246 538 1432 608 utique
1480 538 1532 594 in
1581 538 1684 594 hoc
1712 551 1837 594 esse

229 647 345 701 non
391 630 585 701 potuit.
618 630 753 698 Quae.
780 629 920 687 forte
962 630 1188 687 deerant
1234 631 1290 693 in
1325 630 1429 686 hoc
1467 630 1712 686 membro
1749 645 1837 685 ar—

222 734 485 798 gumenta
522 723 718 795 quibus
756 722 1010 795 distingui
1070 731 1251 793 posset
1301 732 1561 781 utrumne
1614 721 1682 777 ad
1739 722 1837 778 bo-

233 838 433 885 norum
470 830 648 888 esset,
690 836 758 879 an
804 822 983 892 potius
1016 822 1277 879 malorum
1319 837 1543 879 censum
1591 822 1835 879 referen-

236 917 379 981 dus;
434 929 502 972 ea
556 922 734 975 tamen
782 914 839 970 in
883 916 1005 970 aliis
1050 914 1293 985 ejusdem
1342 914 1590 985 corporis
1620 914 1834 986 mystici

236 1008 500 1071 membris
546 1022 656 1065 nou
683 994 924 1067 deerant.
961 1008 1036 1064 lta
1077 1008 1294 1066 tandem
1326 1022 1393 1063 eo
1436 1007 1834 1065 deveniendum

230 1112 355 1160 erat
409 1110 470 1158 ut
521 1100 710 1167 omnia
761 1116 1120 1172 quaecumque
1175 1101 1408 1158 aliorum
1465 1102 1833 1157 membrorum

236 1196 417 1263 dona,
448 1209 544 1257 nec
588 1193 728 1251 dona
769 1193 970 1259 modo,
1023 1194 1120 1251 sed
1164 1204 1220 1251 et
1255 1205 1602 1265 argumenta,
1642 1194 1836 1264 quibus

239 1290 350 1349 hoe
405 1289 581 1365 ipsum
634 1287 837 1345 donum
899 1287 954 1343 in
1003 1288 1125 1345 aliis
1169 1288 1576 1358 comprobatum
1624 1288 1831 1353 luerat;

236 1399 302 1443 ea
335 1398 551 1455 quoque
572 1381 637 1440 ad
666 1381 829 1452 hujus
867 1383 1032 1439 etiam
1079 1382 1241 1439 ﬁdem
1297 1383 1580 1440 referenda
1612 1390 1829 1450 essent,

234 1488 530 1546 utcumque
556 1475 786 1547 propriis
816 1475 1012 1534 luisset
1040 1477 1370 1545 argumentis
1398 1475 1738 1532 destitutum.

304 1570 334 1641 §
362 1570 455 1626 59.
472 1567 612 1623 -ld
637 1578 816 1624 tamen
835 1570 995 1624 etiam
1015 1568 1359 1638 sequebatur,
1379 1570 1583 1625 nullum
1611 1584 1733 1625 esse
1755 1576 1831 1627 ta-

234 1664 366 1723 lium
394 1663 752 1721 obscurarum
781 1662 1189 1734 prophetiarum
1217 1661 1320 1717 nisi
1348 1662 1402 1718 in
1431 1662 1689 1751 Ecclesia}
1868 1691 1881 1752 ξ

1939 446 2088 504 dere.

2014 540 2152 612 540.
2181 570 2253 583 —
2280 541 2358 597 De
2387 542 2689 599 visionibus
2721 551 2899 600 tamen
2928 544 2981 601 id
3002 544 3180 602 obiter
3198 546 3542 604 animadver-

1939 632 2190 699 tendum,
2217 633 2401 689 nescio
2429 649 2499 690 an
2521 634 2590 689 ab
2615 635 2737 690 aliis
2773 636 3207 695 animadversum
3233 681 3250 706 ,
3277 638 3537 708 juvenum

1940 726 2062 782 illas
2085 725 2249 783 fuisse
2271 728 2537 796 proprias.
2560 727 2615 782 Id
2639 743 2673 784 e
2717 728 3072 785 celeberrimo
3098 730 3194 785 illo
3222 730 3389 788 Joells
3414 733 3538 788 loco

1939 818 2136 888 colligo
2172 836 2186 873 :
2219 817 2608 889 Praphetabunt
2625 821 2723 890 ﬁlii
2749 829 2798 874 et
2825 822 2952 890 ﬁlia
2973 832 3190 889 vestra;
3220 838 3365 878 senes
3385 824 3536 879 uestri

1938 910 2139 965 somnia
2176 911 2501 966 somniabunt
2518 953 2531 973 ,
2566 920 2615 966 et
2634 914 2848 984 juvenes
2875 913 3027 967 uestri
3053 913 3269 968 uisiones
3296 914 3537 969 uidebunt

1944 1002 2115 1076 (Just,
2145 1020 2217 1070 tt,
2256 1003 2381 1073 B8).
2433 1004 2597 1060 l‘lane
2639 1006 2864 1061 senibus
2895 1006 2968 1061 ita
3007 1006 3214 1063 somnia
3261 1015 3530 1079 aptantur,

1938 1109 1997 1154 ut
2022 1098 2312 1168 juvenibus
2342 1099 2605 1155 visiones.
2655 1099 2965 1155 Vehemens
3015 1100 3271 1156 nimirum
3302 1101 3390 1156 illa
3437 1101 3536 1158 bu-

1938 1204 2151 1251 morum
2204 1192 2426 1262 agitatio
2480 1206 2587 1247 non
2639 1200 2758 1247 erat
2813 1193 2915 1248 nisi
2984 1192 3038 1247 in
3111 1194 3287 1248 mtatis
3353 1193 3538 1263 vigore

1938 1285 2244 1343 toleranda.
2286 1284 2553 1341 Maximus
2596 1286 2741 1342 enim
2792 1286 3111 1341 imminebat
3144 1287 3198 1341 in
3240 1286 3537 1342 visionibus

1937 1393 1968 1434 a
1997 1378 2129 1433 visis
2158 1387 2362 1442 terror,
2396 1394 2555 1449 quem
2600 1379 2895 1434 etiamnum
2938 1389 3142 1434 tantum
3188 1380 3537 1450 experiuntur

1935 1470 2026 1547 qui
2052 1485 2166 1529 rem
2211 1469 2415 1526 habent
2461 1486 2583 1526 eum
2616 1471 3115 1541 phantasmatibns,
3141 1482 3200 1527 ut
3238 1471 3436 1527 macies
3470 1473 3537 1529 il-

1936 1564 2019 1624 los
2063 1576 2119 1622 et
2159 1565 2334 1638 pallor
2383 1578 2645 1638 occupet,
2678 1570 2988 1640 sensimque
3036 1571 3088 1625 in
3129 1570 3534 1629 vitiosissimam

1936 1659 2193 1745 corporis.
2226 1659 2617 1745 .habitudijterja
2673 1663 2945 1733 erjlciat.
3014 1663 3239 1720 Accedit
3297 1675 3537 1737 κατοχῆς

231 1764 349 1814 tate
400 1755 733 1827 prasidium.
785 1731 1063 1812 “Ut—enim
1108 1754 1218 1812 illae
1271 1770 1370 1812 suo
1419 1731 1640 1832 nomini;
1670 1731 2868 1827 ’ήρἰιςΒ,ῇυέἰᾶάβῖ.νῖοῖῖωὶῖξδὲἶηέ’ὧδεῶ-εἷο,
2928 1755 3109 1811 vultus
3181 1766 3343 1823 trux,
3394 1731 3535 1813 oculi

228 1847 433 1907 habent
453 1890 471 1916 ,
515 1862 623 1919 quo
658 1847 1198 1911 commendarentur;
1228 1848 1334 1913 ita,
1367 1847 1565 1904 violata
1589 1847 1831 1913 unimte,

228 1941 368 2003 nihil
396 1941 466 2001 ad
493 1956 680 2001 earum
714 1940 874 2001 iidem
908 1941 1174 1998 iaciebant
1199 1942 1499 1999 extrinseea.
1528 1942 1679 2028 113;“:
1706 1958 1876 2035 3‘13}.

227 2036 344 2097 dixi
372 2078 390 2103 ,
441 2045 781 2107 argumenta.
813 2036 870 2092 Si
901 2051 1063 2106 quem
1100 2036 1267 2095 alium
1293 2036 1606 2106 prophetam
1640 2044 1827 2093 testem

225 2128 602 2195 adhibuiSset,
637 2144 708 2187 ne
755 2129 873 2199 ipse
899 2127 1117 2199 quidem
1146 2128 1337 2194 testis,
1379 2137 1533 2183 extra
1571 2128 1828 2184 unitatem

226 2218 538 2287 habebatur
567 2218 817 2277 idoneus.
864 2219 1019 2286 Quod
1047 2233 1177 2279 vero
1216 2218 1445 2279 aliorum
1489 2218 1630 2274 dona
1657 2218 1831 2273 maui-

225 2309 653 2383 testatiouesque
679 2310 906 2376 attinet,
935 2310 1073 2373 nihil
1097 2310 1189 2366 illa
1227 2309 1294 2366 ad
1329 2293 1651 2381 prophetam
1676 2320 1830 2369 extra

227 2404 493 2463 unitatem
537 2404 864 2471 attinebant.
893 2404 1036 2474 Quin
1092 2404 1306 2475 potius,
1347 2419 1410 2460 ea
1454 2405 1568 2476 ipsa
1621 2404 1830 2461 ratione

227 2511 486 2571 suspecta
530 2509 687 2567 erat,
744 2516 815 2561 ex
869 2501 957 2559 his
1009 2501 1324 2571 principiis,
1374 2499 1628 2570 quaelibet
1676 2509 1828 2557 extra

222 2592 528 2655 Ecclesiae:
574 2593 894 2664 prophetia,
936 2608 971 2650 a
1002 2593 1147 2649 bono
1172 2592 1369 2665 spiritu
1406 2608 1529 2651 esse
1576 2603 1824 2664 propter-

224 2702 299 2744 ea
326 2703 445 2745 non
470 2702 634 2757 posse
656 2687 798 2758 quod
833 2698 974 2745 esset
1011 2699 1162 2745 extra
1195 2689 1480 2743 unitatem.
1517 2686 1653 2743 Cum
1683 2689 1827 2744 enim

222 2780 378 2837 Deus
409 2780 589 2839 media
641 2780 956 2838 conferendi
1002 2782 1227 2852 spiritus
1268 2782 1589 2838 instituisset
1641 2796 1825 2839 sacra-

224 2885 410 2933 menta
435 2918 452 2943 ,
502 2875 558 2931 id
588 2876 741 2932 illum
774 2878 1019 2934 voluisse
1048 2891 1274 2934 necesse
1311 2885 1430 2932 erat
1452 2918 1467 2943 ,
1508 2877 1597 2946 qui
1645 2876 1824 2933 media

220 2989 253 3028 a
293 2989 357 3030 se
400 2973 645 3031 instituta
692 2974 954 3031 adhibere
1001 2972 1169 3040 nolit,
1218 2987 1343 3029 eum
1387 2986 1489 3028 nec
1521 2971 1821 3039 beneﬁcia,

221 3082 321 3134 per
345 3067 438 3124 illa
466 3067 646 3123 media
675 3067 997 3134 obtinenda,
1045 3077 1485 3123 consecuturum.
1538 3064 1593 3120 Id
1640 3065 1692 3119 ni
1722 3078 1820 3121 vo-

220 3161 443 3228 luisset,
472 3160 618 3218 nulla
662 3162 853 3218 luisset
884 3162 1184 3218 mediorum
1225 3160 1657 3215 adhibendorum
1686 3160 1822 3214 obli-
1850 3149 1894 3212 C

218 3253 388 3325 gatio.
434 3252 507 3308 Et
548 3267 669 3308 cum
720 3254 816 3308 illa
862 3253 1039 3309 media
1070 3270 1097 3307 a
1130 3253 1243 3308 Deo
1277 3253 1553 3316 instituta,
1583 3268 1691 3307 non
1720 3252 1824 3307 alia

220 3347 331 3402 sint
374 3361 537 3417 quam
573 3347 800 3401 unitatis
825 3347 1069 3419 symbola
1101 3346 1190 3418 (in
1238 3361 1407 3401 unum
1434 3346 1581 3400 enim
1622 3360 1824 3415 corpus

219 3441 576 3513 baptizatum,
591 3440 769 3509 deque
783 3457 895 3496 uno
920 3441 1013 3495 illo
1032 3456 1170 3510 pane
1186 3439 1568 3510 participautes
1585 3440 1641 3494 iu
1658 3453 1822 3494 unum

218 3548 430 3603 corpus
472 3532 864 3602 calescimus)
916 3532 967 3585 id
1020 3532 1261 3586 innuisse
1315 3530 1530 3585 videtur
1578 3530 1721 3586 nolle
1763 3546 1823 3586 se

218 3624 344 3681 aliis
361 3625 609 3695 spiritum
625 3640 785 3681 suum
807 3623 1055 3680 conferre
1072 3624 1174 3679 nisi
1193 3625 1244 3679 in
1268 3623 1475 3678 unitate
1490 3622 1817 3678 constitutis.

220 3718 525 3790 Utcumque
552 3719 607 3774 id
633 3729 841 3775 certum
862 3761 876 3786 ,
908 3719 977 3775 de
1007 3717 1147 3774 facto
1171 3717 1317 3773 illam
1343 3709 1644 3773 obtinuisse
1680 3717 1819 3787 apud

215 3821 436 3867 veteres
470 3812 795 3868 sententiam
818 3852 836 3876 ,
868 3826 980 3866 non
1026 3811 1261 3865 aliorum
1282 3823 1403 3865 esse
1432 3809 1530 3865 Dei
1560 3809 1817 3878 Spiritum

214 3920 384 3977 quam
409 3906 704 3960 nnitorum.
750 3905 828 3960 ita
879 3906 933 3959 in
961 3903 1066 3959 hoc
1114 3905 1231 3973 ipso
1255 3902 1518 3983 donorum
1565 3904 1817 3973 spiritua-

214 4000 351 4055 lium
410 4008 728 4070 argumento
780 3998 1058 4065 inferunt,
1100 4014 1227 4055 eum
1276 3998 1366 4068 qui
1423 3998 1477 4052 in
1517 3998 1815 4054 non-anilis

210 4081 470 4149 versatur
512 4093 761 4165 spiritum
793 4108 899 4147 non
924 4106 1047 4148 esse
1093 4091 1245 4147 illum
1278 4090 1374 4145 Dei
1415 4089 1679 4160 Spiritum
1718 4090 1809 4161 qui

214 4186 443 4241 unitatis
493 4195 577 4242 est
638 4186 937 4242 vinculum.
979 4186 1075 4241 Illa
1103 4185 1217 4255 ipsa
1258 4184 1465 4240 ratione
1497 4183 1815 4254 Apostolum

211 4294 377 4335 usum
405 4280 813 4336 observavimus
855 4281 909 4334 in
951 4278 1189 4334 secunda
1216 4288 1401 4334 nostra
1428 4277 1497 4334 de
1522 4277 1814 4334 schismate

208 4385 371 4446 parte
400 4374 642 4430 nondum
681 4375 845 4430 edita.
879 4373 1207 4445 Baptismum
1227 4415 1241 4439 ,
1272 4389 1379 4445 quo
1405 4374 1639 4444 Spiritus
1683 4389 1812 4429 con-

209 4466 409 4533 testor,
469 4468 899 4539 regenerationis
945 4468 1220 4522 lavacrum
1271 4468 1563 4537 appellant.
1616 4466 1812 4537 Ecquis

207 4560 424 4616 dubitet
445 4561 655 4615 nullum
705 4575 827 4616 esse
853 4561 907 4615 in
951 4576 1058 4619 non
1098 4561 1301 4615 renatis
1345 4560 1645 4631 spiritualis
1693 4550 1895 4615 vitreD

210 4654 583 4726 principium?
629 4654 771 4723 Quin
817 4655 1152 4711 exorcismos
1204 4654 1542 4725 baptizandis
1585 4652 1811 4710 adbibe-

208 4750 336 4805 bant
380 4750 545 4820 paulo
586 4750 957 4816 recentiores,
988 4747 1042 4803 id
1083 4748 1243 4819 plane
1285 4762 1474 4803 rursus
1523 4748 1811 4803 innuentes

207 4842 263 4898 in
292 4858 406 4900 non
434 4842 607 4899 unitis
633 4842 886 4913 spiritum
927 4855 1050 4897 esse
1094 4841 1257 4912 plane
1295 4840 1639 4896 diabolicum.
1682 4840 1810 4896 Haec

210 4935 427 4999 utinam.
447 4949 638 4992 secum
683 4934 827 4990 serio
865 4933 1202 5004 perpendam
1237 4934 1329 5004 qui
1362 4932 1523 4989 hodie
1568 4932 1642 4988 ita
1686 4948 1810 4991 sen-

207 5028 357 5083 tiunt
400 5028 683 5099 magniﬁce
736 5027 805 5082 de
843 5041 943 5082 suo
988 5035 1141 5082 extra
1184 5026 1446 5081 unitatem
1493 5025 1708 5097 spiritu.
1753 5026 1811 5082 ld

205 5122 410 5177 saltem
468 5120 714 5177 viderent
785 5134 891 5175 non
951 5135 1074 5176 esse
1141 5119 1287 5174 illam
1348 5134 1473 5175 cum
1536 5118 1807 5189 primaevis

206 5212 527 5270 cbristianis
564 5212 880 5268 afﬁnitatem
911 5227 1069 5283 quam
1102 5221 1381 5276 tantopere
1422 5211 1629 5281 jactant
1670 5226 1803 5267 ven-

206 5305 534 5377 ditantque,
580 5306 631 5361 in
660 5307 775 5362 suis
816 5306 927 5361 illis
967 5304 1035 5361 de
1089 5304 1279 5372 spiritu
1308 5305 1675 5375 praetextibus.
1704 5305 1807 5373 Qui

206 5399 328 5455 aliis
373 5407 602 5455 utuntur
627 5415 789 5471 quam
833 5414 864 5454 a
896 5400 1005 5454 Deo
1048 5398 1318 5454 institutis
1349 5399 1583 5469 Spiritus
1622 5400 1807 5456 confe-

206 5490 361 5549 rendi
381 5491 596 5558 mediis,
618 5492 786 5547 alium
816 5491 924 5547 illis
950 5507 1071 5547 esse
1090 5508 1248 5562 quam
1273 5490 1511 5546 divinum
1544 5492 1802 5562 Spiritum

203 5583 347 5654 iusta
397 5594 483 5640 est
530 5585 805 5655 suspicio,
874 5584 1252 5641 deﬁcientibus
1298 5585 1597 5654 praesertim
1658 5586 1799 5653 illis,

207 5694 327 5750 qua
345 5678 482 5747 dixi,
498 5679 831 5752 argumentis
851 5679 951 5751 ipsi
972 5679 1266 5751 prophetia:
1287 5679 1611 5735 intrinsecis.
1628 5680 1803 5751 Atque

211 5768 323 5830 lure
348 5769 423 5829 de
459 5780 703 5832 veterum
733 5770 1142 5844 prophetiarum
1194 5770 1328 5842 (ide;
1362 5771 1417 5827 in
1443 5769 1640 5841 quibus
1664 5770 1799 5832 nihil

1936 1845 2225 1914 ardentes,
2280 1863 2377 1907 ora
2423 1850 2769 1918 spumantia,
2817 1850 3195 1920 palpitantium
3252 1859 3533 1921 pectorum

1890 2011 1909 2028 ⁸
1931 1939 2284 2025 gravissimus
2313 1941 2607 2005 anhelitum.
2638 1943 2713 1997 Ita
2738 1942 3052 2013 ‘se'euidem
3083 1943 3272 1998 habuit
3318 1943 3370 1998 in
3402 1958 3533 2014 gen-

1938 2029 2069 2085 tium
2122 2032 2439 2102 prophetis,
2494 2051 2570 2091 ut
2618 2034 2911 2104 ‘l‘ripedem
2978 2036 3299 2092 invitissima
3348 2051 3535 2095 acces-

1934 2122 2068 2180 serit
2110 2124 2253 2194 apttd
2293 2125 2572 2182 Lucanum
2621 2127 2856 2199 Pythia,
2910 2138 2967 2185 et
3012 2129 3288 2185 nonnulla:
3335 2129 3535 2186 fuerint

1934 2214 2047 2285 ipsa
2075 2216 2386 2287 agitationis
2413 2220 2669 2277 violentia
2698 2222 2971 2277 extincta).
2997 2221 3074 2278 ita
3094 2222 3239 2279 enim
3282 2221 3534 2279 Lucanus

1932 2307 2091 2380 (Bell.
2122 2311 2217 2371 ciu.
2244 2353 2259 2379 ,
2292 2311 2380 2368 lib.
2413 2329 2465 2381 v,
2488 2330 2538 2367 υ.
2568 2313 2697 2385 H6)
2730 2330 2746 2367 :

2083 2508 2097 2518 .
2114 2447 2251 2518 Nam
2262 2449 2302 2497 si
2326 2462 2421 2511 qua
2448 2447 2588 2501 Deus
2601 2451 2693 2500 sub
2717 2457 2917 2518 pectora
2939 2450 3094 2508 venit,

2056 2507 2387 2578 biumiuisatit
2410 2525 2554 2578 paena
2577 2519 2656 2563 est
2678 2507 2817 2578 mors
2830 2507 3089 2578 immatura
3105 2514 3314 2578 recepti,

2055 2570 2155 2626 Aut
2174 2575 2387 2637 pretium
2411 2570 2425 2621 Ξ
2451 2577 2638 2685 quippe
2659 2576 2857 2655 stititqu
2878 2576 3130 2685 ﬂucthte
3155 2570 3331 2631 mritis

2055 2632 2327 2685 (ζου-03265
2345 2634 2551 2685 humana
2593 2636 2723 2685 abat.
2748 2636 3015 2685 nulsusuue
3088 2652 3259 2685 eorum

2054 2632 2551 2708 gompageshitmana
2575 2632 2723 2708 labat,
2746 2632 3259 2707 pulsusque'Decrutn

2055 2694 2349 2748 Cenéutiunt
2366 2697 2571 2761 fragiles
2591 2694 2793 2751 animas.

2002 2823 2071 2877 Et
2108 2822 2353 2885 Valerius
2389 2826 2653 2883 Maximus
2682 2828 2750 2884 de
2796 2828 3048 2904 delpbico
3078 2830 3380 2895 oraculo”
3411 2831 3526 2891 Un-
3628 2882 3631 2885 λ

1930 2914 1999 2971 de
2051 2931 2110 2971 ut
2169 2927 2333 2973 certae
2393 2919 2803 2977 consulentibus
2873 2931 3047 2985 sortes
3106 2933 3398 3003 petuntur,
3455 2924 3530 2981 ita

1929 3010 2127 3066 nimius
2172 3011 2338 3068 divini
2384 3013 2616 3084 Spiritus
2660 3019 2884 3075 haustus
2912 3016 3269 3097 reddentibus
3300 3017 3527 3089 pestifer

1928 3105 2109 3158 existit
2152 3104 2304 3185 (Lib.
2344 3123 2397 3172 t,
2452 3124 2497 3160 c.
2540 3106 2604 3172 8,
2664 3108 2879 3179 Egremp.
2935 3127 3065 3169 rom.
3105 3112 3172 3179 l0
3198 3112 3241 3180 ).
3277 3132 3295 3166 t
3345 3112 3530 3184 Lange

1930 3197 2183 3265 equidem
2244 3198 2535 3253 violentior
2579 3212 2695 3257 erat
2748 3203 3374 3273 pseudo-prophetarum
3426 3219 3523 3260 eu-

1933 3289 2426 3363 thusiastarumque
2469 3303 2679 3365 motus,
2726 3302 2785 3351 ut
2834 3294 2936 3351 hoc
2985 3296 3104 3371 ipso
3150 3296 3406 3361 catholici
3438 3313 3528 3354 ve-

1928 3400 2020 3440 ros
2065 3401 2093 3440 a
2139 3387 2587 3444 montanistarum
2628 3388 2737 3455 illis
2781 3390 3194 3462 distinguendos
3234 3405 3355 3457 esse
3394 3407 3525 3448 cen-

1927 3480 2152 3539 suerint.
2210 3480 2365 3537 Nulla
2425 3493 2543 3537 erat
2611 3484 2664 3537 in
2724 3484 2869 3551 veris
2920 3483 3203 3553 prophetis
3271 3484 3519 3552 insania,

1927 3571 2071 3625 nulla
2140 3584 2375 3647 κατοχῆς
2446 3574 2536 3645 illa
2610 3583 2718 3630 tam
2781 3574 3078 3643 vehemens
3125 3574 3363 3647 jactatio.
3412 3574 3526 3641 Sibi

1926 3664 2058 3733 ipsis
2082 3667 2402 3721 constabant
2450 3666 2627 3737 potius
2647 3710 2665 3743 η
2693 3669 2985 3739 prudentes
3010 3668 3357 3743 scientesque
3383 3684 3522 3745 pra:-

1925 3754 2150 3811 dicenda
2183 3758 2548 3829 proferebant.
2582 3761 2710 3827 Erat
2743 3770 2925 3831 tamen
2951 3762 3191 3827 visorum
3221 3772 3397 3825 terror
3425 3762 3524 3818 bu-

1924 3866 2101 3906 manze
2159 3864 2367 3908 natura:
2436 3854 2712 3927 lragililati
2771 3852 2995 3921 difﬁcile
3050 3854 3329 3913 ferendus.
3373 3854 3520 3910 Hor-

1927 3944 2029 3998 ruit
2059 3943 2264 4003 Danieli
2288 3947 2503 4017 spiritus
2546 3946 2739 4017 (υαιη.ι
2766 3963 2860 4015 vti,
2891 3946 3003 4021 l5.)
3037 3965 3051 4002 :
3080 3949 3340 4020 collapsus
3364 3956 3437 4005 est
3464 3948 3521 4003 in

1921 4047 2108 4094 terram
2149 4039 2308 4111 (vnt,
2363 4039 2498 4112 19);
2548 4056 2652 4109 non
2694 4041 3017 4105 reptansitin
3040 4056 3100 4098 eo
3130 4038 3520 4112 fortitudo,sed

1921 4139 1967 4185 et
1997 4133 2187 4202 species
2232 4134 2343 4205 ejus
2388 4133 2657 4187 immutata
2697 4141 2769 4189 est
2798 4134 2853 4193 in
2905 4148 3001 4198 eo,
3032 4142 3078 4189 et
3103 4133 3387 4197 emarcuit,
3427 4147 3518 4187 nec

1920 4223 2093 4281 habuit
2134 4227 2404 4296 quicquam
2443 4226 2625 4279 viriuttt
2660 4227 2714 4303 (Χ
2740 4268 2757 4292 ,
2782 4224 2895 4297 8);
2931 4225 3100 4296 jacuit
3154 4233 3511 4279 consternatus

1916 4333 2071 4387 super
2087 4318 2268 4389 faciem
2292 4334 2435 4373 suam
2453 4328 2498 4372 et
2522 4316 2688 4379 vultus
2706 4319 2820 4390 ejus
2831 4317 3050 4385 Imrebat
3068 4327 3216 4377 terra:
3227 4314 3389 4391 (Ibid.
3401 4356 3419 4385 λ
3435 4313 3518 4387 9);

1917 4411 2054 4465 stetit
2083 4420 2297 4465 tremens
2327 4409 2504 4487 (Ibid.
2527 4452 2543 4477 ,
2581 4412 2639 4466 ll
2664 4412 2726 4482 );
2762 4413 2814 4471 in
2858 4411 3050 4475 uisione
3092 4409 3352 4469 dissolqu
3400 4416 3517 4464 sunt

1925 4522 2196 4579 compages
2238 4508 2350 4580 ejus
2374 4550 2389 4575 ,
2437 4516 2483 4561 et
2525 4506 2655 4561 nihil
2706 4507 2760 4563 iu
2808 4521 2869 4562 eo
2912 4504 3155 4571 remansit
3190 4504 3399 4570 vitium,
3426 4503 3515 4565 sed

1919 4611 1965 4656 et
1995 4602 2196 4657 habitus
2241 4602 2349 4672 ejus
2395 4601 2700 4659 interclusus
2726 4610 2798 4656 est
2835 4598 3167 4673 (Ibid.,l7).
3209 4596 3318 4657 Nec
3366 4596 3503 4652 alius

1917 4710 2077 4766 quam
2124 4694 2349 4751 visionis
2375 4694 2704 4769 prophetica:
2735 4703 2910 4757 terror
2954 4693 3008 4747 in
3056 4691 3194 4749 Jobo
3224 4688 3392 4762 (laba
3424 4702 3502 4757 IV.

1918 4789 2019 4855 l5,
2052 4786 2141 4861 14)
2168 4786 2523 4851 describitur,
2555 4799 2610 4844 et
2637 4788 2689 4845 iu
2722 4787 3028 4855 Abrabatno
3073 4782 3224 4861 (Geit-
3261 4797 3355 4848 xv,
3386 4779 3505 4851 12).

1915 4881 2032 4939 Non
2059 4890 2144 4937 est
2172 4882 2349 4952 itaque
2377 4880 2523 4953 quod
2565 4882 2823 4949 miremur
2866 4880 3156 4950 juvenibus
3197 4877 3311 4933 haec
3346 4888 3509 4946 quam

1913 4975 2134 5032 senibus
2189 4973 2359 5031 fuisse
2413 4974 2797 5043 tolerabiliora.
2856 4972 3089 5045 Proinde
3150 4970 3313 5029 etiam
3359 4967 3505 5038 apud

1911 5067 2160 5125 ethnicos
2210 5066 2449 5123 Tiresias
2501 5065 2761 5139 iuvenum
2803 5079 2924 5123 esse
2954 5066 3186 5135 κατοχὴν
3220 5062 3399 5118 docet.
3432 5058 3506 5115 lta

1911 5162 2057 5233 enim
2095 5161 2237 5234 apud
2280 5160 2545 5217 Senecam
2585 5161 2677 5216 illc
2712 5159 2962 5235 (didm,
3000 5172 3055 5217 υ.
3098 5156 3255 5229 29):

2285 5298 2339 5349 Si
2359 5298 2488 5349 foret
2512 5297 2675 5348 viridis
2696 5296 2884 5346 mihi....

2037 5360 2329 5425 Calidusque
2351 5362 2570 5423 sanguis,
2598 5367 2799 5423 pectore
2823 5366 3113 5409 excuterem
3135 5355 3313 5406 Deum.

1912 5489 2216 5562 Cyprianus
2259 5497 2443 5544 noster
2469 5501 2591 5542 cum
2642 5482 2981 5539 distinxisset
3009 5482 3246 5537 visiones
3276 5488 3497 5535 noctur-

1908 5601 2003 5641 nas
2024 5626 2039 5650 ,
2069 5599 2189 5654 qua:
2231 5592 2357 5638 sunt
2394 5580 2460 5635 ad
2500 5594 2691 5635 senum
2734 5580 2910 5649 potius
2938 5576 3148 5631 somnia
3178 5571 3495 5639 referenda,

1907 5695 1935 5733 a
1994 5675 2207 5732 diurnis
2263 5674 2593 5746 prophetiis,
2662 5670 2935 5728 innocenti
3004 5679 3288 5739 puerorum
3352 5667 3499 5721 a-tati

1905 5772 2071 5833 hasce
2115 5766 2313 5845 tribuit.
2364 5766 2558 5840 (Epist.
2605 5760 2677 5835 ι)
2728 5781 2743 5819 :
2798 5764 3031 5832 κατοχήν
3083 5757 3369 5822 nimirum,
3436 5755 3493 5812 id
