3990 6060
417 223 476 278 31
1369 217 1731 275 DODWELLI
1776 215 2225 274 DISSERTATIO
2263 214 2674 273 CYPRIANICA
3636 209 3703 268 δελ

411 340 559 396 enim
605 339 855 426 innuunt.
882 338 1000 409 ejus
1048 337 1208 392 verba
1268 335 1514 406 superius
1551 335 2000 406 exscripta,Spi-
2035 338 2232 395 Aesse
2296 334 2529 400 dicitur,
2579 349 2646 388 ne
2716 333 2858 390 illius
2925 335 3127 405 impetu
3203 333 3317 389 lure
3379 331 3490 388 fieri
3560 331 3706 388 dicc-

419 431 524 488 ritu
571 443 761 489 sancto
832 429 1080 502 impleri,
1137 438 1457 497 raptumque
1511 444 1540 482 a
1593 428 1874 493 sensibus,
1927 430 2014 494 qui

419 523 474 580 in
523 524 629 580 illis
681 524 941 580 Ecclesiae
999 529 1187 576 contra
1243 520 1597 574 montanistas
1639 520 2018 588 diSputationi-

419 613 558 683 bus,
605 615 806 672 enasis
858 614 1182 684 appellatur.
1231 611 1299 667 Ut
1348 613 1507 682 igitttr
1551 611 1824 684 Cypriane
1874 627 2018 668 sum-

421 709 510 763 nia
541 708 642 763 sub
675 707 795 762 vita:
825 706 987 761 finem
1019 705 1232 774 objecta
1259 718 1378 760 esse
1407 705 1663 759 discimus
1687 720 1751 760 ex
1785 705 1976 760 Pontio
2002 749 2016 771 ,

421 798 494 873 ita
536 800 581 854 si
627 799 873 862 illarum,
922 812 1146 868 quarum
1187 797 1457 850 meminit.
1507 796 1771 852 visionum
1825 799 2018 870 aliqua:

424 891 526 961 ipsi
581 890 835 946 revelata:
884 890 1114 956 fuerint,
1159 897 1415 959 sequetur
1457 889 1614 959 paulo
1667 899 1787 959 post
1830 891 2020 960 juven-

427 990 595 1038 tutem
617 1023 632 1048 ,
662 991 916 1052 vergente
957 981 1064 1050 jam
1100 983 1152 1035 in
1184 982 1392 1036 senium
1424 991 1584 1036 astate
1615 997 1832 1052 passum
1865 999 2018 1053 esse,

429 1075 570 1147 quod
596 1083 679 1130 est
705 1090 836 1130 sane
876 1074 1345 1130 verisimillimum.
1391 1074 1449 1130 Si
1489 1076 1633 1130 enim
1687 1086 2021 1132 senectutem

429 1169 740 1236 provectam
781 1167 1079 1237 attigisset,
1128 1165 1242 1221 fieri
1292 1167 1375 1221 vix
1427 1167 1599 1238 potuit
1651 1177 1707 1222 ut
1757 1185 1865 1224 non
1922 1170 2024 1240 ipsi

431 1257 764 1314 Tertulliano
804 1260 1135 1326 innotuerit,
1186 1274 1308 1315 cum
1359 1269 1534 1315 tamen
1583 1275 1848 1331 nusquam
1880 1262 2026 1335 lega-

432 1365 553 1407 mus
585 1353 687 1407 nisi
717 1353 769 1407 in
804 1352 957 1409 libris
987 1353 1104 1423 ejus
1137 1353 1302 1408 fuisse
1333 1365 1627 1409 versatum.

504 1442 531 1515 §
561 1443 654 1499 41.
686 1474 756 1483 —
784 1443 981 1500 Fateor
1030 1444 1278 1514 equidem
1327 1445 1683 1512 fuisseetiam
1724 1456 1883 1504 actate
1920 1429 2025 1521 Cy?

433 1537 630 1607 priani,
657 1538 747 1606 qui
775 1540 982 1594 somnia
1004 1541 1346 1612 visionesque
1370 1541 1599 1597 ludibrio
1617 1541 1901 1600 haberent.
1922 1545 2027 1600 Sed

435 1631 620 1701 quales
661 1630 886 1687 fuissent
914 1633 1025 1697 illi,
1075 1633 1252 1705 prodit
1303 1639 1422 1714 ξιξξᾲ
1535 1636 2076 1718 «adamat-hilca

2123 438 2329 484 tentur.
2360 427 2685 498 Evperintur
2735 437 2910 484 tamen
2963 427 3154 491 hodie,
3212 428 3266 483 in
3313 425 3474 482 simili
3524 424 3716 482 adver-

2123 521 2387 575 sariorum
2439 535 2669 591 genere,
2721 535 2882 591 quam
2936 519 3090 576 facile
3150 517 3531 576 officiariorum
3584 533 3713 574 con-

2126 626 2359 687 tetnptus
2429 614 2481 669 iu
2551 623 2922 684 contemptum
2995 621 3237 667 vertatur
3287 611 3485 675 officii;
3549 625 3710 682 quam

2128 708 2281 765 facile
2327 709 2588 778 avideque
2642 709 2896 763 minutias
2949 707 3102 774 illas,
3153 707 3196 761 si
3243 721 3362 777 qua:
3406 705 3532 760 alibi
3576 719 3715 776 pra:-

2128 810 2209 856 ter
2237 801 2379 870 vulgi
2420 801 2701 870 opiniones
2731 809 3052 864 occurrant,
3082 798 3447 868 iniquissimas
3476 797 3716 866 profecto

2130 894 2237 964 (nc
2284 891 2409 963 quid
2465 891 2638 946 dicam
2687 891 2970 964 acerbius)
3019 891 3142 946 boni
3199 891 3518 960 honestique
3560 905 3716 960 regu-

2129 984 2242 1047 las,
2299 982 2559 1050 arripiant
2608 991 2784 1036 tamen
2837 983 2904 1036 ad
2960 991 3328 1050 contemptum
3371 995 3717 1052 perscinarum

2127 1093 2356 1148 quorum
2413 1076 2772 1131 conscientias
2814 1075 2954 1130 male
3004 1076 3167 1131 habet
3201 1074 3365 1132 ofﬁcii
3405 1074 3584 1130 debita
3629 1090 3721 1130 ve-

2131 1173 2368 1236 neratio;
2419 1185 2576 1240 quam
2625 1170 2752 1225 item
2806 1168 2962 1224 facile
3001 1169 3070 1223 ita
3125 1184 3183 1224 se
3231 1179 3598 1223 transversum
3639 1167 3724 1238 agi

2131 1265 2422 1335 patiantur,
2474 1271 2530 1316 ut
2587 1277 2656 1316 ne
2719 1276 2896 1317 causa:
2947 1260 3114 1330 ipsius
3177 1259 3426 1314 meritum
3477 1273 3725 1329 qutercn-

2064 1377 2069 1383 ·
2133 1357 2258 1411 dum
2312 1364 2528 1426 putent,
2577 1354 2621 1409 si
2666 1353 2881 1425 quando
2925 1353 2992 1408 de
3043 1352 3430 1424 prophetarum
3478 1352 3725 1422 personis

2136 1449 2312 1503 minus
2369 1447 2665 1502 honorifice
2705 1445 2993 1502 senserint.
3024 1443 3133 1500 Illis
3172 1455 3349 1500 autem
3393 1459 3576 1513 tequos
3606 1459 3727 1501 esse

2129 1541 2341 1612 judices
2389 1555 2547 1596 nemo
2591 1539 2874 1596 concedet.

2103 1651 2121 1721 ς
2374 1632 2611 1700 -ρυοά
2635 1633 2679 1687 si
2701 1633 2912 1687 illorum
2937 1647 3152 1702 quoque
3183 1630 3565 1702 prophetarum
3599 1640 3730 1687 tem-

433 1725 1005 1798 rentiumPupianum.
1047 1747 1065 1780 t
1104 1707 1834 1803 Ούέῆὶᾷιέιίάιξξιηᾶἱιίξὲρξ
1855 1711 2041 1803 Exit),

2153 1707 2359 1798 ioii'b'tis
2395 1767 2408 1792 ,
2471 1727 2560 1798 qui
2619 1726 2920 1783 certissima
2985 1724 3282 1780 edidissent
3329 1723 3730 1795 pr0phetiarum

435 1819 605 1874 sciam
654 1820 862 1874 somnia
915 1819 1143 1876 ridicula
1188 1833 1240 1876 et
1284 1822 1520 1878 visiones
1561 1824 1770 1892 ineptas
1808 1825 2033 1894 quibus-

435 1909 558 1966 dam
613 1910 818 1979 videri,
885 1910 980 1966 sed
1041 1897 2109 1998 usique{illisi,titri°’m:§tunt'."étiftitfa§.-

437 2003 750 2061 sacerdotes
779 1991 1216 2078 credere-quani
1254 1991 1573 2063 r‘sa'cérdotif
1596 1991 2086 2068 r-Planevlviniiuitf"

438 2098 529 2169 qui
562 2099 634 2154 ita
665 2100 1002 2165 sensissent,
1046 2101 1226 2157 alieno
1273 2101 1436 2158 fuisse
1482 2104 1536 2158 in
1579 2105 1878 2161 Ecclesiam
1923 2108 2038 2162 ani-

441 2204 552 2246 mo.
625 2189 779 2259 Quod
829 2201 1006 2247 autem
1069 2193 1203 2248 tales
1257 2193 1328 2248 ita
1391 2196 1696 2263 sentirent,
1765 2213 1870 2252 non
1923 2209 2040 2254 erat

439 2284 628 2355 utique
656 2284 977 2340 mirandum.
1012 2284 1052 2339 F
1057 2297 1250 2341 uerunt
1276 2288 1418 2342 enim
1467 2289 1566 2359 ipsi
1597 2288 1709 2344 fere
1740 2291 2039 2362 prophetia:

442 2377 648 2444 coaevi,
699 2377 752 2432 id
806 2378 1088 2433 hominum
1135 2395 1306 2451 genus
1359 2395 1495 2452 quos
1552 2384 1827 2453 Scriptura
1898 2363 2041 2441 D335

443 2471 716 2544 appellat,
764 2472 856 2544 qui
886 2473 1031 2544 quod
1078 2475 1412 2545 argumentis
1442 2491 1732 2547 numquam
1773 2479 2042 2535 conficere

449 2572 775 2634 potuerunt,
819 2565 871 2619 id
923 2566 1033 2620 risu
1084 2575 1260 2622 tamen
1307 2577 1467 2638 atque
1501 2568 1678 2638 jocis.
1726 2574 2041 2644 scommati-

455 2655 557 2711 bus
586 2664 748 2727 atque
797 2657 1035 2713 dicteriis
1079 2668 1406 2714 conarentur
1453 2669 1508 2714 ιιι
1554 2661 1867 2732 religionem
1909 2663 2045 2718 ludi-

448 2745 569 2802 brio
607 2758 962 2818 exponerent.
998 2749 1062 2804 Et
1110 2766 1241 2805 vero
1287 2751 1340 2806 in
1373 2750 1645 2821 prophetis
1675 2763 1858 2823 gestus
1891 2765 2046 2810 erant

449 2840 519 2894 ab
554 2853 652 2895 usu
694 2839 974 2896 hominum
1019 2843 1292 2898 communi
1358 2845 1603 2901 nonnihil
1659 2847 1858 2914 alieni,
1907 2865 2046 2919 quos

453 2931 612 2990 facile
659 2943 776 2990 erat
825 2935 1063 2990 ridiculis
1116 2936 1426 2993 hominibus
1474 2950 1869 3008 reprteseutare
1911 2951 2048 2995 tant-

455 3041 615 3097 quam
649 3027 795 3097 ipsos
841 3029 1004 3083 etiam
1040 3030 1318 3086 ridiculos.
1353 3030 1645 3101 .losephum
1679 3032 1874 3090 fratres
1904 3049 2050 3090 som-

2141 1838 2360 1878 suarum
2394 1820 2698 1875 testimonia
2725 1861 2740 1885 ,
2796 1818 2996 1874 fuerint
3042 1827 3218 1873 tamen
3250 1817 3405 1873 istius
3434 1818 3578 1874 modi
3608 1833 3734 1874 cen-

2143 1919 2498 1998 ξοῒίεςξεηςη
2544 1926 2627 1970 est
2683 1915 2867 1986 utique
2921 1912 3224 1970 mirandum
3276 1913 3322 1967 si
3377 1912 3429 1967 in
3477 1913 3734 1985 Cypriani

2143 1987 2606 2080 d'tiftfhst‘otupora
2672 2010 2994 2076 inciderint,
3049 2023 3169 2063 cum
3220 2008 3331 2076 jam
3387 2006 3740 2063 invaluissent

2149 2107 2292 2162 inter
2352 2103 2705 2175 philosotihos
2755 2102 3046 2173 Epicurei,
3107 2101 3196 2172 qui
3236 2109 3430 2170 prmter
3470 2101 3738 2156 naturalia

2147 2200 2328 2256 omnia
2381 2199 2614 2254 ludibrio
2662 2196 2966 2252 hahuerint.
3016 2195 3072 2250 Id
3123 2211 3284 2250 unum
3322 2195 3453 2250 satis
3495 2201 3649 2259 erat,
3693 2193 3738 2246 si

2145 2294 2235 2365 qui
2269 2291 2616 2364 prophetias,
2659 2305 2794 2360 quos
2839 2289 3112 2352 diximus,
3156 2288 3388 2358 penitius
3440 2285 3740 2341 intellexis-

2146 2396 2308 2454 sent,
2361 2400 2459 2441 nec
2518 2399 2705 2440 eorum
2752 2383 3009 2438 intererat
3059 2390 3114 2436 ut
3162 2380 3308 2435 falsae
3374 2378 3737 2443 haberentur,

2148 2496 2338 2537 eorum
2372 2495 2530 2534 nemo
2566 2478 2684 2532 illas
2734 2476 2784 2529 in
2817 2475 3042 2530 dubium
3093 2473 3316 2528 vocarit.
3370 2471 3616 2526 Vidimus
3643 2485 3740 2524 au-

2150 2584 2256 2629 tem
2319 2573 2592 2645 Cypriano
2645 2583 2858 2624 coaevos
2909 2565 3222 2638 prophetica
3273 2564 3413 2619 dona
3457 2563 3509 2616 in
3561 2562 3742 2617 Eccle-

2150 2667 2227 2721 sia
2277 2664 2596 2734 aguovisse,
2642 2660 2731 2730 qni
2786 2657 2999 2728 quidem
3032 2657 3176 2710 illius
3222 2654 3405 2710 smculi
3437 2652 3734 2708 doctissimi

2152 2757 2480 2812 haberentur
2503 2797 2516 2819 ,
2549 2766 2834 2820 rerumque
2873 2747 3362 2804 ecclesiasticarum
3406 2745 3740 2814 peritissimi.

2152 2850 2336 2920 Neque
2379 2845 2676 2902 verisimile
2705 2853 2821 2899 erat
2855 2851 2962 2896 tam
2989 2854 3232 2895 severam
3267 2837 3318 2892 in
3357 2835 3598 2892 Ecclesia
3629 2835 3740 2891 dis-

2153 2945 2406 3016 ciplinam
2455 2941 2635 3011 vigere
2683 2937 2955 3008 potuisse,
3006 2933 3106 2988 nisi
3155 2931 3226 2987 de
3275 2929 3493 2985 numine
3541 2931 3592 2984 in
3644 2928 3750 2984 Ec-

2154 3037 2317 3092 clesia
2361 3033 2782 3105 prmsentissimo
2840 3023 3291 3083 manifestissimis
3339 3031 3618 3078 constaret
3662 3023 3748 3077 in-

456 3119 722 3174 uiatorem
789 3121 1134 3191 appellarunt
1188 3122 1360 3193 (Gen.
1385 3164 1400 3188 ,
1457 3140 1670 3191 xxxvii,
1727 3125 1862 3197 l9),
1905 3127 2048 3198 quod
2079 3131 2122 3192 (ἶ.
2157 3128 2332 3184 diciis.
2375 3124 2529 3194 Quod
2563 3123 2606 3178 si
2636 3122 2786 3176 illum
2819 3120 3042 3190 Spiritus
3087 3115 3387 3188 prophetici
3427 3123 3748 3185 pra-textum

461 3212 578 3281 ipse
617 3226 832 3284 quoque
878 3212 1197 3271 observarat
1243 3216 1565 3287 Cyprianus.
1619 3218 1944 3289 Prophetam
1994 3221 2055 3275 il—

459 3304 572 3360 lum
612 3307 705 3376 qui
753 3307 822 3361 ab
877 3307 1078 3364 Elisaao
1103 3311 1298 3365 missus
1342 3309 1480 3366 Jehu
1531 3327 1752 3382 regnum
1805 3315 2055 3369 israeliti-

466 3414 591 3455 cum
621 3401 982 3471 promiserat,
1027 3403 1276 3458 insanum
1309 3415 1564 3459 vocarunt.
1607 3406 1874 3477 principes
1899 3422 2056 3464 exer-

461 3492 635 3560 citus,
687 3507 787 3548 nec
830 3501 1008 3548 tamen
1043 3496 1319 3550 oraculum
1359 3497 1428 3550 ab
1473 3513 1538 3551 eo
1575 3497 1778 3552 editum
1808 3499 2057 3570 neglexe-

465 3593 608 3639 runt.
658 3583 734 3638 Ita
781 3599 939 3655 quem
980 3586 1198 3641 nomine
1247 3595 1403 3642 tenus
1449 3588 1694 3643 insanum
1738 3601 2058 3653 vocassent,

465 3676 613 3731 serio
644 3686 822 3731 tamen
857 3692 955 3746 pro
983 3678 1174 3734 insano
1205 3680 1516 3751 neutiquam
1551 3682 1862 3738 habendum
1889 3683 2062 3740 duxe-

473 3777 612 3824 rant.
668 3768 734 3823 Et
779 3769 1094 3842 frequentes
1121 3771 1228 3827 illa:
1261 3775 1592 3844 temporibus
1634 3777 1794 3830 etiam
1841 3789 2062 3848 aposto—

469 3863 593 3920 licis
639 3863 862 3920 cautela:
904 3865 972 3921 de
1019 3881 1123 3921 non
1161 3868 1568 3924 contemnendis
1621 3871 2065 3942 extinguendisve

471 3957 808 4028 prophetiis,
860 3958 913 4013 id
961 3960 1093 4015 satis
1140 3959 1410 4028 iunuunt,
1471 3977 1628 4032 quam
1684 3964 1948 4032 proclives
1976 3979 2065 4020 es.

473 4061 596 4106 sent
647 4051 713 4105 ad
765 4051 817 4106 id
864 4052 1165 4109 faciendum
1196 4053 1445 4110 homines
1483 4055 1551 4110 de
1579 4071 1687 4127 quo
1715 4058 1872 4112 toties
1915 4067 2070 4113 erant

473 4143 781 4199 necessario
826 4145 1101 4201 monendi.
1146 4145 1257 4202 Nec
1285 4157 1402 4202 erat
1441 4162 1570 4202 sane
1597 4148 1740 4203 aliud
1778 4149 1887 4204 illis
1928 4158 2067 4205 tem-

470 4237 696 4309 poribus
739 4240 1132 4308 expectandum
1167 4241 1357 4311 quibus
1385 4241 1521 4297 adeo
1551 4252 1739 4298 essent
1788 4244 2070 4315 pr0phetzc

476 4329 739 4384 cervicosi
791 4339 952 4398 atque
981 4329 1187 4384 ordinis
1217 4333 1414 4402 publici
1463 4333 1903 4402 perturbalores,
1949 4350 2070 4389 eum

477 4421 642 4476 simul
697 4421 877 4491 plures
918 4422 1302 4494 loquerentur,
1335 4439 1457 4479 cum
1486 4427 1841 4495 prophetissa:
1881 4427 1934 4480 in
1963 4441 2074 4482 cm-

2161 3227 2388 3292 pussent
2431 3215 2680 3272 falsitatis
2745 3213 3101 3274 convincere,
3150 3210 3260 3280 jam
3304 3207 3601 3262 labasceret
3647 3222 3750 3262 una

2161 3314 2490 3384 reliquorum
2545 3309 2716 3374 ﬁdes,
2779 3308 2889 3378 jam
2950 3305 3080 3360 nihil
3127 3313 3244 3360 erat
3295 3301 3437 3373 quod
3497 3300 3752 3356 Ecclesia}

2162 3406 2596 3464 communionem
2640 3413 2716 3457 tot
2759 3416 3020 3457 annorum
3056 3398 3365 3472 pmnitenlia
3401 3407 3507 3451 tam
3550 3397 3752 3465 ingrata

2164 3501 2463 3564 ambirent;
2511 3512 2631 3551 cum
2667 3494 2962 3567 prtrsertim
3015 3493 3191 3548 nullus
3227 3498 3373 3546 esset
3415 3489 3756 3559 magistratus

2165 3596 2255 3665 qui
2310 3601 2561 3662 cogeret,
2627 3597 2770 3644 esset
2824 3597 3012 3642 contra
3070 3585 3158 3658 qui
3227 3583 3464 3640 rebelles
3516 3581 3754 3646 foveret,

2167 3690 2420 3756 omnique
2484 3699 2646 3757 opera
2716 3684 2769 3736 in
2826 3680 3176 3735 rebellionem
3239 3677 3538 3749 pellicerct.
3603 3673 3759 3743 Quod

2168 3790 2348 3837 autem
2397 3780 2463 3834 ad
2514 3777 2702 3832 atheos
2741 3775 3022 3847 cpicureos
3051 3772 3272 3836 attinet,
3306 3768 3402 3824 fuit
3437 3784 3498 3823 ea
3543 3782 3762 3838 semper

2170 3883 2356 3944 estque
2408 3871 2568 3925 hodie
2617 3869 2830 3924 illorum
2882 3864 3122 3930 indoles,
3155 3873 3214 3918 ut
3253 3860 3599 3932 generalibus
3649 3858 3764 3912 suis

2175 3964 2562 4038 hypothesibus
2592 3961 2862 4022 contenti,
2899 3959 2950 4012 in
3003 3955 3248 4026 exempla
3296 3950 3639 4025 particularia
3690 3965 3758 4004 ne

2173 4059 2386 4131 quidem
2434 4053 2809 4127 inquirendutu
2867 4059 3077 4122 putent.
3129 4048 3299 4113 Quatn
3344 4045 3419 4099 illi
3463 4042 3659 4098 fuerint
3706 4041 3759 4095 in

2175 4152 2335 4208 rebus
2365 4147 2742 4205 ecclesiasticis
2782 4144 3022 4214 huSpites
3045 4184 3058 4207 ,
3103 4140 3185 4196 vel
3218 4140 3376 4193 unius
3407 4135 3546 4192 Celsi
3586 4149 3768 4190 exem—

2178 4244 2266 4315 plo
2316 4243 2656 4296 manifestum
2688 4247 2790 4294 est.
2834 4235 2934 4302 Qui
2988 4249 3110 4288 cum
3171 4232 3272 4287 sibi
3313 4230 3490 4286 omnia
3521 4241 3770 4299 comper-

2179 4336 2381 4391 tissima
2456 4347 2577 4388 esse
2623 4328 2981 4400 iactabundus
3026 4327 3289 4399 gloriatus
3341 4329 3518 4385 esset,
3570 4320 3623 4374 in
3681 4335 3769 4374 re-

2181 4431 2281 4486 bus
2326 4439 2506 4484 tamen
2555 4425 2812 4481 Ecclesia:
2860 4438 2984 4478 raro
3031 4435 3254 4493 scopum
3301 4416 3534 4486 attingit.
3571 4412 3774 4482 Estque

479 4515 626 4570 tibus
668 4515 945 4584 virorum,
991 4517 1256 4588 capitibus
1295 4520 1455 4572 etiam
1502 4519 1891 4589 disc00pertis,
1939 4536 2076 4592 prm-
2105 4528 2154 4588 1)
2184 4526 2234 4580 id
2284 4526 2334 4578 in
2381 4537 2447 4577 eo
2497 4521 2607 4577 fere
2643 4529 2992 4590 perpetuum,
3029 4524 3086 4569 ut
3120 4527 3242 4568 cum
3281 4509 3570 4566 Ecclesiam
3612 4503 3774 4560 ferire

479 4616 566 4662 ter
615 4621 776 4664 sexus
820 4609 1176 4676 modestiam,
1228 4612 1710 4675 concionareutur;
1762 4627 1884 4666 cum
1936 4611 2077 4667 dona

476 4714 576 4756 sua
626 4701 742 4757 sine
782 4703 932 4757 omni
986 4703 1360 4759 tediticationis
1414 4703 1771 4774 utilitatisque
1830 4715 2079 4773 respectu

481 4793 707 4851 ederent
754 4796 1064 4868 prophetaz,
1122 4810 1444 4869 essentque,
1492 4813 1558 4854 ne
1615 4799 1666 4853 in
1721 4799 1959 4852 futurum
2009 4800 2077 4853 ita

490 4885 748 4957 deinceps
830 4890 1102 4956 facerent,
1168 4891 1548 4948 Ecclesiastica
1630 4893 1844 4947 tandem
1920 4891 2081 4946 disci-

487 4977 629 5049 plina
660 4983 968 5039 coercendi.
1000 4985 1168 5040 Erant
1197 4986 1444 5056 equidem
1471 4983 1586 5040 htec
1617 4983 1892 5054 prophetis
1925 4985 2075 5052 ipsis,

484 5088 592 5129 non
651 5073 810 5131 donis
881 5093 1068 5135 eorum
1149 5081 1507 5151 propheticis,
1591 5080 1720 5134 vitio
1797 5078 2074 5134 vertenda.

483 5164 654 5233 Quem
701 5169 846 5225 e‘nim
915 5170 1218 5232 habuerunt
1287 5175 1574 5246 spiritum,
1643 5174 1917 5244 subjectus
1972 5172 2078 5227 illis

2183 4621 2374 4686 vellet,
2433 4618 2527 4672 vix
2579 4627 2756 4670 tamen
2812 4611 2878 4666 ad
2932 4612 3066 4665 alios
3121 4622 3280 4679 quam
3333 4603 3617 4659 luereticos
3673 4597 3776 4652 Ec-

2183 4715 2364 4772 clesia:
2385 4723 2634 4768 extorres
2662 4708 2972 4779 pertineant
2995 4719 3056 4759 ea
3075 4745 3090 4768 ,
3138 4699 3331 4770 quibus
3372 4693 3624 4752 Ecclesia:
3649 4704 3778 4744 cau-

2184 4826 2298 4867 sam
2351 4801 2780 4860 labefactandam
2825 4797 3072 4853 credidit.
3109 4791 3394 4864 Egrcginm
3446 4801 3572 4840 vero
3623 4783 3773 4837 illum

2185 4899 2442 4961 Ecclesia:
2467 4910 2748 4952 censorem
2767 4936 2781 4958 ,
2805 4894 2896 4963 qui
2928 4907 2993 4946 nc
3018 4888 3311 4944 Ecclesium
3339 4880 3553 4954 quidem
3581 4877 3650 4932 ab
3671 4876 3779 4931 bte-

2187 4997 2479 5054 reticorutn
2542 4991 2618 5045 illi
2662 4987 3145 5044 infensissimorum
3177 4975 3532 5036 conventibus
3565 4978 3776 5044 poterat

2184 5091 2509 5159 distinguere
2535 5085 2546 5137 !
