3990 6060
231 292 600 307 MN

223 295 600 307 vm
613 299 1508 318 ——.—-—‘——-—~.’——_—___,
1519 312 2090 324 ___.______..____,__._.___..
2113 317 2311 328 ’.ἡ
2344 318 2834 330 κφ-η-θωῇθ

182 295 3484 378 mm

1544 351 1640 359 -υ

1131 344 1534 358 -—-—————__.

173 139 243 185 55
1283 139 1370 196 DE
1413 141 1893 202 PRESBYTERIS
1933 143 2382 206 DOCTORIBUS.

1698 313 1987 321 Μ

1674 351 1950 362 ~—.——__.____._

395 485 2060 660 DISSERTATIO
2147 501 3245 673 SECUNDA

3429 160 3499 216 54

762 821 1041 965 AD
1126 821 1847 975 SANCTI
1927 831 2894 986 CYPRIANI

848 1149 1496 1308 EPISTllIiAM
1544 1154 2101 1331 QUARTAM
2151 1164 2844 1353 VIGESIMAM,

1470 1447 1792 1506 AUCTORE
1834 1451 2242 1512 DODWEILO.

337 1644 442 1706 DE
485 1634 1025 1706 PRESBYTERIS
1081 1631 1619 1706 DOCTORIBUS,
1666 1635 2044 1700 DOCTORE
2084 1642 2593 1710 AUDIENTIUM
2636 1650 2740 1712 ET
2772 1652 3364 1723 LEGATIONIBUS

1292 1772 1293 1775 η
1515 1736 2176 1808 ECCLESIASTICIS.
2237 1810 2244 1818 ,

1514 1947 2168 1979 -ᾢ-

200 2120 229 2194 §
272 2122 326 2177 1.
361 2115 654 2189 Presbyteri
683 2114 915 2169 doctores
942 2109 1200 2181 Cypriano
1231 2106 1563 2177 antiquiores,
1616 2106 1809 2175 prima-
1836 2111 1888 2169 Α
1916 2107 2016 2164 Ubi
2044 2109 2114 2165 ita
2140 2111 2298 2182 hujus
2312 2113 2438 2170 doni
2469 2119 2734 2183 meminit,
2758 2131 2815 2179 ut
2841 2125 3003 2195 plane
3028 2127 3096 2185 ab
3123 2129 3318 2190 ofﬁciis
3348 2135 3521 2192 eccle-

276 2219 376 2273 ria:
400 2219 451 2271 in
480 2214 711 2271 Ecclesia
737 2210 1023 2283 dignitatis.
1053 2239 1122 2248 -—-
1152 2206 1179 2279 §
1204 2207 1259 2261 2.
1286 2205 1546 2276 Apostolis
1577 2205 1752 2271 coaevi,
1783 2221 1814 2258 a

278 2310 585 2365 Judceorum
609 2306 803 2362 Scribis
827 2301 1114 2358 doctoribus
1133 2300 1355 2355 deducti.
1389 2329 1459 2338 --
1481 2297 1508 2370 §
1533 2299 1586 2353 3.
1623 2297 1815 2352 Eorum

281 2406 506 2476 oﬂicium
546 2404 598 2457 in
636 2403 769 2456 dono
800 2396 1206 2454 extraordinario
1235 2393 1528 2466 fundatum.
1557 2422 1628 2432 —
1662 2391 1725 2464 ές
1755 2391 1809 2456 4,

291 2498 354 2566 5,
383 2497 436 2552 6.
473 2494 594 2549 Non
624 2493 846 2550 omnium
892 2491 1049 2562 fuisse
1089 2492 1515 2587 presbyterorum,
1559 2493 1627 2587 ut.
1667 2483 1816 2585 vulgo

286 2581 496 2664 putant,
545 2603 728 2642 munus
754 2583 877 2637 illud
903 2581 1139 2637 docendi.
1167 2610 1237 2620 --
1268 2578 1296 2649 §
1325 2578 1374 2631 7.
1412 2575 1473 2630 In
1503 2575 1817 2629 audientium

289 2685 502 2737 doctore
522 2676 786 2751 probando
814 2674 1129 2745 presbyteros
1165 2671 1396 2724 doctores
1446 2668 1582 2722 solos
1628 2683 1814 2720 consu-

286 2780 386 2832 Iuit
411 2775 720 2849 Cyprianus.
750 2769 868 2842 -ξ
895 2768 948 2824 8.
975 2767 1246 2821 Audientes
1275 2763 1431 2817 iidem
1460 2762 1545 2826 qui
1572 2760 1813 2814 catechu—

280 2870 441 2926 meni.
475 2899 544 2909 —-
571 2865 598 2939 §
624 2866 679 2922 9.
719 2862 851 2918 Voce
874 2862 1026 2916 etiam
1046 2856 1392 2913 catecltnmeni
1420 2856 1497 2909 usi
1526 2864 1660 2908 sunt.
1707 2852 1816 2906 Au-

284 2963 536 3018 dientium
561 2975 743 3014 nomen
777 2955 913 3009 unde
961 2953 1255 3007 deductum.
1281 2981 1351 2988 —
1380 2939 1518 3020 §10.
1560 2945 1816 3001 Cateclm-

281 3069 549 3110 meliorum
589 3048 842 3104 institutio
895 3043 1146 3116 mysteriis
1190 3041 1544 3110 respondebat.
1575 3069 1645 3079 -—
1672 3037 1700 3108 ς
1726 3038 1815 3092 11.

283 3148 484 3204 Doctor
509 3145 828 3200 audientium
847 3137 1107 3210 Cypriane
1125 3133 1531 3234 hypodiaconus.
1554 3129 1643 3234 .De
1670 3128 1816 3234 Pan.-

284 3256 422 3300 ιτεηο
446 3283 460 3306 ,
514 3239 770 3295 Clemente
799 3230 1152 3288 Alexandrino
1174 3270 1189 3295 ,
1243 3225 1496 3296 Origene,
1547 3223 1600 3276 in
1644 3221 1820 3329 schola

287 3333 644 3391 Alexandrina
666 3327 1049 3383 catecliistis.-—-
1072 3321 1208 3396 §12.
1238 3321 1552 3392 Interiorum
1581 3316 1820 3371 ordinum

286 3426 530 3489 ministri,
551 3439 686 3478 nunc
708 3419 847 3476 Cleri
874 3416 1128 3472 communi
1151 3415 1355 3470 nomine
1372 3421 1657 3476 censentur,
1687 3426 1820 3464 nunc

1919 2200 2148 2257 siasticis
2204 2207 2544 2277 episcopatus
2590 2222 2642 2266 et
2679 2213 2994 2274 diaconatus
3041 2221 3355 2296 distinguat.
3389 2228 3521 2300 Quae

1918 2295 2060 2346 enim
2089 2308 2408 2365 sequuntur,
2443 2317 2792 2370 personarum
2820 2318 2945 2363 sunt
2975 2311 3138 2378 dona,
3173 2295 3278 2370 non
3308 2298 3518 2373 oftiCio-

1920 2397 2076 2448 rum;
2107 2400 2278 2457 eaque
2309 2388 2421 2458 ipsa
2465 2390 2534 2444 ita
2567 2392 2709 2450 inter
2735 2411 2794 2452 se
2843 2401 3103 2469 gradibus
3148 2402 3420 2473 distincta,
3464 2418 3522 2464 ut

1919 2482 2223 2548 proximum
2251 2485 2470 2555 martyri
2494 2488 2719 2556 gradum
2749 2491 2939 2548 doctor
2961 2507 3209 2567 occupet,
3230 2515 3330 2555 nec
3349 2501 3523 2558 viduis

1921 2571 2083 2625 modo
2116 2574 2206 2637 sit,
2240 2576 2334 2629 sed
2363 2587 2416 2631 et
2450 2579 2743 2649 virginibus
2774 2584 3037 2656 dignitate
3075 2593 3343 2660 superior.
3376 2593 3522 2651 Idem

1922 2674 2107 2734 postea
2128 2685 2140 2721 :
2161 2686 2178 2717 ι
2205 2669 2297 2723 Est
2320 2672 2499 2742 utique
2528 2673 2714 2743 frater,
2734 2677 2921 2748 inquit,
2941 2683 3337 2752 aliquisdoctor
3355 2689 3523 2758 gratia

1920 2757 2160 2813 scientia:
2181 2760 2448 2819 donatus?
2485 2786 2503 2818 ›
2540 2778 2642 2823 etc.
2677 2769 2919 2827 Meminit
2948 2775 3283 2835 Tertulliano
3311 2797 3524 2838 cozevus

1923 2858 2128 2921 martyr
2165 2851 2390 2911 Saturus
2415 2861 2622 2929 Aspasii
2644 2863 2943 2936 presbyteri
2971 2866 3209 2926 doctoris
3237 2873 3305 2927 ab
3332 2874 3525 2945 Optato

1926 2942 2190 3014 episcopo
2218 2945 2553 3006 dissidentis.
2581 2951 2670 3023 (In
2690 2955 2803 3008 Act.
2836 2955 3042 3027 Perpet.
3060 2971 3106 3014 et
3124 2959 3291 3018 Felic.
3322 2942 3393 3019 inv
3416 2964 3524 3021 Vis.

1923 3031 2149 3106 Saturi.)
2174 3037 2410 3094 Meminit
2437 3041 2601 3096 variis
2624 3042 2677 3097 in
2713 3045 3110 3117 locisHermas,
3141 3052 3235 3107 lib.
3267 3071 3303 3119 ι,
3329 3056 3428 3109 vis.
3454 3057 3522 3112 ὃς

1929 3145 1948 3178 ι
1976 3125 2210 3198 Lapides
2259 3133 2478 3201 quidem
2507 3135 2582 3189 illi
2610 3139 2854 3206 quadrati
2889 3150 2943 3197 et
2971 3143 3098 3211 albi,
3142 3149 3527 3206 convenientes

1923 3219 1976 3275 in
1992 3223 2383 3292 connuissuris,
2417 3226 2454 3282 ii
2485 3241 2610 3283 sunt
2631 3234 2889 3301 apostoli,
2919 3245 2973 3290 et
2997 3237 3261 3310 episcopi,
3293 3250 3348 3297 et
3391 3243 3525 3299 doc-

1924 3319 2091 3381 tores,
2122 3325 2176 3370 et
2203 3318 2457 3384 ministri,
2482 3322 2571 3390 qui
2605 3322 2834 3394 ingressi
2875 3339 3001 3382 sunt
3041 3333 3093 3384 in
3116 3332 3402 3390 clementia
3432 3335 3525 3392 Dei

1923 3414 1978 3460 et
1999 3407 2363 3478 episcopatum
2390 3425 2698 3482 gesserunt,
2724 3427 2778 3472 et
2816 3419 3141 3490 docuerunt,
3175 3435 3228 3480 et
3255 3428 3526 3483 ministra-

291 3519 652 3583 excludnntur,
709 3513 852 3580 apud
903 3510 1240 3582 Cyprianum.
1271 3537 1343 3548 ——
1373 3505 1400 3576 ξ
1437 3507 1523 3560 15.
1575 3501 1822 3574 Cypriani
1850 3509 1898 3568 Β
1927 3512 2120 3556 verunt
2145 3515 2332 3560 sancte
2365 3515 2421 3561 et
2447 3508 2693 3566 modeste
2724 3512 2911 3568 electis
2948 3515 3042 3571 Dci
3071 3519 3160 3588 qui
3190 3519 3527 3579 dormierunt

290 3614 566 3686 legationes
609 3625 803 3674 omnes,
849 3607 1064 3678 aliteqne
1123 3617 1339 3674 quorum
1383 3599 1566 3653 mentio
1609 3600 1660 3651 in
1693 3597 1821 3703 eius

291 3708 561 3779 Epistolis.
585 3703 702 3776 —§
729 3703 817 3759 H.
844 3699 1145 3782 Legationes
1174 3713 1262 3765 per
1285 3695 1514 3758 clericos,
1545 3702 1591 3746 et
1618 3691 1821 3757 quidem

286 3803 432 3868 illos,
478 3811 532 3855 ut
585 3799 882 3870 plurimum,
941 3795 1104 3858 binos,
1170 3808 1288 3845 raro
1355 3789 1821 3887 hypodiaconattltm

287 3894 588 3951 excedentcs
612 3901 759 3945 aztate
784 3887 1050 3959 Cypriani.
1083 3913 1154 3924 —-
1187 3884 1214 3954 ξ
1242 3882 1328 3937 15.
1373 3879 1674 3982 Legationes
1704 3878 1822 3930 alia:

289 3988 553 4060 Cypriuno
598 3983 932 4052 antiquiores,
988 3978 1260 4074 Clementis
1282 3973 1632 4074 ‘Alexanndrini
1665 3981 1817 4074 atque

288 4081 504 4135 lremei.
539 4107 602 4118 -—
629 4077 655 4149 §
687 4075 774 4131 16.
813 4072 1114 4144 Legationes
1170 4067 1413 4123 Ecclesia:
1468 4066 1820 4173 Suiyrneiisi's,

289 4175 694 4246 Polycarpiana:
715 4180 863 4240 atque
895 4163 1397 4260 Igiiatiaiimlnag-is,
1425 4176 1578 4260 quam
1602 4159 1824 4260 Cypria:

290 4269 347 4323 ni
410 4266 547 4332 illw,
605 4261 918 4328 honori/icto.
968 4288 1039 4299 ——
1084 4254 1111 4327 §
1160 4255 1255 4352 17...
1299 4253 1600 4352 Legationes
1650 4250 1824 4352 siccati

293 4356 598 4430 Apostolici.
639 4351 759 4423 —-§
809 4351 894 4406 l8.
945 4347 1050 4402 Pro
1105 4345 1328 4400 moribus
1375 4343 1512 4444 juris
1557 4341 1824 4444 hospitalis

293 4464 566 4522 expressae.
599 4477 672 4489 —-
709 4445 737 4517 §
780 4445 870 4500 19.
928 4441 1157 4511 Apostoli
1210 4439 1609 4538 peregrinantes
1638 4435 1712 4488 ita
1763 4433 1826 4538 αι»

297 4543 543 4601 Ecclesiis
595 4539 782 4610 recepti
834 4546 892 4590 ut
946 4536 1163 4590 solerent
1214 4550 1245 4584 a
1293 4529 1826 4630 provincialibus-suis

299 4635 541 4709 prmities
591 4631 988 4703 provinciarum.
1017 4657 1087 4666 -—
1139 4623 1166 4696 §
1215 4622 1305 4678 20.
1357 4621 1663 4692 Legationes
1689 4620 1828 4674 illius

297 4729 479 4786 seaculi
501 4727 721 4782 maxime
750 4721 1068 4790 honoriﬁcam

300 4825 330 4895 ς
357 4825 487 4879 1.-
500 4821 598 4875 Aut
619 4816 823 4888 quando
841 4831 956 4868 cum
977 4809 1280 4883 presbyteris
1298 4807 1587 4862 doctoribus
1618 4807 1828 4860 lectores

1928 3593 2129 3664 quique
2155 3596 2331 3653 adhuc
2365 3611 2511 3668 sunt,
2549 3612 2602 3658 et
2635 3619 2851 3675 semper
2875 3623 2997 3662 cum
3028 3610 3131 3666 illis
3157 3626 3528 3672 convenerunt

1926 3694 1979 3738 et
2002 3685 2054 3740 in
2083 3702 2142 3742 se
2168 3704 2352 3758 pacem
2382 3690 2687 3750 habuerunt
2729 3706 2783 3752 et
2815 3714 2872 3754 se
2900 3700 3134 3758 invicem
3157 3706 3465 3764 audierunt.
3500 3729 3518 3764 ι

1925 3777 2116 3834 Mirum
2141 3785 2374 3854 estquod
2405 3786 2506 3842 hoc
2531 3804 2560 3842 e
2585 3789 2703 3846 loco
2733 3793 2913 3849 eliciat
2938 3795 3271 3869 Blondellus,
3304 3803 3524 3861 eosdem

1927 3869 2093 3929 fuisse
2121 3877 2406 3948 episcopos
2454 3891 2616 3952 atque
2664 3884 2950 3956 doctores;
2984 3894 3137 3961 quasi
3182 3910 3308 3952 vero
3362 3899 3527 3955 verba

1927 3965 2039 4032 illa,
2073 3976 2128 4022 et
2148 3970 2516 4042 episcopatum
2542 3989 2843 4044 gesserunt,
2864 3981 2930 4035 ad
2959 3981 3209 4041 doctores
3241 3987 3524 4046 referenda

1928 4057 2059 4127 sint,
2117 4069 2170 4114 et
2220 4078 2326 4116 non
2361 4065 2508 4134 ipsos
2555 4068 2734 4136 potius
2772 4071 2863 4140 qui
2917 4075 3078 4128 etiam
3134 4091 3528 4146 pra-cesserant

1928 4152 2212 4222 episcopos
2248 4173 2259 4208 :
2297 4160 2590 4225 praesertim
2631 4177 2753 4215 cum
2785 4177 3072 4222 occurrant
3118 4169 3314 4227 ibidem
3360 4175 3524 4233 verba

1929 4242 2041 4311 illa,
2059 4255 2114 4300 et
2139 4246 2457 4316 docuerunt,
2488 4269 2608 4323 qua:
2628 4254 2942 4314 doctoribus
2977 4262 3268 4331 aptissimm
3295 4284 3524 4340 respon-

1929 4333 2111 4391 deant.
2137 4337 2326 4396 Fuisse
2346 4342 2592 4414 equidem
2623 4346 2725 4402 hoc
2758 4349 2902 4406 dono
2927 4351 3214 4412 instructos
3239 4360 3526 4434 episcopos

1932 4438 1987 4481 ut
2020 4429 2329 4498 plurimum,
2354 4447 2435 4489 est
2475 4451 2605 4493 sane
2645 4440 3096 4501 verisimillimum
3128 4461 3346 4521 propter
3388 4429 3529 4524 pra:—

1931 4529 2146 4588 ceptum
2177 4526 2444 4593 Aposmli,
2473 4543 2581 4598 quo
2606 4530 2927 4603 Episcopum
2954 4537 3063 4592 vult
3094 4555 3215 4597 esse
3244 4541 3527 4605 διδακτικόν

1934 4611 1950 4665 1
1981 4612 2146 4682 Tim.,
2194 4632 2272 4684 ιιι,
2305 4617 2375 4682 2;
2407 4618 2451 4674 ll
2479 4619 2643 4687 Tim.,
2679 4639 2734 4691 ιι,
2764 4624 2856 4691 24,
2888 4638 3050 4699 atque
3077 4631 3213 4688 adeo
3241 4651 3272 4692 e
3302 4640 3524 4710 presby-

1935 4704 2064 4758 teris
2095 4705 2246 4760 illum
2303 4714 2575 4782 praecipue
2606 4712 2672 4767 ad
2722 4715 3064 4787 episcoliatus
3096 4704 3353 4781 honorem
3403 4743 3528 4787 esse

1935 4811 2248 4869 provectum
2280 4818 2438 4872 quem
2471 4820 2537 4859 eo
2576 4804 2718 4861 dono
2745 4811 3027 4867 constabat
3053 4829 3174 4871 esse
3215 4817 3520 4886 praeditum.

223 4894 500 4988 diligenter
515 4913 866 4985 probaremus,
903 4905 1148 4977 Optatum
1179 4911 1310 4956 inter
1335 4903 1543 4956 lectores
1573 4899 1830 4954 doctorem
1858 4899 1903 4960 C
1937 4896 2006 4948 At
2029 4894 2461 4966 presbyterorum
2495 4899 2654 4954 etiam
2681 4901 2961 4960 doctorum
2975 4906 3084 4976 jam
3108 4912 3356 4983 exempla
3387 4916 3527 4972 vidi-

221 5007 548 5065 audientium
599 5001 973 5058 constituimus.
1024 4993 1430 5052 Observandum
1485 4992 1587 5046 lioc
1637 5004 1831 5045 munus

219 5098 671 5176 presbyterorum
700 5095 1008 5157 doctorum,
1029 5087 1171 5161 quod
1195 5103 1300 5190 non
1319 5085 1568 5190 Cypriani
1599 5084 1828 5190 primum

225 5202 490 5265 tempore
521 5199 689 5245 natum
718 5197 858 5254 erat,
887 5185 983 5241 sed
1016 5181 1239 5285 vero-ab
1261 5179 1532 5285 Apostolis
1563 5192 1735 5285 usque
1761 5176 1828 5285 ad

226 5289 350 5361 ejus
384 5297 626 5356 tempora
659 5283 975 5340 deductum.
1005 5270 1831 5376 Cypriani:antiquior‘Ter‘tul:

230 5382 410 5440 lienus
436 5377 702 5437 meminit.
737 5373 1063 5451 (Prwscript.
1093 5371 1212 5425 adv.
1242 5367 1407 5436 "wn,
1435 5384 1479 5422 ι’.
1690 5363 1829 5471 Quid

231 5491 388 5549 ergo,
431 5472 641 5542 inquit,
671 5471 720 5527 si
766 5469 1070 5541 episcopus,
1095 5465 1140 5521 si
1171 5464 1452 5530 diaconus,
1485 5462 1528 5515 si
1555 5460 1732 5527 vidua,
1781 5460 1827 5514 si

229 5573 410 5644 virgo,
439 5571 486 5625 si
519 5568 732 5658 doctog,
776 5565 823 5620 si
871 5563 1030 5620 ctiam
1062 5571 1286 5632 martyr,
1330 5558 1510 5628 lapsus
1542 5571 1615 5664 ’θ’
1644 5554 1828 5664 regula

231 5631 418 5732 fuerit;
455 5661 574 5722 ideo
594 5631 832 5720 bmreses
851 5657 1127 5716 veritatem
1159 5651 1482 5710 videbuntur
1507 5649 1818 5708 obtincrc'h

1936 5002 2079 5052 mus,
2114 4997 2170 5040 ut
2216 4989 2442 5057 proinde
2486 5006 2712 5049 necesse
2755 5011 2860 5050 non
2888 4997 2957 5051 sit
2985 4998 3073 5067 qui
3102 4999 3292 5058 doctor
3338 5005 3524 5075 fuerit,

1935 5094 2056 5134 eum
2088 5082 2199 5136 t‘orc
2225 5083 2386 5137 etiam
2411 5085 2744 5157 episcopum.
2780 5088 2997 5145 Frustra
3025 5107 3154 5149 vero
3185 5112 3283 5152 nos
3306 5097 3376 5154 ad
3403 5099 3527 5158 illos

1934 5185 2183 5231 auctores
2240 5176 2406 5232 refert
2450 5178 2782 5250 Blondellus,
2835 5184 2923 5254 qui
2967 5197 3086 5256 post
3129 5191 3421 5248 extinctum
3473 5195 3528 5252 in

1934 5266 2174 5324 Ecclesia
2219 5268 2529 5328 doctoratus
2569 5275 2766 5328 donum
2811 5276 3128 5336 ﬂoruerunt.
3160 5283 3266 5338 Sed
3295 5285 3361 5341 ad
3394 5286 3530 5343 Her-

1933 5376 2072 5417 mam
2144 5373 2384 5420 nostrum
2461 5367 2765 5423 redeamus.
2818 5370 2963 5428 Idem
3016 5391 3235 5444 rursus,
3300 5378 3392 5435 lib.
3464 5397 3527 5448 ιι,

1926 5455 2107 5512 Mand.
2143 5457 2210 5514 ἅτ
2258 5475 2278 5511 ι
2307 5458 2480 5516 Etiam
2525 5476 2683 5517 nunc.
2735 5463 2978 5533 Domine,
3026 5469 3201 5526 audivi
3229 5487 3261 5528 a
3303 5474 3525 5545 quibus-

1927 5549 2050 5606 dam
2073 5549 2413 5616 doctoribus,
2445 5552 2588 5623 quod
2626 5555 2730 5611 alia
2763 5559 3070 5628 paenitentia
3103 5579 3206 5619 non
3235 5573 3339 5632 εει,
3369 5574 3473 5622 clc.
3503 5587 3522 5622 ι

1927 5643 2047 5702 Lib.
2074 5660 2157 5717 ιιι,
2184 5645 2358 5704 Simil.
2381 5646 2431 5703 9.
2463 5666 2479 5699 ι
2507 5649 2866 5726 Quadraginta
2889 5669 3015 5711 vero
3045 5658 3285 5729 Apostoli
3317 5669 3372 5719 et
3399 5661 3525 5722 doc-
