3990 6060
447 207 516 273 53
1414 204 1781 268 DODWELLI
1815 206 2264 268 DISSERTATIO
2299 198 2726 268 CYPRIANICA
3681 206 3755 273 56‘

447 343 593 389 tores
622 328 1159 402 suntprredicationis
1175 327 1270 383 ﬁlii
1292 325 1407 383 Dei.
1433 346 1451 379 ι
1481 326 1672 381 Postea
1695 344 1708 381 :
1731 344 1749 376 ι
1781 326 1849 381 Ει
1873 326 2040 380 dixit:
2071 327 2121 387 Α
2148 324 2399 381 eumdem
2430 326 2598 396 gratia
2648 325 2893 382 scientiae
2918 324 3177 383 donatum
3211 338 3335 385 esse
3355 329 3507 387 dicit.
3544 330 3752 387 Proba-

446 426 709 493 Quoniam
752 425 803 479 hi
830 424 1061 495 apostoli
1090 431 1146 478 et
1197 422 1451 477 doctores
1497 421 1587 488 qui
1618 420 2049 490 praadicaverunt

446 534 641 574 nomen
668 519 758 572 lilii
788 518 909 584 Dei,
939 532 1062 572 cum
1085 516 1348 572 habentes
1377 515 1536 571 iidem
1577 514 1696 585 ejus
1724 524 1778 570 et
1808 523 2046 585 potesta-

445 622 551 669 tem
577 612 812 668 defuncti
836 614 1021 667 essent
1046 608 1476 682 prmdicaverunt
1499 606 1583 665 his
1612 610 1701 680 qui
1729 610 1854 664 ante
1896 602 2047 665 obies

443 716 589 763 runt.
617 725 636 759 ι
659 707 890 763 lterum:
925 724 944 755 r
975 706 1052 761 De
1076 714 1267 759 octavo
1293 719 1421 760 vero
1442 713 1647 771 monte,
1682 704 1733 758 in
1772 717 1881 773 quo
1931 701 2049 771 plu-

447 803 567 858 rimi
601 811 757 857 erant
779 801 957 856 fontes
984 800 1250 871 inquibus
1280 798 1647 869 adaquabatur
1677 812 1838 852 omne
1879 809 2048 867 genus

444 907 708 951 creatura:
736 884 851 957 Dei,
900 891 1033 947 tales
1077 900 1203 947 stmt
1243 890 1334 960 qui
1375 885 1726 946 crediderunt
1764 887 2042 960 aposwlis'.

442 1004 577 1059 quos
618 986 763 1041 misit
792 985 1048 1040 Dominus
1080 984 1134 1039 in
1160 990 1330 1039 totum
1374 981 1559 1038 urbem
1614 981 1911 1053 praedicare
1947 997 1960 1033 :
1993 987 2048 1034 et

443 1079 660 1151 quidam
684 1080 938 1134 ductores
970 1078 1057 1147 qui
1089 1086 1238 1132 caste
1285 1083 1341 1132 et
1362 1077 1571 1131 sincere
1622 1075 2049 1142 praedicaverunt

442 1182 496 1229 et
545 1174 863 1238 docuerunt,
914 1179 1017 1227 etc.
1057 1189 1076 1222 ι
1114 1170 1190 1225 Ex
1239 1169 1437 1240 quibus
1489 1170 1739 1225 omnibus
1784 1168 1837 1223 id
1882 1169 2044 1224 etiam

440 1266 808 1337 intelligimus,
842 1280 1087 1336 quasnam
1112 1263 1203 1317 illa
1226 1252 1391 1316 fuerit
1419 1254 1663 1317 doetrlm
1691 1256 1834 1317 unde
1861 1257 2045 1316 doctu-

440 1373 560 1413 rum
602 1373 797 1413 nomen
826 1356 1150 1423 habuerunt,
1205 1369 1401 1409 munus
1442 1354 1572 1409 illud
1604 1353 1958 1425 prmdicandi,
1988 1362 2048 1409 ut

442 1451 681 1522 loquitur
740 1452 1001 1518 ilermas,
1054 1458 1365 1520 tantamque
1431 1448 1595 1503 etiam
1648 1450 1813 1504 fuisse
1858 1462 2045 1503 eorum

440 1543 779 1615 dignitatem,
815 1555 871 1599 ut
901 1559 1023 1599 cum
1071 1542 1353 1614 apostolis,
1388 1552 1446 1597 ut
1476 1541 1789 1612 plurimum,
1816 1542 2045 1612 conjun-

440 1649 657 1708 gantur.

2152 419 2327 473 vimus
2366 419 2509 474 enim
2554 419 2710 473 istius
2735 418 2878 473 modi
2916 419 3148 489 Spiritus
3191 426 3505 498 χαρίσματα
3550 424 3616 479 ad
3646 425 3753 496 Cy-

2151 514 2322 582 priani
2346 514 2515 568 nostri
2540 521 2786 582 tempora
2833 514 3219 584 permansisse.
3266 516 3465 572 Fateor
3497 515 3749 587 uiuidem

2150 604 2238 658 illa
2268 611 2427 659 mtate
2455 604 2724 659 donorum
2756 594 3311 661 exlraordittariot'um
3334 610 3491 662 usuin
3520 594 3575 662 in
3604 607 3755 663 ordi-

2151 700 2422 753 nariorum
2471 713 2685 769 quoque
2720 715 3005 755 munerum
3053 699 3522 758 administratione
3560 702 3749 758 fuisse.

2152 791 2258 846 Sed
2314 807 2441 848 vero
2482 792 2822 851 munushoc
2867 793 3156 850 doctorum
3197 811 3304 850 non
3360 797 3537 853 minus
3585 796 3751 855 fuisse

2147 894 2307 956 quam
2338 885 2536 941 donum
2563 890 2738 957 ipsllm
2778 886 3044 943 ductrinee
3071 888 3587 959 extraordinarium,
3627 889 3753 949 inde

2148 977 2455 1049 enlligimus
2483 976 2626 1050 quod
2667 966 3047 1037 deficientibus
3077 980 3385 1050 huiusmodi
3409 981 3586 1047 donis,
3617 997 3753 1053 pau-

2149 1069 2296 1125 latim
2318 1072 2492 1141 ipsum
2524 1087 2738 1143 quoque
2760 1088 2952 1128 munus
2984 1074 3037 1129 in
3076 1073 3487 1132 desuetudinem
3532 1076 3752 1132 abierit.

2146 1160 2307 1216 Nulla
2329 1163 2474 1218 enim
2503 1164 2623 1235 ejus
2661 1166 2899 1221 occurrit
2946 1165 3002 1220 in
3034 1167 3398 1237 posteriorum
3426 1168 3753 1225 smculorum

2145 1251 2445 1310 nationibus
2475 1254 2700 1309 mentio.
2731 1241 2843 1310 Nec
2882 1252 3047 1311 etiam
3100 1257 3250 1313 ullibi
3301 1273 3420 1314 cum
3460 1258 3755 1314 ordinariis

2148 1345 2409 1415 episcopi,
2444 1346 2749 1418 presbyteri
2784 1357 2878 1402 aut
2920 1347 3131 1404 diaconi
3160 1349 3356 1406 ofﬁciis
3408 1351 3757 1423 conjungitur

2147 1438 2202 1492 in
2225 1437 2289 1493 N.
2325 1438 2387 1494 Τ.
2422 1440 2518 1495 sed
2567 1455 2686 1495 cum
2719 1441 3167 1498 extraordinariis
3198 1443 3308 1499 illis
3362 1445 3754 1515 apostolorum,

2150 1530 2555 1602 prophetarum,
2579 1533 3094 1604 miraculorumque,
3118 1552 3239 1608 qua:
3256 1538 3462 1608 jamdiu
3490 1538 3757 1596 defecisse

2148 1641 2340 1682 omnes
2383 1628 2732 1685 conﬁtentur.
2779 1629 2891 1685 Nec
2938 1641 3235 1702 suppetunt
3284 1632 3529 1703 patribus
3574 1632 3757 1705 quarti

516 1731 544 1804 §
575 1732 706 1786 2.-
720 1728 994 1802 Frequens
1017 1729 1176 1787 etiam
1202 1729 1441 1786 occurrit
1465 1728 1657 1785 horum
1680 1726 1963 1784 doctorum
1996 1726 2049 1782 in
2079 1734 2128 1796 Β
2156 1720 2338 1776 surculi
2367 1731 2421 1777 et
2451 1721 2710 1792 deinceps
2731 1720 2799 1779 de
2821 1739 3009 1779 eorum
3037 1720 3217 1780 ofﬁcio
3240 1725 3387 1797 quod
3418 1725 3660 1782 scribant
3687 1741 3758 1782 ex

442 1826 624 1881 Sacris
656 1825 873 1880 Litteris
901 1825 1103 1879 mentio
1130 1842 1142 1878 :
1167 1824 1378 1889 Acten,
1408 1839 1563 1888 χχιιι,
1594 1838 1631 1889 ι,
1658 1822 2042 1893 prophetarum

441 1929 494 1974 et
523 1918 837 1983 doctorum;
865 1917 1052 1984 lCor.,
1080 1933 1173 1982 xu,
1202 1919 1377 1987 primo
1393 1917 1786 1988 apostolorum,
1806 1914 2043 1971 secundo

443 2012 850 2080 prophetarum,
883 2010 1043 2064 tertio
1070 2009 1353 2064 doctorum
1406 2017 1531 2064 aute
1557 2009 1660 2063 alia
1690 2007 1925 2078 Spiritus
1949 2022 2045 2062 ex—

441 2100 797 2155 traordinaria
827 2103 1170 2176 χαρίσματα,
1198 2115 1251 2154 v.
1283 2098 1492 2165 28,29;
1517 2099 1680 2171 Eph.,
1712 2115 1785 2166 Iv,
1825 2115 1884 2166 ιι,
1913 2114 2044 2168 apo-

439 2192 726 2262 stolorum,
754 2194 1161 2264 prophetarum,
1189 2192 1665 2263 evangelistarum,
1687 2203 1961 2263 pastorum
1991 2201 2046 2247 et

438 2289 747 2346 doctorum.
804 2286 1119 2344 Inserantur
1152 2289 1239 2343 hic
1284 2288 1642 2359 Evangelista:
1671 2296 1727 2342 et
1762 2294 2041 2359 pastores;

436 2385 576 2441 dona
606 2384 669 2440 N.
709 2384 774 2440 Τ.
808 2385 1050 2457 propria,
1096 2399 1199 2440 nec
1220 2400 1248 2437 ιι
1277 2381 1624 2449 Pentecoste,
1656 2398 1765 2453 quo
1797 2390 2044 2453 tempore

442 2478 674 2550 Spiritus
727 2474 932 2535 eﬂusris
976 2486 1080 2545 est,
1124 2477 1463 2534 deducenda.
1501 2476 1857 2547 Evangelistm
1899 2476 2042 2531 enim

441 2584 510 2626 co
541 2580 784 2641 tempore
814 2568 1110 2627 necessarii
1132 2579 1288 2626 erant
1309 2586 1414 2641 quo
1444 2570 1780 2640 evangelium
1798 2568 1865 2623 ad
1895 2578 2045 2624 exte-

442 2672 534 2719 roS
564 2661 919 2720 de’rivandum
950 2673 1088 2731 erat,
1120 2661 1262 2734 quod
1305 2663 1488 2718 nescio
1537 2677 1603 2716 an
1647 2672 1773 2717 ante
1808 2658 2046 2716 Cornelii

444 2755 728 2813 historiam
758 2756 1068 2828 contigerit,
1090 2754 1205 2812 fieri
1234 2765 1382 2812 certe
1411 2757 1497 2809 vix
1527 2763 1705 2825 potest
1736 2764 1790 2809 ut
1817 2760 2043 2809 mortem

442 2846 704 2920 Stephani
755 2850 1130 2916 antecesserit,
1185 2848 1725 2920 persecutionemque
1780 2860 1843 2899 ea
1889 2858 2046 2900 occa-

439 2943 591 2997 sione
618 2943 925 2997 excitatam.
976 2938 1262 2996 Pastorum
1297 2950 1490 2995 munus
1520 2949 1645 2994 tunc
1675 2938 2043 2995 necessarium

440 3040 576 3101 erat,
624 3048 745 3090 cum
798 3028 1058 3090 Ecclesia:
1100 3033 1461 3105 eleemosyna:
1505 3040 1661 3089 erant
1694 3032 1746 3086 in
1781 3043 2045 3101 pauperes

2150 1817 2231 1871 sui
2263 1817 2446 1872 smculi
2474 1817 2706 1888 receptis
2738 1818 2979 1874 moribus
3005 1818 3094 1877 vel
3120 1820 3355 1875 evanida
3385 1821 3633 1891 vestigia,
3656 1822 3754 1878 sed

2149 1911 2374 1982 perinde
2396 1927 2458 1967 ac
2492 1928 2616 1975 nos.
2663 1928 2694 1968 e
2724 1921 2873 1968 textu
2919 1914 3094 1968 solum
3142 1924 3496 1985 veterumque
3536 1915 3754 1988 scriptis

2148 2000 2542 2074 cenjectantur.
2589 2004 2821 2061 Videant
2869 2006 3030 2077 igitur
3077 2006 3276 2062 fratres
3319 2007 3756 2079 independentes

2147 2111 2252 2167 qua
2280 2097 2491 2152 ratione
2539 2096 2643 2153 hoc
2694 2097 2934 2153 ofﬁcium
2989 2099 3412 2155 continuandum
3467 2109 3753 2170 censeant,

2149 2206 2271 2245 cum
2304 2199 2484 2245 tamen
2512 2188 2651 2245 dona
2680 2188 2795 2255 illa,
2844 2189 3041 2261 quibus
3087 2189 3333 2247 innixum
3384 2189 3752 2263 probavimus,

2147 2297 2252 2337 nec
2272 2282 2370 2353 ipsi
2401 2278 2663 2338 defecisse
2691 2282 3020 2338 inﬁcientur.

2220 2374 2247 2447 §
2268 2374 2953 2432 L—Animadvertcndum
2981 2384 3263 2448 praeterea,
3288 2392 3412 2434 cum
3432 2374 3500 2435 de
3519 2376 3755 2450 Presby-

2151 2472 2279 2526 teris
2306 2468 2621 2528 doctoribus
2651 2471 2898 2528 meminit
2927 2471 3249 2543 Cyprianus,
3284 2472 3338 2529 id
3362 2472 3521 2530 simul
3558 2472 3754 2529 innueo

2147 2578 2228 2630 re,
2256 2560 2419 2619 fuisse
2444 2563 2628 2635 utique
2655 2564 2793 2620 alios
2816 2583 2846 2622 e
2878 2564 3219 2636 presbyterio
3244 2567 3333 2637 qui
3382 2581 3490 2621 non
3520 2564 3751 2622 fuissent

2149 2655 2419 2712 doctores.
2452 2652 2563 2713 Nec
2586 2658 2731 2713 enim
2752 2673 2889 2728 Opus
2910 2664 3027 2713 erat
3049 2666 3108 2713 ut
3128 2659 3477 2731 presbyteros
3502 2654 3755 2715 doctores

2148 2746 2218 2804 ab
2258 2748 2527 2820 episc0pis
2578 2748 2764 2805 itidem
2794 2749 3105 2806 doctoribus
3147 2762 3476 2820 secerneret,
3518 2752 3636 2824 ipse
3664 2752 3755 2825 qui

2150 2840 2265 2896 haec
2291 2826 2554 2898 scriberet
2579 2843 2889 2913 episcopus.
2934 2840 3043 2899 Nec
3077 2845 3250 2900 locum
3278 2844 3552 2902 habebant
3580 2846 3670 2902 alii
3698 2848 3753 2904 in

2150 2949 2336 2991 eorum
2371 2935 2689 3006 probatione
2716 2938 2806 3007 qui
2835 2937 2891 2992 in
2934 2937 3137 2993 clerum
3171 2937 3522 3009 promovendi
3549 2948 3753 3010 essent,

2149 3046 2311 3102 quam
2346 3028 2672 3105 presbyteri.
2697 3032 2843 3089 Idem
2877 3033 3125 3101 Saturus,
3144 3049 3267 3090 cum
3292 3033 3577 3105 ASpasium
3606 3050 3758 3104 pres-

439 3122 848 3184 distribueudze.
879 3122 977 3183 Est
996 3126 1141 3184 enim
1170 3143 1232 3184 ea
1258 3128 1370 3198 ipsa
1415 3126 1729 3183 distributio
1764 3126 2046 3200 ποιμαίνειν
2076 3134 2120 3197 C
2152 3124 2402 3197 byterum
2435 3125 2712 3182 doctorem
2742 3126 3002 3200 appellat.
3025 3126 3160 3183 Cum
3184 3126 3349 3198 igitur
3369 3128 3599 3186 docendi
3622 3128 3755 3187 illud

438 3219 455 3274 1
482 3220 623 3284 Pet.,
643 3216 771 3290 νβ,
796 3220 945 3292 juxta
974 3236 1036 3276 ea
1063 3236 1184 3292 quae
1206 3232 1368 3292 supra
1399 3219 1812 3291 disputavimus.
1844 3221 1918 3275 lta
1953 3222 2045 3276 lict

439 3322 497 3369 ut
555 3313 820 3369 donorum
864 3313 1206 3385 originalium
1239 3313 1515 3382 proximus
1572 3323 1695 3385 post
1748 3313 2041 3384 prophetas

439 3405 591 3463 locus
620 3406 689 3463 sit
713 3405 1026 3463 doctoribus
1051 3406 1429 3480 assignandus.
1459 3407 1536 3463 Ex
1564 3408 1677 3478 ipsa
1705 3408 1848 3464 enim
1877 3423 2038 3480 synao

438 3513 575 3570 goga
616 3498 916 3554 derivatum
972 3507 1058 3555 est
1111 3499 1178 3554 ad
1241 3498 1537 3555 Ecclesiam
1590 3499 1747 3570 hujus
1802 3501 2042 3555 muneris

440 3592 770 3663 exemplum.
800 3590 1077 3662 Siquidem
1108 3592 1185 3647 illi
1215 3607 1429 3663 quoque
1480 3601 1635 3648 erant
1682 3594 1764 3648 sui
1810 3592 2041 3648 Rabbini

439 3688 733 3761 καθηγηταῇ
749 3690 1034 3751 συζητηταὶ
1052 3690 1146 3743 τοῦ
1168 3688 1345 3749 αἰῶνος
1358 3689 1568 3751 τούτου,
1586 3685 1809 3752 Scrihae,
1823 3686 2039 3761 νομικοὶ,

437 3777 860 3852 νομοδιδάσκαλοι
878 3782 894 3849 (
912 3778 993 3833 his
1019 3779 1165 3834 enim
1191 3778 1442 3834 omnibus
1463 3779 1633 3833 titulis
1659 3778 2040 3850 insigniuntur)

438 3873 525 3941 qui
556 3881 609 3928 et
636 3869 932 3928 διδάσκαλοι
951 3871 1268 3944 simpliciter
1297 3873 1660 3945 appellantur,
1679 3873 1836 3942 Luc.,
1859 3891 1919 3943 ιι,
1945 3874 2037 3929 46.

437 3968 630 4026 Fuisse
659 3970 822 4025 etiam
854 3969 999 4041 apud
1048 3970 1194 4041 ipsos
1243 3987 1439 4027 munus
1471 3971 1761 4028 admodum
1812 3970 2039 4027 honori-

436 4061 597 4118 ficum
625 4067 886 4117 constate
928 4058 1114 4129 Rom.,
1141 4077 1202 4131 ιι,
1235 4062 1321 4131 18,
1354 4061 1440 4128 19,
1473 4062 1567 4130 20,
1596 4062 1690 4119 2i.
1716 4063 1785 4120 Ut
1812 4076 2039 4119 necesse

439 4163 586 4210 esset
631 4153 901 4210 Salvatori
951 4153 1021 4211 de
1059 4170 1126 4211 eo
1173 4155 1469 4227 discipulos
1492 4171 1620 4213 suos
1673 4172 1918 4220 monere,
1971 4172 2040 4213 ne

439 4244 587 4300 illttm
609 4245 820 4301 titulum
844 4247 1132 4303 ambirent.
1160 4247 1332 4316 Quam
1350 4258 1550 4316 tamen,
1577 4265 1678 4306 una
1693 4264 1816 4307 cum
1832 4248 2035 4318 ofﬁcio,

436 4338 786 4394 ambitionem
814 4338 980 4395 etiam
1005 4339 1317 4398 christianis
1348 4344 1633 4416 irrepsisse
1662 4345 1901 4416 suspicio
1930 4352 2034 4412 est,

440 4429 495 4487 S.
526 4428 739 4494 Jacob..
771 4446 849 4497 ιιι,
879 4448 915 4487 ι.

2146 3235 2346 3275 munus
2373 3236 2437 3275 ex
2456 3219 2656 3276 Henna
2680 3219 2821 3275 idem
2850 3220 3020 3278 fuisse
3045 3218 3417 3291 didicerimus,
3448 3223 3593 3296 quod
3613 3240 3753 3296 prae-

2145 3311 2381 3378 dicandi,
2396 3312 2554 3383 plane
2566 3314 2945 3385 sequitur,non
2967 3315 3205 3370 omnium
3227 3314 3393 3373 fuisse
3408 3316 3755 3390 presbytero-

2144 3418 2285 3466 rum,
2320 3416 2377 3459 ut
2402 3404 2454 3459 in
2480 3394 2722 3462 Ecclesia
2750 3407 3227 3476 concinnarentur,
3256 3404 3456 3465 nedum
3484 3408 3556 3465 ita
3582 3407 3749 3467 fuisse

2144 3494 2323 3551 officio
2342 3497 2692 3570 presbyterali
2719 3496 3027 3569 essentiale,
3061 3516 3223 3571 quam
3261 3508 3451 3571 putant
3472 3500 3747 3568 hodierni,

2145 3588 2477 3645 schismatici
2501 3600 2557 3645 ut
2585 3592 2674 3661 qui
2707 3586 2837 3646 illud
2861 3602 3055 3648 munus
3086 3608 3193 3649 non
3235 3594 3569 3665 praestiterit,
3599 3594 3646 3651 is
3676 3608 3748 3651 ne

2145 3696 2243 3751 pro
2277 3681 2592 3754 presbytero
2617 3680 2895 3740 habendus
2925 3683 3245 3756 sitquidem.
3269 3678 3379 3743 Nec
3399 3702 3531 3744 vero
3549 3702 3746 3744 recen-

2146 3776 2345 3831 tiorum
2374 3775 2699 3832 smculorunr
2759 3776 2812 3833 id
2855 3779 3029 3834 errori
3062 3778 3400 3835 tribuendum
3430 3788 3567 3837 erat.
3597 3779 3744 3838 Idem

2144 3870 2304 3925 etiam
2328 3868 2429 3925 sub
2446 3871 2704 3941 apostolis
2725 3870 3024 3927 obtinuisse
3040 3881 3249 3928 c0nstat
3265 3888 3330 3928 ex
3346 3868 3367 3928 Ι
3385 3872 3550 3942 Tim.,
3573 3890 3628 3941 v,
3650 3872 3744 3943 i7,

2143 3977 2468 4033 quamquam
2493 3958 2777 4034 perperam
2799 3965 3059 4035 colligunt
3081 3973 3417 4041 προεστῶτας
3443 3964 3565 4022 illos
3592 3980 3745 4036 pres-

2142 4057 2383 4129 byleros,
2405 4058 2495 4130 qui
2537 4056 2627 4114 alii
2649 4067 2879 4115 essenta
2928 4066 3175 4117 κοπιῶσιν
3215 4062 3265 4115 ἐν
3304 4059 3446 4135 λόγῳ
3480 4062 3568 4116 και
3598 4054 3744 4117 διδα-

2144 4154 2349 4228 σκαλὶᾳ,
2376 4148 2540 4207 fuisse
2570 4150 2755 4209 laicos.
2787 4151 2897 4208 Cur
2918 4149 2991 4207 ita
3019 4148 3297 4223 colligunt,
3327 4151 3461 4207 nihil
3482 4148 3684 4209 habent
3708 4166 3743 4209 θ

2144 4255 2314 4311 textu,
2347 4243 2529 4301 nihile
2554 4245 2790 4316 receptis
2822 4243 2970 4300 illius
2997 4245 3179 4299 sarculi
3204 4243 3467 4311 moribus,
3491 4243 3740 4303 subsidii.

2144 4340 2398 4411 Sequitur
2410 4341 2586 4410 itaque
2601 4356 2669 4395 ne
2695 4340 2842 4410 ipsos
2868 4339 3084 4411 quidem
3099 4341 3372 4410 apostolos
3383 4340 3585 4396 donum
3609 4339 3741 4397 illud

2142 4435 2196 4489 in
2224 4432 2539 4489 ordinandis
2565 4434 2811 4506 exegisse
2835 4436 3116 4505 prmvium,
3138 4448 3238 4493 nec
3256 4437 3398 4492 inter
3420 4438 3739 4514 χαρίσματα

509 4523 538 4598 §
564 4522 771 4582 3.--Ut
797 4535 976 4582 autem
995 4528 1175 4583 omnia
1200 4524 1456 4585 Ecclesia:
1478 4545 1700 4586 munera
1718 4529 2036 4602 primisiliis
2059 4535 2114 4596 D
2141 4528 2253 4599 ipsa
2291 4544 2547 4584 manuum
2599 4529 2944 4599 impnsitione
2973 4531 3169 4587 collata
3220 4532 3401 4589 locum
3452 4531 3735 4601 habuisse;

438 4616 739 4689 originibus
763 4620 1195 4677 extraordinario
1215 4623 1448 4693 Spiritus
1477 4623 1657 4680 Sancti
1699 4624 1897 4679 auxilio
1944 4623 2037 4679 ad-

438 4714 739 4770 ministrata
766 4726 925 4784 sunt;
963 4715 1103 4772 idem
1131 4727 1186 4773 et
1216 4719 1268 4772 in
1296 4718 1400 4775 hoc
1418 4733 1633 4790 quoque
1650 4734 1872 4775 munere
1900 4734 2033 4776 con-

437 4807 619 4877 tigisse
648 4817 860 4864 certdm
884 4819 989 4865 est.
1025 4806 1078 4865 Id
1107 4811 1283 4867 innuit
1311 4813 1530 4867 verbum
1562 4810 1720 4869 ἔδωκε
1756 4812 1921 4883 Eph,
1957 4829 2031 4879 ιν,

439 4897 528 4963 Η,
557 4896 897 4955 referendum
929 4900 1071 4955 enim
1103 4900 1170 4955 ad
1197 4901 1373 4957 locum
1422 4902 1509 4958 Ps.
1542 4919 1726 4970 LXVIII,
1769 4903 1856 4970 19,
1892 4919 1941 4959 ν.
1972 4903 2028 4970 8,

438 4988 713 5046 laudatum
746 5009 760 5045 :
793 4980 969 5050 ἔδωκε
999 4992 1202 5068 δόματα
1240 5002 1346 5057 τοῖς
1400 4998 1705 5070 ἀνθρώποις.
1735 4996 1872 5052 Sttut
1902 5011 2032 5068 ergo

438 5084 597 5140 etiam
622 5084 879 5143 doctores
896 5088 1006 5143 illis
1031 5087 1248 5163 δόμοισιν
1270 5090 1615 5146 accenseudi.
1646 5089 1878 5147 Proinde
1896 5090 2035 5146 inter

438 5176 670 5250 Spiritus
702 5182 1016 5257 χαρίσματα
1052 5184 1313 5239 habemus
1344 5179 1692 5248 διδασκαλίαν.
1723 5183 1906 5248 Rom.,
1936 5201 2030 5254 xu,

437 5268 488 5339 ϐ,
519 5270 587 5327 7;
614 5275 923 5348 προφητείαν
938 5285 989 5329 et
1006 5272 1249 5349 διδαχὴν,
1272 5272 1459 5343 iCor.,
1483 5292 1595 5349 xtv,
1621 5276 1676 5343 6,
1704 5277 1769 5331 ad
1787 5278 2033 5335 eamdem

436 5364 596 5437 plane
620 5364 846 5422 formam
875 5383 978 5438 qua
1019 5382 1178 5439 supra
1230 5369 1484 5441 c0njungi
1513 5369 1743 5426 vidimus
1770 5379 2035 5451 προφήτας

436 5465 596 5527 atque
625 5455 984 5521 διδασκάλους.
1010 5458 1238 5526 Rursus,
1265 5461 1416 5530 ibid.,
1444 5460 1692 5536 διδαχὴν,
1715 5480 1771 5519 ν.
1798 5464 1835 5518 ‘2
1860 5487 1893 5519 ι.
1925 5465 2036 5522 Nec

435 5548 596 5606 altam
628 5546 795 5607 fuisse
816 5551 1098 5608 doctorum
1142 5551 1506 5611 africanorum
1549 5558 1813 5614 rationem
1845 5567 2032 5615 osten-

437 5642 571 5699 dunt
619 5644 710 5701 illa
756 5662 876 5718 qua:
926 5646 1175 5718 superius
1226 5663 1258 5704 e
1299 5647 1634 5707 Tertulliano
1681 5651 2032 5723 produximus

442 5730 791 5813 (Praescriph,
810 5756 860 5796 c.
888 5738 1014 5811 id);
1042 5741 1238 5814 quibus
1264 5757 1421 5814 quem
1452 5743 1726 5804 doctorem
1754 5746 2023 5821 appellat,

2137 4620 2233 4676 sed
2265 4636 2366 4677 nec
2393 4621 2559 4676 Deum
2606 4622 2806 4690 ipsum,
2840 4622 2996 4693 cujus
3024 4633 3158 4680 nutu
3203 4626 3385 4681 omnia
3430 4636 3553 4681 tunc
3583 4633 3734 4696 gesta

2138 4723 2283 4782 sunt,
2311 4714 2511 4786 quique
2540 4713 2801 4771 Ecclesiae
2825 4716 2879 4771 in
2900 4718 3223 4774 necessariis
3254 4734 3360 4774 non
3389 4719 3737 4789 eratprocul-

2136 4807 2301 4863 dubio
2321 4808 2625 4877 defuturus,
2655 4809 2762 4865 tale
2794 4809 2895 4865 hoc
2925 4810 3165 4867 ofﬁcium
3195 4812 3512 4880 instituisse,
3558 4820 3618 4867 ut
3665 4810 3737 4869 ad

2134 4904 2253 4973 ejus
2279 4903 2804 4963 administrationem
2838 4914 2981 4962 esset
3013 4906 3116 4962 hoc
3145 4906 3346 4963 donum
3375 4905 3601 4963 omnino
3632 4920 3735 4965 ne-

2134 4999 2451 5054 cessarium.

2206 5092 2236 5163 ξ
2266 5092 2321 5147 5.
2345 5119 2416 5132 —-
2442 5088 2576 5147 Cum
2609 5090 2771 5147 etiam
2799 5107 2865 5149 ex
2891 5093 3123 5164 receptis
3143 5095 3321 5149 aetatis
3350 5106 3463 5149 sua:
3493 5093 3736 5152 moribus

2136 5185 2627 5256 suas,plerumque
2679 5186 3101 5244 consuetudines
3168 5197 3356 5244 mutuo
3426 5182 3739 5260 acceperint

2138 5275 2453 5343 christiani;
2482 5276 2569 5333 vix
2594 5287 2724 5350 puto
2742 5278 2906 5335 ullum
2940 5279 3111 5336 fuisse
3140 5281 3450 5352 exemplum
3489 5296 3595 5352 quo
3632 5278 3737 5337 do-

2139 5370 2293 5426 cendi
2335 5387 2531 5428 munus
2556 5388 2678 5428 cum
2712 5373 3015 5430 sacerdotio
3058 5383 3202 5431 esset
3226 5373 3555 5432 -necessario
3601 5384 3736 5431 con-

2134 5465 2404 5535 junctum.
2436 5466 2638 5523 Judmis
2668 5468 2905 5523 diximus
2928 5467 3138 5525 scribas
3166 5468 3331 5526 fuisse
3360 5479 3524 5540 atque
3551 5467 3732 5525 rabbi-

2140 5572 2260 5621 nos,
2290 5573 2322 5614 e
2374 5558 2515 5614 tribu
2568 5560 2921 5632 proculdubio
2967 5562 3291 5619 sacerdotali
3348 5562 3494 5618 illos.
3542 5562 3729 5635 Longe

2136 5658 2315 5707 tamen
2343 5652 2535 5708 aberat
2560 5662 2619 5708 ut
2647 5662 2756 5709 tota
2786 5653 2986 5711 familia
3013 5656 3361 5714 sacerdotalis
3388 5656 3582 5713 scribae
3613 5654 3729 5713 fue-

2133 5747 2239 5804 rint
2259 5755 2350 5804 aut
2372 5746 2601 5808 rabbini.
2631 5746 2940 5809 Scribarum
2964 5751 3207 5809 ordinem
3225 5750 3293 5811 ab
3318 5750 3584 5826 Egyptiis
3612 5748 3723 5808 for-
