  <div class='ocr_page' id='page_1' title='image "/cluster/home/n/w/nwhite01/storage/ocr_20150623/5/hvd.32044073505083/024.png"; bbox 0 0 3990 6060; ppageno 0'>
   <div class='ocr_carea' id='block_1_1' title="bbox 226 208 3554 297">
    <p class='ocr_par' dir='ltr' id='par_1_1' title="bbox 226 208 3554 297">
     <span class='ocr_line' id='line_1_1' title="bbox 226 208 3554 297; baseline -0 -16"><span class='ocrx_word' id='word_1_1' title='bbox 226 208 317 271; x_wconf 64' lang='lat'><strong>57</strong></span> <span class='ocrx_word' id='word_1_2' title='bbox 1360 212 1450 282; x_wconf 77' lang='lat' dir='ltr'><strong>os</strong></span> <span class='ocrx_word' id='word_1_3' title='bbox 1491 216 1967 284; x_wconf 67' lang='lat' dir='ltr'><strong>pessumum</strong></span> <span class='ocrx_word' id='word_1_4' title='bbox 1995 212 2445 285; x_wconf 76' lang='lat' dir='ltr'><strong>DOC‘I‘OltleS.</strong></span> <span class='ocrx_word' id='word_1_5' title='bbox 3482 230 3554 297; x_wconf 61' lang='grc' dir='ltr'><strong>δε</strong></span> 
     </span>
    </p>
   </div>
   <div class='ocr_carea' id='block_1_2' title="bbox 228 336 3557 427">
    <p class='ocr_par' dir='ltr' id='par_1_2' title="bbox 228 336 3557 427">
     <span class='ocr_line' id='line_1_2' title="bbox 228 336 3557 427; baseline 0.006 -39"><span class='ocrx_word' id='word_1_6' title='bbox 228 336 414 391; x_wconf 67' lang='lat' dir='ltr'><strong>iassis</strong></span> <span class='ocrx_word' id='word_1_7' title='bbox 439 337 960 409; x_wconf 62' lang='lat' dir='ltr'><strong>acceperintludaai.</strong></span> <span class='ocrx_word' id='word_1_8' title='bbox 980 336 1242 398; x_wconf 89' lang='lat' dir='ltr'><strong>lllisenim</strong></span> <span class='ocrx_word' id='word_1_9' title='bbox 1276 347 1358 399; x_wconf 89' lang='lat' dir='ltr'><strong>sui</strong></span> <span class='ocrx_word' id='word_1_10' title='bbox 1381 353 1536 400; x_wconf 90' lang='lat' dir='ltr'><strong>erant</strong></span> <span class='ocrx_word' id='word_1_11' title='bbox 1565 346 1856 427; x_wconf 76' lang='grc' dir='ltr'><strong>ἰερογραμ-</strong></span> <span class='ocrx_word' id='word_1_12' title='bbox 1888 345 1933 405; x_wconf 84' lang='lat' dir='ltr'><strong>A</strong></span> <span class='ocrx_word' id='word_1_13' title='bbox 1964 344 2231 397; x_wconf 84' lang='lat' dir='ltr'><strong>communi</strong></span> <span class='ocrx_word' id='word_1_14' title='bbox 2261 342 2700 415; x_wconf 82' lang='lat' dir='ltr'><strong>presbyterorum</strong></span> <span class='ocrx_word' id='word_1_15' title='bbox 2732 347 2962 405; x_wconf 86' lang='lat' dir='ltr'><strong>consilio</strong></span> <span class='ocrx_word' id='word_1_16' title='bbox 2989 356 3085 405; x_wconf 85' lang='lat' dir='ltr'><strong>sua</strong></span> <span class='ocrx_word' id='word_1_17' title='bbox 3119 351 3299 408; x_wconf 86' lang='lat' dir='ltr'><strong>omnia</strong></span> <span class='ocrx_word' id='word_1_18' title='bbox 3324 368 3354 408; x_wconf 90' lang='lat' dir='ltr'><strong>a</strong></span> <span class='ocrx_word' id='word_1_19' title='bbox 3384 356 3557 425; x_wconf 87' lang='lat' dir='ltr'><strong>primo</strong></span> 
     </span>
    </p>
   </div>
   <div class='ocr_carea' id='block_1_3' title="bbox 241 430 1849 510">
    <p class='ocr_par' dir='ltr' id='par_1_3' title="bbox 241 430 1849 510">
     <span class='ocr_line' id='line_1_3' title="bbox 241 430 1849 510; baseline 0.007 -26"><span class='ocrx_word' id='word_1_20' title='bbox 241 439 436 501; x_wconf 77' lang='grc' dir='ltr'>ματεῖς</span> <span class='ocrx_word' id='word_1_21' title='bbox 475 430 576 487; x_wconf 80' lang='lat' dir='ltr'><strong>viri</strong></span> <span class='ocrx_word' id='word_1_22' title='bbox 627 447 910 490; x_wconf 88' lang='lat' dir='ltr'><strong>sacrorum</strong></span> <span class='ocrx_word' id='word_1_23' title='bbox 952 437 1258 506; x_wconf 86' lang='lat' dir='ltr'><strong>peritissimi</strong></span> <span class='ocrx_word' id='word_1_24' title='bbox 1315 447 1478 510; x_wconf 90' lang='lat' dir='ltr'><strong>atque</strong></span> <span class='ocrx_word' id='word_1_25' title='bbox 1528 441 1849 509; x_wconf 75' lang='lat' dir='ltr'><strong>doctissimi,</strong></span> 
     </span>
    </p>
   </div>
   <div class='ocr_carea' id='block_1_4' title="bbox 241 522 1855 591">
    <p class='ocr_par' dir='ltr' id='par_1_4' title="bbox 241 522 1855 591">
     <span class='ocr_line' id='line_1_4' title="bbox 241 522 1855 591; baseline 0.009 -16"><span class='ocrx_word' id='word_1_26' title='bbox 241 530 305 576; x_wconf 90' lang='lat' dir='ltr'><strong>ut</strong></span> <span class='ocrx_word' id='word_1_27' title='bbox 336 522 565 591; x_wconf 80' lang='lat' dir='ltr'><strong>proinde</strong></span> <span class='ocrx_word' id='word_1_28' title='bbox 591 525 902 582; x_wconf 75' lang='lat' dir='ltr'><strong>sacerdotes</strong></span> <span class='ocrx_word' id='word_1_29' title='bbox 933 528 1094 583; x_wconf 81' lang='lat' dir='ltr'><strong>fuisse</strong></span> <span class='ocrx_word' id='word_1_30' title='bbox 1122 529 1577 586; x_wconf 81' lang='lat' dir='ltr'><strong>verisimillimum</strong></span> <span class='ocrx_word' id='word_1_31' title='bbox 1616 533 1703 587; x_wconf 89' lang='lat' dir='ltr'><strong>sit.</strong></span> <span class='ocrx_word' id='word_1_32' title='bbox 1742 531 1855 590; x_wconf 88' lang='lat' dir='ltr'><strong>Nec</strong></span> 
     </span>
    </p>
   </div>
   <div class='ocr_carea' id='block_1_5' title="bbox 241 620 1854 701">
    <p class='ocr_par' dir='ltr' id='par_1_5' title="bbox 241 620 1854 701">
     <span class='ocr_line' id='line_1_5' title="bbox 241 620 1854 701; baseline 0.011 -35"><span class='ocrx_word' id='word_1_33' title='bbox 241 622 432 669; x_wconf 85' lang='lat' dir='ltr'><strong>tamen</strong></span> <span class='ocrx_word' id='word_1_34' title='bbox 476 625 765 686; x_wconf 82' lang='lat' dir='ltr'><strong>propterea</strong></span> <span class='ocrx_word' id='word_1_35' title='bbox 810 620 1116 675; x_wconf 82' lang='lat' dir='ltr'><strong>sacerdotes</strong></span> <span class='ocrx_word' id='word_1_36' title='bbox 1164 636 1354 678; x_wconf 87' lang='lat' dir='ltr'><strong>omnes</strong></span> <span class='ocrx_word' id='word_1_37' title='bbox 1403 621 1854 701; x_wconf 70' lang='grc' dir='ltr'><strong>’ἱερογραμματεῖς</strong></span> 
     </span>
    </p>
   </div>
   <div class='ocr_carea' id='block_1_6' title="bbox 243 710 1855 782">
    <p class='ocr_par' dir='ltr' id='par_1_6' title="bbox 243 710 1855 782">
     <span class='ocr_line' id='line_1_6' title="bbox 243 710 1855 782; baseline 0.008 -22"><span class='ocrx_word' id='word_1_38' title='bbox 243 714 427 769; x_wconf 85' lang='lat' dir='ltr'><strong>erant.</strong></span> <span class='ocrx_word' id='word_1_39' title='bbox 473 710 601 777; x_wconf 89' lang='lat' dir='ltr'><strong>quin</strong></span> <span class='ocrx_word' id='word_1_40' title='bbox 629 723 921 779; x_wconf 88' lang='lat' dir='ltr'><strong>paucorum</strong></span> <span class='ocrx_word' id='word_1_41' title='bbox 953 713 1132 782; x_wconf 86' lang='lat' dir='ltr'><strong>potius</strong></span> <span class='ocrx_word' id='word_1_42' title='bbox 1152 712 1323 771; x_wconf 79' lang='lat' dir='ltr'><strong>fuisse</strong></span> <span class='ocrx_word' id='word_1_43' title='bbox 1357 716 1572 772; x_wconf 89' lang='lat' dir='ltr'><strong>videtur</strong></span> <span class='ocrx_word' id='word_1_44' title='bbox 1607 717 1723 773; x_wconf 68' lang='lat' dir='ltr'><strong>hinc</strong></span> <span class='ocrx_word' id='word_1_45' title='bbox 1774 719 1855 773; x_wconf 90' lang='lat' dir='ltr'><strong>di-</strong></span> 
     </span>
    </p>
   </div>
   <div class='ocr_carea' id='block_1_7' title="bbox 240 800 1853 880">
    <p class='ocr_par' dir='ltr' id='par_1_7' title="bbox 240 800 1853 880">
     <span class='ocr_line' id='line_1_7' title="bbox 240 800 1853 880; baseline 0.007 -27"><span class='ocrx_word' id='word_1_46' title='bbox 240 800 446 869; x_wconf 81' lang='lat' dir='ltr'><strong>gnitas,</strong></span> <span class='ocrx_word' id='word_1_47' title='bbox 475 815 600 856; x_wconf 91' lang='lat' dir='ltr'><strong>cum</strong></span> <span class='ocrx_word' id='word_1_48' title='bbox 626 811 805 857; x_wconf 86' lang='lat' dir='ltr'><strong>tamen</strong></span> <span class='ocrx_word' id='word_1_49' title='bbox 837 804 991 859; x_wconf 86' lang='lat' dir='ltr'><strong>tertia</strong></span> <span class='ocrx_word' id='word_1_50' title='bbox 1014 806 1194 876; x_wconf 83' lang='lat' dir='ltr'><strong>populi</strong></span> <span class='ocrx_word' id='word_1_51' title='bbox 1226 804 1463 880; x_wconf 64' lang='lat' dir='ltr'><strong>Egyptii</strong></span> <span class='ocrx_word' id='word_1_52' title='bbox 1511 822 1635 878; x_wconf 90' lang='lat' dir='ltr'><strong>pars</strong></span> <span class='ocrx_word' id='word_1_53' title='bbox 1672 822 1853 865; x_wconf 88' lang='lat' dir='ltr'><strong>sacer-</strong></span> 
     </span>
    </p>
   </div>
   <div class='ocr_carea' id='block_1_8' title="bbox 240 891 1855 972">
    <p class='ocr_par' dir='ltr' id='par_1_8' title="bbox 240 891 1855 972">
     <span class='ocr_line' id='line_1_8' title="bbox 240 891 1855 972; baseline 0.007 -26"><span class='ocrx_word' id='word_1_54' title='bbox 240 891 446 947; x_wconf 78' lang='lat' dir='ltr'><strong>dotalis</strong></span> <span class='ocrx_word' id='word_1_55' title='bbox 472 893 655 948; x_wconf 79' lang='lat' dir='ltr'><strong>Iuerit.</strong></span> <span class='ocrx_word' id='word_1_56' title='bbox 687 893 834 949; x_wconf 90' lang='lat' dir='ltr'><strong>Idem</strong></span> <span class='ocrx_word' id='word_1_57' title='bbox 856 896 924 951; x_wconf 88' lang='lat' dir='ltr'><strong>de</strong></span> <span class='ocrx_word' id='word_1_58' title='bbox 946 894 1356 953; x_wconf 84' lang='lat' dir='ltr'><strong>Atheniensium</strong></span> <span class='ocrx_word' id='word_1_59' title='bbox 1385 900 1545 955; x_wconf 89' lang='lat' dir='ltr'><strong>etiam</strong></span> <span class='ocrx_word' id='word_1_60' title='bbox 1586 902 1855 972; x_wconf 88' lang='lat' dir='ltr'><strong>gentium-</strong></span> 
     </span>
    </p>
   </div>
   <div class='ocr_carea' id='block_1_9' title="bbox 244 985 1850 1066">
    <p class='ocr_par' dir='ltr' id='par_1_9' title="bbox 244 985 1850 1066">
     <span class='ocr_line' id='line_1_9' title="bbox 244 985 1850 1066; baseline 0.009 -28"><span class='ocrx_word' id='word_1_61' title='bbox 244 999 353 1055; x_wconf 85' lang='lat' dir='ltr'><strong>que</strong></span> <span class='ocrx_word' id='word_1_62' title='bbox 375 985 611 1040; x_wconf 83' lang='lat' dir='ltr'><strong>aliarum</strong></span> <span class='ocrx_word' id='word_1_63' title='bbox 636 985 1127 1066; x_wconf 74' lang='grc' dir='ltr'><strong>’ἱερογραμματεῦσι</strong></span> <span class='ocrx_word' id='word_1_64' title='bbox 1155 1001 1211 1047; x_wconf 91' lang='lat' dir='ltr'><strong>et</strong></span> <span class='ocrx_word' id='word_1_65' title='bbox 1229 990 1581 1066; x_wconf 78' lang='grc' dir='ltr'><strong>Ἱερομνήμοσι</strong></span> <span class='ocrx_word' id='word_1_66' title='bbox 1608 1004 1850 1052; x_wconf 85' lang='lat' dir='ltr'><strong>statuen-</strong></span> 
     </span>
    </p>
   </div>
   <div class='ocr_carea' id='block_1_10' title="bbox 243 1077 1851 1151">
    <p class='ocr_par' dir='ltr' id='par_1_10' title="bbox 243 1077 1851 1151">
     <span class='ocr_line' id='line_1_10' title="bbox 243 1077 1851 1151; baseline 0.01 -20"><span class='ocrx_word' id='word_1_67' title='bbox 243 1077 401 1145; x_wconf 87' lang='lat' dir='ltr'><strong>dum,</strong></span> <span class='ocrx_word' id='word_1_68' title='bbox 431 1090 488 1132; x_wconf 87' lang='lat' dir='ltr'><strong>ut</strong></span> <span class='ocrx_word' id='word_1_69' title='bbox 512 1078 633 1133; x_wconf 89' lang='lat' dir='ltr'><strong>sine</strong></span> <span class='ocrx_word' id='word_1_70' title='bbox 660 1081 907 1149; x_wconf 81' lang='lat' dir='ltr'><strong>exemplo</strong></span> <span class='ocrx_word' id='word_1_71' title='bbox 931 1079 1105 1138; x_wconf 83' lang='lat' dir='ltr'><strong>fuisse</strong></span> <span class='ocrx_word' id='word_1_72' title='bbox 1130 1098 1354 1141; x_wconf 89' lang='lat' dir='ltr'><strong>necesse</strong></span> <span class='ocrx_word' id='word_1_73' title='bbox 1393 1090 1486 1151; x_wconf 85' lang='lat' dir='ltr'><strong>sit,</strong></span> <span class='ocrx_word' id='word_1_74' title='bbox 1515 1086 1560 1142; x_wconf 93' lang='lat' dir='ltr'><strong>si</strong></span> <span class='ocrx_word' id='word_1_75' title='bbox 1602 1087 1717 1144; x_wconf 66' lang='lat' dir='ltr'><strong>haec</strong></span> <span class='ocrx_word' id='word_1_76' title='bbox 1744 1088 1851 1147; x_wconf 90' lang='lat' dir='ltr'><strong>duo</strong></span> 
     </span>
    </p>
   </div>
   <div class='ocr_carea' id='block_1_11' title="bbox 247 1172 1850 1241">
    <p class='ocr_par' dir='ltr' id='par_1_11' title="bbox 247 1172 1850 1241">
     <span class='ocr_line' id='line_1_11' title="bbox 247 1172 1850 1241; baseline 0.007 -16"><span class='ocrx_word' id='word_1_77' title='bbox 247 1185 500 1237; x_wconf 84' lang='lat' dir='ltr'><strong>munera,</strong></span> <span class='ocrx_word' id='word_1_78' title='bbox 524 1180 632 1225; x_wconf 91' lang='lat' dir='ltr'><strong>tam</strong></span> <span class='ocrx_word' id='word_1_79' title='bbox 666 1172 809 1229; x_wconf 87' lang='lat' dir='ltr'><strong>inter</strong></span> <span class='ocrx_word' id='word_1_80' title='bbox 825 1187 886 1229; x_wconf 86' lang='lat' dir='ltr'><strong>se</strong></span> <span class='ocrx_word' id='word_1_81' title='bbox 910 1173 1147 1241; x_wconf 86' lang='lat' dir='ltr'><strong>diversa,</strong></span> <span class='ocrx_word' id='word_1_82' title='bbox 1179 1177 1519 1233; x_wconf 86' lang='lat' dir='ltr'><strong>censuissent</strong></span> <span class='ocrx_word' id='word_1_83' title='bbox 1538 1187 1717 1235; x_wconf 88' lang='lat' dir='ltr'><strong>tamen</strong></span> <span class='ocrx_word' id='word_1_84' title='bbox 1748 1181 1850 1238; x_wconf 90' lang='lat' dir='ltr'><strong>sibi</strong></span> 
     </span>
    </p>
   </div>
   <div class='ocr_carea' id='block_1_12' title="bbox 249 1262 1849 1336">
    <p class='ocr_par' dir='ltr' id='par_1_12' title="bbox 249 1262 1849 1336">
     <span class='ocr_line' id='line_1_12' title="bbox 249 1262 1849 1336; baseline 0.008 -19"><span class='ocrx_word' id='word_1_85' title='bbox 249 1262 483 1319; x_wconf 75' lang='lat' dir='ltr'><strong>invicem</strong></span> <span class='ocrx_word' id='word_1_86' title='bbox 505 1266 673 1320; x_wconf 82' lang='lat' dir='ltr'><strong>fuisse</strong></span> <span class='ocrx_word' id='word_1_87' title='bbox 699 1265 1098 1336; x_wconf 71' lang='lat' dir='ltr'><strong>coniungenda.</strong></span> <span class='ocrx_word' id='word_1_88' title='bbox 1136 1267 1305 1324; x_wconf 81' lang='lat' dir='ltr'><strong>Erant</strong></span> <span class='ocrx_word' id='word_1_89' title='bbox 1338 1278 1515 1326; x_wconf 89' lang='lat' dir='ltr'><strong>tamen</strong></span> <span class='ocrx_word' id='word_1_90' title='bbox 1557 1272 1849 1329; x_wconf 86' lang='lat' dir='ltr'><strong>admodum</strong></span> 
     </span>
    </p>
   </div>
   <div class='ocr_carea' id='block_1_13' title="bbox 246 1356 1849 1430">
    <p class='ocr_par' dir='ltr' id='par_1_13' title="bbox 246 1356 1849 1430">
     <span class='ocr_line' id='line_1_13' title="bbox 246 1356 1849 1430; baseline 0.009 -22"><span class='ocrx_word' id='word_1_91' title='bbox 246 1368 448 1424; x_wconf 78' lang='lat' dir='ltr'><strong>pauca,</strong></span> <span class='ocrx_word' id='word_1_92' title='bbox 477 1356 520 1410; x_wconf 88' lang='lat' dir='ltr'><strong>si</strong></span> <span class='ocrx_word' id='word_1_93' title='bbox 544 1371 649 1427; x_wconf 85' lang='lat' dir='ltr'><strong>qua</strong></span> <span class='ocrx_word' id='word_1_94' title='bbox 678 1358 787 1412; x_wconf 81' lang='lat' dir='ltr'><strong>sint</strong></span> <span class='ocrx_word' id='word_1_95' title='bbox 809 1359 1054 1427; x_wconf 87' lang='lat' dir='ltr'><strong>omnino,</strong></span> <span class='ocrx_word' id='word_1_96' title='bbox 1082 1374 1202 1430; x_wconf 74' lang='lat' dir='ltr'><strong>quae</strong></span> <span class='ocrx_word' id='word_1_97' title='bbox 1228 1374 1260 1416; x_wconf 85' lang='lat' dir='ltr'><strong>a</strong></span> <span class='ocrx_word' id='word_1_98' title='bbox 1287 1360 1849 1422; x_wconf 88' lang='lat' dir='ltr'><strong>Christianisinducta</strong></span> 
     </span>
    </p>
   </div>
   <div class='ocr_carea' id='block_1_14' title="bbox 247 1449 827 1521">
    <p class='ocr_par' dir='ltr' id='par_1_14' title="bbox 247 1449 827 1521">
     <span class='ocr_line' id='line_1_14' title="bbox 247 1449 827 1521; baseline 0.005 -18"><span class='ocrx_word' id='word_1_99' title='bbox 247 1457 388 1503; x_wconf 86' lang='lat' dir='ltr'><strong>sunt</strong></span> <span class='ocrx_word' id='word_1_100' title='bbox 414 1449 528 1505; x_wconf 86' lang='lat' dir='ltr'><strong>sine</strong></span> <span class='ocrx_word' id='word_1_101' title='bbox 554 1452 827 1521; x_wconf 72' lang='lat' dir='ltr'><strong>exemplo.</strong></span> 
     </span>
    </p>
   </div>
   <div class='ocr_carea' id='block_1_15' title="bbox 323 1544 1844 1623">
    <p class='ocr_par' dir='ltr' id='par_1_15' title="bbox 323 1544 1844 1623">
     <span class='ocr_line' id='line_1_15' title="bbox 323 1544 1844 1623; baseline 0.009 -25"><span class='ocrx_word' id='word_1_102' title='bbox 323 1544 671 1616; x_wconf 63' lang='lat' dir='ltr'><strong>56.—Cum</strong></span> <span class='ocrx_word' id='word_1_103' title='bbox 694 1548 875 1618; x_wconf 83' lang='lat' dir='ltr'><strong>itaque</strong></span> <span class='ocrx_word' id='word_1_104' title='bbox 902 1548 1269 1619; x_wconf 81' lang='lat' dir='ltr'><strong>probavimus,</strong></span> <span class='ocrx_word' id='word_1_105' title='bbox 1293 1566 1469 1623; x_wconf 87' lang='lat' dir='ltr'><strong>neque</strong></span> <span class='ocrx_word' id='word_1_106' title='bbox 1493 1568 1559 1611; x_wconf 79' lang='lat' dir='ltr'><strong>ex</strong></span> <span class='ocrx_word' id='word_1_107' title='bbox 1581 1555 1844 1621; x_wconf 79' lang='lat' dir='ltr'><strong>inStituto,</strong></span> 
     </span>
    </p>
   </div>
   <div class='ocr_carea' id='block_1_16' title="bbox 244 1641 1849 1717">
    <p class='ocr_par' dir='ltr' id='par_1_16' title="bbox 244 1641 1849 1717">
     <span class='ocr_line' id='line_1_16' title="bbox 244 1641 1849 1717; baseline 0.007 -23"><span class='ocrx_word' id='word_1_108' title='bbox 244 1656 433 1711; x_wconf 84' lang='lat' dir='ltr'><strong>neque</strong></span> <span class='ocrx_word' id='word_1_109' title='bbox 495 1643 656 1699; x_wconf 83' lang='lat' dir='ltr'><strong>etiam</strong></span> <span class='ocrx_word' id='word_1_110' title='bbox 702 1641 772 1698; x_wconf 86' lang='lat' dir='ltr'><strong>de</strong></span> <span class='ocrx_word' id='word_1_111' title='bbox 821 1641 985 1711; x_wconf 80' lang='lat' dir='ltr'><strong>facto,</strong></span> <span class='ocrx_word' id='word_1_112' title='bbox 1041 1644 1389 1717; x_wconf 84' lang='lat' dir='ltr'><strong>presbyteros</strong></span> <span class='ocrx_word' id='word_1_113' title='bbox 1446 1661 1635 1705; x_wconf 90' lang='lat' dir='ltr'><strong>omnes</strong></span> <span class='ocrx_word' id='word_1_114' title='bbox 1685 1648 1849 1706; x_wconf 79' lang='lat' dir='ltr'><strong>fuisse</strong></span> 
     </span>
    </p>
   </div>
   <div class='ocr_carea' id='block_1_17' title="bbox 1960 438 3554 514">
    <p class='ocr_par' dir='ltr' id='par_1_17' title="bbox 1960 438 3554 514">
     <span class='ocr_line' id='line_1_17' title="bbox 1960 438 3554 514; baseline 0.009 -25"><span class='ocrx_word' id='word_1_115' title='bbox 1960 450 2126 507; x_wconf 77' lang='lat' dir='ltr'><strong>uSque</strong></span> <span class='ocrx_word' id='word_1_116' title='bbox 2157 438 2498 509; x_wconf 74' lang='lat' dir='ltr'><strong>CpiSCOlialllS</strong></span> <span class='ocrx_word' id='word_1_117' title='bbox 2521 438 2766 507; x_wconf 82' lang='lat' dir='ltr'><strong>exordio,</strong></span> <span class='ocrx_word' id='word_1_118' title='bbox 2806 450 2957 512; x_wconf 88' lang='lat' dir='ltr'><strong>gesta</strong></span> <span class='ocrx_word' id='word_1_119' title='bbox 2988 459 3111 500; x_wconf 89' lang='lat' dir='ltr'><strong>esse</strong></span> <span class='ocrx_word' id='word_1_120' title='bbox 3145 460 3554 514; x_wconf 82' lang='lat' dir='ltr'><strong>commemorat,</strong></span> 
     </span>
    </p>
   </div>
   <div class='ocr_carea' id='block_1_18' title="bbox 1962 529 3555 610">
    <p class='ocr_par' dir='ltr' id='par_1_18' title="bbox 1962 529 3555 610">
     <span class='ocr_line' id='line_1_18' title="bbox 1962 529 3555 610; baseline 0.009 -30"><span class='ocrx_word' id='word_1_121' title='bbox 1962 541 2016 581; x_wconf 87' lang='lat' dir='ltr'><strong>ut</strong></span> <span class='ocrx_word' id='word_1_122' title='bbox 2043 529 2095 583; x_wconf 94' lang='lat' dir='ltr'><strong>in</strong></span> <span class='ocrx_word' id='word_1_123' title='bbox 2125 529 2288 585; x_wconf 81' lang='lat' dir='ltr'><strong>rebus</strong></span> <span class='ocrx_word' id='word_1_124' title='bbox 2316 530 2537 601; x_wconf 76' lang='lat' dir='ltr'><strong>singulis</strong></span> <span class='ocrx_word' id='word_1_125' title='bbox 2571 533 2865 601; x_wconf 85' lang='lat' dir='ltr'><strong>neminem,</strong></span> <span class='ocrx_word' id='word_1_126' title='bbox 2915 534 2982 589; x_wconf 92' lang='lat' dir='ltr'><strong>ad</strong></span> <span class='ocrx_word' id='word_1_127' title='bbox 3031 553 3190 608; x_wconf 91' lang='lat' dir='ltr'><strong>quem</strong></span> <span class='ocrx_word' id='word_1_128' title='bbox 3247 540 3462 610; x_wconf 87' lang='lat' dir='ltr'><strong>quidem</strong></span> <span class='ocrx_word' id='word_1_129' title='bbox 3493 555 3555 595; x_wconf 86' lang='lat' dir='ltr'><strong>ea</strong></span> 
     </span>
    </p>
   </div>
   <div class='ocr_carea' id='block_1_19' title="bbox 1962 621 3559 702">
    <p class='ocr_par' dir='ltr' id='par_1_19' title="bbox 1962 621 3559 702">
     <span class='ocr_line' id='line_1_19' title="bbox 1962 621 3559 702; baseline 0.009 -29"><span class='ocrx_word' id='word_1_130' title='bbox 1962 633 2051 675; x_wconf 87' lang='lat' dir='ltr'><strong>res</strong></span> <span class='ocrx_word' id='word_1_131' title='bbox 2103 621 2384 690; x_wconf 90' lang='lat' dir='ltr'><strong>attineret,</strong></span> <span class='ocrx_word' id='word_1_132' title='bbox 2434 637 2463 677; x_wconf 90' lang='lat' dir='ltr'><strong>a</strong></span> <span class='ocrx_word' id='word_1_133' title='bbox 2493 622 2722 679; x_wconf 89' lang='lat' dir='ltr'><strong>consilio</strong></span> <span class='ocrx_word' id='word_1_134' title='bbox 2744 638 2844 679; x_wconf 91' lang='lat' dir='ltr'><strong>suo</strong></span> <span class='ocrx_word' id='word_1_135' title='bbox 2898 626 3209 696; x_wconf 79' lang='lat' dir='ltr'><strong>excluserit,</strong></span> <span class='ocrx_word' id='word_1_136' title='bbox 3262 645 3559 702; x_wconf 86' lang='lat' dir='ltr'><strong>omnesque</strong></span> 
     </span>
    </p>
   </div>
   <div class='ocr_carea' id='block_1_20' title="bbox 1957 715 3556 796">
    <p class='ocr_par' dir='ltr' id='par_1_20' title="bbox 1957 715 3556 796">
     <span class='ocr_line' id='line_1_20' title="bbox 1957 715 3556 796; baseline 0.007 -26"><span class='ocrx_word' id='word_1_137' title='bbox 1957 715 2142 783; x_wconf 88' lang='lat' dir='ltr'><strong>etiam,</strong></span> <span class='ocrx_word' id='word_1_138' title='bbox 2167 730 2288 772; x_wconf 90' lang='lat' dir='ltr'><strong>cum</strong></span> <span class='ocrx_word' id='word_1_139' title='bbox 2308 731 2398 773; x_wconf 90' lang='lat' dir='ltr'><strong>res</strong></span> <span class='ocrx_word' id='word_1_140' title='bbox 2424 719 2661 772; x_wconf 90' lang='lat' dir='ltr'><strong>omnium</strong></span> <span class='ocrx_word' id='word_1_141' title='bbox 2685 718 2994 789; x_wconf 83' lang='lat' dir='ltr'><strong>interesset,</strong></span> <span class='ocrx_word' id='word_1_142' title='bbox 3027 721 3322 779; x_wconf 81' lang='lat' dir='ltr'><strong>admiserit.</strong></span> <span class='ocrx_word' id='word_1_143' title='bbox 3352 722 3409 780; x_wconf 93' lang='lat' dir='ltr'><strong>Id</strong></span> <span class='ocrx_word' id='word_1_144' title='bbox 3435 726 3556 796; x_wconf 84' lang='lat' dir='ltr'><strong>qui-</strong></span> 
     </span>
    </p>
   </div>
   <div class='ocr_carea' id='block_1_21' title="bbox 1955 807 3558 888">
    <p class='ocr_par' dir='ltr' id='par_1_21' title="bbox 1955 807 3558 888">
     <span class='ocr_line' id='line_1_21' title="bbox 1955 807 3558 888; baseline 0.007 -26"><span class='ocrx_word' id='word_1_145' title='bbox 1955 807 2078 863; x_wconf 88' lang='lat' dir='ltr'><strong>dem</strong></span> <span class='ocrx_word' id='word_1_146' title='bbox 2115 807 2363 880; x_wconf 69' lang='lat' dir='ltr'><strong>exigebat</strong></span> <span class='ocrx_word' id='word_1_147' title='bbox 2399 810 2696 879; x_wconf 86' lang='lat' dir='ltr'><strong>apostolica</strong></span> <span class='ocrx_word' id='word_1_148' title='bbox 2745 808 2830 865; x_wconf 84' lang='lat' dir='ltr'><strong>illa</strong></span> <span class='ocrx_word' id='word_1_149' title='bbox 2860 810 2926 866; x_wconf 90' lang='lat' dir='ltr'><strong>de</strong></span> <span class='ocrx_word' id='word_1_150' title='bbox 2957 811 3113 867; x_wconf 89' lang='lat' dir='ltr'><strong>donis</strong></span> <span class='ocrx_word' id='word_1_151' title='bbox 3144 815 3325 884; x_wconf 85' lang='lat' dir='ltr'><strong>regula</strong></span> <span class='ocrx_word' id='word_1_152' title='bbox 3366 813 3558 888; x_wconf 85' lang='lat' dir='ltr'><strong>(cujus</strong></span> 
     </span>
    </p>
   </div>
   <div class='ocr_carea' id='block_1_22' title="bbox 1956 900 3559 981">
    <p class='ocr_par' dir='ltr' id='par_1_22' title="bbox 1956 900 3559 981">
     <span class='ocr_line' id='line_1_22' title="bbox 1956 900 3559 981; baseline 0.006 -26"><span class='ocrx_word' id='word_1_153' title='bbox 1956 900 2118 957; x_wconf 87' lang='lat' dir='ltr'><strong>modo</strong></span> <span class='ocrx_word' id='word_1_154' title='bbox 2148 903 2527 975; x_wconf 86' lang='lat' dir='ltr'><strong>meminimus)</strong></span> <span class='ocrx_word' id='word_1_155' title='bbox 2559 912 2616 959; x_wconf 89' lang='lat' dir='ltr'><strong>ut</strong></span> <span class='ocrx_word' id='word_1_156' title='bbox 2642 918 2748 975; x_wconf 89' lang='lat' dir='ltr'><strong>quo</strong></span> <span class='ocrx_word' id='word_1_157' title='bbox 2773 903 2915 960; x_wconf 78' lang='lat' dir='ltr'><strong>dono</strong></span> <span class='ocrx_word' id='word_1_158' title='bbox 2944 904 3172 976; x_wconf 90' lang='lat' dir='ltr'><strong>quisque</strong></span> <span class='ocrx_word' id='word_1_159' title='bbox 3203 904 3391 964; x_wconf 77' lang='lat' dir='ltr'><strong>fuisset</strong></span> <span class='ocrx_word' id='word_1_160' title='bbox 3418 924 3559 981; x_wconf 72' lang='lat' dir='ltr'><strong>pra:-</strong></span> 
     </span>
    </p>
   </div>
   <div class='ocr_carea' id='block_1_23' title="bbox 1955 992 3556 1065">
    <p class='ocr_par' dir='ltr' id='par_1_23' title="bbox 1955 992 3556 1065">
     <span class='ocr_line' id='line_1_23' title="bbox 1955 992 3556 1065; baseline 0.007 -18"><span class='ocrx_word' id='word_1_161' title='bbox 1955 992 2121 1061; x_wconf 89' lang='lat' dir='ltr'><strong>ditns,</strong></span> <span class='ocrx_word' id='word_1_162' title='bbox 2156 996 2275 1065; x_wconf 89' lang='lat' dir='ltr'><strong>ejus</strong></span> <span class='ocrx_word' id='word_1_163' title='bbox 2296 997 2555 1051; x_wconf 81' lang='lat' dir='ltr'><strong>exercitio</strong></span> <span class='ocrx_word' id='word_1_164' title='bbox 2584 996 2745 1052; x_wconf 90' lang='lat' dir='ltr'><strong>unice</strong></span> <span class='ocrx_word' id='word_1_165' title='bbox 2776 998 3131 1064; x_wconf 87' lang='lat' dir='ltr'><strong>incumberet,</strong></span> <span class='ocrx_word' id='word_1_166' title='bbox 3185 1014 3285 1055; x_wconf 88' lang='lat' dir='ltr'><strong>nec</strong></span> <span class='ocrx_word' id='word_1_167' title='bbox 3329 1017 3390 1057; x_wconf 88' lang='lat' dir='ltr'><strong>se</strong></span> <span class='ocrx_word' id='word_1_168' title='bbox 3436 1003 3556 1058; x_wconf 90' lang='lat' dir='ltr'><strong>aliis</strong></span> 
     </span>
    </p>
   </div>
   <div class='ocr_carea' id='block_1_24' title="bbox 1956 1087 3558 1153">
    <p class='ocr_par' dir='ltr' id='par_1_24' title="bbox 1956 1087 3558 1153">
     <span class='ocr_line' id='line_1_24' title="bbox 1956 1087 3558 1153; baseline 0.007 -12"><span class='ocrx_word' id='word_1_169' title='bbox 1956 1087 2291 1147; x_wconf 87' lang='lat' dir='ltr'><strong>immisceret</strong></span> <span class='ocrx_word' id='word_1_170' title='bbox 2334 1090 2400 1146; x_wconf 90' lang='lat' dir='ltr'><strong>ad</strong></span> <span class='ocrx_word' id='word_1_171' title='bbox 2429 1089 2631 1146; x_wconf 91' lang='lat' dir='ltr'><strong>donum</strong></span> <span class='ocrx_word' id='word_1_172' title='bbox 2664 1108 2820 1147; x_wconf 89' lang='lat' dir='ltr'><strong>suum</strong></span> <span class='ocrx_word' id='word_1_173' title='bbox 2855 1090 2989 1147; x_wconf 83' lang='lat' dir='ltr'><strong>nihil</strong></span> <span class='ocrx_word' id='word_1_174' title='bbox 3034 1094 3409 1152; x_wconf 89' lang='lat' dir='ltr'><strong>attinentibus.</strong></span> <span class='ocrx_word' id='word_1_175' title='bbox 3464 1096 3558 1153; x_wconf 84' lang='lat' dir='ltr'><strong>Se-</strong></span> 
     </span>
    </p>
   </div>
   <div class='ocr_carea' id='block_1_25' title="bbox 1954 1183 3558 1262">
    <p class='ocr_par' dir='ltr' id='par_1_25' title="bbox 1954 1183 3558 1262">
     <span class='ocr_line' id='line_1_25' title="bbox 1954 1183 3558 1262; baseline 0.008 -27"><span class='ocrx_word' id='word_1_176' title='bbox 1954 1183 2135 1252; x_wconf 87' lang='lat' dir='ltr'><strong>quitur</strong></span> <span class='ocrx_word' id='word_1_177' title='bbox 2156 1185 2317 1239; x_wconf 89' lang='lat' dir='ltr'><strong>etiam</strong></span> <span class='ocrx_word' id='word_1_178' title='bbox 2350 1184 2494 1239; x_wconf 89' lang='lat' dir='ltr'><strong>idem</strong></span> <span class='ocrx_word' id='word_1_179' title='bbox 2533 1201 2656 1242; x_wconf 89' lang='lat' dir='ltr'><strong>esse</strong></span> <span class='ocrx_word' id='word_1_180' title='bbox 2683 1185 2885 1241; x_wconf 90' lang='lat' dir='ltr'><strong>donum</strong></span> <span class='ocrx_word' id='word_1_181' title='bbox 2938 1203 3045 1258; x_wconf 93' lang='lat' dir='ltr'><strong>quo</strong></span> <span class='ocrx_word' id='word_1_182' title='bbox 3092 1189 3374 1246; x_wconf 86' lang='lat' dir='ltr'><strong>audientes</strong></span> <span class='ocrx_word' id='word_1_183' title='bbox 3400 1196 3558 1262; x_wconf 88' lang='lat' dir='ltr'><strong>atque</strong></span> 
     </span>
    </p>
   </div>
   <div class='ocr_carea' id='block_1_26' title="bbox 1954 1274 3557 1354">
    <p class='ocr_par' dir='ltr' id='par_1_26' title="bbox 1954 1274 3557 1354">
     <span class='ocr_line' id='line_1_26' title="bbox 1954 1274 3557 1354; baseline 0.007 -24"><span class='ocrx_word' id='word_1_184' title='bbox 1954 1274 2087 1331; x_wconf 87' lang='lat' dir='ltr'><strong>illud</strong></span> <span class='ocrx_word' id='word_1_185' title='bbox 2142 1294 2247 1348; x_wconf 90' lang='lat' dir='ltr'><strong>quo</strong></span> <span class='ocrx_word' id='word_1_186' title='bbox 2305 1276 2493 1335; x_wconf 74' lang='lat' dir='ltr'><strong>fideles</strong></span> <span class='ocrx_word' id='word_1_187' title='bbox 2514 1288 2699 1336; x_wconf 86' lang='lat' dir='ltr'><strong>essent</strong></span> <span class='ocrx_word' id='word_1_188' title='bbox 2743 1280 2992 1348; x_wconf 79' lang='lat' dir='ltr'><strong>docendi,</strong></span> <span class='ocrx_word' id='word_1_189' title='bbox 3054 1284 3179 1354; x_wconf 90' lang='lat' dir='ltr'><strong>quia</strong></span> <span class='ocrx_word' id='word_1_190' title='bbox 3227 1283 3280 1338; x_wconf 89' lang='lat' dir='ltr'><strong>in</strong></span> <span class='ocrx_word' id='word_1_191' title='bbox 3334 1283 3557 1341; x_wconf 80' lang='lat' dir='ltr'><strong>audien-</strong></span> 
     </span>
    </p>
   </div>
   <div class='ocr_carea' id='block_1_27' title="bbox 1959 1366 3557 1445">
    <p class='ocr_par' dir='ltr' id='par_1_27' title="bbox 1959 1366 3557 1445">
     <span class='ocr_line' id='line_1_27' title="bbox 1959 1366 3557 1445; baseline 0.008 -25"><span class='ocrx_word' id='word_1_192' title='bbox 1959 1366 2089 1422; x_wconf 88' lang='lat' dir='ltr'><strong>tium</strong></span> <span class='ocrx_word' id='word_1_193' title='bbox 2121 1367 2342 1426; x_wconf 88' lang='lat' dir='ltr'><strong>doctore</strong></span> <span class='ocrx_word' id='word_1_194' title='bbox 2369 1370 2748 1427; x_wconf 89' lang='lat' dir='ltr'><strong>constituendo</strong></span> <span class='ocrx_word' id='word_1_195' title='bbox 2779 1372 3127 1445; x_wconf 84' lang='lat' dir='ltr'><strong>presbyteros</strong></span> <span class='ocrx_word' id='word_1_196' title='bbox 3158 1374 3409 1433; x_wconf 89' lang='lat' dir='ltr'><strong>doctores</strong></span> <span class='ocrx_word' id='word_1_197' title='bbox 3429 1392 3557 1433; x_wconf 90' lang='lat' dir='ltr'><strong>eon-</strong></span> 
     </span>
    </p>
   </div>
   <div class='ocr_carea' id='block_1_28' title="bbox 1954 1460 2138 1516">
    <p class='ocr_par' dir='ltr' id='par_1_28' title="bbox 1954 1460 2138 1516">
     <span class='ocr_line' id='line_1_28' title="bbox 1954 1460 2138 1516; baseline 0.011 -2"><span class='ocrx_word' id='word_1_198' title='bbox 1954 1460 2138 1516; x_wconf 91' lang='lat' dir='ltr'><strong>suluit.</strong></span> 
     </span>
    </p>
   </div>
   <div class='ocr_carea' id='block_1_29' title="bbox 2029 1552 3555 1637">
    <p class='ocr_par' dir='ltr' id='par_1_29' title="bbox 2029 1552 3555 1637">
     <span class='ocr_line' id='line_1_29' title="bbox 2029 1552 3555 1637; baseline 0.01 -27"><span class='ocrx_word' id='word_1_199' title='bbox 2029 1552 2384 1627; x_wconf 79' lang='lat' dir='ltr'><strong>§8.—Erant</strong></span> <span class='ocrx_word' id='word_1_200' title='bbox 2403 1558 2654 1631; x_wconf 79' lang='lat' dir='ltr'><strong>equidem</strong></span> <span class='ocrx_word' id='word_1_201' title='bbox 2682 1558 2771 1616; x_wconf 89' lang='lat' dir='ltr'><strong>alii</strong></span> <span class='ocrx_word' id='word_1_202' title='bbox 2798 1560 3080 1621; x_wconf 85' lang='lat' dir='ltr'><strong>audientes</strong></span> <span class='ocrx_word' id='word_1_203' title='bbox 3098 1566 3151 1620; x_wconf 91' lang='lat' dir='ltr'><strong>in</strong></span> <span class='ocrx_word' id='word_1_204' title='bbox 3177 1567 3555 1637; x_wconf 79' lang='lat' dir='ltr'><strong>ptenitentium</strong></span> 
     </span>
    </p>
   </div>
   <div class='ocr_carea' id='block_1_30' title="bbox 1953 1640 3555 1731">
    <p class='ocr_par' dir='ltr' id='par_1_30' title="bbox 1953 1640 3555 1731">
     <span class='ocr_line' id='line_1_30' title="bbox 1953 1640 3555 1731; baseline 0.011 -31"><span class='ocrx_word' id='word_1_205' title='bbox 1953 1660 2138 1715; x_wconf 92' lang='lat' dir='ltr'><strong>censu,</strong></span> <span class='ocrx_word' id='word_1_206' title='bbox 2160 1649 2252 1720; x_wconf 90' lang='lat' dir='ltr'><strong>qui</strong></span> <span class='ocrx_word' id='word_1_207' title='bbox 2275 1649 2363 1706; x_wconf 94' lang='lat' dir='ltr'><strong>ubi</strong></span> <span class='ocrx_word' id='word_1_208' title='bbox 2380 1640 2687 1722; x_wconf 86' lang='lat' dir='ltr'><strong>Scripturas</strong></span> <span class='ocrx_word' id='word_1_209' title='bbox 2705 1662 2867 1724; x_wconf 89' lang='lat' dir='ltr'><strong>atque</strong></span> <span class='ocrx_word' id='word_1_210' title='bbox 2886 1651 3219 1714; x_wconf 78' lang='grc' dir='ltr'><strong>διδασκαλίαν</strong></span> <span class='ocrx_word' id='word_1_211' title='bbox 3235 1658 3555 1731; x_wconf 89' lang='lat' dir='ltr'><strong>audiissent,</strong></span> 
     </span>
    </p>
   </div>
   <div class='ocr_carea' id='block_1_31' title="bbox 242 1735 3558 1826">
    <p class='ocr_par' dir='ltr' id='par_1_31' title="bbox 242 1735 3558 1826">
     <span class='ocr_line' id='line_1_31' title="bbox 242 1735 3558 1826; baseline 0.006 -35"><span class='ocrx_word' id='word_1_212' title='bbox 242 1735 486 1792; x_wconf 81' lang='lat' dir='ltr'><strong>docendi</strong></span> <span class='ocrx_word' id='word_1_213' title='bbox 515 1737 659 1792; x_wconf 82' lang='lat' dir='ltr'><strong>dono</strong></span> <span class='ocrx_word' id='word_1_214' title='bbox 684 1736 975 1807; x_wconf 67' lang='lat' dir='ltr'><strong>praeditos;</strong></span> <span class='ocrx_word' id='word_1_215' title='bbox 1011 1738 1169 1809; x_wconf 83' lang='lat' dir='ltr'><strong>plane</strong></span> <span class='ocrx_word' id='word_1_216' title='bbox 1187 1740 1450 1812; x_wconf 88' lang='lat' dir='ltr'><strong>sequitur,</strong></span> <span class='ocrx_word' id='word_1_217' title='bbox 1472 1742 1564 1812; x_wconf 90' lang='lat' dir='ltr'><strong>qui</strong></span> <span class='ocrx_word' id='word_1_218' title='bbox 1588 1742 1733 1800; x_wconf 90' lang='lat' dir='ltr'><strong>dono</strong></span> <span class='ocrx_word' id='word_1_219' title='bbox 1750 1742 1847 1800; x_wconf 89' lang='lat' dir='ltr'><strong>illo</strong></span> <span class='ocrx_word' id='word_1_220' title='bbox 1876 1744 1924 1809; x_wconf 80' lang='grc' dir='ltr'><strong>Β</strong></span> <span class='ocrx_word' id='word_1_221' title='bbox 1952 1754 1982 1794; x_wconf 87' lang='lat' dir='ltr'><strong>e</strong></span> <span class='ocrx_word' id='word_1_222' title='bbox 2006 1742 2302 1813; x_wconf 80' lang='lat' dir='ltr'><strong>synaxibus</strong></span> <span class='ocrx_word' id='word_1_223' title='bbox 2322 1755 2476 1799; x_wconf 90' lang='lat' dir='ltr'><strong>erant</strong></span> <span class='ocrx_word' id='word_1_224' title='bbox 2506 1745 2846 1802; x_wconf 87' lang='lat' dir='ltr'><strong>excludendi.</strong></span> <span class='ocrx_word' id='word_1_225' title='bbox 2868 1746 2936 1803; x_wconf 90' lang='lat' dir='ltr'><strong>Et</strong></span> <span class='ocrx_word' id='word_1_226' title='bbox 2954 1749 3172 1819; x_wconf 89' lang='lat' dir='ltr'><strong>quidem</strong></span> <span class='ocrx_word' id='word_1_227' title='bbox 3194 1752 3268 1807; x_wconf 88' lang='lat' dir='ltr'><strong>illi</strong></span> <span class='ocrx_word' id='word_1_228' title='bbox 3288 1750 3558 1826; x_wconf 85' lang='lat' dir='ltr'><strong>Cypriano</strong></span> 
     </span>
    </p>
   </div>
   <div class='ocr_carea' id='block_1_32' title="bbox 251 1829 1850 1904">
    <p class='ocr_par' dir='ltr' id='par_1_32' title="bbox 251 1829 1850 1904">
     <span class='ocr_line' id='line_1_32' title="bbox 251 1829 1850 1904; baseline 0.004 -18"><span class='ocrx_word' id='word_1_229' title='bbox 251 1831 585 1897; x_wconf 83' lang='lat' dir='ltr'><strong>caruissent,</strong></span> <span class='ocrx_word' id='word_1_230' title='bbox 604 1832 673 1886; x_wconf 88' lang='lat' dir='ltr'><strong>ita</strong></span> <span class='ocrx_word' id='word_1_231' title='bbox 701 1846 809 1886; x_wconf 91' lang='lat' dir='ltr'><strong>non</strong></span> <span class='ocrx_word' id='word_1_232' title='bbox 838 1829 1009 1888; x_wconf 79' lang='lat' dir='ltr'><strong>fuisse</strong></span> <span class='ocrx_word' id='word_1_233' title='bbox 1035 1832 1100 1888; x_wconf 87' lang='lat' dir='ltr'><strong>ad</strong></span> <span class='ocrx_word' id='word_1_234' title='bbox 1115 1833 1416 1890; x_wconf 88' lang='lat' dir='ltr'><strong>docendum</strong></span> <span class='ocrx_word' id='word_1_235' title='bbox 1441 1835 1757 1904; x_wconf 89' lang='lat' dir='ltr'><strong>obstrictos,</strong></span> <span class='ocrx_word' id='word_1_236' title='bbox 1791 1846 1850 1893; x_wconf 92' lang='lat' dir='ltr'><strong>ut</strong></span> 
     </span>
    </p>
   </div>
   <div class='ocr_carea' id='block_1_33' title="bbox 243 1926 1840 1999">
    <p class='ocr_par' dir='ltr' id='par_1_33' title="bbox 243 1926 1840 1999">
     <span class='ocr_line' id='line_1_33' title="bbox 243 1926 1840 1999; baseline 0.003 -18"><span class='ocrx_word' id='word_1_237' title='bbox 243 1927 435 1997; x_wconf 80' lang='lat' dir='ltr'><strong>potius</strong></span> <span class='ocrx_word' id='word_1_238' title='bbox 456 1928 524 1981; x_wconf 91' lang='lat' dir='ltr'><strong>ab</strong></span> <span class='ocrx_word' id='word_1_239' title='bbox 568 1942 634 1982; x_wconf 91' lang='lat' dir='ltr'><strong>eo</strong></span> <span class='ocrx_word' id='word_1_240' title='bbox 659 1926 890 1983; x_wconf 86' lang='lat' dir='ltr'><strong>docendi</strong></span> <span class='ocrx_word' id='word_1_241' title='bbox 934 1940 1158 1984; x_wconf 89' lang='lat' dir='ltr'><strong>munere</strong></span> <span class='ocrx_word' id='word_1_242' title='bbox 1186 1937 1491 1999; x_wconf 88' lang='lat' dir='ltr'><strong>temperare</strong></span> <span class='ocrx_word' id='word_1_243' title='bbox 1537 1929 1840 1987; x_wconf 86' lang='lat' dir='ltr'><strong>debuerint.</strong></span> 
     </span>
    </p>
   </div>
   <div class='ocr_carea' id='block_1_34' title="bbox 241 2017 1843 2094">
    <p class='ocr_par' dir='ltr' id='par_1_34' title="bbox 241 2017 1843 2094">
     <span class='ocr_line' id='line_1_34' title="bbox 241 2017 1843 2094; baseline 0.003 -21"><span class='ocrx_word' id='word_1_244' title='bbox 241 2017 308 2074; x_wconf 86' lang='lat' dir='ltr'><strong>Id</strong></span> <span class='ocrx_word' id='word_1_245' title='bbox 337 2020 479 2075; x_wconf 89' lang='lat' dir='ltr'><strong>enim</strong></span> <span class='ocrx_word' id='word_1_246' title='bbox 506 2020 750 2075; x_wconf 88' lang='lat' dir='ltr'><strong>hortatur</strong></span> <span class='ocrx_word' id='word_1_247' title='bbox 776 2021 1088 2090; x_wconf 72' lang='lat' dir='ltr'><strong>Apostolus,</strong></span> <span class='ocrx_word' id='word_1_248' title='bbox 1121 2032 1201 2087; x_wconf 90' lang='lat' dir='ltr'><strong>ut,</strong></span> <span class='ocrx_word' id='word_1_249' title='bbox 1248 2036 1357 2093; x_wconf 91' lang='lat' dir='ltr'><strong>quo</strong></span> <span class='ocrx_word' id='word_1_250' title='bbox 1385 2022 1532 2078; x_wconf 90' lang='lat' dir='ltr'><strong>dono</strong></span> <span class='ocrx_word' id='word_1_251' title='bbox 1577 2024 1843 2094; x_wconf 85' lang='lat' dir='ltr'><strong>quispiam</strong></span> 
     </span>
    </p>
   </div>
   <div class='ocr_carea' id='block_1_35' title="bbox 239 2114 1841 2184">
    <p class='ocr_par' dir='ltr' id='par_1_35' title="bbox 239 2114 1841 2184">
     <span class='ocr_line' id='line_1_35' title="bbox 239 2114 1841 2184; baseline 0.002 -16"><span class='ocrx_word' id='word_1_252' title='bbox 239 2114 441 2171; x_wconf 77' lang='lat' dir='ltr'><strong>fuisset</strong></span> <span class='ocrx_word' id='word_1_253' title='bbox 469 2117 781 2181; x_wconf 89' lang='lat' dir='ltr'><strong>instructus,</strong></span> <span class='ocrx_word' id='word_1_254' title='bbox 825 2114 877 2171; x_wconf 89' lang='lat' dir='ltr'><strong>ei</strong></span> <span class='ocrx_word' id='word_1_255' title='bbox 919 2115 1076 2171; x_wconf 87' lang='lat' dir='ltr'><strong>unice</strong></span> <span class='ocrx_word' id='word_1_256' title='bbox 1124 2117 1479 2184; x_wconf 89' lang='lat' dir='ltr'><strong>incumberet,</strong></span> <span class='ocrx_word' id='word_1_257' title='bbox 1518 2116 1697 2183; x_wconf 59' lang='lat' dir='ltr'><strong>Bouh,</strong></span> <span class='ocrx_word' id='word_1_258' title='bbox 1746 2130 1841 2183; x_wconf 85' lang='lat' dir='ltr'><strong>xu,</strong></span> 
     </span>
    </p>
   </div>
   <div class='ocr_carea' id='block_1_36' title="bbox 238 2210 1847 2286">
    <p class='ocr_par' dir='ltr' id='par_1_36' title="bbox 238 2210 1847 2286">
     <span class='ocr_line' id='line_1_36' title="bbox 238 2210 1847 2286; baseline 0.004 -22"><span class='ocrx_word' id='word_1_259' title='bbox 238 2210 299 2275; x_wconf 86' lang='lat'><strong>6,</strong></span> <span class='ocrx_word' id='word_1_260' title='bbox 332 2213 389 2275; x_wconf 87' lang='lat'><strong>&#39;1,</strong></span> <span class='ocrx_word' id='word_1_261' title='bbox 408 2212 466 2279; x_wconf 89' lang='lat'><strong>8,</strong></span> <span class='ocrx_word' id='word_1_262' title='bbox 490 2223 628 2268; x_wconf 91' lang='lat' dir='ltr'><strong>etc.:</strong></span> <span class='ocrx_word' id='word_1_263' title='bbox 660 2230 681 2263; x_wconf 75' lang='lat' dir='ltr'><strong>i</strong></span> <span class='ocrx_word' id='word_1_264' title='bbox 704 2213 911 2283; x_wconf 86' lang='lat' dir='ltr'><strong>Sapere</strong></span> <span class='ocrx_word' id='word_1_265' title='bbox 937 2228 1262 2286; x_wconf 82' lang='lat' dir='ltr'><strong>quemquam</strong></span> <span class='ocrx_word' id='word_1_266' title='bbox 1293 2214 1358 2269; x_wconf 91' lang='lat' dir='ltr'><strong>ad</strong></span> <span class='ocrx_word' id='word_1_267' title='bbox 1388 2216 1758 2283; x_wconf 85' lang='lat' dir='ltr'><strong>sobrietatem,</strong></span> <span class='ocrx_word' id='word_1_268' title='bbox 1791 2225 1847 2271; x_wconf 88' lang='lat' dir='ltr'><strong>et</strong></span> 
     </span>
    </p>
   </div>
   <div class='ocr_carea' id='block_1_37' title="bbox 239 2306 1842 2379">
    <p class='ocr_par' dir='ltr' id='par_1_37' title="bbox 239 2306 1842 2379">
     <span class='ocr_line' id='line_1_37' title="bbox 239 2306 1842 2379; baseline 0.005 -20"><span class='ocrx_word' id='word_1_269' title='bbox 239 2306 540 2377; x_wconf 91' lang='lat' dir='ltr'><strong>unicuique</strong></span> <span class='ocrx_word' id='word_1_270' title='bbox 585 2307 728 2362; x_wconf 87' lang='lat' dir='ltr'><strong>sicut</strong></span> <span class='ocrx_word' id='word_1_271' title='bbox 774 2308 918 2363; x_wconf 86' lang='lat' dir='ltr'><strong>Deus</strong></span> <span class='ocrx_word' id='word_1_272' title='bbox 948 2306 1131 2363; x_wconf 81' lang='lat' dir='ltr'><strong>divisit</strong></span> <span class='ocrx_word' id='word_1_273' title='bbox 1175 2324 1483 2366; x_wconf 87' lang='lat' dir='ltr'><strong>mensuram</strong></span> <span class='ocrx_word' id='word_1_274' title='bbox 1534 2311 1680 2379; x_wconf 86' lang='lat' dir='ltr'><strong>lldei,</strong></span> <span class='ocrx_word' id='word_1_275' title='bbox 1710 2327 1760 2365; x_wconf 89' lang='lat' dir='ltr'><strong>v.</strong></span> <span class='ocrx_word' id='word_1_276' title='bbox 1786 2313 1842 2377; x_wconf 76' lang='lat'><strong>5;</strong></span> 
     </span>
    </p>
   </div>
   <div class='ocr_carea' id='block_1_38' title="bbox 240 2401 1845 2473">
    <p class='ocr_par' dir='ltr' id='par_1_38' title="bbox 240 2401 1845 2473">
     <span class='ocr_line' id='line_1_38' title="bbox 240 2401 1845 2473; baseline 0.001 -16"><span class='ocrx_word' id='word_1_277' title='bbox 240 2413 399 2458; x_wconf 85' lang='lat' dir='ltr'><strong>certo</strong></span> <span class='ocrx_word' id='word_1_278' title='bbox 417 2401 648 2473; x_wconf 86' lang='lat' dir='ltr'><strong>quodam</strong></span> <span class='ocrx_word' id='word_1_279' title='bbox 667 2403 894 2458; x_wconf 88' lang='lat' dir='ltr'><strong>consilio</strong></span> <span class='ocrx_word' id='word_1_280' title='bbox 916 2401 988 2458; x_wconf 89' lang='lat' dir='ltr'><strong>ita</strong></span> <span class='ocrx_word' id='word_1_281' title='bbox 1011 2403 1352 2461; x_wconf 88' lang='lat' dir='ltr'><strong>distribuisse</strong></span> <span class='ocrx_word' id='word_1_282' title='bbox 1384 2406 1572 2471; x_wconf 89' lang='lat' dir='ltr'><strong>Deum,</strong></span> <span class='ocrx_word' id='word_1_283' title='bbox 1604 2416 1662 2460; x_wconf 92' lang='lat' dir='ltr'><strong>ut</strong></span> <span class='ocrx_word' id='word_1_284' title='bbox 1686 2418 1845 2462; x_wconf 89' lang='lat' dir='ltr'><strong>nemo</strong></span> 
     </span>
    </p>
   </div>
   <div class='ocr_carea' id='block_1_39' title="bbox 239 2497 1846 2570">
    <p class='ocr_par' dir='ltr' id='par_1_39' title="bbox 239 2497 1846 2570">
     <span class='ocr_line' id='line_1_39' title="bbox 239 2497 1846 2570; baseline 0.002 -17"><span class='ocrx_word' id='word_1_285' title='bbox 239 2497 388 2553; x_wconf 89' lang='lat' dir='ltr'><strong>dona</strong></span> <span class='ocrx_word' id='word_1_286' title='bbox 420 2501 600 2554; x_wconf 85' lang='lat' dir='ltr'><strong>omnia</strong></span> <span class='ocrx_word' id='word_1_287' title='bbox 636 2499 751 2570; x_wconf 88' lang='lat' dir='ltr'><strong>ipse</strong></span> <span class='ocrx_word' id='word_1_288' title='bbox 780 2498 998 2567; x_wconf 87' lang='lat' dir='ltr'><strong>habeat,</strong></span> <span class='ocrx_word' id='word_1_289' title='bbox 1026 2499 1166 2555; x_wconf 86' lang='lat' dir='ltr'><strong>alter</strong></span> <span class='ocrx_word' id='word_1_290' title='bbox 1191 2509 1370 2556; x_wconf 90' lang='lat' dir='ltr'><strong>autem</strong></span> <span class='ocrx_word' id='word_1_291' title='bbox 1403 2510 1463 2555; x_wconf 90' lang='lat' dir='ltr'><strong>ut</strong></span> <span class='ocrx_word' id='word_1_292' title='bbox 1502 2501 1726 2558; x_wconf 89' lang='lat' dir='ltr'><strong>alterius</strong></span> <span class='ocrx_word' id='word_1_293' title='bbox 1751 2501 1846 2557; x_wconf 84' lang='lat' dir='ltr'><strong>de.-</strong></span> 
     </span>
    </p>
   </div>
   <div class='ocr_carea' id='block_1_40' title="bbox 237 2589 1845 2662">
    <p class='ocr_par' dir='ltr' id='par_1_40' title="bbox 237 2589 1845 2662">
     <span class='ocr_line' id='line_1_40' title="bbox 237 2589 1845 2662; baseline 0.002 -17"><span class='ocrx_word' id='word_1_294' title='bbox 237 2589 420 2646; x_wconf 83' lang='lat' dir='ltr'><strong>fectus</strong></span> <span class='ocrx_word' id='word_1_295' title='bbox 441 2592 717 2662; x_wconf 84' lang='lat' dir='ltr'><strong>suppleat,</strong></span> <span class='ocrx_word' id='word_1_296' title='bbox 735 2594 944 2661; x_wconf 86' lang='lat' dir='ltr'><strong>sintque</strong></span> <span class='ocrx_word' id='word_1_297' title='bbox 977 2592 1044 2646; x_wconf 84' lang='lat' dir='ltr'><strong>ita</strong></span> <span class='ocrx_word' id='word_1_298' title='bbox 1070 2593 1171 2646; x_wconf 84' lang='lat' dir='ltr'><strong>sibi</strong></span> <span class='ocrx_word' id='word_1_299' title='bbox 1189 2592 1417 2649; x_wconf 86' lang='lat' dir='ltr'><strong>invicem</strong></span> <span class='ocrx_word' id='word_1_300' title='bbox 1448 2608 1638 2649; x_wconf 89' lang='lat' dir='ltr'><strong>omnes</strong></span> <span class='ocrx_word' id='word_1_301' title='bbox 1660 2603 1845 2648; x_wconf 83' lang='lat' dir='ltr'><strong>mutuo</strong></span> 
     </span>
    </p>
   </div>
   <div class='ocr_carea' id='block_1_41' title="bbox 237 2683 1840 2759">
    <p class='ocr_par' dir='ltr' id='par_1_41' title="bbox 237 2683 1840 2759">
     <span class='ocr_line' id='line_1_41' title="bbox 237 2683 1840 2759; baseline 0.002 -22"><span class='ocrx_word' id='word_1_302' title='bbox 237 2684 573 2747; x_wconf 81' lang='lat' dir='ltr'><strong>necessarii,</strong></span> <span class='ocrx_word' id='word_1_303' title='bbox 606 2690 668 2737; x_wconf 83' lang='lat' dir='ltr'><strong>ut</strong></span> <span class='ocrx_word' id='word_1_304' title='bbox 697 2698 802 2738; x_wconf 92' lang='lat' dir='ltr'><strong>non</strong></span> <span class='ocrx_word' id='word_1_305' title='bbox 818 2683 1119 2740; x_wconf 75' lang='lat' dir='ltr'><strong>siISCHtSIA</strong></span> <span class='ocrx_word' id='word_1_306' title='bbox 1146 2683 1199 2739; x_wconf 91' lang='lat' dir='ltr'><strong>in</strong></span> <span class='ocrx_word' id='word_1_307' title='bbox 1231 2700 1459 2755; x_wconf 88' lang='lat' dir='ltr'><strong>corpore</strong></span> <span class='ocrx_word' id='word_1_308' title='bbox 1490 2684 1543 2759; x_wconf 72' lang='lat' dir='ltr'><strong>(I</strong></span> <span class='ocrx_word' id='word_1_309' title='bbox 1565 2685 1709 2753; x_wconf 89' lang='lat' dir='ltr'><strong>Cor.,</strong></span> <span class='ocrx_word' id='word_1_310' title='bbox 1744 2700 1840 2752; x_wconf 79' lang='lat' dir='ltr'><strong>xu,</strong></span> 
     </span>
    </p>
   </div>
   <div class='ocr_carea' id='block_1_42' title="bbox 240 2773 1841 2850">
    <p class='ocr_par' dir='ltr' id='par_1_42' title="bbox 240 2773 1841 2850">
     <span class='ocr_line' id='line_1_42' title="bbox 240 2773 1841 2850; baseline 0.003 -21"><span class='ocrx_word' id='word_1_311' title='bbox 240 2776 343 2839; x_wconf 85' lang='grc'><strong>18,</strong></span> <span class='ocrx_word' id='word_1_312' title='bbox 377 2774 463 2839; x_wconf 76' lang='grc'><strong>24,</strong></span> <span class='ocrx_word' id='word_1_313' title='bbox 498 2773 623 2845; x_wconf 78' lang='lat'><strong>25).</strong></span> <span class='ocrx_word' id='word_1_314' title='bbox 662 2794 682 2828; x_wconf 71' lang='grc' dir='ltr'><strong><em>ι</em></strong></span> <span class='ocrx_word' id='word_1_315' title='bbox 714 2775 769 2831; x_wconf 87' lang='lat' dir='ltr'><strong>Si</strong></span> <span class='ocrx_word' id='word_1_316' title='bbox 801 2777 980 2848; x_wconf 84' lang='lat' dir='ltr'><strong>itaque</strong></span> <span class='ocrx_word' id='word_1_317' title='bbox 1028 2793 1219 2833; x_wconf 90' lang='lat' dir='ltr'><strong>omnes</strong></span> <span class='ocrx_word' id='word_1_318' title='bbox 1247 2779 1339 2849; x_wconf 89' lang='lat' dir='ltr'><strong>qui</strong></span> <span class='ocrx_word' id='word_1_319' title='bbox 1395 2779 1538 2833; x_wconf 90' lang='lat' dir='ltr'><strong>dono</strong></span> <span class='ocrx_word' id='word_1_320' title='bbox 1590 2780 1841 2850; x_wconf 88' lang='lat' dir='ltr'><strong>qu0piam</strong></span> 
     </span>
    </p>
   </div>
   <div class='ocr_carea' id='block_1_43' title="bbox 239 2867 1840 2941">
    <p class='ocr_par' dir='ltr' id='par_1_43' title="bbox 239 2867 1840 2941">
     <span class='ocr_line' id='line_1_43' title="bbox 239 2867 1840 2941; baseline 0.001 -16"><span class='ocrx_word' id='word_1_321' title='bbox 239 2869 572 2934; x_wconf 82' lang='lat' dir='ltr'><strong>caruissent,</strong></span> <span class='ocrx_word' id='word_1_322' title='bbox 621 2867 751 2923; x_wconf 90' lang='lat' dir='ltr'><strong>illud</strong></span> <span class='ocrx_word' id='word_1_323' title='bbox 821 2885 889 2925; x_wconf 89' lang='lat' dir='ltr'><strong>ne</strong></span> <span class='ocrx_word' id='word_1_324' title='bbox 950 2869 1167 2941; x_wconf 90' lang='lat' dir='ltr'><strong>quidem</strong></span> <span class='ocrx_word' id='word_1_325' title='bbox 1226 2885 1482 2928; x_wconf 78' lang='lat' dir='ltr'><strong>exercere</strong></span> <span class='ocrx_word' id='word_1_326' title='bbox 1523 2871 1840 2939; x_wconf 88' lang='lat' dir='ltr'><strong>debuerint,</strong></span> 
     </span>
    </p>
   </div>
   <div class='ocr_carea' id='block_1_44' title="bbox 238 2960 1839 3034">
    <p class='ocr_par' dir='ltr' id='par_1_44' title="bbox 238 2960 1839 3034">
     <span class='ocr_line' id='line_1_44' title="bbox 238 2960 1839 3034; baseline 0.002 -18"><span class='ocrx_word' id='word_1_327' title='bbox 238 2963 493 3031; x_wconf 85' lang='lat' dir='ltr'><strong>sequitur</strong></span> <span class='ocrx_word' id='word_1_328' title='bbox 517 2961 638 3016; x_wconf 89' lang='lat' dir='ltr'><strong>illos</strong></span> <span class='ocrx_word' id='word_1_329' title='bbox 664 2960 860 3033; x_wconf 89' lang='lat' dir='ltr'><strong>quibus</strong></span> <span class='ocrx_word' id='word_1_330' title='bbox 889 2971 1139 3034; x_wconf 86' lang='lat' dir='ltr'><strong>negatum</strong></span> <span class='ocrx_word' id='word_1_331' title='bbox 1184 2971 1329 3019; x_wconf 86' lang='lat' dir='ltr'><strong>esset</strong></span> <span class='ocrx_word' id='word_1_332' title='bbox 1359 2964 1585 3021; x_wconf 87' lang='lat' dir='ltr'><strong>docendi</strong></span> <span class='ocrx_word' id='word_1_333' title='bbox 1616 2965 1839 3032; x_wconf 90' lang='lat' dir='ltr'><strong>donum,</strong></span> 
     </span>
    </p>
   </div>
   <div class='ocr_carea' id='block_1_45' title="bbox 239 3055 1840 3129">
    <p class='ocr_par' dir='ltr' id='par_1_45' title="bbox 239 3055 1840 3129">
     <span class='ocr_line' id='line_1_45' title="bbox 239 3055 1840 3129; baseline 0.002 -19"><span class='ocrx_word' id='word_1_334' title='bbox 239 3069 317 3111; x_wconf 87' lang='lat' dir='ltr'><strong>ne</strong></span> <span class='ocrx_word' id='word_1_335' title='bbox 355 3055 555 3111; x_wconf 88' lang='lat' dir='ltr'><strong>docere</strong></span> <span class='ocrx_word' id='word_1_336' title='bbox 583 3055 798 3125; x_wconf 90' lang='lat' dir='ltr'><strong>quidem</strong></span> <span class='ocrx_word' id='word_1_337' title='bbox 853 3058 1176 3127; x_wconf 87' lang='lat' dir='ltr'><strong>oportuisse.</strong></span> <span class='ocrx_word' id='word_1_338' title='bbox 1221 3059 1579 3129; x_wconf 88' lang='lat' dir='ltr'><strong>Agnoscimus</strong></span> <span class='ocrx_word' id='word_1_339' title='bbox 1626 3060 1840 3115; x_wconf 89' lang='lat' dir='ltr'><strong>interim</strong></span> 
     </span>
    </p>
   </div>
   <div class='ocr_carea' id='block_1_46' title="bbox 1954 1834 3558 1916">
    <p class='ocr_par' dir='ltr' id='par_1_46' title="bbox 1954 1834 3558 1916">
     <span class='ocr_line' id='line_1_46' title="bbox 1954 1834 3558 1916; baseline 0.01 -29"><span class='ocrx_word' id='word_1_340' title='bbox 1954 1845 2140 1889; x_wconf 86' lang='lat' dir='ltr'><strong>nostro</strong></span> <span class='ocrx_word' id='word_1_341' title='bbox 2164 1838 2354 1905; x_wconf 72' lang='lat' dir='ltr'><strong>comvi,</strong></span> <span class='ocrx_word' id='word_1_342' title='bbox 2389 1838 2433 1893; x_wconf 90' lang='lat' dir='ltr'><strong>si</strong></span> <span class='ocrx_word' id='word_1_343' title='bbox 2482 1839 2730 1911; x_wconf 80' lang='lat' dir='ltr'><strong>Gregorii</strong></span> <span class='ocrx_word' id='word_1_344' title='bbox 2760 1834 3149 1916; x_wconf 74' lang='lat' dir='ltr'><strong>&#39;I‘haumaturgi</strong></span> <span class='ocrx_word' id='word_1_345' title='bbox 3176 1846 3419 1916; x_wconf 75' lang='lat' dir='ltr'><strong>epistola:</strong></span> <span class='ocrx_word' id='word_1_346' title='bbox 3463 1863 3558 1903; x_wconf 89' lang='lat' dir='ltr'><strong>ca-</strong></span> 
     </span>
    </p>
   </div>
   <div class='ocr_carea' id='block_1_47' title="bbox 1952 1929 3555 1998">
    <p class='ocr_par' dir='ltr' id='par_1_47' title="bbox 1952 1929 3555 1998">
     <span class='ocr_line' id='line_1_47' title="bbox 1952 1929 3555 1998; baseline 0.009 -15"><span class='ocrx_word' id='word_1_347' title='bbox 1952 1929 2161 1985; x_wconf 67' lang='lat' dir='ltr'><strong>nonica:</strong></span> <span class='ocrx_word' id='word_1_348' title='bbox 2190 1930 2520 1988; x_wconf 88' lang='lat' dir='ltr'><strong>credendum</strong></span> <span class='ocrx_word' id='word_1_349' title='bbox 2552 1933 2641 1989; x_wconf 89' lang='lat' dir='ltr'><strong>sit.</strong></span> <span class='ocrx_word' id='word_1_350' title='bbox 2688 1933 2793 1991; x_wconf 91' lang='lat' dir='ltr'><strong>Sed</strong></span> <span class='ocrx_word' id='word_1_351' title='bbox 2821 1935 3015 1993; x_wconf 91' lang='lat' dir='ltr'><strong>horum</strong></span> <span class='ocrx_word' id='word_1_352' title='bbox 3046 1938 3251 1994; x_wconf 91' lang='lat' dir='ltr'><strong>nullum</strong></span> <span class='ocrx_word' id='word_1_353' title='bbox 3284 1941 3337 1995; x_wconf 92' lang='lat' dir='ltr'><strong>iu</strong></span> <span class='ocrx_word' id='word_1_354' title='bbox 3367 1938 3555 1998; x_wconf 86' lang='lat' dir='ltr'><strong>Eccle—</strong></span> 
     </span>
    </p>
   </div>
   <div class='ocr_carea' id='block_1_48' title="bbox 1951 2022 3555 2104">
    <p class='ocr_par' dir='ltr' id='par_1_48' title="bbox 1951 2022 3555 2104">
     <span class='ocr_line' id='line_1_48' title="bbox 1951 2022 3555 2104; baseline 0.006 -25"><span class='ocrx_word' id='word_1_355' title='bbox 1951 2022 2031 2079; x_wconf 87' lang='lat' dir='ltr'><strong>sia</strong></span> <span class='ocrx_word' id='word_1_356' title='bbox 2062 2023 2298 2080; x_wconf 76' lang='lat' dir='ltr'><strong>africaua</strong></span> <span class='ocrx_word' id='word_1_357' title='bbox 2321 2035 2488 2093; x_wconf 79' lang='lat' dir='ltr'><strong>extat,</strong></span> <span class='ocrx_word' id='word_1_358' title='bbox 2517 2028 2660 2097; x_wconf 90' lang='lat' dir='ltr'><strong>quod</strong></span> <span class='ocrx_word' id='word_1_359' title='bbox 2688 2028 2907 2099; x_wconf 90' lang='lat' dir='ltr'><strong>quidem</strong></span> <span class='ocrx_word' id='word_1_360' title='bbox 2938 2032 3128 2097; x_wconf 89' lang='lat' dir='ltr'><strong>sciam,</strong></span> <span class='ocrx_word' id='word_1_361' title='bbox 3160 2048 3226 2089; x_wconf 91' lang='lat' dir='ltr'><strong>ea</strong></span> <span class='ocrx_word' id='word_1_362' title='bbox 3254 2035 3555 2104; x_wconf 66' lang='lat' dir='ltr'><strong>praesertim</strong></span> 
     </span>
    </p>
   </div>
   <div class='ocr_carea' id='block_1_49' title="bbox 1951 2119 3557 2199">
    <p class='ocr_par' dir='ltr' id='par_1_49' title="bbox 1951 2119 3557 2199">
     <span class='ocr_line' id='line_1_49' title="bbox 1951 2119 3557 2199; baseline 0.008 -28"><span class='ocrx_word' id='word_1_363' title='bbox 1951 2124 2129 2186; x_wconf 81' lang='lat' dir='ltr'><strong>actate,</strong></span> <span class='ocrx_word' id='word_1_364' title='bbox 2163 2119 2471 2191; x_wconf 83' lang='lat' dir='ltr'><strong>vestigium.</strong></span> <span class='ocrx_word' id='word_1_365' title='bbox 2498 2119 2610 2177; x_wconf 86' lang='lat' dir='ltr'><strong>Nec</strong></span> <span class='ocrx_word' id='word_1_366' title='bbox 2636 2121 2775 2178; x_wconf 88' lang='lat' dir='ltr'><strong>alios</strong></span> <span class='ocrx_word' id='word_1_367' title='bbox 2800 2122 3056 2181; x_wconf 88' lang='lat' dir='ltr'><strong>doctores</strong></span> <span class='ocrx_word' id='word_1_368' title='bbox 3087 2126 3359 2184; x_wconf 85' lang='lat' dir='ltr'><strong>habebant</strong></span> <span class='ocrx_word' id='word_1_369' title='bbox 3394 2145 3557 2199; x_wconf 85' lang='lat' dir='ltr'><strong>quam</strong></span> 
     </span>
    </p>
   </div>
   <div class='ocr_carea' id='block_1_50' title="bbox 1953 2209 3555 2291">
    <p class='ocr_par' dir='ltr' id='par_1_50' title="bbox 1953 2209 3555 2291">
     <span class='ocr_line' id='line_1_50' title="bbox 1953 2209 3555 2291; baseline 0.007 -27"><span class='ocrx_word' id='word_1_370' title='bbox 1953 2209 2163 2268; x_wconf 83' lang='lat' dir='ltr'><strong>ﬁdeles.</strong></span> <span class='ocrx_word' id='word_1_371' title='bbox 2202 2212 2367 2268; x_wconf 86' lang='lat' dir='ltr'><strong>Erant</strong></span> <span class='ocrx_word' id='word_1_372' title='bbox 2393 2216 2535 2270; x_wconf 87' lang='lat' dir='ltr'><strong>enim</strong></span> <span class='ocrx_word' id='word_1_373' title='bbox 2564 2216 2805 2271; x_wconf 91' lang='lat' dir='ltr'><strong>omnium</strong></span> <span class='ocrx_word' id='word_1_374' title='bbox 2829 2215 3069 2273; x_wconf 85' lang='lat' dir='ltr'><strong>ﬁdelium</strong></span> <span class='ocrx_word' id='word_1_375' title='bbox 3088 2234 3404 2277; x_wconf 87' lang='lat' dir='ltr'><strong>communes</strong></span> <span class='ocrx_word' id='word_1_376' title='bbox 3427 2221 3555 2291; x_wconf 66' lang='lat' dir='ltr'><strong>illae,</strong></span> 
     </span>
    </p>
   </div>
   <div class='ocr_carea' id='block_1_51' title="bbox 1952 2306 3558 2383">
    <p class='ocr_par' dir='ltr' id='par_1_51' title="bbox 1952 2306 3558 2383">
     <span class='ocr_line' id='line_1_51' title="bbox 1952 2306 3558 2383; baseline 0.007 -25"><span class='ocrx_word' id='word_1_377' title='bbox 1952 2306 2147 2375; x_wconf 88' lang='lat' dir='ltr'><strong>quibus</strong></span> <span class='ocrx_word' id='word_1_378' title='bbox 2178 2308 2231 2362; x_wconf 89' lang='lat' dir='ltr'><strong>hi</strong></span> <span class='ocrx_word' id='word_1_379' title='bbox 2265 2307 2579 2375; x_wconf 90' lang='lat' dir='ltr'><strong>intererant,</strong></span> <span class='ocrx_word' id='word_1_380' title='bbox 2619 2309 2948 2366; x_wconf 90' lang='lat' dir='ltr'><strong>auditiones.</strong></span> <span class='ocrx_word' id='word_1_381' title='bbox 2996 2311 3181 2383; x_wconf 83' lang='lat' dir='ltr'><strong>Neque</strong></span> <span class='ocrx_word' id='word_1_382' title='bbox 3206 2328 3336 2369; x_wconf 90' lang='lat' dir='ltr'><strong>vero</strong></span> <span class='ocrx_word' id='word_1_383' title='bbox 3361 2329 3428 2369; x_wconf 82' lang='lat' dir='ltr'><strong>ex</strong></span> <span class='ocrx_word' id='word_1_384' title='bbox 3459 2329 3558 2370; x_wconf 90' lang='lat' dir='ltr'><strong>usu</strong></span> 
     </span>
    </p>
   </div>
   <div class='ocr_carea' id='block_1_52' title="bbox 1953 2396 3560 2481">
    <p class='ocr_par' dir='ltr' id='par_1_52' title="bbox 1953 2396 3560 2481">
     <span class='ocr_line' id='line_1_52' title="bbox 1953 2396 3560 2481; baseline 0.008 -27"><span class='ocrx_word' id='word_1_385' title='bbox 1953 2396 2217 2456; x_wconf 70' lang='lat' dir='ltr'><strong>Ecclesiae</strong></span> <span class='ocrx_word' id='word_1_386' title='bbox 2246 2401 2501 2458; x_wconf 67' lang='lat' dir='ltr'><strong>afrieanaa</strong></span> <span class='ocrx_word' id='word_1_387' title='bbox 2531 2402 2621 2458; x_wconf 89' lang='lat' dir='ltr'><strong>alii</strong></span> <span class='ocrx_word' id='word_1_388' title='bbox 2666 2404 2950 2462; x_wconf 91' lang='lat' dir='ltr'><strong>audientes</strong></span> <span class='ocrx_word' id='word_1_389' title='bbox 2994 2417 3151 2464; x_wconf 89' lang='lat' dir='ltr'><strong>erant</strong></span> <span class='ocrx_word' id='word_1_390' title='bbox 3198 2424 3358 2481; x_wconf 92' lang='lat' dir='ltr'><strong>quam</strong></span> <span class='ocrx_word' id='word_1_391' title='bbox 3414 2421 3560 2467; x_wconf 87' lang='lat' dir='ltr'><strong>cate-</strong></span> 
     </span>
    </p>
   </div>
   <div class='ocr_carea' id='block_1_53' title="bbox 1950 2492 3561 2570">
    <p class='ocr_par' dir='ltr' id='par_1_53' title="bbox 1950 2492 3561 2570">
     <span class='ocr_line' id='line_1_53' title="bbox 1950 2492 3561 2570; baseline 0.007 -23"><span class='ocrx_word' id='word_1_392' title='bbox 1950 2492 2223 2549; x_wconf 88' lang='lat' dir='ltr'><strong>chumcni.</strong></span> <span class='ocrx_word' id='word_1_393' title='bbox 2256 2493 2375 2549; x_wconf 81' lang='lat' dir='ltr'><strong>Jam</strong></span> <span class='ocrx_word' id='word_1_394' title='bbox 2403 2512 2565 2566; x_wconf 90' lang='lat' dir='ltr'><strong>supra</strong></span> <span class='ocrx_word' id='word_1_395' title='bbox 2594 2494 2827 2552; x_wconf 83' lang='lat' dir='ltr'><strong>vidimus</strong></span> <span class='ocrx_word' id='word_1_396' title='bbox 2848 2499 2939 2570; x_wconf 90' lang='lat' dir='ltr'><strong>qui</strong></span> <span class='ocrx_word' id='word_1_397' title='bbox 2966 2499 3342 2557; x_wconf 89' lang='lat' dir='ltr'><strong>catechumeni</strong></span> <span class='ocrx_word' id='word_1_398' title='bbox 3374 2510 3561 2558; x_wconf 88' lang='lat' dir='ltr'><strong>essent</strong></span> 
     </span>
    </p>
   </div>
   <div class='ocr_carea' id='block_1_54' title="bbox 1949 2584 3557 2666">
    <p class='ocr_par' dir='ltr' id='par_1_54' title="bbox 1949 2584 3557 2666">
     <span class='ocr_line' id='line_1_54' title="bbox 1949 2584 3557 2666; baseline 0.006 -28"><span class='ocrx_word' id='word_1_399' title='bbox 1949 2584 2099 2639; x_wconf 90' lang='lat' dir='ltr'><strong>clero</strong></span> <span class='ocrx_word' id='word_1_400' title='bbox 2120 2601 2365 2652; x_wconf 89' lang='lat' dir='ltr'><strong>romano,</strong></span> <span class='ocrx_word' id='word_1_401' title='bbox 2387 2586 2485 2658; x_wconf 90' lang='lat' dir='ltr'><strong>Ep.</strong></span> <span class='ocrx_word' id='word_1_402' title='bbox 2508 2605 2586 2656; x_wconf 85' lang='grc' dir='ltr'><strong>ιιι,</strong></span> <span class='ocrx_word' id='word_1_403' title='bbox 2602 2591 2822 2645; x_wconf 89' lang='lat' dir='ltr'><strong>eosdem</strong></span> <span class='ocrx_word' id='word_1_404' title='bbox 2836 2591 3118 2648; x_wconf 85' lang='lat' dir='ltr'><strong>audientes</strong></span> <span class='ocrx_word' id='word_1_405' title='bbox 3129 2608 3250 2650; x_wconf 89' lang='lat' dir='ltr'><strong>esse</strong></span> <span class='ocrx_word' id='word_1_406' title='bbox 3266 2595 3557 2666; x_wconf 86' lang='lat' dir='ltr'><strong>Cypriano,</strong></span> 
     </span>
    </p>
   </div>
   <div class='ocr_carea' id='block_1_55' title="bbox 1949 2676 3559 2754">
    <p class='ocr_par' dir='ltr' id='par_1_55' title="bbox 1949 2676 3559 2754">
     <span class='ocr_line' id='line_1_55' title="bbox 1949 2676 3559 2754; baseline 0.007 -24"><span class='ocrx_word' id='word_1_407' title='bbox 1949 2676 2049 2746; x_wconf 86' lang='lat' dir='ltr'><strong>Ep.</strong></span> <span class='ocrx_word' id='word_1_408' title='bbox 2081 2691 2195 2731; x_wconf 79' lang='lat' dir='ltr'><strong>xm.</strong></span> <span class='ocrx_word' id='word_1_409' title='bbox 2227 2679 2558 2750; x_wconf 82' lang='lat' dir='ltr'><strong>Constatque</strong></span> <span class='ocrx_word' id='word_1_410' title='bbox 2598 2682 2761 2736; x_wconf 85' lang='lat' dir='ltr'><strong>etiam</strong></span> <span class='ocrx_word' id='word_1_411' title='bbox 2800 2698 2833 2737; x_wconf 90' lang='lat' dir='ltr'><strong>e</strong></span> <span class='ocrx_word' id='word_1_412' title='bbox 2877 2680 3230 2750; x_wconf 87' lang='lat' dir='ltr'><strong>Tertulliano,</strong></span> <span class='ocrx_word' id='word_1_413' title='bbox 3264 2701 3371 2754; x_wconf 92' lang='lat' dir='ltr'><strong>quo</strong></span> <span class='ocrx_word' id='word_1_414' title='bbox 3398 2701 3559 2740; x_wconf 90' lang='lat' dir='ltr'><strong>nemo</strong></span> 
     </span>
    </p>
   </div>
   <div class='ocr_carea' id='block_1_56' title="bbox 1949 2769 3558 2846">
    <p class='ocr_par' dir='ltr' id='par_1_56' title="bbox 1949 2769 3558 2846">
     <span class='ocr_line' id='line_1_56' title="bbox 1949 2769 3558 2846; baseline 0.006 -23"><span class='ocrx_word' id='word_1_415' title='bbox 1949 2769 2145 2824; x_wconf 87' lang='lat' dir='ltr'><strong>melior</strong></span> <span class='ocrx_word' id='word_1_416' title='bbox 2167 2780 2250 2827; x_wconf 88' lang='lat' dir='ltr'><strong>est</strong></span> <span class='ocrx_word' id='word_1_417' title='bbox 2277 2769 2531 2843; x_wconf 83' lang='lat' dir='ltr'><strong>Cypriani</strong></span> <span class='ocrx_word' id='word_1_418' title='bbox 2564 2773 2857 2844; x_wconf 86' lang='lat' dir='ltr'><strong>interpres.</strong></span> <span class='ocrx_word' id='word_1_419' title='bbox 2891 2774 3044 2846; x_wconf 84' lang='lat' dir='ltr'><strong>Apud</strong></span> <span class='ocrx_word' id='word_1_420' title='bbox 3079 2774 3229 2831; x_wconf 90' lang='lat' dir='ltr'><strong>illum</strong></span> <span class='ocrx_word' id='word_1_421' title='bbox 3275 2774 3558 2834; x_wconf 88' lang='lat' dir='ltr'><strong>audientes</strong></span> 
     </span>
    </p>
   </div>
   <div class='ocr_carea' id='block_1_57' title="bbox 1950 2863 3556 2942">
    <p class='ocr_par' dir='ltr' id='par_1_57' title="bbox 1950 2863 3556 2942">
     <span class='ocr_line' id='line_1_57' title="bbox 1950 2863 3556 2942; baseline 0.006 -25"><span class='ocrx_word' id='word_1_422' title='bbox 1950 2863 2189 2920; x_wconf 92' lang='lat' dir='ltr'><strong>intinctis</strong></span> <span class='ocrx_word' id='word_1_423' title='bbox 2212 2878 2578 2936; x_wconf 90' lang='lat' dir='ltr'><strong>opponuntur,</strong></span> <span class='ocrx_word' id='word_1_424' title='bbox 2611 2884 2720 2939; x_wconf 92' lang='lat' dir='ltr'><strong>quo</strong></span> <span class='ocrx_word' id='word_1_425' title='bbox 2746 2883 2909 2924; x_wconf 91' lang='lat' dir='ltr'><strong>sensu</strong></span> <span class='ocrx_word' id='word_1_426' title='bbox 2944 2871 3111 2942; x_wconf 89' lang='lat' dir='ltr'><strong>tingui</strong></span> <span class='ocrx_word' id='word_1_427' title='bbox 3134 2870 3276 2940; x_wconf 88' lang='lat' dir='ltr'><strong>apud</strong></span> <span class='ocrx_word' id='word_1_428' title='bbox 3305 2871 3556 2928; x_wconf 90' lang='lat' dir='ltr'><strong>eumdem</strong></span> 
     </span>
    </p>
   </div>
   <div class='ocr_carea' id='block_1_58' title="bbox 1951 2954 3551 3040">
    <p class='ocr_par' dir='ltr' id='par_1_58' title="bbox 1951 2954 3551 3040">
     <span class='ocr_line' id='line_1_58' title="bbox 1951 2954 3551 3040; baseline 0.009 -31"><span class='ocrx_word' id='word_1_429' title='bbox 1951 2954 2090 3011; x_wconf 88' lang='lat' dir='ltr'><strong>idem</strong></span> <span class='ocrx_word' id='word_1_430' title='bbox 2142 2957 2286 3013; x_wconf 88' lang='lat' dir='ltr'><strong>valet</strong></span> <span class='ocrx_word' id='word_1_431' title='bbox 2340 2959 2481 3029; x_wconf 90' lang='lat' dir='ltr'><strong>quod</strong></span> <span class='ocrx_word' id='word_1_432' title='bbox 2540 2959 2797 3031; x_wconf 82' lang='lat' dir='ltr'><strong>baptizari</strong></span> <span class='ocrx_word' id='word_1_433' title='bbox 2847 2964 2867 3030; x_wconf 84' lang='lat'><strong>(</strong></span> <span class='ocrx_word' id='word_1_434' title='bbox 2884 2960 2962 3017; x_wconf 86' lang='lat' dir='ltr'><strong>De</strong></span> <span class='ocrx_word' id='word_1_435' title='bbox 3004 2958 3225 3034; x_wconf 56' lang='lat' dir='ltr'><strong>Paruit,</strong></span> <span class='ocrx_word' id='word_1_436' title='bbox 3257 2982 3305 3021; x_wconf 78' lang='grc' dir='ltr'><strong>ο.</strong></span> <span class='ocrx_word' id='word_1_437' title='bbox 3356 2964 3410 3036; x_wconf 85' lang='grc' dir='ltr'><strong>ϐ,</strong></span> <span class='ocrx_word' id='word_1_438' title='bbox 3463 2965 3551 3040; x_wconf 90' lang='lat'><strong>7).</strong></span> 
     </span>
    </p>
   </div>
   <div class='ocr_carea' id='block_1_59' title="bbox 1950 3047 3561 3131">
    <p class='ocr_par' dir='ltr' id='par_1_59' title="bbox 1950 3047 3561 3131">
     <span class='ocr_line' id='line_1_59' title="bbox 1950 3047 3561 3131; baseline 0.008 -27"><span class='ocrx_word' id='word_1_439' title='bbox 1950 3047 2185 3106; x_wconf 88' lang='lat' dir='ltr'><strong>Eosdem</strong></span> <span class='ocrx_word' id='word_1_440' title='bbox 2218 3050 2497 3108; x_wconf 90' lang='lat' dir='ltr'><strong>auditores</strong></span> <span class='ocrx_word' id='word_1_441' title='bbox 2528 3053 2786 3123; x_wconf 86' lang='lat' dir='ltr'><strong>appellat,</strong></span> <span class='ocrx_word' id='word_1_442' title='bbox 2817 3072 3046 3125; x_wconf 91' lang='lat' dir='ltr'><strong>quorum</strong></span> <span class='ocrx_word' id='word_1_443' title='bbox 3075 3067 3131 3113; x_wconf 91' lang='lat' dir='ltr'><strong>et</strong></span> <span class='ocrx_word' id='word_1_444' title='bbox 3161 3060 3424 3131; x_wconf 87' lang='lat' dir='ltr'><strong>tyrocinia</strong></span> <span class='ocrx_word' id='word_1_445' title='bbox 3453 3076 3561 3117; x_wconf 87' lang='lat' dir='ltr'><strong>me-</strong></span> 
     </span>
    </p>
   </div>
   <div class='ocr_carea' id='block_1_60' title="bbox 241 3142 3560 3222">
    <p class='ocr_par' dir='ltr' id='par_1_60' title="bbox 241 3142 3560 3222">
     <span class='ocr_line' id='line_1_60' title="bbox 241 3142 3560 3222; baseline 0.002 -21"><span class='ocrx_word' id='word_1_446' title='bbox 241 3162 317 3203; x_wconf 84' lang='lat' dir='ltr'><strong>ex</strong></span> <span class='ocrx_word' id='word_1_447' title='bbox 343 3147 591 3217; x_wconf 85' lang='lat' dir='ltr'><strong>Apostoli</strong></span> <span class='ocrx_word' id='word_1_448' title='bbox 615 3156 819 3213; x_wconf 90' lang='lat' dir='ltr'><strong>mente,</strong></span> <span class='ocrx_word' id='word_1_449' title='bbox 843 3148 890 3202; x_wconf 89' lang='lat' dir='ltr'><strong>si</strong></span> <span class='ocrx_word' id='word_1_450' title='bbox 915 3150 1005 3219; x_wconf 90' lang='lat' dir='ltr'><strong>qui</strong></span> <span class='ocrx_word' id='word_1_451' title='bbox 1029 3149 1137 3205; x_wconf 79' lang='lat' dir='ltr'><strong>sint</strong></span> <span class='ocrx_word' id='word_1_452' title='bbox 1166 3160 1402 3222; x_wconf 89' lang='lat' dir='ltr'><strong>utroque</strong></span> <span class='ocrx_word' id='word_1_453' title='bbox 1427 3150 1573 3206; x_wconf 92' lang='lat' dir='ltr'><strong>dono</strong></span> <span class='ocrx_word' id='word_1_454' title='bbox 1626 3151 1836 3221; x_wconf 72' lang='lat' dir='ltr'><strong>praediti</strong></span> <span class='ocrx_word' id='word_1_455' title='bbox 1872 3142 1919 3207; x_wconf 85' lang='lat' dir='ltr'><strong>C</strong></span> <span class='ocrx_word' id='word_1_456' title='bbox 1955 3154 2151 3211; x_wconf 90' lang='lat' dir='ltr'><strong>morat,</strong></span> <span class='ocrx_word' id='word_1_457' title='bbox 2176 3160 2244 3200; x_wconf 92' lang='lat' dir='ltr'><strong>ne</strong></span> <span class='ocrx_word' id='word_1_458' title='bbox 2275 3145 2396 3216; x_wconf 92' lang='lat' dir='ltr'><strong>quis</strong></span> <span class='ocrx_word' id='word_1_459' title='bbox 2437 3145 2648 3202; x_wconf 84' lang='lat' dir='ltr'><strong>dubitet</strong></span> <span class='ocrx_word' id='word_1_460' title='bbox 2679 3147 2813 3204; x_wconf 88' lang='lat' dir='ltr'><strong>alios</strong></span> <span class='ocrx_word' id='word_1_461' title='bbox 2862 3164 2984 3205; x_wconf 89' lang='lat' dir='ltr'><strong>esse</strong></span> <span class='ocrx_word' id='word_1_462' title='bbox 3025 3166 3186 3221; x_wconf 88' lang='lat' dir='ltr'><strong>quam</strong></span> <span class='ocrx_word' id='word_1_463' title='bbox 3213 3150 3560 3209; x_wconf 89' lang='lat' dir='ltr'><strong>catechume-</strong></span> 
     </span>
    </p>
   </div>
   <div class='ocr_carea' id='block_1_61' title="bbox 241 3238 1846 3316">
    <p class='ocr_par' dir='ltr' id='par_1_61' title="bbox 241 3238 1846 3316">
     <span class='ocr_line' id='line_1_61' title="bbox 241 3238 1846 3316; baseline 0.002 -20"><span class='ocrx_word' id='word_1_464' title='bbox 241 3250 300 3296; x_wconf 89' lang='lat' dir='ltr'><strong>et</strong></span> <span class='ocrx_word' id='word_1_465' title='bbox 321 3244 652 3316; x_wconf 76' lang='grc' dir='ltr'><strong>προστασίας</strong></span> <span class='ocrx_word' id='word_1_466' title='bbox 688 3249 741 3296; x_wconf 88' lang='lat' dir='ltr'><strong>et</strong></span> <span class='ocrx_word' id='word_1_467' title='bbox 779 3238 1131 3307; x_wconf 79' lang='grc' dir='ltr'><strong>διδασκαλίας,</strong></span> <span class='ocrx_word' id='word_1_468' title='bbox 1187 3241 1309 3297; x_wconf 89' lang='lat' dir='ltr'><strong>illos</strong></span> <span class='ocrx_word' id='word_1_469' title='bbox 1335 3258 1455 3298; x_wconf 88' lang='lat' dir='ltr'><strong>esse</strong></span> <span class='ocrx_word' id='word_1_470' title='bbox 1484 3243 1700 3309; x_wconf 86' lang='lat' dir='ltr'><strong>merito,</strong></span> <span class='ocrx_word' id='word_1_471' title='bbox 1747 3242 1846 3299; x_wconf 88' lang='lat' dir='ltr'><strong>du-</strong></span> 
     </span>
    </p>
   </div>
   <div class='ocr_carea' id='block_1_62' title="bbox 241 3332 1843 3407">
    <p class='ocr_par' dir='ltr' id='par_1_62' title="bbox 241 3332 1843 3407">
     <span class='ocr_line' id='line_1_62' title="bbox 241 3332 1843 3407; baseline 0.003 -20"><span class='ocrx_word' id='word_1_472' title='bbox 241 3332 373 3404; x_wconf 86' lang='lat' dir='ltr'><strong>plici</strong></span> <span class='ocrx_word' id='word_1_473' title='bbox 402 3334 515 3399; x_wconf 90' lang='lat' dir='ltr'><strong>illo,</strong></span> <span class='ocrx_word' id='word_1_474' title='bbox 548 3349 710 3404; x_wconf 87' lang='lat' dir='ltr'><strong>quem</strong></span> <span class='ocrx_word' id='word_1_475' title='bbox 741 3332 895 3402; x_wconf 90' lang='lat' dir='ltr'><strong>dicit,</strong></span> <span class='ocrx_word' id='word_1_476' title='bbox 924 3334 1132 3390; x_wconf 89' lang='lat' dir='ltr'><strong>honore</strong></span> <span class='ocrx_word' id='word_1_477' title='bbox 1169 3335 1384 3407; x_wconf 88' lang='lat' dir='ltr'><strong>dignos.</strong></span> <span class='ocrx_word' id='word_1_478' title='bbox 1410 3334 1599 3407; x_wconf 81' lang='lat' dir='ltr'><strong>Neque</strong></span> <span class='ocrx_word' id='word_1_479' title='bbox 1650 3334 1765 3392; x_wconf 72' lang='lat' dir='ltr'><strong>hmc</strong></span> <span class='ocrx_word' id='word_1_480' title='bbox 1813 3350 1843 3392; x_wconf 88' lang='lat' dir='ltr'><strong>a</strong></span> 
     </span>
    </p>
   </div>
   <div class='ocr_carea' id='block_1_63' title="bbox 241 3431 1845 3505">
    <p class='ocr_par' dir='ltr' id='par_1_63' title="bbox 241 3431 1845 3505">
     <span class='ocr_line' id='line_1_63' title="bbox 241 3431 1845 3505; baseline 0.001 -18"><span class='ocrx_word' id='word_1_481' title='bbox 241 3431 405 3488; x_wconf 89' lang='lat' dir='ltr'><strong>nobis</strong></span> <span class='ocrx_word' id='word_1_482' title='bbox 428 3447 494 3487; x_wconf 88' lang='lat' dir='ltr'><strong>eo</strong></span> <span class='ocrx_word' id='word_1_483' title='bbox 521 3432 704 3487; x_wconf 91' lang='lat' dir='ltr'><strong>animo</strong></span> <span class='ocrx_word' id='word_1_484' title='bbox 742 3431 1009 3503; x_wconf 83' lang='lat' dir='ltr'><strong>disputata</strong></span> <span class='ocrx_word' id='word_1_485' title='bbox 1044 3442 1170 3488; x_wconf 89' lang='lat' dir='ltr'><strong>sunt</strong></span> <span class='ocrx_word' id='word_1_486' title='bbox 1201 3442 1258 3489; x_wconf 90' lang='lat' dir='ltr'><strong>ut</strong></span> <span class='ocrx_word' id='word_1_487' title='bbox 1285 3433 1511 3505; x_wconf 75' lang='lat' dir='ltr'><strong>ignavia:</strong></span> <span class='ocrx_word' id='word_1_488' title='bbox 1540 3436 1845 3504; x_wconf 81' lang='lat' dir='ltr'><strong>patrocine-</strong></span> 
     </span>
    </p>
   </div>
   <div class='ocr_carea' id='block_1_64' title="bbox 242 3524 1845 3595">
    <p class='ocr_par' dir='ltr' id='par_1_64' title="bbox 242 3524 1845 3595">
     <span class='ocr_line' id='line_1_64' title="bbox 242 3524 1845 3595; baseline 0.002 -17"><span class='ocrx_word' id='word_1_489' title='bbox 242 3539 393 3590; x_wconf 86' lang='lat' dir='ltr'><strong>mur,</strong></span> <span class='ocrx_word' id='word_1_490' title='bbox 417 3526 462 3579; x_wconf 87' lang='lat' dir='ltr'><strong>si</strong></span> <span class='ocrx_word' id='word_1_491' title='bbox 484 3525 602 3595; x_wconf 91' lang='lat' dir='ltr'><strong>quis</strong></span> <span class='ocrx_word' id='word_1_492' title='bbox 631 3538 738 3580; x_wconf 91' lang='lat' dir='ltr'><strong>non</strong></span> <span class='ocrx_word' id='word_1_493' title='bbox 770 3528 841 3579; x_wconf 89' lang='lat' dir='ltr'><strong>sit</strong></span> <span class='ocrx_word' id='word_1_494' title='bbox 870 3525 989 3580; x_wconf 87' lang='lat' dir='ltr'><strong>aliis</strong></span> <span class='ocrx_word' id='word_1_495' title='bbox 1020 3524 1278 3581; x_wconf 67' lang='lat' dir='ltr'><strong>Ecclesia:</strong></span> <span class='ocrx_word' id='word_1_496' title='bbox 1307 3526 1627 3583; x_wconf 88' lang='lat' dir='ltr'><strong>necessariis</strong></span> <span class='ocrx_word' id='word_1_497' title='bbox 1656 3542 1845 3582; x_wconf 86' lang='lat' dir='ltr'><strong>mune-</strong></span> 
     </span>
    </p>
   </div>
   <div class='ocr_carea' id='block_1_65' title="bbox 242 3614 1847 3689">
    <p class='ocr_par' dir='ltr' id='par_1_65' title="bbox 242 3614 1847 3689">
     <span class='ocr_line' id='line_1_65' title="bbox 242 3614 1847 3689; baseline 0.003 -20"><span class='ocrx_word' id='word_1_498' title='bbox 242 3614 403 3670; x_wconf 85' lang='lat' dir='ltr'><strong>ribus</strong></span> <span class='ocrx_word' id='word_1_499' title='bbox 428 3614 733 3671; x_wconf 89' lang='lat' dir='ltr'><strong>obstrictus.</strong></span> <span class='ocrx_word' id='word_1_500' title='bbox 769 3615 879 3672; x_wconf 80' lang='lat' dir='ltr'><strong>Nec</strong></span> <span class='ocrx_word' id='word_1_501' title='bbox 929 3616 981 3672; x_wconf 91' lang='lat' dir='ltr'><strong>id</strong></span> <span class='ocrx_word' id='word_1_502' title='bbox 1012 3616 1246 3674; x_wconf 88' lang='lat' dir='ltr'><strong>voluisse</strong></span> <span class='ocrx_word' id='word_1_503' title='bbox 1284 3618 1603 3689; x_wconf 88' lang='lat' dir='ltr'><strong>Apostolum</strong></span> <span class='ocrx_word' id='word_1_504' title='bbox 1656 3619 1847 3675; x_wconf 82' lang='lat' dir='ltr'><strong>existi-</strong></span> 
     </span>
    </p>
   </div>
   <div class='ocr_carea' id='block_1_66' title="bbox 242 3707 1843 3781">
    <p class='ocr_par' dir='ltr' id='par_1_66' title="bbox 242 3707 1843 3781">
     <span class='ocr_line' id='line_1_66' title="bbox 242 3707 1843 3781; baseline 0.004 -21"><span class='ocrx_word' id='word_1_505' title='bbox 242 3721 481 3774; x_wconf 84' lang='lat' dir='ltr'><strong>mamus,</strong></span> <span class='ocrx_word' id='word_1_506' title='bbox 512 3715 605 3762; x_wconf 86' lang='lat' dir='ltr'><strong>aut</strong></span> <span class='ocrx_word' id='word_1_507' title='bbox 620 3707 914 3763; x_wconf 79' lang='lat' dir='ltr'><strong>Ecclesium</strong></span> <span class='ocrx_word' id='word_1_508' title='bbox 933 3710 1266 3779; x_wconf 64' lang='lat' dir='ltr'><strong>primaevam.</strong></span> <span class='ocrx_word' id='word_1_509' title='bbox 1291 3709 1475 3766; x_wconf 82' lang='lat' dir='ltr'><strong>Potius</strong></span> <span class='ocrx_word' id='word_1_510' title='bbox 1498 3710 1843 3781; x_wconf 86' lang='lat' dir='ltr'><strong>gaudendqu</strong></span> 
     </span>
    </p>
   </div>
   <div class='ocr_carea' id='block_1_67' title="bbox 241 3800 1847 3874">
    <p class='ocr_par' dir='ltr' id='par_1_67' title="bbox 241 3800 1847 3874">
     <span class='ocr_line' id='line_1_67' title="bbox 241 3800 1847 3874; baseline 0.002 -18"><span class='ocrx_word' id='word_1_511' title='bbox 241 3800 618 3856; x_wconf 77' lang='lat' dir='ltr'><strong>existimarem</strong></span> <span class='ocrx_word' id='word_1_512' title='bbox 640 3812 798 3871; x_wconf 85' lang='lat' dir='ltr'><strong>atque</strong></span> <span class='ocrx_word' id='word_1_513' title='bbox 824 3801 1221 3873; x_wconf 84' lang='lat' dir='ltr'><strong>gratulandum,</strong></span> <span class='ocrx_word' id='word_1_514' title='bbox 1253 3802 1420 3874; x_wconf 87' lang='lat' dir='ltr'><strong>siqua</strong></span> <span class='ocrx_word' id='word_1_515' title='bbox 1448 3802 1690 3859; x_wconf 87' lang='lat' dir='ltr'><strong>Ecclesia</strong></span> <span class='ocrx_word' id='word_1_516' title='bbox 1714 3805 1847 3859; x_wconf 83' lang='lat' dir='ltr'><strong>tales</strong></span> 
     </span>
    </p>
   </div>
   <div class='ocr_carea' id='block_1_68' title="bbox 242 3892 1844 3965">
    <p class='ocr_par' dir='ltr' id='par_1_68' title="bbox 242 3892 1844 3965">
     <span class='ocr_line' id='line_1_68' title="bbox 242 3892 1844 3965; baseline 0.004 -20"><span class='ocrx_word' id='word_1_517' title='bbox 242 3892 473 3948; x_wconf 87' lang='lat' dir='ltr'><strong>haberet</strong></span> <span class='ocrx_word' id='word_1_518' title='bbox 494 3894 834 3965; x_wconf 79' lang='lat' dir='ltr'><strong>presbyteros</strong></span> <span class='ocrx_word' id='word_1_519' title='bbox 862 3895 951 3964; x_wconf 88' lang='lat' dir='ltr'><strong>qui</strong></span> <span class='ocrx_word' id='word_1_520' title='bbox 982 3908 1170 3950; x_wconf 89' lang='lat' dir='ltr'><strong>omnes</strong></span> <span class='ocrx_word' id='word_1_521' title='bbox 1199 3893 1324 3950; x_wconf 89' lang='lat' dir='ltr'><strong>huic</strong></span> <span class='ocrx_word' id='word_1_522' title='bbox 1377 3895 1610 3951; x_wconf 90' lang='lat' dir='ltr'><strong>docendi</strong></span> <span class='ocrx_word' id='word_1_523' title='bbox 1637 3896 1844 3952; x_wconf 88' lang='lat' dir='ltr'><strong>muneri</strong></span> 
     </span>
    </p>
   </div>
   <div class='ocr_carea' id='block_1_69' title="bbox 242 3984 1848 4059">
    <p class='ocr_par' dir='ltr' id='par_1_69' title="bbox 242 3984 1848 4059">
     <span class='ocr_line' id='line_1_69' title="bbox 242 3984 1848 4059; baseline 0.004 -20"><span class='ocrx_word' id='word_1_524' title='bbox 242 3986 319 4040; x_wconf 87' lang='lat' dir='ltr'><strong>ita</strong></span> <span class='ocrx_word' id='word_1_525' title='bbox 345 3984 664 4042; x_wconf 81' lang='lat' dir='ltr'><strong>satisfacere</strong></span> <span class='ocrx_word' id='word_1_526' title='bbox 693 3997 937 4056; x_wconf 81' lang='lat' dir='ltr'><strong>possent,</strong></span> <span class='ocrx_word' id='word_1_527' title='bbox 957 3996 1015 4042; x_wconf 92' lang='lat' dir='ltr'><strong>ut</strong></span> <span class='ocrx_word' id='word_1_528' title='bbox 1057 4003 1157 4043; x_wconf 89' lang='lat' dir='ltr'><strong>nec</strong></span> <span class='ocrx_word' id='word_1_529' title='bbox 1197 3988 1327 4042; x_wconf 92' lang='lat' dir='ltr'><strong>illud</strong></span> <span class='ocrx_word' id='word_1_530' title='bbox 1383 3989 1557 4059; x_wconf 91' lang='lat' dir='ltr'><strong>ipsum</strong></span> <span class='ocrx_word' id='word_1_531' title='bbox 1589 3989 1848 4046; x_wconf 88' lang='lat' dir='ltr'><strong>indecore</strong></span> 
     </span>
    </p>
   </div>
   <div class='ocr_carea' id='block_1_70' title="bbox 240 4080 1847 4153">
    <p class='ocr_par' dir='ltr' id='par_1_70' title="bbox 240 4080 1847 4153">
     <span class='ocr_line' id='line_1_70' title="bbox 240 4080 1847 4153; baseline 0.002 -19"><span class='ocrx_word' id='word_1_532' title='bbox 240 4092 683 4150; x_wconf 77' lang='lat' dir='ltr'><strong>exequerentur,</strong></span> <span class='ocrx_word' id='word_1_533' title='bbox 741 4096 841 4137; x_wconf 79' lang='lat' dir='ltr'><strong>nec</strong></span> <span class='ocrx_word' id='word_1_534' title='bbox 890 4080 994 4135; x_wconf 86' lang='lat' dir='ltr'><strong>alia</strong></span> <span class='ocrx_word' id='word_1_535' title='bbox 1047 4082 1404 4153; x_wconf 84' lang='lat' dir='ltr'><strong>negligerent.</strong></span> <span class='ocrx_word' id='word_1_536' title='bbox 1464 4081 1617 4150; x_wconf 83' lang='lat' dir='ltr'><strong>Quod</strong></span> <span class='ocrx_word' id='word_1_537' title='bbox 1669 4093 1847 4138; x_wconf 89' lang='lat' dir='ltr'><strong>tamen</strong></span> 
     </span>
    </p>
   </div>
   <div class='ocr_carea' id='block_1_71' title="bbox 238 4173 1847 4246">
    <p class='ocr_par' dir='ltr' id='par_1_71' title="bbox 238 4173 1847 4246">
     <span class='ocr_line' id='line_1_71' title="bbox 238 4173 1847 4246; baseline 0.001 -16"><span class='ocrx_word' id='word_1_538' title='bbox 238 4174 557 4230; x_wconf 80' lang='lat' dir='ltr'><strong>schismatis</strong></span> <span class='ocrx_word' id='word_1_539' title='bbox 586 4184 899 4246; x_wconf 67' lang='lat' dir='ltr'><strong>praetextum</strong></span> <span class='ocrx_word' id='word_1_540' title='bbox 934 4175 1132 4231; x_wconf 81' lang='lat' dir='ltr'><strong>faciant</strong></span> <span class='ocrx_word' id='word_1_541' title='bbox 1159 4173 1647 4246; x_wconf 80' lang='lat' dir='ltr'><strong>adversarii,‘siqni</strong></span> <span class='ocrx_word' id='word_1_542' title='bbox 1704 4176 1847 4232; x_wconf 90' lang='lat' dir='ltr'><strong>dono</strong></span> 
     </span>
    </p>
   </div>
   <div class='ocr_carea' id='block_1_72' title="bbox 242 4262 1847 4334">
    <p class='ocr_par' dir='ltr' id='par_1_72' title="bbox 242 4262 1847 4334">
     <span class='ocr_line' id='line_1_72' title="bbox 242 4262 1847 4334; baseline 0.002 -11"><span class='ocrx_word' id='word_1_543' title='bbox 242 4267 353 4323; x_wconf 84' lang='lat' dir='ltr'><strong>hoc</strong></span> <span class='ocrx_word' id='word_1_544' title='bbox 383 4268 630 4324; x_wconf 84' lang='lat' dir='ltr'><strong>destituti</strong></span> <span class='ocrx_word' id='word_1_545' title='bbox 677 4269 731 4324; x_wconf 86' lang='lat' dir='ltr'><strong>in</strong></span> <span class='ocrx_word' id='word_1_546' title='bbox 762 4282 945 4324; x_wconf 87' lang='lat' dir='ltr'><strong>sacros</strong></span> <span class='ocrx_word' id='word_1_547' title='bbox 988 4262 1223 4325; x_wconf 21' lang='lat' dir='ltr'><strong>ordines.</strong></span> <span class='ocrx_word' id='word_1_548' title='bbox 1255 4270 1627 4334; x_wconf 75' lang='lat' dir='ltr'><strong>admittuntur,</strong></span> <span class='ocrx_word' id='word_1_549' title='bbox 1658 4270 1847 4327; x_wconf 79' lang='lat' dir='ltr'><strong>aliisve</strong></span> 
     </span>
    </p>
   </div>
   <div class='ocr_carea' id='block_1_73' title="bbox 240 4362 1845 4436">
    <p class='ocr_par' dir='ltr' id='par_1_73' title="bbox 240 4362 1845 4436">
     <span class='ocr_line' id='line_1_73' title="bbox 240 4362 1845 4436; baseline 0.001 -18"><span class='ocrx_word' id='word_1_550' title='bbox 240 4362 509 4418; x_wconf 74' lang='lat' dir='ltr'><strong>Ecclesia:</strong></span> <span class='ocrx_word' id='word_1_551' title='bbox 553 4364 697 4419; x_wconf 89' lang='lat' dir='ltr'><strong>curis</strong></span> <span class='ocrx_word' id='word_1_552' title='bbox 739 4366 941 4434; x_wconf 89' lang='lat' dir='ltr'><strong>pariter</strong></span> <span class='ocrx_word' id='word_1_553' title='bbox 980 4365 1303 4420; x_wconf 88' lang='lat' dir='ltr'><strong>necessariis</strong></span> <span class='ocrx_word' id='word_1_554' title='bbox 1332 4364 1711 4431; x_wconf 88' lang='lat' dir='ltr'><strong>distineantur,</strong></span> <span class='ocrx_word' id='word_1_555' title='bbox 1738 4381 1845 4436; x_wconf 91' lang='lat' dir='ltr'><strong>quo</strong></span> 
     </span>
    </p>
   </div>
   <div class='ocr_carea' id='block_1_74' title="bbox 242 4456 1842 4530">
    <p class='ocr_par' dir='ltr' id='par_1_74' title="bbox 242 4456 1842 4530">
     <span class='ocr_line' id='line_1_74' title="bbox 242 4456 1842 4530; baseline 0.003 -19"><span class='ocrx_word' id='word_1_556' title='bbox 242 4456 426 4511; x_wconf 88' lang='lat' dir='ltr'><strong>minus</strong></span> <span class='ocrx_word' id='word_1_557' title='bbox 449 4456 575 4510; x_wconf 90' lang='lat' dir='ltr'><strong>huic</strong></span> <span class='ocrx_word' id='word_1_558' title='bbox 601 4456 808 4526; x_wconf 90' lang='lat' dir='ltr'><strong>possint</strong></span> <span class='ocrx_word' id='word_1_559' title='bbox 828 4470 971 4512; x_wconf 69' lang='lat' dir='ltr'><strong>cura:</strong></span> <span class='ocrx_word' id='word_1_560' title='bbox 996 4460 1154 4513; x_wconf 86' lang='lat' dir='ltr'><strong>unice</strong></span> <span class='ocrx_word' id='word_1_561' title='bbox 1173 4457 1453 4528; x_wconf 78' lang='lat' dir='ltr'><strong>invigilare</strong></span> <span class='ocrx_word' id='word_1_562' title='bbox 1472 4474 1487 4525; x_wconf 90' lang='lat'><strong>;</strong></span> <span class='ocrx_word' id='word_1_563' title='bbox 1508 4457 1651 4530; x_wconf 84' lang='lat' dir='ltr'><strong>quod</strong></span> <span class='ocrx_word' id='word_1_564' title='bbox 1679 4460 1842 4516; x_wconf 88' lang='lat' dir='ltr'><strong>etiam</strong></span> 
     </span>
    </p>
   </div>
   <div class='ocr_carea' id='block_1_75' title="bbox 1952 3252 2071 3292">
    <p class='ocr_par' dir='ltr' id='par_1_75' title="bbox 1952 3252 2071 3292">
     <span class='ocr_line' id='line_1_75' title="bbox 1952 3252 2071 3292; baseline 0 -1"><span class='ocrx_word' id='word_1_565' title='bbox 1952 3252 2071 3292; x_wconf 74' lang='grc' dir='ltr'><strong>ηυε.</strong></span> 
     </span>
    </p>
   </div>
   <div class='ocr_carea' id='block_1_76' title="bbox 2025 3327 3556 3403">
    <p class='ocr_par' dir='ltr' id='par_1_76' title="bbox 2025 3327 3556 3403">
     <span class='ocr_line' id='line_1_76' title="bbox 2025 3327 3556 3403; baseline 0.008 -20"><span class='ocrx_word' id='word_1_566' title='bbox 2025 3327 2052 3400; x_wconf 84' lang='lat'><strong>§</strong></span> <span class='ocrx_word' id='word_1_567' title='bbox 2078 3328 2132 3384; x_wconf 86' lang='lat'><strong>9.</strong></span> <span class='ocrx_word' id='word_1_568' title='bbox 2161 3360 2231 3369; x_wconf 89' lang='lat'><strong>—-</strong></span> <span class='ocrx_word' id='word_1_569' title='bbox 2261 3328 2328 3385; x_wconf 88' lang='lat' dir='ltr'><strong>Et</strong></span> <span class='ocrx_word' id='word_1_570' title='bbox 2357 3330 2573 3401; x_wconf 87' lang='lat' dir='ltr'><strong>quidem</strong></span> <span class='ocrx_word' id='word_1_571' title='bbox 2623 3333 2798 3403; x_wconf 86' lang='lat' dir='ltr'><strong>ipsum</strong></span> <span class='ocrx_word' id='word_1_572' title='bbox 2843 3331 2950 3390; x_wconf 88' lang='lat' dir='ltr'><strong>hoc</strong></span> <span class='ocrx_word' id='word_1_573' title='bbox 2978 3333 3313 3392; x_wconf 88' lang='lat' dir='ltr'><strong>audientium</strong></span> <span class='ocrx_word' id='word_1_574' title='bbox 3355 3351 3556 3395; x_wconf 89' lang='lat' dir='ltr'><strong>nomen</strong></span> 
     </span>
    </p>
   </div>
   <div class='ocr_carea' id='block_1_77' title="bbox 1951 3418 3557 3499">
    <p class='ocr_par' dir='ltr' id='par_1_77' title="bbox 1951 3418 3557 3499">
     <span class='ocr_line' id='line_1_77' title="bbox 1951 3418 3557 3499; baseline 0.008 -25"><span class='ocrx_word' id='word_1_575' title='bbox 1951 3418 2445 3493; x_wconf 79' lang='lat' dir='ltr'><strong>frequentissimum</strong></span> <span class='ocrx_word' id='word_1_576' title='bbox 2472 3423 2640 3482; x_wconf 83' lang='lat' dir='ltr'><strong>fuisse</strong></span> <span class='ocrx_word' id='word_1_577' title='bbox 2668 3422 2900 3483; x_wconf 90' lang='lat' dir='ltr'><strong>videtur.</strong></span> <span class='ocrx_word' id='word_1_578' title='bbox 2926 3426 3037 3485; x_wconf 87' lang='lat' dir='ltr'><strong>Nec</strong></span> <span class='ocrx_word' id='word_1_579' title='bbox 3057 3437 3235 3486; x_wconf 89' lang='lat' dir='ltr'><strong>tamen</strong></span> <span class='ocrx_word' id='word_1_580' title='bbox 3258 3429 3471 3499; x_wconf 89' lang='lat' dir='ltr'><strong>desunt,</strong></span> <span class='ocrx_word' id='word_1_581' title='bbox 3494 3446 3557 3487; x_wconf 91' lang='lat' dir='ltr'><strong>ea</strong></span> 
     </span>
    </p>
   </div>
   <div class='ocr_carea' id='block_1_78' title="bbox 1952 3519 3552 3591">
    <p class='ocr_par' dir='ltr' id='par_1_78' title="bbox 1952 3519 3552 3591">
     <span class='ocr_line' id='line_1_78' title="bbox 1952 3519 3552 3591; baseline 0.006 -23"><span class='ocrx_word' id='word_1_582' title='bbox 1952 3530 2167 3587; x_wconf 83' lang='lat' dir='ltr'><strong>quoque</strong></span> <span class='ocrx_word' id='word_1_583' title='bbox 2196 3527 2378 3586; x_wconf 63' lang='lat' dir='ltr'><strong>actate,</strong></span> <span class='ocrx_word' id='word_1_584' title='bbox 2411 3519 2656 3589; x_wconf 81' lang='lat' dir='ltr'><strong>exempla</strong></span> <span class='ocrx_word' id='word_1_585' title='bbox 2708 3521 2906 3591; x_wconf 89' lang='lat' dir='ltr'><strong>quibus</strong></span> <span class='ocrx_word' id='word_1_586' title='bbox 2957 3520 3123 3577; x_wconf 90' lang='lat' dir='ltr'><strong>iidem</strong></span> <span class='ocrx_word' id='word_1_587' title='bbox 3174 3519 3552 3579; x_wconf 91' lang='lat' dir='ltr'><strong>catechumeni</strong></span> 
     </span>
    </p>
   </div>
   <div class='ocr_carea' id='block_1_79' title="bbox 1953 3606 3557 3685">
    <p class='ocr_par' dir='ltr' id='par_1_79' title="bbox 1953 3606 3557 3685">
     <span class='ocr_line' id='line_1_79' title="bbox 1953 3606 3557 3685; baseline 0.005 -25"><span class='ocrx_word' id='word_1_588' title='bbox 1953 3606 2194 3675; x_wconf 88' lang='lat' dir='ltr'><strong>audiunt,</strong></span> <span class='ocrx_word' id='word_1_589' title='bbox 2218 3617 2271 3664; x_wconf 91' lang='lat' dir='ltr'><strong>et</strong></span> <span class='ocrx_word' id='word_1_590' title='bbox 2293 3610 2508 3680; x_wconf 88' lang='lat' dir='ltr'><strong>quidem</strong></span> <span class='ocrx_word' id='word_1_591' title='bbox 2528 3610 2667 3680; x_wconf 86' lang='lat' dir='ltr'><strong>apud</strong></span> <span class='ocrx_word' id='word_1_592' title='bbox 2692 3610 2890 3667; x_wconf 89' lang='lat' dir='ltr'><strong>latinos</strong></span> <span class='ocrx_word' id='word_1_593' title='bbox 2910 3611 3074 3667; x_wconf 89' lang='lat' dir='ltr'><strong>etiam</strong></span> <span class='ocrx_word' id='word_1_594' title='bbox 3098 3614 3411 3685; x_wconf 86' lang='lat' dir='ltr'><strong>scriptores.</strong></span> <span class='ocrx_word' id='word_1_595' title='bbox 3439 3612 3557 3669; x_wconf 88' lang='lat' dir='ltr'><strong>Jam</strong></span> 
     </span>
    </p>
   </div>
   <div class='ocr_carea' id='block_1_80' title="bbox 1953 3698 3559 3762">
    <p class='ocr_par' dir='ltr' id='par_1_80' title="bbox 1953 3698 3559 3762">
     <span class='ocr_line' id='line_1_80' title="bbox 1953 3698 3559 3762; baseline 0.005 -8"><span class='ocrx_word' id='word_1_596' title='bbox 1953 3698 2188 3755; x_wconf 79' lang='lat' dir='ltr'><strong>diximus</strong></span> <span class='ocrx_word' id='word_1_597' title='bbox 2229 3700 2332 3757; x_wconf 92' lang='lat' dir='ltr'><strong>hoc</strong></span> <span class='ocrx_word' id='word_1_598' title='bbox 2378 3702 2897 3759; x_wconf 89' lang='lat' dir='ltr'><strong>catechumenorum</strong></span> <span class='ocrx_word' id='word_1_599' title='bbox 2957 3707 3179 3761; x_wconf 88' lang='lat' dir='ltr'><strong>nomine</strong></span> <span class='ocrx_word' id='word_1_600' title='bbox 3231 3721 3386 3762; x_wconf 92' lang='lat' dir='ltr'><strong>usum</strong></span> <span class='ocrx_word' id='word_1_601' title='bbox 3435 3721 3559 3762; x_wconf 88' lang='lat' dir='ltr'><strong>esse</strong></span> 
     </span>
    </p>
   </div>
   <div class='ocr_carea' id='block_1_81' title="bbox 1953 3795 3558 3876">
    <p class='ocr_par' dir='ltr' id='par_1_81' title="bbox 1953 3795 3558 3876">
     <span class='ocr_line' id='line_1_81' title="bbox 1953 3795 3558 3876; baseline 0.006 -27"><span class='ocrx_word' id='word_1_602' title='bbox 1953 3795 2158 3851; x_wconf 85' lang='lat' dir='ltr'><strong>clerum</strong></span> <span class='ocrx_word' id='word_1_603' title='bbox 2181 3810 2488 3855; x_wconf 90' lang='lat' dir='ltr'><strong>romanum.</strong></span> <span class='ocrx_word' id='word_1_604' title='bbox 2525 3796 2665 3855; x_wconf 87' lang='lat' dir='ltr'><strong>Usus</strong></span> <span class='ocrx_word' id='word_1_605' title='bbox 2692 3803 2854 3855; x_wconf 91' lang='lat' dir='ltr'><strong>etiam</strong></span> <span class='ocrx_word' id='word_1_606' title='bbox 2877 3808 2963 3856; x_wconf 91' lang='lat' dir='ltr'><strong>est</strong></span> <span class='ocrx_word' id='word_1_607' title='bbox 3010 3812 3066 3857; x_wconf 91' lang='lat' dir='ltr'><strong>et</strong></span> <span class='ocrx_word' id='word_1_608' title='bbox 3113 3800 3229 3873; x_wconf 86' lang='lat' dir='ltr'><strong>ipse</strong></span> <span class='ocrx_word' id='word_1_609' title='bbox 3256 3802 3558 3876; x_wconf 77' lang='lat' dir='ltr'><strong>Cyprianus</strong></span> 
     </span>
    </p>
   </div>
   <div class='ocr_carea' id='block_1_82' title="bbox 1955 3887 3554 3963">
    <p class='ocr_par' dir='ltr' id='par_1_82' title="bbox 1955 3887 3554 3963">
     <span class='ocr_line' id='line_1_82' title="bbox 1955 3887 3554 3963; baseline 0.004 -22"><span class='ocrx_word' id='word_1_610' title='bbox 1955 3887 2183 3944; x_wconf 85' lang='lat' dir='ltr'><strong>Testim.</strong></span> <span class='ocrx_word' id='word_1_611' title='bbox 2217 3888 2311 3945; x_wconf 90' lang='lat' dir='ltr'><strong>lib.</strong></span> <span class='ocrx_word' id='word_1_612' title='bbox 2342 3903 2418 3943; x_wconf 88' lang='lat' dir='ltr'><strong>III.</strong></span> <span class='ocrx_word' id='word_1_613' title='bbox 2448 3904 2568 3961; x_wconf 90' lang='lat' dir='ltr'><strong>cap.</strong></span> <span class='ocrx_word' id='word_1_614' title='bbox 2600 3889 2703 3955; x_wconf 87' lang='lat'><strong>98;</strong></span> <span class='ocrx_word' id='word_1_615' title='bbox 2741 3897 2796 3947; x_wconf 88' lang='lat' dir='ltr'><strong>et</strong></span> <span class='ocrx_word' id='word_1_616' title='bbox 2824 3888 3211 3963; x_wconf 76' lang='lat' dir='ltr'><strong>Tertullialus,</strong></span> <span class='ocrx_word' id='word_1_617' title='bbox 3241 3893 3311 3951; x_wconf 93' lang='lat' dir='ltr'><strong>de</strong></span> <span class='ocrx_word' id='word_1_618' title='bbox 3355 3892 3554 3951; x_wconf 88' lang='lat' dir='ltr'><strong>Coron.</strong></span> 
     </span>
    </p>
   </div>
   <div class='ocr_carea' id='block_1_83' title="bbox 1954 3979 3554 4058">
    <p class='ocr_par' dir='ltr' id='par_1_83' title="bbox 1954 3979 3554 4058">
     <span class='ocr_line' id='line_1_83' title="bbox 1954 3979 3554 4058; baseline 0.007 -23"><span class='ocrx_word' id='word_1_619' title='bbox 1954 3979 2067 4035; x_wconf 79' lang='lat' dir='ltr'><strong>Mil.</strong></span> <span class='ocrx_word' id='word_1_620' title='bbox 2092 3994 2138 4037; x_wconf 92' lang='lat' dir='ltr'><strong>c.</strong></span> <span class='ocrx_word' id='word_1_621' title='bbox 2171 3979 2228 4049; x_wconf 79' lang='lat'><strong>2;</strong></span> <span class='ocrx_word' id='word_1_622' title='bbox 2253 3991 2307 4037; x_wconf 88' lang='lat' dir='ltr'><strong>et</strong></span> <span class='ocrx_word' id='word_1_623' title='bbox 2336 3980 2564 4039; x_wconf 64' lang='lat' dir='ltr'><strong>Praiscr.</strong></span> <span class='ocrx_word' id='word_1_624' title='bbox 2614 3998 2667 4041; x_wconf 91' lang='lat' dir='ltr'><strong>c.</strong></span> <span class='ocrx_word' id='word_1_625' title='bbox 2696 3984 2784 4039; x_wconf 70' lang='grc'><strong>41.</strong></span> <span class='ocrx_word' id='word_1_626' title='bbox 2812 3983 2969 4054; x_wconf 85' lang='lat' dir='ltr'><strong>Quod</strong></span> <span class='ocrx_word' id='word_1_627' title='bbox 3000 3998 3193 4058; x_wconf 90' lang='lat' dir='ltr'><strong>quarto</strong></span> <span class='ocrx_word' id='word_1_628' title='bbox 3245 3988 3461 4045; x_wconf 87' lang='lat' dir='ltr'><strong>tandem</strong></span> <span class='ocrx_word' id='word_1_629' title='bbox 3494 3989 3554 4047; x_wconf 92' lang='lat' dir='ltr'><strong>S.</strong></span> 
     </span>
    </p>
   </div>
   <div class='ocr_carea' id='block_1_84' title="bbox 1952 4076 3556 4153">
    <p class='ocr_par' dir='ltr' id='par_1_84' title="bbox 1952 4076 3556 4153">
     <span class='ocr_line' id='line_1_84' title="bbox 1952 4076 3556 4153; baseline 0.009 -24"><span class='ocrx_word' id='word_1_630' title='bbox 1952 4076 2237 4146; x_wconf 80' lang='lat' dir='ltr'><strong>Augustini</strong></span> <span class='ocrx_word' id='word_1_631' title='bbox 2265 4079 2463 4133; x_wconf 70' lang='lat' dir='ltr'><strong>smculo</strong></span> <span class='ocrx_word' id='word_1_632' title='bbox 2503 4087 2558 4134; x_wconf 91' lang='lat' dir='ltr'><strong>et</strong></span> <span class='ocrx_word' id='word_1_633' title='bbox 2582 4078 2841 4151; x_wconf 89' lang='lat' dir='ltr'><strong>deinceps</strong></span> <span class='ocrx_word' id='word_1_634' title='bbox 2892 4080 3069 4138; x_wconf 90' lang='lat' dir='ltr'><strong>solum</strong></span> <span class='ocrx_word' id='word_1_635' title='bbox 3121 4082 3373 4140; x_wconf 89' lang='lat' dir='ltr'><strong>obtinuit.</strong></span> <span class='ocrx_word' id='word_1_636' title='bbox 3399 4084 3556 4153; x_wconf 89' lang='lat' dir='ltr'><strong>Quod</strong></span> 
     </span>
    </p>
   </div>
   <div class='ocr_carea' id='block_1_85' title="bbox 1952 4169 3553 4239">
    <p class='ocr_par' dir='ltr' id='par_1_85' title="bbox 1952 4169 3553 4239">
     <span class='ocr_line' id='line_1_85' title="bbox 1952 4169 3553 4239; baseline 0.007 -16"><span class='ocrx_word' id='word_1_637' title='bbox 1952 4183 2082 4224; x_wconf 89' lang='lat' dir='ltr'><strong>vero</strong></span> <span class='ocrx_word' id='word_1_638' title='bbox 2101 4169 2169 4223; x_wconf 88' lang='lat' dir='ltr'><strong>ad</strong></span> <span class='ocrx_word' id='word_1_639' title='bbox 2198 4185 2411 4225; x_wconf 74' lang='lat' dir='ltr'><strong>nomen:</strong></span> <span class='ocrx_word' id='word_1_640' title='bbox 2462 4170 2797 4227; x_wconf 87' lang='lat' dir='ltr'><strong>audientium</strong></span> <span class='ocrx_word' id='word_1_641' title='bbox 2839 4174 3052 4239; x_wconf 88' lang='lat' dir='ltr'><strong>attinet,</strong></span> <span class='ocrx_word' id='word_1_642' title='bbox 3108 4191 3140 4231; x_wconf 92' lang='lat' dir='ltr'><strong>e</strong></span> <span class='ocrx_word' id='word_1_643' title='bbox 3182 4191 3338 4233; x_wconf 89' lang='lat' dir='ltr'><strong>sacro</strong></span> <span class='ocrx_word' id='word_1_644' title='bbox 3367 4181 3553 4236; x_wconf 83' lang='lat' dir='ltr'><strong>codice</strong></span> 
     </span>
    </p>
   </div>
   <div class='ocr_carea' id='block_1_86' title="bbox 1953 4262 3555 4342">
    <p class='ocr_par' dir='ltr' id='par_1_86' title="bbox 1953 4262 3555 4342">
     <span class='ocr_line' id='line_1_86' title="bbox 1953 4262 3555 4342; baseline 0.007 -25"><span class='ocrx_word' id='word_1_645' title='bbox 1953 4263 2172 4317; x_wconf 89' lang='lat' dir='ltr'><strong>omnino</strong></span> <span class='ocrx_word' id='word_1_646' title='bbox 2204 4263 2424 4318; x_wconf 91' lang='lat' dir='ltr'><strong>ductum</strong></span> <span class='ocrx_word' id='word_1_647' title='bbox 2455 4270 2607 4333; x_wconf 86' lang='lat' dir='ltr'><strong>puto,</strong></span> <span class='ocrx_word' id='word_1_648' title='bbox 2637 4280 2702 4320; x_wconf 83' lang='lat' dir='ltr'><strong>ex</strong></span> <span class='ocrx_word' id='word_1_649' title='bbox 2733 4262 2840 4321; x_wconf 91' lang='lat' dir='ltr'><strong>illis</strong></span> <span class='ocrx_word' id='word_1_650' title='bbox 2886 4266 3142 4322; x_wconf 90' lang='lat' dir='ltr'><strong>nimirum</strong></span> <span class='ocrx_word' id='word_1_651' title='bbox 3188 4266 3323 4326; x_wconf 89' lang='lat' dir='ltr'><strong>locis</strong></span> <span class='ocrx_word' id='word_1_652' title='bbox 3359 4269 3555 4342; x_wconf 84' lang='lat' dir='ltr'><strong>quibus</strong></span> 
     </span>
    </p>
   </div>
   <div class='ocr_carea' id='block_1_87' title="bbox 1954 4352 3551 4430">
    <p class='ocr_par' dir='ltr' id='par_1_87' title="bbox 1954 4352 3551 4430">
     <span class='ocr_line' id='line_1_87' title="bbox 1954 4352 3551 4430; baseline 0.008 -23"><span class='ocrx_word' id='word_1_653' title='bbox 1954 4352 2087 4409; x_wconf 81' lang='lat' dir='ltr'><strong>ﬁdes</strong></span> <span class='ocrx_word' id='word_1_654' title='bbox 2109 4354 2223 4425; x_wconf 88' lang='lat' dir='ltr'><strong>ipsa</strong></span> <span class='ocrx_word' id='word_1_655' title='bbox 2259 4353 2417 4410; x_wconf 86' lang='lat' dir='ltr'><strong>tcties</strong></span> <span class='ocrx_word' id='word_1_656' title='bbox 2458 4357 2583 4416; x_wconf 80' lang='grc' dir='ltr'><strong>ἀκοή</strong></span> <span class='ocrx_word' id='word_1_657' title='bbox 2614 4356 2834 4425; x_wconf 85' lang='lat' dir='ltr'><strong>dicitur,</strong></span> <span class='ocrx_word' id='word_1_658' title='bbox 2865 4375 3026 4430; x_wconf 89' lang='lat' dir='ltr'><strong>quam</strong></span> <span class='ocrx_word' id='word_1_659' title='bbox 3072 4361 3315 4418; x_wconf 91' lang='lat' dir='ltr'><strong>auditum</strong></span> <span class='ocrx_word' id='word_1_660' title='bbox 3367 4365 3551 4422; x_wconf 89' lang='lat' dir='ltr'><strong>reddi-</strong></span> 
     </span>
    </p>
   </div>
   <div class='ocr_carea' id='block_1_88' title="bbox 1952 4448 3552 4529">
    <p class='ocr_par' dir='ltr' id='par_1_88' title="bbox 1952 4448 3552 4529">
     <span class='ocr_line' id='line_1_88' title="bbox 1952 4448 3552 4529; baseline 0.008 -26"><span class='ocrx_word' id='word_1_661' title='bbox 1952 4448 2145 4504; x_wconf 88' lang='lat' dir='ltr'><strong>derunt</strong></span> <span class='ocrx_word' id='word_1_662' title='bbox 2174 4448 2380 4521; x_wconf 89' lang='lat' dir='ltr'><strong>antiqui</strong></span> <span class='ocrx_word' id='word_1_663' title='bbox 2406 4452 2567 4507; x_wconf 86' lang='lat' dir='ltr'><strong>etiam</strong></span> <span class='ocrx_word' id='word_1_664' title='bbox 2595 4452 2939 4523; x_wconf 89' lang='lat' dir='ltr'><strong>interpretes.</strong></span> <span class='ocrx_word' id='word_1_665' title='bbox 2962 4454 3059 4522; x_wconf 88' lang='lat' dir='ltr'><strong>Ita,</strong></span> <span class='ocrx_word' id='word_1_666' title='bbox 3097 4454 3229 4512; x_wconf 83' lang='lat' dir='ltr'><strong>tides</strong></span> <span class='ocrx_word' id='word_1_667' title='bbox 3255 4472 3319 4513; x_wconf 86' lang='lat' dir='ltr'><strong>ex</strong></span> <span class='ocrx_word' id='word_1_668' title='bbox 3347 4459 3552 4529; x_wconf 89' lang='lat' dir='ltr'><strong>auditu,</strong></span> 
     </span>
    </p>
   </div>
   <div class='ocr_carea' id='block_1_89' title="bbox 245 4543 3556 4622">
    <p class='ocr_par' dir='ltr' id='par_1_89' title="bbox 245 4543 3556 4622">
     <span class='ocr_line' id='line_1_89' title="bbox 245 4543 3556 4622; baseline 0.005 -19"><span class='ocrx_word' id='word_1_669' title='bbox 245 4550 456 4619; x_wconf 85' lang='lat' dir='ltr'><strong>reliqua</strong></span> <span class='ocrx_word' id='word_1_670' title='bbox 497 4550 794 4621; x_wconf 76' lang='lat' dir='ltr'><strong>negligant,</strong></span> <span class='ocrx_word' id='word_1_671' title='bbox 827 4566 1015 4621; x_wconf 79' lang='lat' dir='ltr'><strong>preces</strong></span> <span class='ocrx_word' id='word_1_672' title='bbox 1051 4550 1294 4622; x_wconf 87' lang='lat' dir='ltr'><strong>publicas</strong></span> <span class='ocrx_word' id='word_1_673' title='bbox 1323 4552 1685 4621; x_wconf 77' lang='lat' dir='ltr'><strong>quotidianus,</strong></span> <span class='ocrx_word' id='word_1_674' title='bbox 1719 4543 1927 4607; x_wconf 86' lang='lat' dir='ltr'><strong>visi-D</strong></span> <span class='ocrx_word' id='word_1_675' title='bbox 1952 4543 2166 4600; x_wconf 76' lang='lat' dir='ltr'><strong>auditus</strong></span> <span class='ocrx_word' id='word_1_676' title='bbox 2215 4552 2396 4599; x_wconf 76' lang='lat' dir='ltr'><strong>autem</strong></span> <span class='ocrx_word' id='word_1_677' title='bbox 2428 4559 2525 4615; x_wconf 83' lang='lat' dir='ltr'><strong>per</strong></span> <span class='ocrx_word' id='word_1_678' title='bbox 2569 4547 2815 4614; x_wconf 82' lang='lat' dir='ltr'><strong>verbum.</strong></span> <span class='ocrx_word' id='word_1_679' title='bbox 2848 4546 3029 4614; x_wconf 47' lang='lat' dir='ltr'><strong>Romo</strong></span> <span class='ocrx_word' id='word_1_680' title='bbox 3085 4564 3143 4615; x_wconf 67' lang='grc' dir='ltr'><strong>κ.</strong></span> <span class='ocrx_word' id='word_1_681' title='bbox 3177 4549 3275 4617; x_wconf 80' lang='grc'><strong>17;</strong></span> <span class='ocrx_word' id='word_1_682' title='bbox 3325 4550 3556 4609; x_wconf 76' lang='lat' dir='ltr'><strong>Auditus</strong></span> 
     </span>
    </p>
   </div>
   <div class='ocr_carea' id='block_1_90' title="bbox 244 4641 1840 4712">
    <p class='ocr_par' dir='ltr' id='par_1_90' title="bbox 244 4641 1840 4712">
     <span class='ocr_line' id='line_1_90' title="bbox 244 4641 1840 4712; baseline 0.003 -17"><span class='ocrx_word' id='word_1_683' title='bbox 244 4641 508 4697; x_wconf 89' lang='lat' dir='ltr'><strong>tationem</strong></span> <span class='ocrx_word' id='word_1_684' title='bbox 561 4642 819 4710; x_wconf 86' lang='lat' dir='ltr'><strong>tidelium,</strong></span> <span class='ocrx_word' id='word_1_685' title='bbox 869 4644 1258 4699; x_wconf 87' lang='lat' dir='ltr'><strong>institutionem</strong></span> <span class='ocrx_word' id='word_1_686' title='bbox 1305 4643 1840 4712; x_wconf 86' lang='lat' dir='ltr'><strong>catechumenorum,</strong></span> 
     </span>
    </p>
   </div>
   <div class='ocr_carea' id='block_1_91' title="bbox 242 4735 1845 4800">
    <p class='ocr_par' dir='ltr' id='par_1_91' title="bbox 242 4735 1845 4800">
     <span class='ocr_line' id='line_1_91' title="bbox 242 4735 1845 4800; baseline 0.002 -10"><span class='ocrx_word' id='word_1_687' title='bbox 242 4744 714 4790; x_wconf 82' lang='lat' dir='ltr'><strong>sacramentorum</strong></span> <span class='ocrx_word' id='word_1_688' title='bbox 757 4735 1199 4800; x_wconf 88' lang='lat' dir='ltr'><strong>celebrationem,</strong></span> <span class='ocrx_word' id='word_1_689' title='bbox 1236 4736 1679 4793; x_wconf 89' lang='lat' dir='ltr'><strong>moribundornm</strong></span> <span class='ocrx_word' id='word_1_690' title='bbox 1727 4740 1845 4794; x_wconf 65' lang='lat' dir='ltr'><strong>via«</strong></span> 
     </span>
    </p>
   </div>
   <div class='ocr_carea' id='block_1_92' title="bbox 242 4830 1847 4906">
    <p class='ocr_par' dir='ltr' id='par_1_92' title="bbox 242 4830 1847 4906">
     <span class='ocr_line' id='line_1_92' title="bbox 242 4830 1847 4906; baseline 0.005 -21"><span class='ocrx_word' id='word_1_691' title='bbox 242 4830 374 4897; x_wconf 80' lang='lat' dir='ltr'><strong>tica,</strong></span> <span class='ocrx_word' id='word_1_692' title='bbox 398 4831 542 4901; x_wconf 89' lang='lat' dir='ltr'><strong>quod</strong></span> <span class='ocrx_word' id='word_1_693' title='bbox 564 4833 722 4887; x_wconf 92' lang='lat' dir='ltr'><strong>unius</strong></span> <span class='ocrx_word' id='word_1_694' title='bbox 750 4831 907 4903; x_wconf 85' lang='lat' dir='ltr'><strong>hujus</strong></span> <span class='ocrx_word' id='word_1_695' title='bbox 935 4833 1176 4889; x_wconf 89' lang='lat' dir='ltr'><strong>muneris</strong></span> <span class='ocrx_word' id='word_1_696' title='bbox 1204 4842 1488 4903; x_wconf 71' lang='lat' dir='ltr'><strong>prmlextu,</strong></span> <span class='ocrx_word' id='word_1_697' title='bbox 1517 4851 1583 4891; x_wconf 91' lang='lat' dir='ltr'><strong>ne</strong></span> <span class='ocrx_word' id='word_1_698' title='bbox 1633 4845 1847 4906; x_wconf 90' lang='lat' dir='ltr'><strong>tempus</strong></span> 
     </span>
    </p>
   </div>
   <div class='ocr_carea' id='block_1_93' title="bbox 244 4922 1847 4997">
    <p class='ocr_par' dir='ltr' id='par_1_93' title="bbox 244 4922 1847 4997">
     <span class='ocr_line' id='line_1_93' title="bbox 244 4922 1847 4997; baseline 0.004 -20"><span class='ocrx_word' id='word_1_699' title='bbox 244 4923 466 4993; x_wconf 85' lang='lat' dir='ltr'><strong>quidem</strong></span> <span class='ocrx_word' id='word_1_700' title='bbox 497 4922 601 4979; x_wconf 87' lang='lat' dir='ltr'><strong>sibi</strong></span> <span class='ocrx_word' id='word_1_701' title='bbox 629 4939 855 4979; x_wconf 79' lang='lat' dir='ltr'><strong>vacuum</strong></span> <span class='ocrx_word' id='word_1_702' title='bbox 911 4922 1219 4996; x_wconf 84' lang='lat' dir='ltr'><strong>relinquant</strong></span> <span class='ocrx_word' id='word_1_703' title='bbox 1263 4925 1486 4997; x_wconf 88' lang='lat' dir='ltr'><strong>reliquis</strong></span> <span class='ocrx_word' id='word_1_704' title='bbox 1532 4927 1847 4984; x_wconf 87' lang='lat' dir='ltr'><strong>muneribus</strong></span> 
     </span>
    </p>
   </div>
   <div class='ocr_carea' id='block_1_94' title="bbox 244 5014 1845 5089">
    <p class='ocr_par' dir='ltr' id='par_1_94' title="bbox 244 5014 1845 5089">
     <span class='ocr_line' id='line_1_94' title="bbox 244 5014 1845 5089; baseline 0.004 -20"><span class='ocrx_word' id='word_1_705' title='bbox 244 5014 627 5084; x_wconf 79' lang='lat' dir='ltr'><strong>expediendis:</strong></span> <span class='ocrx_word' id='word_1_706' title='bbox 659 5031 720 5072; x_wconf 86' lang='lat' dir='ltr'><strong>ea</strong></span> <span class='ocrx_word' id='word_1_707' title='bbox 753 5033 883 5073; x_wconf 88' lang='lat' dir='ltr'><strong>sane</strong></span> <span class='ocrx_word' id='word_1_708' title='bbox 911 5017 983 5073; x_wconf 87' lang='lat' dir='ltr'><strong>ita</strong></span> <span class='ocrx_word' id='word_1_709' title='bbox 1007 5034 1112 5072; x_wconf 91' lang='lat' dir='ltr'><strong>non</strong></span> <span class='ocrx_word' id='word_1_710' title='bbox 1141 5026 1265 5073; x_wconf 92' lang='lat' dir='ltr'><strong>sunt</strong></span> <span class='ocrx_word' id='word_1_711' title='bbox 1294 5018 1611 5089; x_wconf 85' lang='lat' dir='ltr'><strong>apostolica,</strong></span> <span class='ocrx_word' id='word_1_712' title='bbox 1642 5019 1711 5074; x_wconf 90' lang='lat' dir='ltr'><strong>ita</strong></span> <span class='ocrx_word' id='word_1_713' title='bbox 1738 5035 1845 5075; x_wconf 93' lang='lat' dir='ltr'><strong>non</strong></span> 
     </span>
    </p>
   </div>
   <div class='ocr_carea' id='block_1_95' title="bbox 241 5108 1845 5184">
    <p class='ocr_par' dir='ltr' id='par_1_95' title="bbox 241 5108 1845 5184">
     <span class='ocr_line' id='line_1_95' title="bbox 241 5108 1845 5184; baseline 0.005 -22"><span class='ocrx_word' id='word_1_714' title='bbox 241 5108 526 5182; x_wconf 59' lang='lat' dir='ltr'><strong>primaeuo</strong></span> <span class='ocrx_word' id='word_1_715' title='bbox 563 5111 947 5167; x_wconf 86' lang='lat' dir='ltr'><strong>christianitati</strong></span> <span class='ocrx_word' id='word_1_716' title='bbox 987 5108 1313 5181; x_wconf 82' lang='lat' dir='ltr'><strong>conformia,</strong></span> <span class='ocrx_word' id='word_1_717' title='bbox 1346 5121 1404 5169; x_wconf 92' lang='lat' dir='ltr'><strong>ut</strong></span> <span class='ocrx_word' id='word_1_718' title='bbox 1446 5128 1515 5169; x_wconf 90' lang='lat' dir='ltr'><strong>ne</strong></span> <span class='ocrx_word' id='word_1_719' title='bbox 1570 5113 1845 5184; x_wconf 86' lang='lat' dir='ltr'><strong>probanda</strong></span> 
     </span>
    </p>
   </div>
   <div class='ocr_carea' id='block_1_96' title="bbox 241 5201 621 5272">
    <p class='ocr_par' dir='ltr' id='par_1_96' title="bbox 241 5201 621 5272">
     <span class='ocr_line' id='line_1_96' title="bbox 241 5201 621 5272; baseline 0.003 -15"><span class='ocrx_word' id='word_1_720' title='bbox 241 5202 363 5257; x_wconf 81' lang='lat' dir='ltr'><strong>sint</strong></span> <span class='ocrx_word' id='word_1_721' title='bbox 388 5201 621 5272; x_wconf 80' lang='lat' dir='ltr'><strong>quidem.</strong></span> 
     </span>
    </p>
   </div>
   <div class='ocr_carea' id='block_1_97' title="bbox 321 5292 1847 5367">
    <p class='ocr_par' dir='ltr' id='par_1_97' title="bbox 321 5292 1847 5367">
     <span class='ocr_line' id='line_1_97' title="bbox 321 5292 1847 5367; baseline 0.003 -19"><span class='ocrx_word' id='word_1_722' title='bbox 321 5292 354 5365; x_wconf 65' lang='grc' dir='ltr'><strong>ς</strong></span> <span class='ocrx_word' id='word_1_723' title='bbox 403 5294 458 5349; x_wconf 91' lang='grc'><strong>7.</strong></span> <span class='ocrx_word' id='word_1_724' title='bbox 483 5324 556 5335; x_wconf 94' lang='grc'><strong><em>-</em></strong></span> <span class='ocrx_word' id='word_1_725' title='bbox 576 5294 829 5353; x_wconf 76' lang='lat' dir='ltr'><strong>Videmus</strong></span> <span class='ocrx_word' id='word_1_726' title='bbox 851 5312 1013 5367; x_wconf 89' lang='lat' dir='ltr'><strong>porro</strong></span> <span class='ocrx_word' id='word_1_727' title='bbox 1040 5296 1092 5352; x_wconf 92' lang='lat' dir='ltr'><strong>in</strong></span> <span class='ocrx_word' id='word_1_728' title='bbox 1123 5297 1223 5353; x_wconf 88' lang='lat' dir='ltr'><strong>hoc</strong></span> <span class='ocrx_word' id='word_1_729' title='bbox 1257 5297 1591 5353; x_wconf 90' lang='lat' dir='ltr'><strong>audientium</strong></span> <span class='ocrx_word' id='word_1_730' title='bbox 1620 5295 1847 5353; x_wconf 89' lang='lat' dir='ltr'><strong>doctore</strong></span> 
     </span>
    </p>
   </div>
   <div class='ocr_carea' id='block_1_98' title="bbox 241 5389 1847 5464">
    <p class='ocr_par' dir='ltr' id='par_1_98' title="bbox 241 5389 1847 5464">
     <span class='ocr_line' id='line_1_98' title="bbox 241 5389 1847 5464; baseline 0 -17"><span class='ocrx_word' id='word_1_731' title='bbox 241 5389 532 5464; x_wconf 83' lang='lat' dir='ltr'><strong>probando</strong></span> <span class='ocrx_word' id='word_1_732' title='bbox 558 5405 664 5447; x_wconf 91' lang='lat' dir='ltr'><strong>non</strong></span> <span class='ocrx_word' id='word_1_733' title='bbox 689 5392 831 5448; x_wconf 88' lang='lat' dir='ltr'><strong>alios</strong></span> <span class='ocrx_word' id='word_1_734' title='bbox 855 5407 886 5447; x_wconf 88' lang='lat' dir='ltr'><strong>a</strong></span> <span class='ocrx_word' id='word_1_735' title='bbox 907 5393 1180 5464; x_wconf 81' lang='lat' dir='ltr'><strong>Cypriane</strong></span> <span class='ocrx_word' id='word_1_736' title='bbox 1207 5392 1551 5464; x_wconf 86' lang='lat' dir='ltr'><strong>presbyteros</strong></span> <span class='ocrx_word' id='word_1_737' title='bbox 1573 5408 1731 5463; x_wconf 85' lang='lat' dir='ltr'><strong>quam</strong></span> <span class='ocrx_word' id='word_1_738' title='bbox 1750 5390 1847 5447; x_wconf 90' lang='lat' dir='ltr'><strong>do-</strong></span> 
     </span>
    </p>
   </div>
   <div class='ocr_carea' id='block_1_99' title="bbox 238 5484 1845 5556">
    <p class='ocr_par' dir='ltr' id='par_1_99' title="bbox 238 5484 1845 5556">
     <span class='ocr_line' id='line_1_99' title="bbox 238 5484 1845 5556; baseline -0.001 -15"><span class='ocrx_word' id='word_1_739' title='bbox 238 5494 429 5542; x_wconf 79' lang='lat' dir='ltr'><strong>ctores</strong></span> <span class='ocrx_word' id='word_1_740' title='bbox 453 5499 575 5542; x_wconf 86' lang='lat' dir='ltr'><strong>esse</strong></span> <span class='ocrx_word' id='word_1_741' title='bbox 604 5485 901 5541; x_wconf 88' lang='lat' dir='ltr'><strong>consultos.</strong></span> <span class='ocrx_word' id='word_1_742' title='bbox 936 5484 1191 5556; x_wconf 76' lang='lat' dir='ltr'><strong>Idemque</strong></span> <span class='ocrx_word' id='word_1_743' title='bbox 1219 5485 1287 5541; x_wconf 89' lang='lat' dir='ltr'><strong>ab</strong></span> <span class='ocrx_word' id='word_1_744' title='bbox 1315 5500 1379 5541; x_wconf 92' lang='lat' dir='ltr'><strong>eo</strong></span> <span class='ocrx_word' id='word_1_745' title='bbox 1406 5486 1457 5539; x_wconf 92' lang='lat' dir='ltr'><strong>in</strong></span> <span class='ocrx_word' id='word_1_746' title='bbox 1487 5486 1604 5540; x_wconf 87' lang='lat' dir='ltr'><strong>aliis</strong></span> <span class='ocrx_word' id='word_1_747' title='bbox 1631 5498 1845 5555; x_wconf 90' lang='lat' dir='ltr'><strong>quoque</strong></span> 
     </span>
    </p>
   </div>
   <div class='ocr_carea' id='block_1_100' title="bbox 239 5575 1842 5645">
    <p class='ocr_par' dir='ltr' id='par_1_100' title="bbox 239 5575 1842 5645">
     <span class='ocr_line' id='line_1_100' title="bbox 239 5575 1842 5645; baseline -0.001 -11"><span class='ocrx_word' id='word_1_748' title='bbox 239 5577 432 5634; x_wconf 78' lang='lat' dir='ltr'><strong>causis</strong></span> <span class='ocrx_word' id='word_1_749' title='bbox 458 5576 806 5634; x_wconf 83' lang='lat' dir='ltr'><strong>observatum</strong></span> <span class='ocrx_word' id='word_1_750' title='bbox 822 5593 945 5635; x_wconf 84' lang='lat' dir='ltr'><strong>esse</strong></span> <span class='ocrx_word' id='word_1_751' title='bbox 964 5588 1047 5636; x_wconf 90' lang='lat' dir='ltr'><strong>est</strong></span> <span class='ocrx_word' id='word_1_752' title='bbox 1069 5593 1201 5636; x_wconf 89' lang='lat' dir='ltr'><strong>sane</strong></span> <span class='ocrx_word' id='word_1_753' title='bbox 1213 5577 1501 5635; x_wconf 89' lang='lat' dir='ltr'><strong>admodum</strong></span> <span class='ocrx_word' id='word_1_754' title='bbox 1523 5575 1842 5645; x_wconf 89' lang='lat' dir='ltr'><strong>verisimile,</strong></span> 
     </span>
    </p>
   </div>
   <div class='ocr_carea' id='block_1_101' title="bbox 237 5670 1847 5744">
    <p class='ocr_par' dir='ltr' id='par_1_101' title="bbox 237 5670 1847 5744">
     <span class='ocr_line' id='line_1_101' title="bbox 237 5670 1847 5744; baseline 0 -17"><span class='ocrx_word' id='word_1_755' title='bbox 237 5680 311 5727; x_wconf 75' lang='lat' dir='ltr'><strong>ut</strong></span> <span class='ocrx_word' id='word_1_756' title='bbox 334 5684 443 5744; x_wconf 82' lang='lat' dir='ltr'><strong>qua</strong></span> <span class='ocrx_word' id='word_1_757' title='bbox 469 5671 524 5727; x_wconf 89' lang='lat' dir='ltr'><strong>in</strong></span> <span class='ocrx_word' id='word_1_758' title='bbox 551 5687 613 5730; x_wconf 87' lang='lat' dir='ltr'><strong>re</strong></span> <span class='ocrx_word' id='word_1_759' title='bbox 640 5672 869 5744; x_wconf 72' lang='lat' dir='ltr'><strong>quisque</strong></span> <span class='ocrx_word' id='word_1_760' title='bbox 898 5672 1233 5741; x_wconf 87' lang='lat' dir='ltr'><strong>eminuisset,</strong></span> <span class='ocrx_word' id='word_1_761' title='bbox 1276 5673 1330 5729; x_wconf 91' lang='lat' dir='ltr'><strong>in</strong></span> <span class='ocrx_word' id='word_1_762' title='bbox 1361 5686 1425 5729; x_wconf 90' lang='lat' dir='ltr'><strong>ea</strong></span> <span class='ocrx_word' id='word_1_763' title='bbox 1455 5672 1604 5728; x_wconf 91' lang='lat' dir='ltr'><strong>illum</strong></span> <span class='ocrx_word' id='word_1_764' title='bbox 1632 5670 1847 5728; x_wconf 85' lang='lat' dir='ltr'><strong>duxerit</strong></span> 
     </span>
    </p>
   </div>
   <div class='ocr_carea' id='block_1_102' title="bbox 240 5762 1844 5839">
    <p class='ocr_par' dir='ltr' id='par_1_102' title="bbox 240 5762 1844 5839">
     <span class='ocr_line' id='line_1_102' title="bbox 240 5762 1844 5839; baseline 0 -17"><span class='ocrx_word' id='word_1_765' title='bbox 240 5776 371 5822; x_wconf 76' lang='lat' dir='ltr'><strong>esse</strong></span> <span class='ocrx_word' id='word_1_766' title='bbox 397 5762 812 5822; x_wconf 79' lang='lat' dir='ltr'><strong>consulendum.</strong></span> <span class='ocrx_word' id='word_1_767' title='bbox 837 5763 1073 5823; x_wconf 85' lang='lat' dir='ltr'><strong>Proinde</strong></span> <span class='ocrx_word' id='word_1_768' title='bbox 1102 5764 1175 5821; x_wconf 89' lang='lat' dir='ltr'><strong>ita</strong></span> <span class='ocrx_word' id='word_1_769' title='bbox 1202 5764 1583 5839; x_wconf 78' lang='lat' dir='ltr'><strong>intelligendus</strong></span> <span class='ocrx_word' id='word_1_770' title='bbox 1606 5774 1690 5824; x_wconf 88' lang='lat' dir='ltr'><strong>est</strong></span> <span class='ocrx_word' id='word_1_771' title='bbox 1720 5779 1844 5822; x_wconf 88' lang='lat' dir='ltr'><strong>cum</strong></span> 
     </span>
    </p>
   </div>
   <div class='ocr_carea' id='block_1_103' title="bbox 1952 4636 3547 4712">
    <p class='ocr_par' dir='ltr' id='par_1_103' title="bbox 1952 4636 3547 4712">
     <span class='ocr_line' id='line_1_103' title="bbox 1952 4636 3547 4712; baseline 0.006 -22"><span class='ocrx_word' id='word_1_772' title='bbox 1952 4636 2101 4701; x_wconf 83' lang='lat' dir='ltr'><strong>ﬁdei,</strong></span> <span class='ocrx_word' id='word_1_773' title='bbox 2134 4636 2277 4701; x_wconf 88' lang='lat' dir='ltr'><strong>Gal.,</strong></span> <span class='ocrx_word' id='word_1_774' title='bbox 2311 4653 2387 4702; x_wconf 87' lang='lat' dir='ltr'><strong>lll,</strong></span> <span class='ocrx_word' id='word_1_775' title='bbox 2413 4637 2469 4705; x_wconf 76' lang='lat'><strong>2,</strong></span> <span class='ocrx_word' id='word_1_776' title='bbox 2503 4638 2572 4705; x_wconf 80' lang='lat'><strong>5;</strong></span> <span class='ocrx_word' id='word_1_777' title='bbox 2607 4637 2840 4697; x_wconf 82' lang='lat' dir='ltr'><strong>Verbum</strong></span> <span class='ocrx_word' id='word_1_778' title='bbox 2889 4641 3102 4697; x_wconf 90' lang='lat' dir='ltr'><strong>auditus</strong></span> <span class='ocrx_word' id='word_1_779' title='bbox 3133 4640 3249 4710; x_wconf 88' lang='lat' dir='ltr'><strong>Dei,</strong></span> <span class='ocrx_word' id='word_1_780' title='bbox 3280 4640 3306 4699; x_wconf 90' lang='grc' dir='ltr'><strong>Ῑ</strong></span> <span class='ocrx_word' id='word_1_781' title='bbox 3334 4642 3547 4712; x_wconf 86' lang='lat' dir='ltr'><strong>Thess.,</strong></span> 
     </span>
    </p>
   </div>
   <div class='ocr_carea' id='block_1_104' title="bbox 1950 4731 3551 4809">
    <p class='ocr_par' dir='ltr' id='par_1_104' title="bbox 1950 4731 3551 4809">
     <span class='ocr_line' id='line_1_104' title="bbox 1950 4731 3551 4809; baseline 0.006 -24"><span class='ocrx_word' id='word_1_782' title='bbox 1950 4747 2009 4797; x_wconf 82' lang='grc' dir='ltr'><strong>ιι,</strong></span> <span class='ocrx_word' id='word_1_783' title='bbox 2042 4732 2130 4787; x_wconf 78' lang='grc'><strong>15.</strong></span> <span class='ocrx_word' id='word_1_784' title='bbox 2173 4731 2250 4787; x_wconf 86' lang='lat' dir='ltr'><strong>Ex</strong></span> <span class='ocrx_word' id='word_1_785' title='bbox 2284 4734 2451 4789; x_wconf 89' lang='lat' dir='ltr'><strong>veteri</strong></span> <span class='ocrx_word' id='word_1_786' title='bbox 2477 4745 2660 4790; x_wconf 90' lang='lat' dir='ltr'><strong>autem</strong></span> <span class='ocrx_word' id='word_1_787' title='bbox 2717 4733 3079 4793; x_wconf 88' lang='lat' dir='ltr'><strong>Instrumento</strong></span> <span class='ocrx_word' id='word_1_788' title='bbox 3121 4735 3344 4794; x_wconf 81' lang='lat' dir='ltr'><strong>deduxit</strong></span> <span class='ocrx_word' id='word_1_789' title='bbox 3400 4741 3551 4809; x_wconf 82' lang='lat' dir='ltr'><strong>Apo-</strong></span> 
     </span>
    </p>
   </div>
   <div class='ocr_carea' id='block_1_105' title="bbox 1951 4823 3550 4894">
    <p class='ocr_par' dir='ltr' id='par_1_105' title="bbox 1951 4823 3550 4894">
     <span class='ocr_line' id='line_1_105' title="bbox 1951 4823 3550 4894; baseline 0.006 -15"><span class='ocrx_word' id='word_1_790' title='bbox 1951 4824 2146 4891; x_wconf 89' lang='lat' dir='ltr'><strong>slolus,</strong></span> <span class='ocrx_word' id='word_1_791' title='bbox 2176 4823 2300 4892; x_wconf 90' lang='lat' dir='ltr'><strong>Isa.,</strong></span> <span class='ocrx_word' id='word_1_792' title='bbox 2337 4841 2448 4889; x_wconf 84' lang='lat' dir='ltr'><strong>LIII,</strong></span> <span class='ocrx_word' id='word_1_793' title='bbox 2481 4826 2508 4881; x_wconf 89' lang='grc'><strong>1</strong></span> <span class='ocrx_word' id='word_1_794' title='bbox 2533 4845 2546 4881; x_wconf 91' lang='lat'><strong><em>:</em></strong></span> <span class='ocrx_word' id='word_1_795' title='bbox 2574 4825 2703 4894; x_wconf 81' lang='lat' dir='ltr'><strong>Quis</strong></span> <span class='ocrx_word' id='word_1_796' title='bbox 2732 4827 2961 4884; x_wconf 85' lang='lat' dir='ltr'><strong>credidit</strong></span> <span class='ocrx_word' id='word_1_797' title='bbox 2997 4828 3200 4887; x_wconf 88' lang='lat' dir='ltr'><strong>auditui</strong></span> <span class='ocrx_word' id='word_1_798' title='bbox 3226 4830 3447 4886; x_wconf 76' lang='lat' dir='ltr'><strong>uestro?</strong></span> <span class='ocrx_word' id='word_1_799' title='bbox 3476 4830 3550 4888; x_wconf 83' lang='lat' dir='ltr'><strong>Ita</strong></span> 
     </span>
    </p>
   </div>
   <div class='ocr_carea' id='block_1_106' title="bbox 1952 4916 3547 4997">
    <p class='ocr_par' dir='ltr' id='par_1_106' title="bbox 1952 4916 3547 4997">
     <span class='ocr_line' id='line_1_106' title="bbox 1952 4916 3547 4997; baseline 0.006 -26"><span class='ocrx_word' id='word_1_800' title='bbox 1952 4916 2096 4972; x_wconf 89' lang='lat' dir='ltr'><strong>enim</strong></span> <span class='ocrx_word' id='word_1_801' title='bbox 2126 4917 2302 4973; x_wconf 91' lang='lat' dir='ltr'><strong>locum</strong></span> <span class='ocrx_word' id='word_1_802' title='bbox 2357 4917 2505 4973; x_wconf 91' lang='lat' dir='ltr'><strong>illum</strong></span> <span class='ocrx_word' id='word_1_803' title='bbox 2536 4919 2779 4990; x_wconf 89' lang='lat' dir='ltr'><strong>legerunt</strong></span> <span class='ocrx_word' id='word_1_804' title='bbox 2808 4919 3124 4977; x_wconf 89' lang='lat' dir='ltr'><strong>Tertulliani</strong></span> <span class='ocrx_word' id='word_1_805' title='bbox 3181 4937 3395 4993; x_wconf 90' lang='lat' dir='ltr'><strong>quoque</strong></span> <span class='ocrx_word' id='word_1_806' title='bbox 3437 4921 3547 4997; x_wconf 84' lang='lat' dir='ltr'><strong>Cy-</strong></span> 
     </span>
    </p>
   </div>
   <div class='ocr_carea' id='block_1_107' title="bbox 1952 5010 3549 5082">
    <p class='ocr_par' dir='ltr' id='par_1_107' title="bbox 1952 5010 3549 5082">
     <span class='ocr_line' id='line_1_107' title="bbox 1952 5010 3549 5082; baseline 0.006 -18"><span class='ocrx_word' id='word_1_807' title='bbox 1952 5010 2232 5082; x_wconf 89' lang='lat' dir='ltr'><strong>prianique</strong></span> <span class='ocrx_word' id='word_1_808' title='bbox 2264 5011 2717 5081; x_wconf 87' lang='lat' dir='ltr'><strong>interpretes.-Ad</strong></span> <span class='ocrx_word' id='word_1_809' title='bbox 2762 5012 2911 5069; x_wconf 87' lang='lat' dir='ltr'><strong>illum</strong></span> <span class='ocrx_word' id='word_1_810' title='bbox 2960 5023 3136 5068; x_wconf 87' lang='lat' dir='ltr'><strong>autem</strong></span> <span class='ocrx_word' id='word_1_811' title='bbox 3171 5013 3323 5073; x_wconf 66' lang='lat' dir='ltr'><strong>Isaiae</strong></span> <span class='ocrx_word' id='word_1_812' title='bbox 3370 5016 3549 5075; x_wconf 86' lang='lat' dir='ltr'><strong>locum</strong></span> 
     </span>
    </p>
   </div>
   <div class='ocr_carea' id='block_1_108' title="bbox 1952 5105 3547 5182">
    <p class='ocr_par' dir='ltr' id='par_1_108' title="bbox 1952 5105 3547 5182">
     <span class='ocr_line' id='line_1_108' title="bbox 1952 5105 3547 5182; baseline 0.004 -21"><span class='ocrx_word' id='word_1_813' title='bbox 1952 5120 2054 5161; x_wconf 89' lang='lat' dir='ltr'><strong>nos</strong></span> <span class='ocrx_word' id='word_1_814' title='bbox 2079 5105 2453 5162; x_wconf 79' lang='lat' dir='ltr'><strong>disertissimis</strong></span> <span class='ocrx_word' id='word_1_815' title='bbox 2483 5106 2664 5163; x_wconf 91' lang='lat' dir='ltr'><strong>verbis</strong></span> <span class='ocrx_word' id='word_1_816' title='bbox 2694 5108 2877 5163; x_wconf 90' lang='lat' dir='ltr'><strong>retulit</strong></span> <span class='ocrx_word' id='word_1_817' title='bbox 2915 5106 3227 5177; x_wconf 83' lang='lat' dir='ltr'><strong>Apostolus,</strong></span> <span class='ocrx_word' id='word_1_818' title='bbox 3277 5108 3457 5179; x_wconf 81' lang='lat' dir='ltr'><strong>Rom.,</strong></span> <span class='ocrx_word' id='word_1_819' title='bbox 3489 5128 3547 5182; x_wconf 80' lang='lat' dir='ltr'><strong>x,</strong></span> 
     </span>
    </p>
   </div>
   <div class='ocr_carea' id='block_1_109' title="bbox 1954 5199 3547 5282">
    <p class='ocr_par' dir='ltr' id='par_1_109' title="bbox 1954 5199 3547 5282">
     <span class='ocr_line' id='line_1_109' title="bbox 1954 5199 3547 5282; baseline 0.006 -27"><span class='ocrx_word' id='word_1_820' title='bbox 1954 5199 2042 5255; x_wconf 79' lang='grc'><strong>16.</strong></span> <span class='ocrx_word' id='word_1_821' title='bbox 2075 5199 2219 5256; x_wconf 82' lang='lat' dir='ltr'><strong>Nihil</strong></span> <span class='ocrx_word' id='word_1_822' title='bbox 2247 5201 2352 5257; x_wconf 92' lang='lat' dir='ltr'><strong>huc</strong></span> <span class='ocrx_word' id='word_1_823' title='bbox 2380 5201 2583 5259; x_wconf 83' lang='lat' dir='ltr'><strong>faciunt</strong></span> <span class='ocrx_word' id='word_1_824' title='bbox 2620 5203 2856 5275; x_wconf 87' lang='lat' dir='ltr'><strong>vulgaria</strong></span> <span class='ocrx_word' id='word_1_825' title='bbox 2901 5202 3181 5275; x_wconf 90' lang='lat' dir='ltr'><strong>gentilium</strong></span> <span class='ocrx_word' id='word_1_826' title='bbox 3221 5206 3547 5282; x_wconf 81' lang='grc' dir='ltr'><strong>ἀκροάματα,</strong></span> 
     </span>
    </p>
   </div>
   <div class='ocr_carea' id='block_1_110' title="bbox 1951 5292 3551 5368">
    <p class='ocr_par' dir='ltr' id='par_1_110' title="bbox 1951 5292 3551 5368">
     <span class='ocr_line' id='line_1_110' title="bbox 1951 5292 3551 5368; baseline 0.005 -19"><span class='ocrx_word' id='word_1_827' title='bbox 1951 5308 2071 5365; x_wconf 67' lang='lat' dir='ltr'><strong>qua:</strong></span> <span class='ocrx_word' id='word_1_828' title='bbox 2097 5294 2298 5351; x_wconf 90' lang='lat' dir='ltr'><strong>ludicra</strong></span> <span class='ocrx_word' id='word_1_829' title='bbox 2334 5297 2651 5368; x_wconf 90' lang='lat' dir='ltr'><strong>plerumque</strong></span> <span class='ocrx_word' id='word_1_830' title='bbox 2687 5303 2887 5351; x_wconf 89' lang='lat' dir='ltr'><strong>essent.</strong></span> <span class='ocrx_word' id='word_1_831' title='bbox 2937 5292 3164 5354; x_wconf 84' lang='lat' dir='ltr'><strong>Faciunt</strong></span> <span class='ocrx_word' id='word_1_832' title='bbox 3209 5306 3386 5355; x_wconf 90' lang='lat' dir='ltr'><strong>tamen</strong></span> <span class='ocrx_word' id='word_1_833' title='bbox 3434 5299 3551 5356; x_wconf 84' lang='lat' dir='ltr'><strong>for-</strong></span> 
     </span>
    </p>
   </div>
   <div class='ocr_carea' id='block_1_111' title="bbox 1955 5388 3551 5461">
    <p class='ocr_par' dir='ltr' id='par_1_111' title="bbox 1955 5388 3551 5461">
     <span class='ocr_line' id='line_1_111' title="bbox 1955 5388 3551 5461; baseline 0.005 -19"><span class='ocrx_word' id='word_1_834' title='bbox 1955 5396 2099 5443; x_wconf 88' lang='lat' dir='ltr'><strong>tasse</strong></span> <span class='ocrx_word' id='word_1_835' title='bbox 2131 5388 2572 5460; x_wconf 66' lang='lat' dir='ltr'><strong>philosotihorum</strong></span> <span class='ocrx_word' id='word_1_836' title='bbox 2603 5389 2688 5444; x_wconf 89' lang='lat' dir='ltr'><strong>illa</strong></span> <span class='ocrx_word' id='word_1_837' title='bbox 2721 5405 2841 5461; x_wconf 66' lang='lat' dir='ltr'><strong>quae</strong></span> <span class='ocrx_word' id='word_1_838' title='bbox 2869 5406 2974 5445; x_wconf 91' lang='lat' dir='ltr'><strong>non</strong></span> <span class='ocrx_word' id='word_1_839' title='bbox 3028 5391 3147 5447; x_wconf 90' lang='lat' dir='ltr'><strong>aliis</strong></span> <span class='ocrx_word' id='word_1_840' title='bbox 3193 5393 3551 5450; x_wconf 84' lang='lat' dir='ltr'><strong>crederentur</strong></span> 
     </span>
    </p>
   </div>
   <div class='ocr_carea' id='block_1_112' title="bbox 1953 5482 3217 5556">
    <p class='ocr_par' dir='ltr' id='par_1_112' title="bbox 1953 5482 3217 5556">
     <span class='ocr_line' id='line_1_112' title="bbox 1953 5482 3217 5556; baseline 0.003 -21"><span class='ocrx_word' id='word_1_841' title='bbox 1953 5496 2113 5552; x_wconf 87' lang='lat' dir='ltr'><strong>quam</strong></span> <span class='ocrx_word' id='word_1_842' title='bbox 2141 5482 2438 5553; x_wconf 89' lang='lat' dir='ltr'><strong>initiandis,</strong></span> <span class='ocrx_word' id='word_1_843' title='bbox 2468 5483 2533 5538; x_wconf 91' lang='lat' dir='ltr'><strong>ad</strong></span> <span class='ocrx_word' id='word_1_844' title='bbox 2559 5482 2785 5537; x_wconf 82' lang='lat' dir='ltr'><strong>formam</strong></span> <span class='ocrx_word' id='word_1_845' title='bbox 2815 5484 3217 5556; x_wconf 89' lang='lat' dir='ltr'><strong>mysteriorum.</strong></span> 
     </span>
    </p>
   </div>
   <div class='ocr_carea' id='block_1_113' title="bbox 2032 5574 3550 5647">
    <p class='ocr_par' dir='ltr' id='par_1_113' title="bbox 2032 5574 3550 5647">
     <span class='ocr_line' id='line_1_113' title="bbox 2032 5574 3550 5647; baseline 0.003 -18"><span class='ocrx_word' id='word_1_846' title='bbox 2032 5574 2060 5646; x_wconf 66' lang='grc' dir='ltr'><strong>ς</strong></span> <span class='ocrx_word' id='word_1_847' title='bbox 2097 5574 2407 5632; x_wconf 84' lang='lat' dir='ltr'><strong>lt).—Illam</strong></span> <span class='ocrx_word' id='word_1_848' title='bbox 2435 5582 2584 5630; x_wconf 90' lang='lat' dir='ltr'><strong>certe</strong></span> <span class='ocrx_word' id='word_1_849' title='bbox 2600 5575 2979 5647; x_wconf 89' lang='lat' dir='ltr'><strong>mysteriorum</strong></span> <span class='ocrx_word' id='word_1_850' title='bbox 3005 5574 3229 5633; x_wconf 78' lang='lat' dir='ltr'><strong>formam</strong></span> <span class='ocrx_word' id='word_1_851' title='bbox 3251 5592 3550 5646; x_wconf 84' lang='lat' dir='ltr'><strong>repraesen-</strong></span> 
     </span>
    </p>
   </div>
   <div class='ocr_carea' id='block_1_114' title="bbox 1954 5667 3551 5729">
    <p class='ocr_par' dir='ltr' id='par_1_114' title="bbox 1954 5667 3551 5729">
     <span class='ocr_line' id='line_1_114' title="bbox 1954 5667 3551 5729; baseline 0.003 -4"><span class='ocrx_word' id='word_1_852' title='bbox 1954 5669 2101 5725; x_wconf 86' lang='lat' dir='ltr'><strong>tabat</strong></span> <span class='ocrx_word' id='word_1_853' title='bbox 2130 5677 2239 5725; x_wconf 88' lang='lat' dir='ltr'><strong>tota</strong></span> <span class='ocrx_word' id='word_1_854' title='bbox 2267 5667 2784 5726; x_wconf 88' lang='lat' dir='ltr'><strong>catechumenorum</strong></span> <span class='ocrx_word' id='word_1_855' title='bbox 2811 5670 3227 5728; x_wconf 89' lang='lat' dir='ltr'><strong>erudiendorum</strong></span> <span class='ocrx_word' id='word_1_856' title='bbox 3259 5668 3415 5727; x_wconf 80' lang='lat' dir='ltr'><strong>ratio.</strong></span> <span class='ocrx_word' id='word_1_857' title='bbox 3460 5670 3551 5729; x_wconf 80' lang='lat' dir='ltr'><strong>Vi-</strong></span> 
     </span>
    </p>
   </div>
   <div class='ocr_carea' id='block_1_115' title="bbox 1956 5761 3541 5841">
    <p class='ocr_par' dir='ltr' id='par_1_115' title="bbox 1956 5761 3541 5841">
     <span class='ocr_line' id='line_1_115' title="bbox 1956 5761 3541 5841; baseline 0.003 -22"><span class='ocrx_word' id='word_1_858' title='bbox 1956 5762 2114 5821; x_wconf 82' lang='lat' dir='ltr'><strong>vendi</strong></span> <span class='ocrx_word' id='word_1_859' title='bbox 2142 5778 2335 5820; x_wconf 80' lang='lat' dir='ltr'><strong>novam</strong></span> <span class='ocrx_word' id='word_1_860' title='bbox 2366 5761 2594 5822; x_wconf 77' lang='lat' dir='ltr'><strong>formam</strong></span> <span class='ocrx_word' id='word_1_861' title='bbox 2615 5763 2977 5840; x_wconf 80' lang='lat' dir='ltr'><strong>suscipiebant</strong></span> <span class='ocrx_word' id='word_1_862' title='bbox 3015 5762 3258 5822; x_wconf 87' lang='lat' dir='ltr'><strong>initiandi</strong></span> <span class='ocrx_word' id='word_1_863' title='bbox 3286 5762 3541 5841; x_wconf 68' lang='lat' dir='ltr'><strong>(Meum,</strong></span> 
     </span>
    </p>
   </div>
  </div>
