3990 6060
236 5762 289 5807 τι

404 159 475 217 59
1453 152 1821 210 DODWELLI
1861 148 2317 210 DISSEBTATIO
2354 147 2769 207 CYPRIANICA
3646 156 3720 211 40

405 268 668 333 Ειειιδίηη
718 283 765 323 c.
798 265 912 340 I7).
944 266 1016 324 Et
1035 264 1251 338 quidem
1281 266 1334 321 in
1366 280 1430 321 ea
1462 274 1606 322 totus
1643 275 1729 323 est
1755 266 2008 321 Clemens
2035 268 2079 327 Α
2112 280 2231 320 mus
2263 280 2358 320 vos
2385 276 2511 320 ante
2560 265 2865 332 consulere,
2892 272 2999 320 etc.
3028 282 3047 318 ι
3083 265 3226 337 Ergo
3255 274 3311 321 et
3340 265 3572 324 clericus
3602 280 3725 326 erat

405 358 825 428 Alexandrinus,
862 362 913 415 in
941 358 1320 429 antiquissimo
1361 358 1499 429 ejus,
1556 359 1697 429 quod
1751 359 2011 415 habemus

406 454 587 522 hodie,
622 470 787 523 opere
817 452 1172 519 catechtnico,
1192 451 1495 524 Pwdagogu
1525 452 1809 507 videlicet.
1844 453 2014 507 Erant

404 549 565 605 etiam
582 549 633 603 in
651 548 962 604 Petrotnate
980 546 1100 602 libri
1121 546 1344 601 rituales
1363 545 1638 600 initiandis
1663 546 1876 616 legendi
1904 545 2011 616 pri-

406 656 572 707 tuum,
588 639 785 697 deinde
797 638 1138 695 describendi
1156 637 1291 711 (Id.,
1308 639 1379 693 ib.
1394 678 1407 699 ,
1426 640 1606 707 0.10).
1627 638 1691 693 Et
1713 639 1928 710 quidem
1944 639 2013 695 de

403 734 652 804 baptismi
678 733 892 801 ritibus,
924 732 992 789 de
1023 734 1263 798 συντάξει
1287 741 1343 788 et
1369 734 1638 797 ἀποτάξει,
1657 733 2013 788 conversione

400 824 467 880 ad
491 821 753 881 orientem
775 822 1239 894 occidentemque,
1261 834 1393 892 etc.,
1414 825 1523 894 agit
1549 826 1602 878 in
1624 823 2011 881 Catcchesibus

399 919 513 975 suis
541 918 778 993 Cyrillus
803 919 1330 990 Hierosolymitanus
1357 918 1575 988 aliique.

475 1012 612 1085 5H.
645 1042 717 1052 -—-
743 1010 1155 1067 Observandum
1183 1010 1419 1080 denique
1463 1011 1527 1064 ad
1558 1009 1795 1066 officium
1842 1009 2011 1082 hypo-

402 1104 724 1162 diaconatus
768 1114 1046 1176 Spectasse
1094 1104 1244 1159 illum
1277 1103 1611 1160 audientium
1645 1103 2007 1159 doctoratum.

404 1196 548 1253 Idem
593 1196 789 1267 Optato
842 1196 1156 1251 doctoratus
1208 1196 1570 1262 audientium,
1645 1196 1787 1266 quod
1849 1196 2010 1253 lectio

406 1292 600 1347 Saturo
621 1290 688 1346 ad
707 1292 933 1362 gradum
954 1290 1174 1346 lectoris
1198 1289 1591 1361 promovendo,
1620 1288 1784 1346 futuri
1815 1306 2010 1361 nempe

402 1385 562 1441 officii
595 1386 860 1456 praevium
889 1386 1343 1455 experimentum.
1368 1384 1426 1439 In
1475 1384 1840 1440 Alexandrino
1882 1409 2010 1441 κατ·

405 1486 670 1554 ηχήσεως,
711 1479 826 1535 sive
865 1480 1009 1558 ἱερῶν
1034 1480 1215 1553 λόγων,
1245 1477 1584 1549 διδασκαλείῳ
1634 1477 1775 1533 idem
1817 1494 2011 1533 munus

406 1572 741 1645 presbyteris
769 1570 1004 1627 fortasse
1045 1585 1431 1642 nonnunquam
1463 1572 1815 1640 assignatum.
1870 1568 2010 1624 Pan-

2117 358 2369 413 Aurelius
2395 368 2445 413 et
2477 359 2780 414 ordinatus.
2819 378 2838 409 ι
2865 357 3190 426 Merebatur,
3226 360 3421 429 inquit,
3461 362 3583 418 talis
3612 364 3726 419 cle-

2122 454 2248 508 ricte
2279 452 2939 508 ordinationisinferiores
2982 451 3200 523 gradus.
3227 471 3247 504 ›
3284 452 3415 508 Erat
3462 454 3622 525 igitur
3669 464 3728 513 et

2118 542 2205 599 hic
2262 543 2480 614 quidam
2525 544 2723 615 gradus
2771 544 2982 600 clerica:
3036 544 3410 600 ordinationis.
3466 546 3720 604 Rursus:

2122 654 2140 687 ι
2165 635 2317 691 lIunc
2351 635 2534 706 igitur,
2567 638 2762 692 fratres
2782 636 3120 693 dilectissimi
3151 679 3166 705 ,
3193 655 3223 693 a
3247 654 3335 695 me
3355 651 3410 695 et
3438 654 3467 694 a
3499 640 3725 712 collegis

2114 730 2204 799 qui
2239 738 2536 799 pt-zcscntes
2566 730 2812 795 aderant,
2854 729 3162 785 ordinatum
3194 731 3408 798 sciatis;
3437 732 3580 805 quod
3626 749 3724 790 vos

2114 825 2228 878 scio
2255 833 2308 878 et
2338 824 2570 878 libenter
2596 824 2872 895 amplecti,
2901 835 2956 881 et
2988 834 3177 895 optare
3215 826 3349 881 tales
3381 828 3433 882 in
3476 826 3722 884 Ecclesia

2116 922 2298 968 nostra
2318 915 2580 985 plurimos
2598 915 2860 972 ordinari.
2890 937 2908 969 ι
2937 918 3008 973 De
3030 917 3281 975 Celerino
3299 919 3370 973 ita
3395 919 3497 991 Ep.
3520 937 3720 991 xxxw,

2114 1004 2337 1076 dignum
2403 1022 2525 1063 esse
2566 1008 2729 1064 dicit:
2764 1027 2781 1060 ι
2840 1009 2908 1066 Ut
2951 1010 3041 1081 qui
3086 1010 3394 1068 sublimiter
3442 1013 3721 1072 Christum

2114 1099 2400 1156 confessus
2421 1110 2586 1168 esset,
2615 1102 2823 1158 clerum
2849 1103 3196 1174 postmodum
3233 1102 3436 1161 Christi
3473 1107 3720 1164 ministe-

2114 1195 2209 1249 riis
2230 1194 2614 1251 ecclesiasticis
2635 1197 2945 1253 adornaret.
2974 1216 2993 1250 ι
3020 1197 3226 1255 Rursus
3248 1199 3496 1256 eumdem
3522 1221 3540 1253 ι
3563 1199 3711 1259 Cele-

2114 1289 2294 1345 rinum
2328 1289 2571 1359 fratrem,
2605 1292 2799 1364 inquit,
2834 1302 3101 1360 nostrum,
3132 1293 3422 1351 virtutibus
3444 1296 3646 1365 pariter
3662 1304 3722 1353 et

2113 1382 2354 1438 moribus
2384 1383 2705 1454 gloriosum,
2727 1385 2876 1441 clero
2894 1394 3083 1442 nostro
3107 1401 3215 1440 non
3262 1386 3496 1442 humana
3518 1386 3719 1443 suffra-

2110 1476 2346 1545 gatione.
2396 1476 2490 1531 sed
2520 1476 2702 1532 divina
2761 1477 3073 1548 dignatione
3118 1479 3489 1550 conjunctum.
3518 1500 3537 1532 ι
3570 1480 3718 1537 Idem

2115 1583 2291 1629 tamen
2317 1572 2418 1629 hac
2446 1575 2582 1644 ipsa,
2607 1591 2768 1647 quam
2792 1576 2846 1631 in
2870 1576 3121 1633 manibus
3146 1576 3430 1645 habemus,
3460 1577 3715 1650 epistola,

401 1673 601 1724 tamam
620 1665 781 1735 vulgo
808 1666 1120 1720 existimant
1145 1663 1312 1719 fuisse
1336 1663 1733 1759 presbyterum,
1764 1660 2009 1734 quamvis
2039 1674 2086 1734 Β
2115 1666 2371 1723 lectorem
2416 1667 2667 1739 Optatum
2716 1670 2863 1727 clero
2914 1670 3194 1728 dumtaxat
3246 1672 3552 1742 proximum
3593 1688 3718 1731 esse

403 1758 590 1814 nescio
635 1771 765 1813 sane
794 1765 1113 1813 veterumue
1163 1755 1430 1826 quispiam
1456 1754 1596 1810 "eum
1645 1755 1715 1809 ita
1766 1754 2008 1825 appellet

403 1851 657 1926 (Euseb.,
707 1850 845 1905 Hist.
897 1849 1069 1917 Eccl.,
1102 1866 1155 1912 v,
1189 1848 1293 1917 10;
1325 1865 1398 1917 Vl,
1433 1852 1489 1913 ‘5,
1518 1847 1605 1920 6).
1666 1837 2002 1904 Clementem

400 1944 519 2015 ejus
545 1945 596 2001 in
630 1960 696 2000 eo
718 1959 942 2000 munere
977 1957 1369 2008 successorem,
1427 1942 1799 2015 presbyterum
1854 1950 2007 1996 vocat

401 2038 710 2096 Alexander
732 2037 1252 2109 Hierosolymitanus
1274 2036 1570 2106 Episcopus
1600 2035 1809 2107 (Euseb.
1825 2077 1840 2102 ,
1864 2034 2002 2091 Hist.

403 2129 558 2197 βοείη
601 2146 678 2198 vi,
710 2128 825 2201 Ii).
862 2129 968 2187 Sed
995 2128 1211 2200 quando
1237 2129 1436 2198 scripta
1470 2137 1553 2183 est
1581 2128 1648 2183 ab
1696 2127 2005 2183 Alexandro

402 2236 465 2278 ca
495 2223 744 2293 epistola.
792 2222 903 2294 jam
934 2224 1262 2280 successisse
1308 2222 1516 2278 videtur
1558 2223 1609 2277 in
1662 2222 1778 2293 ejus
1828 2222 2002 2278 locum

406 2315 701 2388 Origenes,
733 2326 790 2370 ιιι
818 2317 1045 2386 proinde
1075 2332 1180 2372 non
1214 2325 1425 2372 constet
1454 2315 1686 2371 fueritne
1727 2317 2006 2388 presbyter

404 2423 526 2464 cum
556 2424 781 2464 munere
812 2409 905 2464 illo
933 2410 1050 2479 ipse
1077 2409 1410 2481 fungeretur.
1439 2408 1555 2464 Non
1583 2418 1761 2465 tamen
1786 2409 2007 2482 presby‘

406 2501 599 2556 teratui
623 2499 674 2555 id
706 2500 870 2557 fuisse
897 2517 1092 2557 munus
1126 2503 1438 2558 necessario
1465 2518 1732 2558 annexum
1770 2513 2001 2572 constat,

408 2593 551 2666 quod
579 2593 644 2651 ad
676 2592 807 2649 illud
856 2605 1076 2651 evectus
1122 2595 1286 2650 fuerit
1315 2611 1345 2651 a
1389 2596 1662 2652 Demetrio
1719 2596 2001 2667 Origenes,

406 2695 655 2744 octavum
708 2685 976 2743 decimum
1034 2688 1293 2745 duntaxat
1341 2689 1516 2745 relatis
1563 2705 1761 2745 annum
1817 2705 2003 2761 agens,

407 2797 513 2853 quo
532 2789 777 2852 tempore
798 2798 903 2837 non
926 2792 1138 2839 constat
1159 2783 1241 2839 vel
1263 2782 1608 2839 inferioribus
1632 2784 1846 2855 quidem
1873 2785 2001 2853 illis,

410 2891 547 2949 quos
585 2892 685 2948 pro
714 2878 882 2934 sacris
913 2876 1132 2943 habent,
1180 2877 1454 2933 ordinibus
1501 2877 1666 2934 fuisse
1713 2879 2000 2935 initiatum.

410 2971 847 3044 I’resbyteratum
876 2980 1082 3028 certum
1119 2979 1223 3038 est,
1257 2986 1362 3027 non
1390 2980 1518 3027 ante
1569 2973 1669 3027 iter
1711 2971 2002 3028 Achaicum

2110 1758 2262 1828 dicit,
2289 1762 2535 1834 interque
2550 1778 2646 1819 eos
2669 1775 2918 1821 numerat
2938 1765 3029 1836 qui
3050 1765 3117 1821 ad
3139 1765 3344 1822 clerum
3366 1766 3713 1837 parabantur.

2109 1853 2180 1909 Et
2211 1855 2262 1910 in
2293 1855 2537 1926 epistolis
2574 1857 2691 1929 ejus
2721 1858 2803 1915 vel
2824 1858 2959 1935 Icleri
2984 1858 3227 1923 nomine,
3254 1859 3342 1916 vel
3389 1859 3455 1914 ad
3485 1859 3710 1927 clerum,

2109 1948 2269 2017 datis,
2297 1967 2557 2023 nusquam
2588 1954 2827 2009 occurrit
2849 1953 3079 2009 aliorum
3112 1954 3317 2010 mentio
3354 1963 3713 2025 prmterquatn

2109 2043 2551 2115 presbyterorum
2601 2054 2765 2117 atque
2794 2046 3168 2102 diaconorum.
3221 2045 3352 2114 Quis
3399 2061 3505 2103 non
3566 2047 3714 2103 videt

2107 2153 2268 2210 quam
2296 2139 2429 2194 cleri
2462 2141 2681 2196 nomine
2721 2155 2864 2198 nunc
2916 2141 3092 2197 laxius
3115 2150 3320 2205 utatur,
3365 2156 3510 2197 nunc
3555 2142 3714 2197 stric-

2110 2237 2235 2300 tius,
2264 2249 2361 2304 pro
2383 2250 2533 2290 more
2550 2235 2760 2301 szeculi,
2786 2236 2952 2307 utqui
2985 2251 3091 2291 uno
3120 2251 3286 2293 sensu
3313 2235 3502 2292 clerici
3529 2234 3711 2306 appel-

2108 2325 2308 2394 lantur,
2331 2328 2458 2395 sint,
2489 2326 2557 2382 ad
2574 2327 2707 2384 alios
2728 2328 2774 2384 si
2802 2328 3172 2397 conferantur,
3192 2329 3344 2385 laicis
3359 2328 3709 2385 accensendi?

2107 2417 2255 2473 Idem
2277 2418 2344 2474 de
2374 2420 2767 2477 recentioribus
2815 2421 3070 2478 Ecclesia:
3092 2422 3390 2478 canonibus
3415 2422 3708 2478 observare

2109 2523 2439 2582 poteramus.
2486 2513 2595 2571 Sed
2650 2529 2750 2571 nos
2797 2514 2865 2571 de
2908 2516 3163 2587 Cypriani
3212 2515 3567 2587 temporibus,
3616 2522 3709 2570 aut

2108 2603 2272 2698 etiam
2319 2605 2731 2676 antiquioribus,
2785 2608 3272 2677 impmsentiarutn
3302 2623 3465 2680 agere
3494 2606 3699 2664 consti-

2108 2701 2330 2753 tunnus.

2184 2790 2211 2863 §
2256 2792 2341 2847 I3.
2370 2822 2441 2833 —-
2468 2792 2566 2847 Est
2589 2793 2750 2849 etiam
2784 2790 3158 2849 observatione
3188 2793 3384 2866 dignus
3412 2809 3531 2850 mos
3562 2795 3710 2852 illius

2113 2884 2299 2939 szeculi
2347 2884 2398 2939 in
2429 2885 2785 2955 legationibus
2831 2885 3230 2942 ecclesiasticis.
3265 2885 3435 2941 Erant
3461 2886 3605 2943 enim
3631 2887 3712 2942 di-

2108 2974 2348 3045 gnitatis,
2400 2986 2510 3031 tum
2561 2993 2749 3032 eorum
2795 2992 2825 3032 a
2866 2978 3085 3047 quibus,
3118 2988 3228 3032 tum
3255 2977 3322 3034 ad
3349 2994 3503 3051 quos,
3538 2981 3708 3035 mitte-

411 3064 513 3121 sub
541 3065 847 3122 Alexandro
876 3065 1100 3132 Severo,
1133 3065 1202 3120 ab
1236 3080 1303 3122 eo
1351 3065 1516 3122 fuisse
1544 3078 1876 3137 susceptum.
1913 3067 2001 3122 ld-
2036 3070 2081 3134 C
2115 3080 2322 3133 rentur,
2355 3069 2840 3126 observantissimi.
2893 3070 3074 3126 Prina
3124 3072 3377 3144 Cypriani
3415 3072 3612 3145 legatio
3640 3072 3709 3129 ad

412 3176 518 3232 que
543 3175 610 3217 eo
634 3159 862 3216 fortasse
900 3159 1129 3216 consilio
1158 3160 1461 3215 institutum
1492 3170 1598 3228 est,
1626 3162 1768 3233 quod
1821 3161 2011 3217 ﬁdeles

410 3255 656 3323 cumjam
678 3256 730 3309 in
757 3255 935 3329 sinum
963 3253 1223 3310 Ecclesiae
1246 3256 1481 3325 suscepti
1515 3255 1763 3323 fuissent,
1785 3256 2013 3325 proinde

412 3344 711 3413 doctorem,
762 3347 962 3403 habere
1009 3346 1314 3415 debuerint,
1369 3348 1462 3418 qui
1510 3348 1599 3404 vel
1654 3349 1706 3403 in
1752 3348 2011 3405 Ecclesiae

414 3441 768 3497 aestimatione
820 3451 966 3498 esset
1010 3440 1284 3498 sacerdos.
1344 3441 1424 3497 Ad
1488 3443 1796 3499 sacerdotes
1867 3444 2008 3499 enim

416 3533 743 3606 pertinuisse
789 3533 939 3589 illam
983 3533 1223 3589 scientia:
1269 3534 1519 3605 gratiam,
1558 3550 1662 3608 qua
1704 3536 2009 3593 donandum

418 3625 788 3684 Tertullianus
814 3626 952 3683 dixit
976 3642 1098 3683 esse
1138 3628 1438 3694 doctorem,
1472 3645 1504 3685 e
1548 3631 1746 3687 veteris
1797 3647 2013 3703 quoque

415 3716 551 3791 legis
575 3720 910 3792 praescriptio
934 3729 1191 3787 constat.,
1223 3719 1371 3786 Mal.,
1406 3732 1462 3787 ll,
1496 3722 1549 3776 7.
1582 3722 1675 3777 illa
1709 3722 1852 3777 enim
1899 3721 2011 3792 ipsa

418 3810 665 3868 scientia:
688 3827 821 3869 voce
848 3827 977 3869 usus
997 3821 1080 3868 est
1101 3813 1154 3868 in
1182 3828 1249 3868 eo
1269 3813 1411 3881 loco,
1440 3828 1546 3868 non
1575 3813 1734 3868 modo
1753 3823 1904 3868 vetus
1935 3815 2015 3869 in-

419 3915 630 3976 terpres
657 3905 974 3974 hodiernus,
999 3907 1095 3963 sed
1125 3908 1238 3979 ipse
1264 3923 1477 3978 quoque
1503 3907 1819 3980 Cyprianus.
1854 3907 2013 3969 Cate-

418 3999 702 4057 cltumeuis
731 4015 860 4057 vero
901 3999 1233 4067 erudiendis,
1278 4002 1367 4071 qui
1399 4010 1549 4057 extra
1600 4001 1891 4058 Ecclesium
1924 4003 2014 4059 siti

420 4104 625 4162 essent,
647 4094 777 4149 satis
806 4103 924 4150 erat
970 4093 1050 4149 vel
1103 4093 1288 4159 laicus,
1335 4108 1494 4165 quem
1539 4102 1738 4158 tamen,
1795 4095 2016 4151 honoris

421 4202 604 4255 causa,
635 4187 782 4243 clero
814 4188 1116 4258 proximum
1152 4186 1461 4257 .eligebant.
1519 4186 1822 4243 Praesertim
1868 4203 2011 4255 cum,

422 4297 490 4338 ex
515 4281 581 4336 iis
600 4295 720 4351 quae
743 4278 810 4334 de
827 4294 1018 4334 eorum
1048 4278 1314 4334 sententia
1340 4279 1588 4349 superius
1603 4279 2013 4351 disputavimus,

421 4384 635 4433 constet
660 4374 743 4430 vel
778 4374 965 4444 vulgus
993 4371 1411 4428 Christianorum
1459 4373 1528 4426 ita
1574 4374 1846 4428 extraneis
1891 4371 2014 4441 (ιιιί-

2115 3156 2389 3216 Romanos
2418 3176 2514 3231 per
2537 3160 2896 3218 Clementium
2925 3161 3357 3233 hypodiaconum
3385 3165 3550 3220 missa
3583 3174 3705 3233 est;

2115 3253 2271 3322 cujus
2302 3253 2635 3310 mentionem
2684 3253 2945 3310 habemus
2974 3255 3072 3326 Ep.
3108 3271 3188 3323 ιιι,
3217 3271 3291 3322 tv,
3323 3272 3412 3312 xv.
3467 3256 3714 3313 Secunda

2119 3344 2235 3400 haec
2279 3352 2362 3399 est
2389 3344 2456 3399 ad
2486 3345 2691 3400 clerum
2720 3361 3003 3400 romanum
3036 3361 3134 3416 per
3163 3346 3417 3403 Saturum
3448 3347 3712 3405 lectorem

2116 3437 2474 3507 Optatuutque
2499 3435 2950 3509 bypodiaconum.
2986 3436 3227 3494 Meminit
3256 3441 3355 3493 hac
3383 3437 3497 3509 ipsa
3530 3439 3626 3508 Ep.
3659 3447 3715 3494 et

2114 3546 2263 3598 xxix,
2290 3546 2457 3586 xxxrt.
2492 3529 2695 3596 Tertia,
2722 3530 2789 3586 ad
2817 3532 3066 3587 eumdem
3094 3533 3297 3588 clerum
3327 3547 3425 3602 per
3444 3532 3714 3588 Fortunaa

2116 3633 2227 3680 tum
2259 3624 2689 3696 hypodiaconum
2715 3665 2730 3687 ,
2777 3623 2880 3695 Ep.
2924 3640 3053 3680 xxx.
3097 3624 3296 3691 Quarta
3339 3623 3622 3680 Novatiani
3645 3623 3715 3680 ad

2115 3714 2440 3788 Cyprianum
2473 3717 2540 3772 de
2565 3717 2908 3774 ordinatione
2932 3733 3027 3774 sua
3058 3733 3153 3788 per
3172 3716 3459 3773 Maximum
3491 3717 3713 3789 presby-

2117 3817 2326 3874 terum,
2376 3817 2431 3865 et
2472 3808 2794 3880 Augendum
2846 3808 3152 3875 diaconum,
3208 3808 3504 3864 Machmum
3553 3810 3717 3866 etiam

2115 3900 2399 3971 quemdam
2430 3908 2590 3972 atque
2611 3900 2931 3972 Longinum,
2963 3902 3052 3972 qui
3083 3900 3237 3971 cujus
3261 3900 3468 3957 ordinis
3497 3902 3715 3968 fuerint,

2119 4008 2226 4049 non
2271 4002 2504 4062 constat,
2551 3995 2653 4067 Ep.
2682 4011 2791 4050 xu.
2826 3994 3023 4062 Quinta
3066 3994 3321 4067 Cypriani
3354 4011 3478 4052 cum
3507 3995 3717 4069 synodo

2117 4088 2185 4144 ad
2202 4089 2584 4160 explorandam
2606 4089 3259 4148 Corneliiordinationem
3285 4107 3379 4163 per
3398 4090 3718 4148 Caldonium

2119 4178 2580 4253 Fortunatnmque
2608 4183 2913 4254 episcopos,
2947 4184 3044 4253 Ep.
3075 4199 3186 4251 xu,
3236 4198 3368 4253 xui,
3398 4199 3525 4239 xm.
3555 4182 3719 4241 Sexta

2117 4273 2374 4347 Cypriani
2395 4276 2639 4347 priVatim
2660 4277 2729 4333 ad
2750 4276 3063 4333 Cornelium
3088 4292 3185 4348 per
3212 4277 3545 4334 Pritnitivum
3569 4294 3721 4349 pres-

2121 4369 2391 4441 byterum,
2439 4369 2541 4441 Ep.
2593 4386 2704 4426 xu.
2761 4371 3001 4442 Septima
3047 4371 3303 4441 Ejusdem
3345 4372 3413 4428 ad
3465 4372 3719 4429 eumdem

422 4467 608 4525 busvis
634 4467 921 4523 sanctitate
951 4465 1332 4536 praecelluisse,
1356 4472 1417 4519 ut
1436 4473 1619 4520 essent
1642 4465 1856 4531 merito,
1875 4464 1918 4519 si
1948 4452 2092 4532 ad‘D
2119 4477 2216 4533 per
2243 4462 2485 4519 Mettium
2526 4463 2978 4536 hypodiaconutn,
3041 4474 3098 4520 et
3142 4465 3503 4535 Nicephorum
3534 4466 3717 4537 acoly-

421 4560 542 4620 illos
559 4560 956 4627 conferrentur,
987 4575 1084 4631 pro
1109 4558 1478 4615 sacerdotibus
1503 4557 1755 4614 habendi.

498 4656 526 4729 §
558 4654 646 4711 l2.
666 4685 739 4696 —
758 4652 1166 4710 Observandum
1201 4653 1440 4722 insuper,
1472 4667 1538 4707 cx
1563 4650 1751 4706 eodem
1779 4650 1881 4706 hoc
1907 4650 2017 4722 Cy-

424 4748 602 4822 priani
625 4747 767 4811 loco,
801 4746 1034 4802 lectores
1059 4744 1220 4800 etiam
1247 4754 1405 4816 atque
1429 4743 1830 4816 hypodiaconos
1856 4760 2020 4815 gene-

424 4840 529 4899 rali
550 4840 872 4898 clericorum
919 4837 1073 4893 titulo
1116 4836 1348 4893 censeri.
1382 4836 1435 4893 ld
1474 4851 1606 4893 sane
1655 4838 1847 4904 innuit,
1899 4853 2018 4893 cum

425 4950 522 5008 per
550 4935 781 4991 clericos
826 4932 893 4990 ad
933 4948 1213 4990 romanum
1253 4931 1456 4987 clerum
1506 4930 1848 4986 scribendum
1901 4946 2022 4987 esse

424 5030 575 5096 dicit,
604 5044 777 5100 eaque
797 5029 910 5098 ipsa
938 5028 1007 5085 de
1032 5042 1218 5092 causa,
1252 5026 1507 5082 lectorem
1536 5024 1705 5080 fuisse
1740 5024 2020 5090 Saturum,

427 5122 861 5197 hypodiaconum
885 5136 1013 5176 vero
1038 5122 1294 5191 Optatum
1322 5134 1352 5173 a
1379 5118 1821 5174 seconstitutum.
1849 5114 2023 5173 Simili

427 5218 677 5289 exemplo
702 5214 1012 5271 Felicianus
1036 5214 1316 5289 acolythus
1332 5212 1562 5268 clericus
1587 5213 1782 5268 dicitur
1801 5212 1899 5283 Ep.
1928 5227 2017 5267 Lv.

427 5312 579 5381 Quod
607 5310 863 5368 etiamad
907 5310 1136 5366 lectores
1161 5310 1374 5376 attinet,
1426 5307 1515 5378 qui
1565 5314 1741 5362 tamen
1796 5305 2020 5363 inferior

427 5414 545 5464 crat
572 5404 1001 5477 hypodiaconatu
1030 5400 1249 5472 gradus,
1280 5408 1491 5458 constat
1522 5398 1661 5454 idem
1686 5413 1754 5455 ex
1778 5398 2019 5470 ejusdem

427 5496 673 5570 epistolis
697 5495 766 5553 de
810 5493 1031 5552 Aurelio
1058 5502 1115 5549 et
1154 5491 1403 5548 Celerino
1444 5494 1512 5548 ad
1543 5490 1805 5546 honorem
1859 5490 2024 5548 lecto-

427 5599 575 5647 ratus
598 5605 628 5644 a
653 5605 714 5647 se
742 5586 1029 5660 provectis.
1050 5585 1125 5641 De
1144 5583 1366 5641 Aurelio
1383 5584 1454 5640 ita
1467 5583 1675 5650 scribit,
1707 5583 2023 5655 Ep.xxxut:

433 5701 454 5741 ι
477 5681 534 5745 In
564 5680 994 5743 ordinationibus
1021 5678 1254 5749 clericis,
1298 5679 1491 5737 fratres
1511 5677 1835 5751 charissimi,
1882 5679 2020 5737 sole-

2122 4557 2293 4624 thunt,
2330 4556 2431 4628 Ep.
2482 4572 2610 4624 xui,
2665 4573 2817 4625 xutt,
2842 4574 2988 4616 thv.
3019 4556 3218 4614 Octava
3246 4558 3482 4615 Cornelii
3510 4559 3577 4615 ad
3618 4557 3721 4633 Cy-

2125 4652 2367 4719 prianum
2418 4665 2512 4721 per
2558 4651 2875 4722 Augendum
2921 4650 3331 4722 confessorem,
3375 4651 3475 4724 Ep.
3528 4668 3714 4708 XLVIII.

2124 4744 2293 4813 Quem
2343 4756 2519 4801 tamen
2566 4746 2656 4803 ille
2684 4747 2862 4802 locum
2910 4746 2963 4802 in
3015 4747 3258 4804 Ecclesia
3289 4747 3719 4804 obtinueritnon

2126 4838 2315 4909 liquet.
2345 4836 2497 4894 Noua
2551 4839 2841 4895 Antoniani
2871 4839 2939 4895 ad
2965 4839 3292 4912 Cyprianum
3343 4856 3438 4912 per
3461 4839 3720 4907 Quintum

2128 4930 2524 5003 presbyterum,
2562 4924 2660 5002 Ep.
2704 4948 2793 4987 ur.
2852 4933 3065 4990 Decima
3107 4934 3341 4989 Cornelii
3385 4933 3451 4988 ad
3494 4931 3721 5006 Cypria~

2128 5040 2257 5080 num
2281 5042 2375 5097 per
2396 5026 2647 5081 Saturum
2674 5028 3007 5100 acolythum,
3036 5028 3134 5100 Ep.
3192 5044 3278 5084 LV.
3306 5026 3599 5084 Undecima
3625 5026 3723 5099 Cy-

2128 5116 2301 5187 priani
2331 5117 2395 5173 ad
2423 5116 2734 5174 Cornelium
2765 5134 2859 5191 per
2889 5119 3220 5175 Felicianum
3251 5119 3582 5193 acolythum,
3614 5118 3718 5189 Ep.

2128 5209 2250 5265 ead.
2301 5209 2626 5268 Duodecimn
2673 5212 2951 5285 Pomponii
2994 5212 3234 5284 episcopi
3282 5213 3349 5268 ad
3394 5213 3719 5285 Cyprianum

2124 5319 2247 5360 cum
2273 5306 2480 5378 synodo
2505 5321 2599 5377 per
2627 5307 2916 5364 Paconium
2945 5309 3187 5376 fratrem,
3221 5308 3321 5378 Ep.
3351 5324 3477 5373 tht;
3505 5305 3599 5361 scd
3624 5320 3726 5360 nec

2126 5399 2242 5469 ejus
2271 5398 2502 5470 dignitas
2531 5411 2881 5457 memoratur.
2904 5400 3094 5456 .Tcrtia
3126 5400 3333 5457 decima
3359 5398 3726 5454 Ecclesiarum

2129 5493 2491 5550 Asturicensis
2514 5503 2568 5549 et
2596 5495 2948 5552 Emeritensis
2978 5512 3072 5567 per
3111 5497 3397 5567 episcopos
3422 5508 3549 5548 suos
3581 5490 3726 5545 Feli-

2128 5602 2246 5643 cem
2273 5596 2327 5643 et
2358 5587 2639 5655 Sabinum,
2672 5586 2845 5658 Epist.
2903 5604 3085 5646 vant.
3133 5590 3186 5645 in
3235 5602 3298 5645 ea
3336 5601 3497 5642 causa
3528 5599 3630 5656 qua
3657 5582 3728 5637 de

2132 5680 2250 5751 ipso
2280 5681 2452 5738 fuerat
2490 5680 2803 5754 episcopatu
2834 5682 3210 5759 disceptatum.
3254 5679 3538 5759 Subt‘Ogati
3578 5674 3726 5743 enim
