3990 6060
222 237 297 294 ιι

1281 256 1294 266 ·
1355 232 1447 292 DE
1471 231 1944 290 PRESBYTERIS
1984 228 2432 288 DOC'I‘ORIBUS.

3475 234 3550 293 ‘2

221 359 393 408 erant
432 348 489 404 hi
522 347 577 402 in
617 345 769 402 locos
814 343 1078 400 Martialis
1120 351 1177 399 et
1204 343 1456 400 Basilidis
1486 345 1837 402 Libellatieo-
1866 352 1919 413 Α
1945 345 2201 411 obierint,
2243 343 2446 399 factum
2478 342 2528 398 id
2555 357 2665 399 non
2687 350 2771 399 est
2801 342 2902 399 nisi
2930 341 3228 409 rarissime,
3263 343 3553 417 causisque

221 466 380 510 rum.
412 447 612 517 Quarta
644 443 854 501 decima
880 462 894 498 :
919 442 1100 511 Quinti
1131 441 1382 512 Episcopi
1410 441 1743 497 Mauritania:
1772 441 1840 497 ad

223 542 563 615 Cyprianum
594 539 881 610 primatem
922 551 1015 607 per
1044 535 1341 591 Lucianutn
1390 535 1526 591 forte
1555 536 1840 607 presbyte-

222 652 378 700 rum,
408 634 514 705 Ep.
536 650 681 689 uxr.
709 632 905 703 Quinta
928 630 1137 686 decima
1161 648 1175 685 :
1204 628 1484 702 Cypriani,
1516 630 1610 685 sed
1655 632 1841 697 totius,

224 741 289 787 ut
319 730 537 786 videtur
559 771 576 794 ,
623 727 884 783 Ecclesiae
908 724 1159 781 africana:
1189 724 1407 779 nomine
1431 765 1446 786 .
1476 724 1542 779 ad
1573 722 1846 778 Firmilia-

227 838 365 883 num
390 819 751 893 Cappadociae
779 818 1118 890 primarium,
1154 826 1213 871 ut
1240 815 1475 880 videtur,
1504 817 1842 886 episcopum,

226 932 331 989 per
352 913 713 985 Rogatianum
733 909 1044 971 diaconum.
1076 908 1174 980 Ep.
1205 924 1366 965 Lxxv.
1398 907 1569 963 Serua
1598 905 1843 963 decima:

230 1007 477 1065 Tandem
507 1005 811 1076 eademque
837 1002 1024 1057 ultima
1071 1000 1326 1074 Cypriani
1372 1000 1544 1070 ipsius
1589 1000 1641 1054 in
1685 998 1848 1055 exilio

229 1101 345 1175 jam
372 1100 662 1158 constituti
689 1098 758 1153 ad
806 1097 1044 1166 collegas
1067 1096 1254 1151 itidem
1278 1093 1567 1164 episcopos
1595 1091 1847 1147 eosdem-

236 1212 350 1269 que
376 1198 429 1250 in
461 1192 698 1250 metallis
728 1200 1013 1246 versantes
1035 1231 1052 1256 ,
1089 1204 1183 1259 per
1213 1186 1512 1242 Victorium
1547 1184 1847 1240 Herenniu-

240 1304 371 1344 num
420 1285 880 1359 bypodiacouum,
923 1281 1222 1347 Lucanum,
1249 1280 1618 1335 Maximumet
1644 1279 1851 1333 Aman-

239 1383 383 1437 tium
413 1378 709 1451 acolytbos,
737 1376 839 1446 Ep.
872 1390 1099 1440 Lxxvut,
1126 1389 1307 1438 LXXIX,
1337 1389 1504 1429 Lxxx.

327 1473 356 1545 ᾖ
386 1472 472 1529 14.
497 1469 735 1526 Notanda
761 1480 943 1524 autem
971 1468 1059 1521 illa
1086 1466 1338 1538 Cypriani
1357 1466 1552 1522 verba:
1582 1482 1601 1516 ι
1630 1463 1695 1519 Ει
1721 1477 1855 1534 quo-

241 1566 394 1623 niam
411 1565 651 1636 Oportuit
670 1577 757 1618 me
778 1577 876 1633 per
900 1560 1132 1616 clericos
1158 1560 1424 1624 scribere,
1456 1578 1474 1611 ι
1497 1567 1603 1615 etc.
1632 1556 1712 1612 Ex
1738 1556 1856 1627 qui-

238 1658 348 1718 bus
372 1666 602 1724 constat,
629 1671 729 1728 pro
756 1655 939 1711 saeculi
971 1654 1116 1710 illius
1146 1669 1298 1710 more
1315 1695 1329 1719 ,
1362 1652 1658 1724 legationes
1681 1648 1857 1705 eccle—

1944 440 2147 511 alioqui
2172 437 2529 511 gravissimis.
2564 438 2620 493 lo
2647 438 2913 509 legatione
2938 437 3099 493 tertia
3119 437 3350 503 decima,
3386 452 3552 493 causa

1945 532 2232 588 manifesta
2266 540 2370 586 est.
2421 530 2477 585 In
2507 529 2693 600 quinta
2722 530 2884 585 etiam
2918 529 3107 585 facilis.
3145 529 3276 584 Erat
3295 529 3437 584 enim
3469 528 3553 585 in-

1948 636 2030 683 ter
2055 626 2343 697 episcOpos
2394 624 2804 695 disceptandum
2832 623 3146 681 Cornelium
3182 637 3342 694 atque
3372 623 3554 679 Nova-

1950 720 2175 773 tianutu.
2209 718 2347 783 Erat
2379 717 2543 772 etiam
2569 716 2637 771 de
2665 716 2861 772 litteris
2899 715 3143 771 formatis
3186 716 3239 772 in
3276 725 3555 789 posterum

1948 810 2143 866 dandis
2186 812 2515 875 cavendum,
2548 825 2777 880 quarum
2807 824 2970 864 omne
2996 811 3377 866 comtttercinnt
3421 809 3563 865 inter

1948 901 2087 957 alios
2137 916 2243 956 non
2296 909 2417 956 erat
2461 916 2621 970 quam
2669 900 2975 971 episcopos.
3023 898 3164 968 Quid
3192 900 3333 970 quod
3363 898 3558 972 synodi

1950 992 2207 1047 africana:
2235 992 2399 1047 etiam
2442 994 2620 1046 missa:
2661 1002 2809 1058 sunt,
2841 1003 2894 1048 et
2922 991 2987 1047 ad
3019 992 3310 1064 synodum,
3343 994 3561 1062 provin-

1952 1087 2049 1143 cia:
2082 1087 2338 1141 nimirum
2384 1087 2693 1157 episcOpos,
2740 1086 2808 1140 ad
2840 1102 2975 1155 quos
3014 1086 3293 1157 spectabat
3322 1085 3562 1157 episcopi

1954 1180 2163 1234 romani
2193 1178 2486 1234 ordinatio.
2514 1178 2717 1251 Synodi
2746 1179 2890 1234 cuitu
2920 1181 3159 1242 nomine,
3205 1179 3278 1233 uti
3324 1196 3352 1232 a
3384 1179 3563 1249 genti-

1954 1271 2085 1326 lium
2116 1286 2217 1327 usu
2247 1271 2314 1326 ad
2343 1271 2674 1327 christianos
2708 1272 3001 1338 emanavit,
3033 1271 3369 1326 sacerdotum
3392 1271 3563 1326 colle-

1954 1365 2039 1435 gia
2089 1380 2318 1453 qumque
2364 1363 2479 1419 sive
2530 1363 2898 1419 fraternitates
2943 1363 3305 1434 appellantur,
3351 1363 3463 1417 sive
3510 1362 3565 1417 in

1956 1456 2314 1514 convéntibus
2341 1499 2355 1524 ,
2397 1458 2518 1514 sive
2564 1461 2728 1514 etiam
2769 1457 2989 1529 singuli.
3025 1456 3136 1512 Nec
3164 1456 3362 1511 desunt
3402 1455 3565 1511 etiam

1957 1554 2099 1624 apud
2132 1554 2429 1610 ECf‘lBSfalll
2472 1553 2632 1623 hujus
2675 1552 3084 1624 significationis
3129 1550 3412 1622 exempla,
3442 1549 3489 1606 si
3513 1548 3569 1605 id

1959 1648 2432 1719 inprtesentiarutn
2463 1663 2704 1719 agerem.

241 1756 498 1812 siasticas
554 1768 659 1807 non
707 1751 829 1806 aliis
868 1765 1028 1818 quam
1070 1748 1283 1805 clericis
1314 1747 1482 1802 fuisse
1525 1742 1850 1801 credendas.
1882 1751 1931 1812 Β
2034 1741 2062 1814 §
2099 1742 2187 1798 15.
2215 1743 2292 1797 Ita
2320 1742 2537 1814 quidem
2581 1757 2640 1797 se
2662 1756 2753 1798 res
2785 1740 2970 1796 habuit
2995 1740 3255 1812 legatoria
3281 1749 3438 1795 a-tate
3462 1738 3571 1810 Cy-

240 1847 306 1904 Id
339 1846 540 1903 factum
570 1843 809 1901 fortasse
840 1852 1126 1914 propterea
1151 1857 1258 1912 quo
1284 1839 1457 1911 major
1485 1839 1620 1896 fides
1652 1838 1858 1892 nuntiis

244 1939 393 1995 ultro
444 1939 691 2008 citroque
740 1936 1043 1992 referendis
1087 1934 1395 1990 accederet.
1440 1930 1500 1987 1d
1548 1931 1672 1986 tulit
1710 1941 1859 1986 certe

246 2036 533 2106 aegerrime
563 2031 868 2105 Cyprianus
912 2046 1036 2087 cum
1089 2030 1189 2100 Ep.
1239 2045 1296 2084 ιιι
1334 2027 1467 2084 cleri
1497 2026 1706 2082 romani
1738 2039 1861 2079 sus-

246 2136 466 2200 pectam
498 2126 723 2181 haberet
743 2166 759 2193 ,
790 2125 1037 2180 laborare
1063 2124 1134 2178 ita
1163 2121 1405 2193 epistola:
1434 2119 1645 2176 clerica:
1674 2118 1856 2183 fidem,

246 2236 324 2277 ne
355 2218 636 2276 mendacio
662 2218 896 2273 fortasse
922 2216 1103 2287 aliquo
1130 2224 1186 2270 et
1210 2213 1399 2269 fraude
1421 2221 1675 2281 corrupta
1693 2218 1858 2266 esset.

247 2315 381 2375 Seio
410 2314 659 2387 equidem
708 2311 996 2384 epistolam
1044 2310 1297 2366 clericam
1333 2316 1440 2362 tam
1475 2303 1657 2360 vocari
1704 2315 1865 2373 posse

251 2412 408 2469 illam
438 2426 558 2483 quae
605 2425 636 2464 a
687 2408 835 2463 clero
864 2419 1092 2461 romano
1141 2403 1343 2473 scripta
1391 2408 1538 2455 esset
1581 2393 1710 2470 (Ep.
1742 2393 1863 2464 tv),

249 2523 419 2579 quam
449 2522 569 2577 qua:
596 2500 899 2559 Clementio
937 2496 1334 2571 hypodiacono,
1369 2493 1469 2564 ipsi
1511 2503 1728 2563 quoque
1757 2485 1870 2542 cle-

253 2599 404 2665 rico,
430 2597 608 2669 legato
637 2595 852 2650 tradita.
881 2591 988 2648 Sed
1018 2607 1146 2646 vero
1176 2587 1348 2643 nuntii
1372 2585 1477 2641 hoc
1500 2584 1552 2639 in
1578 2583 1701 2638 loco
1735 2579 1869 2635 fides

254 2691 437 2749 solius
462 2730 479 2756 ,
513 2704 623 2743 non
644 2688 772 2743 item
803 2687 890 2743 illa
917 2684 1270 2742 scribentium
1294 2722 1307 2746 ,
1342 2680 1395 2735 in
1424 2678 1649 2734 dubiant
1679 2683 1870 2731 vocata

260 2795 373 2843 est.
404 2784 545 2856 Ergo
572 2782 750 2838 clerici
783 2792 937 2837 erant
984 2778 1063 2834 illi
1103 2792 1317 2849 quoque
1341 2773 1503 2845 legati
1546 2772 1613 2827 de
1638 2783 1869 2843 quorum

258 2881 524 2953 dignitate
549 2879 704 2935 aliter
729 2894 835 2934 non
866 2884 1098 2932 constat.
1129 2874 1197 2929 Et
1220 2867 1486 2942 acolythi,
1513 2879 1564 2923 et
1592 2868 1639 2923 si
1660 2865 1751 2938 qui
1782 2862 1874 2919 alii

261 2976 589 3033 inferiorum
617 2972 873 3029 ordinum
903 2967 1159 3033 ministri,
1191 2963 1488 3035 legationes
1514 2959 1771 3023 obierint,
1803 2955 1870 3010 il-

260 3068 348 3125 los
374 3082 593 3139 quoque
618 3068 761 3122 inter
790 3063 1043 3126 clericos,
1073 3058 1178 3114 hoc
1204 3058 1322 3128 ipso
1348 3055 1508 3110 etiam
1532 3058 1874 3124 argumento,

1962 1835 2157 1906 priani.
2191 1835 2363 1890 Erant
2414 1834 2583 1891 etiam
2632 1835 2907 1889 nonnulla:
2942 1832 3214 1905 Cypriano
3243 1832 3574 1903 antiquiores

1963 1929 2263 2000 legationes
2288 1928 2357 1983 ad
2389 1930 2635 1984 eamdem
2661 1927 2889 1984 formam
2917 1943 2983 1981 ex
2996 1942 3218 1997 pressat.
3247 1926 3480 1997 Legatus
3508 1924 3578 1980 ab

1965 2025 2278 2083 Alexandro
2327 2022 2819 2095 llieroSolymitano
2868 2021 3107 2077 antistite
3155 2019 3396 2092 (Euseb.,
3429 2018 3572 2073 Hist.

1965 2120 2117 2185 εδει,
2149 2134 2224 2183 vr,
2258 2117 2346 2189 ll)
2388 2116 2589 2170 missus
2628 2125 2708 2169 est
2742 2112 3005 2168 Ecclesia:
3030 2111 3383 2167 Antiochena-
3411 2111 3575 2166 totius

1966 2212 2142 2285 Syriae
2167 2211 2435 2282 primariae
2468 2208 2578 2281 (cui
2600 2217 2654 2264 et
2680 2206 2865 2263 Judtca
2894 2205 3151 2260 attributa
3179 2202 3285 2276 est)
3318 2204 3577 2259 Clemens

1968 2308 2374 2365 Alexandrinus
2420 2305 2737 2375 presbyter,
2781 2301 2876 2356 sed
2903 2301 3073 2356 solus.
3106 2299 3272 2354 Plane
3299 2298 3366 2352 ad
3395 2313 3583 2353 exem-

1972 2404 2116 2476 plutn
2159 2399 2440 2472 legationis
2467 2406 2675 2468 quartae
2706 2394 2955 2450 decimae.
3001 2392 3235 2464 Legatus
3280 2400 3401 2446 erat
3429 2404 3578 2446 mar-

1973 2505 2149 2569 tyrum
2218 2492 2633 2562 lugdunensiom
2665 2486 3150 2555 viennensiumque
3199 2483 3265 2538 ad
3318 2482 3580 2538 Eleuthe-

1973 2603 2092 2643 rum
2141 2600 2422 2640 romanum
2469 2581 2778 2653 pontificem
2829 2578 3116 2651 presbyter
3170 2575 3404 2632 lreumus
3457 2574 3583 2645 (nec

1976 2680 2121 2735 enim
2153 2687 2237 2734 est
2280 2674 2422 2747 quod
2452 2676 2769 2747 episc0putn
2800 2672 2951 2725 illum
2979 2682 3105 2725 tunc
3137 2668 3401 2738 temporis
3424 2667 3587 2723 faciat

1977 2769 2315 2840 Blondellus)
2336 2770 2449 2839 ipse
2466 2768 2650 2823 itidem
2667 2765 2811 2820 solus
2836 2762 3074 2834 (Euscb.,
3096 2760 3232 2814 Hist.
3250 2761 3397 2824 eccl.,
3425 2776 3477 2824 ν,
3498 2760 3579 2828 lt).

1978 2867 2218 2921 Aliarum
2253 2863 2599 2933 legationum,
2635 2869 2693 2915 ut
2719 2868 2871 2932 puto,
2902 2872 3007 2912 non
3043 2854 3309 2910 habemus
3332 2852 3585 2925 exempla

1979 2974 2152 3031 usque
2167 2958 2234 3012 ad
2254 2968 2496 3024 tempora
2522 2950 2805 3026 Polycarpi
2822 2961 2984 3020 atque
2998 2947 3187 3020 lguatii
3203 2947 3222 3018 (
3241 2945 3356 3000 Vid.
3385 2943 3587 3010 Vales.,

1984 3053 2112 3109 Not.
2144 3053 2196 3106 in
2228 3052 2398 3107 locum
2430 3047 2680 3117 Eusebii).
2731 3044 2842 3100 Illae
2873 3043 3055 3114 itaque
3097 3049 3156 3095 ut
3182 3056 3240 3096 se
3269 3038 3588 3102 habuerint,

264 3172 585 3221 numeratos
633 3160 805 3218 fuisse
844 3171 1066 3214 necesse
1113 3162 1216 3209 est.
1249 3150 1476 3206 Notatur
1517 3148 1678 3203 etiam
1709 3143 1877 3215 pluri-
1902 3146 1949 3212 C
1980 3161 2081 3216 age
2106 3142 2487 3212 despiciamus.

265 3273 387 3314 mas
437 3255 741 3328 legationes
790 3250 1003 3307 duobus
1050 3246 1243 3319 legatis
1294 3243 1464 3298 fuisse
1517 3238 1877 3302 commissas,

269 3353 577 3425 prasertim
638 3346 1056 3404 transmarinas.
1114 3339 1269 3410 Quod
1341 3335 1486 3395 enim
1547 3332 1881 3389 Novatiauus

270 3423 505 3516 quatuor
554 3439 791 3507 miserit,
839 3437 892 3493 id
939 3432 1333 3493 benevolentia:
1382 3426 1664 3499 captanda:
1710 3423 1883 3495 gratia

272 3539 479 3595 factum
499 3551 620 3593 esse
643 3531 928 3608 probabile
953 3539 1057 3586 est.
1088 3528 1233 3583 Idem
1265 3525 1495 3580 fortasse
1521 3520 1589 3575 de
1615 3516 1885 3589 legatione

276 3630 349 3687 ad
372 3606 661 3700 .martyras
704 3621 1048 3680 statuendum
1072 3662 1087 3687 ,
1120 3624 1350 3690 quatuor
1380 3613 1507 3669 illos
1542 3611 1751 3681 legatos
1799 3606 1882 3662 vel

278 3727 339 3782 in
388 3732 684 3796 martyrum
715 3720 981 3775 honorem
1011 3729 1133 3771 esse
1159 3712 1378 3777 missos,
1430 3707 1517 3762 vel
1548 3704 1692 3776 quod
1722 3702 1888 3757 variis

279 3820 336 3875 in
370 3818 505 3873 locis
534 3794 818 3886 martyres
864 3806 1142 3865 constituti
1172 3810 1357 3860 essent
1379 3841 1396 3866 ,
1441 3799 1527 3854 vel
1572 3811 1678 3868 quo
1711 3794 1892 3865 plures

278 3911 542 3969 adessent
568 3907 691 3963 fidei
724 3914 892 3962 testes
934 3902 987 3958 in
1029 3898 1289 3957 Ecclesia:
1318 3891 1683 3965 eleemosyuis
1708 3888 1892 3946 distri—

279 4004 540 4064 buendis.
572 4002 743 4058 Erant
769 3997 936 4062 enim,
966 3996 1020 4051 in
1044 3995 1133 4050 illa
1162 3992 1323 4049 etiam
1355 3998 1537 4056 aetate,
1567 3985 1767 4054 alioqui
1798 3999 1895 4038 au-

282 4114 412 4164 rea,
433 4094 591 4152 malae
614 4093 734 4149 fidei
752 4089 1002 4162 exempla
1017 4090 1070 4143 in
1088 4103 1149 4143 re
1171 4083 1500 4158 pecuniaria.
1527 4080 1675 4137 Talis
1698 4079 1891 4143 fuerat,

281 4193 342 4248 in
378 4189 492 4261 ipsa
531 4187 697 4244 etiam
723 4182 975 4242 Ecclesia
1015 4179 1252 4235 africano
1303 4177 1589 4249 presbyter
1634 4171 1893 4236 Novatus,

284 4284 397 4355 Ep.
426 4298 576 4341 χιιι.
623 4279 773 4336 Talis
815 4274 1207 4339 Felicissitnus,
1241 4271 1343 4341 Ep.
1371 4282 1595 4324 xxxvnt.
1626 4264 1771 4322 Talis
1797 4261 1894 4317 de-

287 4377 460 4448 nique
484 4375 632 4447 (quis
654 4369 974 4439 crederet!)
1026 4366 1370 4422 Nicostratus
1409 4362 1527 4431 ipse
1557 4359 1818 4414 diaconus
1846 4363 1901 4410 et

285 4471 600 4537 confessor,
628 4467 730 4537 Ep.
762 4479 948 4528 xum,
971 4477 1123 4517 χιιι.
1158 4458 1215 4514 ld
1242 4457 1403 4512 etiam
1432 4450 1902 4510 animadversione

2058 3238 2087 3310 §
2143 3236 2233 3292 16.
2266 3234 2333 3290 Et
2359 3232 2575 3304 quidem
2616 3228 2844 3300 epistola
2877 3224 3133 3281 Ecclesia:
3163 3221 3492 3294 smyrnensis
3522 3218 3592 3276 ad

1984 3327 2440 3386 Philomelienses
2465 3325 2533 3379 tle
2556 3321 2812 3393 martyrio
2840 3316 3146 3389 Polycarpi,
3171 3316 3370 3385 scripta
3392 3321 3475 3369 est
3497 3329 3594 3384 per

1986 3423 2221 3480 Marcum
2240 3417 2523 3492 quemdam
2544 3416 2789 3479 fratrctn,
2814 3412 2879 3468 ad
2905 3411 3131 3466 formam
3155 3409 3438 3480 legationis
3454 3406 3617 3463 duo-.

1988 3519 2213 3576 decima:
2230 3531 2386 3585 quem
2407 3513 2605 3569 latinus
2622 3519 2777 3566 vetus
2795 3509 3062 3578 interpres
3076 3504 3395 3559 Martiannm
3416 3500 3597 3571 appel-

1990 3612 2085 3680 lat,
2105 3613 2173 3667 de
2193 3609 2347 3679 cuius
2370 3608 2422 3662 in
2448 3599 2705 3660 Ecclesia'
2725 3602 2847 3656 loco
2876 3599 3007 3654 nihil
3035 3605 3266 3652 constat.
3297 3595 3399 3650 Par
3423 3604 3508 3650 est
3526 3592 3597 3648 dc

1992 3704 2299 3763 Crescentis
2329 3703 2450 3758 loco
2470 3698 2765 3761 silentium,
2787 3702 2894 3765 q'no
2928 3692 3117 3748 nuntio
3145 3706 3273 3746 usus
3300 3689 3457 3745 estin
3482 3688 3596 3754 illa,

1993 3815 2153 3871 quam
2183 3795 2248 3852 ad
2281 3794 2658 3864 Philippenscs
2700 3788 2886 3851 dedit,
2920 3785 3160 3857 Epistula
3195 3784 3312 3854 ipse
3340 3783 3599 3855 Polycar—

1996 3908 2117 3963 pus.
2138 3888 2395 3961 Epistolas
2416 3883 2607 3956 lgnatii
2631 3880 2762 3956 (Ep.
2783 3882 2852 3935 ad
2875 3879 3085 3950 Smyrn.
3107 3922 3122 3946 ,
3147 3877 3175 3950 §
3197 3876 3284 3939 ως
3308 3875 3379 3929 ad
3399 3874 3600 3946 Epltes.

1964 3983 2173 4059 -§12).
2223 3982 2289 4038 ad
2341 3982 2691 4052 Smyrnatos,
2746 3973 3032 4045 Ephesios,
3083 3969 3599 4040 Philadelphienses,

1998 4076 2211 4132 Burrlio
2260 4073 2527 4137 diacono,
2585 4068 2681 4124 sed
2728 4067 2818 4136 qui
2875 4063 3144 4121 communi
3199 4062 3600 4132 Smyrntcorum

2000 4169 2467 4241 Ephesiorumque
2495 4161 2714 4216 nomine
2740 4158 2807 4211 ad
2837 4157 2986 4211 illutn
3020 4154 3213 4208 missus
3238 4153 3445 4218 fuerat,
3492 4161 3603 4207 tra-

2001 4264 2131 4318 dum
2153 4260 2420 4315 videntur.
2446 4254 2689 4323 Reliqua:
2710 4250 2794 4306 cui
2825 4246 3035 4303 tradita:
3062 4248 3168 4300 sint
3187 4285 3204 4310 ,
3233 4259 3340 4298 non
3360 4250 3604 4309 constat;

2002 4356 2099 4413 sed
2126 4352 2336 4410 Burrho
2362 4351 2527 4407 etiam
2557 4345 2800 4411 traditas,
2838 4350 2924 4397 est
2946 4355 3076 4396 sane
3102 4337 3392 4394 admodum
3419 4335 3606 4392 verisi-

2004 4450 2158 4506 mile.
2188 4444 2435 4503 Notanda
2476 4441 2619 4499 enim
2648 4436 2843 4509 lgnatii
2871 4436 3034 4490 verba
3080 4432 3130 4487 iu
3166 4431 3266 4502 Ep.
3299 4430 3365 4485 ad
3420 4430 3607 4500 Smyr-

584 4522 914 4633 praicipuum
935 4522 946 4528 Ι
966 4556 1284 4627 plerumque
1314 4550 1612 4620 legatorum
1644 4547 1711 4637 hy
1721 4543 1880 4615 podia

2006 4557 2177 4609 meos,
2205 4537 2258 4596 ὃν
2277 4536 2609 4596 ἀπεστείλατε
2637 4532 2746 4605 μετ’
2769 4532 2916 4602 ἐμοῦ.
2940 4525 3057 4582 Non
3082 4525 3240 4596 igitur
3256 4523 3324 4578 ad
3349 4522 3607 4594 lgoatium

2434 4631 2446 4637 -
2778 4624 2788 4635 ι
2986 4631 3019 4637 κ.
3058 4616 3294 4637 n.._,l.___
3324 4616 3452 4637 ['33.]
3516 4615 3587 4637 '.‘__

293 4634 501 4716 conum
529 4656 719 4719 fuisse,
769 4667 870 4708 nec
917 4666 1040 4707 eum
1071 4649 1294 4718 gradum
1337 4640 1658 4698 excessisse.
1692 4636 1770 4692 Ita
1803 4634 1904 4690 fuit

293 4756 357 4810 in
388 4750 677 4823 legatione,
709 4746 903 4817 prima,
933 4744 1192 4809 secunda,
1239 4739 1396 4796 tertia
1416 4777 1430 4802 ,
1471 4735 1721 4803 septima,
1755 4741 1908 4787 sexta

297 4846 538 4901 decima.
591 4840 746 4909 Quod
787 4839 833 4894 si
885 4834 1175 4908 aliquando
1218 4831 1469 4902 superior
1524 4826 1790 4900 quispiam
1844 4824 1913 4879 sit

302 4939 526 4999 missus,
559 4935 611 4990 id
641 4944 768 4990 tunc
795 4930 1111 5003 plermnque
1158 4925 1383 4996 contigit
1423 4937 1545 4978 cum
1575 4920 1765 4976 unicus
1793 4914 1916 4971 mit-

311 5038 558 5098 teretur,
592 5037 652 5083 ut
680 5025 890 5083 numeri
931 5023 1201 5079 defectum
1254 5020 1324 5075 ita
1367 5031 1615 5089 persona:
1657 5012 1915 5085 dignitate

311 5130 754 5193 compensarem.
773 5119 846 5174 Ita
873 5121 925 5174 in
960 5117 1251 5187 legatione,
1276 5126 1439 5178 nona,
1471 5119 1663 5181 quarta
1684 5104 1915 5168 decima,

308 5217 511 5290 quinta
530 5214 754 5271 decima.
780 5211 934 5282 Quod
957 5209 1116 5265 aliter
1137 5205 1467 5278 singulorum
1489 5200 1726 5265 nomina,
1756 5195 1917 5252 etiam

312 5307 600 5368 inferioris
622 5306 847 5373 ordinis,
881 5303 1197 5368 habeamus,
1241 5314 1347 5354 non
1388 5308 1473 5352 est
1504 5305 1681 5350 tamen
1709 5298 1918 5348 certum

314 5401 564 5474 singulos
595 5398 871 5455 dumtaxat
897 5397 1064 5452 fuisse
1094 5395 1309 5450 missos.
1341 5390 1488 5446 Idem
1517 5387 1771 5452 obtinuit,
1812 5397 1918 5438 non

318 5499 379 5555 in
406 5472 768 5568 legationibus
817 5492 977 5549 modo
1026 5483 1428 5549 transmarinis,
1487 5480 1583 5537 sed
1635 5489 1692 5534 et
1738 5479 1791 5532 in
1822 5472 1925 5529 illis

317 5608 539 5667 quoque
575 5609 700 5666 qua:
751 5586 1157 5663 provincialium
1202 5592 1387 5642 essent
1417 5579 1806 5651 EpiscOporum
1859 5571 1928 5628 ad

321 5687 728 5762 provinciarum
786 5684 1103 5757 primatem,
1162 5678 1335 5752 qualis
1384 5684 1504 5733 erat
1573 5673 1772 5745 legatio
1840 5666 1930 5722 illa

323 5791 524 5861 quarta
565 5780 796 5842 decima.
832 5777 988 5846 Quod
1018 5789 1148 5831 vero
1189 5770 1429 5845 episcOpi
1457 5768 1558 5843 ipsi
1606 5763 1934 5839 legationem

792 5872 1068 5935 ΡΑτιιει..
1100 5861 1177 5931 ν.

2006 4638 2324 4702 dumtaxat,
2352 4631 2450 4689 sed
2475 4644 2596 4685 cum
2624 4642 2692 4682 co
2720 4624 2918 4679 missus
2945 4631 3026 4676 est
3055 4616 3298 4674 Burrluts
3321 4616 3471 4686 (i’id.
3506 4615 3611 4682 Ep.

2008 4732 2076 4786 ad
2096 4728 2310 4802 Ephes.,
2332 4723 2460 4796 ἐξ),
2486 4732 2671 4777 comes
2698 4714 2910 4770 itineris
2928 4711 3162 4775 futurus,
3185 4715 3509 4776 nuntiosque
3534 4706 3613 4761 le-

2012 4796 2320 4896 gationibus
2351 4810 2641 4871 obeundis.
2672 4807 2788 4874 Quo
2818 4804 3036 4860 nomine
3058 4802 3216 4857 etiam
3247 4797 3509 4867 Ephesios
3553 4796 3618 4852 il.

2017 4888 2099 4970 los
2124 4913 2258 4968 alios
2284 4905 2412 4979 (Ep.
2438 4905 2507 4960 ad
2535 4901 2714 4965 Rom.,
2761 4898 2789 4970 ᾗ
2832 4894 2922 4966 l0)
2941 4936 2954 4958 ,
2989 4892 3248 4956 Crocum,
3278 4888 3611 4955 Onesimum,

2018 5007 2249 5079 Euplum
2278 5011 2437 5072 atque
2466 4996 2796 5051 Frontonem
2819 5030 2836 5054 ,
2870 4988 3061 5041 missos
3107 4991 3232 5050 puto
3254 5023 3267 5046 ,
3298 4991 3456 5052 atque
3481 4980 3618 5037 adeo

2021 5072 2130 5156 non
2157 5098 2292 5151 alios
2327 5106 2486 5163 quam
2531 5086 2652 5142 illos
2698 5079 2985 5154 pertulisse
3011 5074 3295 5146 epistolam
3326 5073 3393 5126 ad
3422 5072 3619 5127 Ruina-

2024 5208 2145 5251 nos.
2176 5187 2379 5246 Eodem
2409 5194 2632 5238 munere
2654 5175 2868 5230 functus
2884 5179 2966 5224 est
2985 5167 3137 5222 Philo
3159 5168 3320 5221 etiam
3340 5165 3620 5229 diaconus,

2025 5285 2163 5342 Cilix
2191 5279 2319 5353 (Ep.
2345 5276 2411 5331 ad
2439 5269 2766 5336 Pltifudelp.,
2791 5264 2819 5335 §
2848 5262 2958 5353 fl).
2982 5259 3088 5316 Sed
3123 5273 3221 5314 nec
3250 5257 3466 5313 Diaconi
3495 5255 3621 5322 soli,

2024 5376 2117 5434 alii
2146 5348 2306 5430 etiam
2338 5364 2580 5424 diaconis
2605 5355 2913 5428 superiores
2940 5350 3234 5422 legationes
3262 5360 3438 5404 tamen
3471 5348 3627 5404 obie¢

2022 5478 2155 5528 runt
2183 5476 2430 5534 tempore
2460 5452 2670 5529 lgnatii.
2700 5445 3049 5504 Houorabant
3070 5441 3325 5498 S-tnclum
3354 5440 3625 5513 (inquiunt

2031 5571 2281 5620 auctores
2302 5533 2521 5624 martyri
2537 5544 2727 5618 lgnatii
2753 5538 2972 5610 martyri
2990 5533 3178 5606 coaevi)
3203 5549 3298 5605 per
3317 5534 3598 5603 episc0pos
3612 5573 3628 5599 ,

2035 5655 2384 5732 presbyteros
2420 5653 2474 5701 et
2517 5640 2797 5701 diaconos,
2832 5631 2974 5688 Asia:
3018 5627 3249 5685 civitatis
3278 5632 3331 5679 ct
3372 5624 3627 5679 Ecclesia:

2039 5717 2220 5828 (fidit:
2258 5743 2456 5815 Πειρη,
2510 5754 2561 5811 p.
2597 5733 2676 5808 Ei).
2704 5729 2804 5807 Qui
2833 5733 2980 5786 certe
3026 5724 3140 5794 ipse
3170 5717 3463 5794 legationis
3509 5734 3623 5773 ιιιιιδ

3108 5814 3148 5880 2
