3990 6060
399 208 495 302 ἰδ
1386 232 1753 297 oonwncu
1789 226 2287 297 mssssam'no
2318 232 2742 299 CYPRIANICA
2780 215 2802 234 ’
3652 238 3730 307 tt

424 358 684 417 saeculum
716 356 937 416 omnino
965 356 1297 429 lgnatianum
1328 357 1506 429 sapit,
1531 372 1643 413 non
1684 355 1907 429 aliquod
1936 371 2028 412 re—
2054 356 2106 417 Α
2135 370 2195 413 se
2223 356 2505 429 haberent,
2554 368 2671 416 erat
2712 357 2899 430 utique
2936 354 3158 415 omnino
3199 356 3626 418 consentaneum
3671 369 3732 418 ut

424 455 658 511 centius.
690 452 749 513 Id
772 453 973 509 factum
999 466 1027 506 a
1057 451 1341 522 Magnesiis
1370 452 1527 507 testis
1557 453 1673 523 ipse
1699 460 1783 508 est
1810 451 2030 523 amplis-

425 549 595 605 simus
626 547 859 620 Ignatius
891 545 1019 619 (Ep.
1068 544 1135 598 ad
1162 544 1423 616 ﬂagitas,
1454 544 1484 618 §
1512 543 1594 616 2),
1645 559 1755 601 non
1804 545 2028 600 Damam

424 642 589 699 modo
618 656 809 697 eorum
836 637 1151 709 episcopum
1176 680 1192 707 ,
1225 638 1319 694 sed
1350 647 1405 694 et
1427 638 1781 712 presbyteros
1805 639 2030 696 Bassum

424 744 482 790 et
521 732 890 805 Apollonium,
920 741 974 787 et
1015 731 1301 787 diaconum
1332 731 1614 788 Sationem
1642 748 1831 790 secum
1860 731 2032 790 fuisse

420 827 691 900 Smyrnae.
752 826 924 897 Rogat
976 825 1070 880 ille
1113 826 1313 896 sazpius
1356 826 1649 893 Eeclesias,
1688 835 1745 881 ut
1796 826 2029 898 legatum

430 921 666 992 aliquem
689 918 970 974 mitterent
993 916 1379 973 conﬁrmanda:
1409 918 1524 973 sedi
1551 932 1666 974 suae
1689 917 2029 974 antiocbenac

424 1014 682 1087 episcopo
710 1011 1006 1067 destitutae.
1052 1010 1205 1067 Hunc
1236 1009 1329 1067 ille
1365 1024 1509 1067 nunc
1548 1009 1817 1088 θεοδρὸμον
1846 1010 2031 1083 appel-

421 1110 497 1165 lat
527 1106 651 1182 (Ep.
682 1106 751 1160 ad
781 1104 1089 1177 Polycarp.,
1122 1104 1150 1176 §
1177 1102 1255 1177 7),
1285 1118 1428 1162 nunc
1452 1105 1856 1182 θεοπρεσϐευτήν
1902 1103 2028 1177 (Ep.

424 1202 493 1256 ad
521 1200 759 1271 Smyrn.,
809 1198 984 1271 θη),
1026 1199 1183 1268 cujus
1229 1199 1476 1255 meminit
1505 1198 1669 1254 etiam
1713 1199 1768 1254 in
1816 1197 1920 1267 Ep.
1963 1195 2032 1253 ad

423 1293 800 1362 Philippenses
829 1289 1183 1362 Polycarpus.
1208 1289 1359 1357 Quos
1388 1304 1519 1346 vero
1548 1289 1657 1346 illae
1683 1289 1893 1360 legatos
1938 1289 2035 1346 de-

420 1385 702 1449 stinarint,
752 1383 993 1440 ostendit
1022 1383 1162 1439 idem
1196 1384 1570 1440 sanctissimus
1616 1394 1827 1456 martyr
1879 1383 2035 1456 lgna-

424 1478 535 1535 tius
560 1478 612 1532 in
646 1474 747 1548 Ep.
779 1475 847 1531 ad
897 1474 1439 1547 Philadelphienses:
1470 1478 1527 1534 Αἰ
1568 1476 1782 1553 ἔγγιστα
1815 1475 2032 1551 (inquit)

422 1570 684 1631 ἐκκλησίαι
722 1568 957 1643 ἔπεμψαν
1000 1569 1336 1638 ἐπισκόπους,
1370 1570 1424 1626 αἱ
1452 1569 1506 1626 δὲ
1532 1571 1920 1648 πρεσϐυτέρους
1946 1572 2034 1628 καὶ

424 1663 689 1725 διακόνους
728 1661 859 1733 (Ep.
905 1662 974 1715 ad
1005 1660 1424 1734 Philadelph.,§
1464 1660 1579 1735 10).
1626 1664 1951 1735 Dubitatque
1979 1664 2035 1719 in

2132 462 2240 505 non
2268 450 2402 507 alios
2429 452 2788 523 legationibus
2813 464 2972 523 quam
2994 452 3335 523 superion
3362 453 3609 511 ordinum
3636 452 3733 510 ad-

2134 542 2402 612 hiberent,
2432 544 2672 601 nondum
2698 544 2752 601 in
2778 544 3076 603 Ecclesiam
3108 545 3430 605 introductis
3458 548 3567 606 illis
3591 547 3731 605 infe-

2134 636 2335 693 riorum
2381 637 2633 694 ordinum
2677 637 2941 695 ministris
2982 638 3177 711 quibus
3220 652 3317 698 usa
3366 650 3453 699 est
3488 638 3735 700 Ecclesia

2128 739 2372 802 aetasque
2401 730 2675 804 Cypriani.

2208 822 2237 895 §
2269 824 2356 880 l7.
2390 824 2555 881 Plane
2589 824 2903 883 referebant
2929 826 3045 885 haec
3069 823 3346 902 lgnatiana
3373 830 3547 887 tctatis
3569 831 3732 888 etiam

2135 915 2445 985 apostolica:
2469 918 2842 974 recentissima
2869 921 3119 994 vestigia.
3151 918 3369 978 Illorum
3397 934 3560 995 opera
3586 938 3733 995 pras-

2134 1007 2291 1079 cipua
2322 1009 2373 1063 in
2401 1008 2822 1068 disseminandis
2852 1013 3053 1084 potius,
3082 1030 3242 1087 quam
3270 1015 3519 1094 regendis
3544 1010 3735 1074 Eccle-

2136 1101 2231 1156 siis
2256 1101 2518 1159 collocata
2546 1112 2649 1161 est.
2684 1103 2918 1162 Proinde
2960 1117 3386 1165 consentaneum
3425 1117 3545 1165 erat
3572 1119 3631 1165 ut
3650 1110 3735 1167 le-

2135 1195 2244 1265 gati
2261 1209 2420 1266 quam
2439 1195 2968 1256 honoriﬁcentissimi
2997 1200 3381 1273 deligerentur,
3406 1205 3732 1274 praesertim,
3767 1240 3791 1252 β

2137 1304 2261 1345 cum
2294 1290 2344 1347 id
2374 1290 2548 1362 ipsum
2593 1290 2871 1365 Evangelii
2911 1295 3244 1367 propagandi
3282 1310 3498 1363 munus,
3544 1313 3734 1355 eorum

2137 1384 2328 1441 fuisset
2366 1387 2636 1457 praecipue
2664 1387 2835 1459 quiin
2868 1389 3123 1461 primaria
3151 1399 3338 1447 essent
3362 1386 3625 1447 Ecclesiae
3648 1391 3735 1447 di-

2136 1477 2341 1548 gnitate
2387 1479 2698 1545 constituti,
2746 1481 2936 1550 quales
2964 1490 3121 1539 erant
3151 1481 3252 1552 ipsi
3280 1483 3546 1554 apostoli,
3573 1499 3738 1541 evan-

2134 1569 2363 1642 gelistte,
2396 1581 2500 1629 etc.
2533 1571 2815 1629 Habebam
2854 1573 3016 1647 igitur
3042 1573 3319 1643 Ecclesia),
3354 1584 3548 1648 praeter
3573 1576 3695 1633 illos
3720 1615 3738 1646 ,

2134 1665 2384 1736 primarii
2408 1665 2665 1734 nominis,
2682 1666 2883 1723 Christi
2905 1667 3200 1739 apostolos,
3220 1669 3349 1739 ipsae
3375 1684 3590 1741 quoque
3609 1685 3740 1728 suos

424 1771 487 1814 ea
517 1771 678 1828 quam
707 1753 940 1811 diximus
963 1754 1033 1809 ad
1057 1753 1444 1826 Philippenses
1465 1755 1705 1825 Epistula
1732 1756 1848 1828 ipse
1874 1755 2036 1829 Poly-
2066 1756 2117 1822 Β
2146 1769 2282 1828 quos
2316 1757 2506 1815 itidem
2536 1757 2883 1830 appellabant
2911 1760 3207 1831 apostolos,
3240 1771 3545 1833 propterea,
3577 1772 3636 1818 ut
3661 1762 3744 1818 vi-

424 1867 653 1924 carpus,
695 1852 886 1923 ipsene
935 1849 1263 1922 legationem
1294 1851 1496 1916 obiret,
1542 1865 1610 1906 an
1641 1851 1807 1907 alium
1852 1852 2035 1923 potius

424 1945 668 2009 mitteret
701 1941 980 2014 legatum.
1028 1942 1105 1996 Ita
1133 1957 1242 1998 non
1272 1950 1391 1999 erat
1418 1957 1446 1996 a
1475 1942 1599 1999 loco
1623 1943 1789 1999 etiam
1818 1944 2034 2015 episco-

422 2040 532 2111 pali
565 2038 800 2095 alienum
833 2046 891 2092 ut
918 2036 1019 2107 ipsi
1048 2035 1379 2107 legationum
1403 2051 1629 2094 munere
1658 2037 2031 2110 fungerentur.

424 2134 506 2188 Ex
532 2146 644 2204 quo
674 2130 836 2187 etiam
862 2130 1041 2185 obiter
1065 2138 1280 2184 constat
1301 2144 1463 2199 quam
1491 2145 1597 2185 non
1625 2128 1807 2197 fuerit,
1836 2146 1904 2187 eo
1927 2145 2034 2187 sm-

426 2227 573 2294 culo,
607 2222 849 2296 episcopi
878 2222 1116 2278 ofﬁcium
1150 2224 1220 2278 ita
1252 2223 1439 2291 ﬁxum,
1492 2233 1552 2278 ut
1598 2225 1806 2294 putavit
1835 2224 2036 2281 Salma-

426 2321 558 2378 sius.
601 2318 781 2389 Ipsnm
810 2317 988 2388 potius
1015 2316 1255 2387 episcopi
1284 2330 1480 2371 nomen
1517 2331 1546 2371 a
1574 2317 2033 2389 peregrinantium

426 2412 481 2468 in
508 2413 702 2483 graecis
723 2409 1031 2465 civitatibus
1057 2407 1238 2463 ofﬁcio
1265 2408 1608 2480 desumptum
1630 2418 1765 2466 erat.
1802 2409 1869 2466 Et
1896 2411 2033 2465 cho-

425 2506 740 2577 repiscopos
767 2501 1103 2578 περιοδευτάς
1152 2502 1426 2572 appellant
1466 2503 1754 2571 Canones,
1803 2518 2035 2575 quorum

426 2601 570 2658 idem
614 2613 742 2656 rure
769 2595 1008 2652 ofﬁcium
1042 2603 1204 2667 atque
1252 2595 1306 2650 in
1354 2594 1579 2651 urbibus
1629 2595 2032 2667 episcoporum.

428 2695 526 2750 Est
545 2701 723 2750 autem
755 2688 990 2767 περίοδος
1019 2690 1207 2744 eadem
1256 2688 1348 2743 illa
1374 2702 1480 2743 vox
1516 2703 1619 2760 qua
1663 2690 2032 2758 apostolorum

426 2784 892 2857 peregrinationes
921 2783 972 2836 in
999 2780 1398 2852 antiquioribus
1425 2779 1684 2837 Ecclesia:
1711 2794 2036 2836 monumen-

426 2879 501 2936 tis
535 2877 782 2935 denotari
825 2874 1139 2931 observavit
1166 2874 1283 2944 ipse
1325 2873 1642 2929 Salmasius.
1672 2872 1816 2928 Nihil
1847 2874 2030 2944 itaque

431 2980 581 3029 vetat
610 2968 831 3027 eosdem
859 2976 914 3025 et
940 2965 1216 3039 apostolos
1236 2964 1406 3022 fuisse
1435 2975 1490 3023 et
1518 2965 1825 3037 episcopos,
1853 2974 1908 3023 et
1934 2981 2035 3038 pe-

428 3063 698 3137 regrinari
724 3062 964 3134 potuisse
986 3073 1040 3116 et
1068 3059 1233 3116 certis
1260 3068 1441 3115 tamen
1473 3058 1734 3115 Ecclesiis
1774 3072 2031 3131 praeesse.

2139 1849 2317 1919 detur,
2347 1850 2491 1922 quod
2521 1851 2695 1907 nuntii
2719 1851 2882 1923 vulgo
2902 1852 3270 1922 mitterentur,
3300 1861 3361 1909 ut
3384 1862 3743 1926 repraesenta-

2139 1950 2281 2010 rent,
2300 1958 2332 1999 a
2361 1942 2556 2014 quibus
2583 1943 2948 2013 mitterentur,
2978 1943 3271 2001 Ecclesias.
3307 1944 3361 2000 id
3390 1946 3535 2001 enim
3565 1947 3742 2017 ipsum

2140 2035 2366 2091 innuere
2389 2035 2623 2104 videtur,
2657 2051 2717 2092 ea
2747 2044 2927 2103 astate,
2958 2037 3133 2107 ipsum
3160 2037 3493 2108 apostolatus
3520 2052 3740 2095 nomen.

2141 2129 2205 2184 Hi
2231 2129 2461 2201 apostoli
2502 2130 2844 2200 appellantur
2889 2131 3164 2187 ἀπόστολοι
3186 2130 3459 2191 ἐκκλησιῶν
3489 2129 3557 2205 (ΙΙ
3594 2130 3742 2201 Con,

2140 2237 2254 2286 vm,
2283 2220 2401 2295 25.)
2441 2221 2517 2276 lta
2542 2218 2953 2292 Epaphroditus
2978 2220 3409 2292 Philippensium
3438 2233 3554 2279 erat
3582 2237 3745 2293 apos-

2140 2316 2284 2371 tolus
2311 2314 2502 2389 (Phil.,
2524 2332 2583 2382 Il,
2612 2314 2731 2389 25.)
2758 2316 2892 2385 Quae
2916 2325 3096 2372 autem
3126 2316 3388 2373 beneﬁcia
3411 2316 3519 2373 illis
3545 2318 3744 2375 collata

2136 2418 2285 2473 sum,
2304 2423 2369 2465 ea
2398 2424 2505 2463 non
2536 2410 2589 2464 in
2617 2409 2739 2464 illos
2764 2409 2911 2464 solos
2932 2409 3026 2466 sed
3054 2412 3125 2472 εἰς
3148 2410 3428 2485 πρόσωπον
3444 2419 3543 2468 τῶν
3563 2413 3743 2471 Emin-
3788 2426 3799 2431 ‘

2142 2509 2263 2557 σιῶν
2293 2502 2598 2558 redundare
2647 2500 3032 2570 credebantur,
3066 2513 3351 2573 propterea
3392 2504 3535 2574 quod
3565 2503 3743 2560 eccle-

2139 2595 2247 2649 sias
2274 2593 2412 2661 illas,
2432 2603 2489 2649 ut
2512 2593 2642 2659 dixi,
2668 2604 3142 2664 reprmsenlarent.
3165 2594 3244 2649 Ex
3272 2610 3379 2667 quo
3391 2595 3743 2668 intelligimus

2141 2695 2397 2757 quantum
2427 2686 2693 2742 aberrarit
2717 2688 2784 2744 ab
2812 2687 3040 2758 apostoli
3068 2697 3252 2744 mente
3276 2691 3331 2743 in
3362 2687 3554 2744 borum
3580 2702 3741 2760 apos-

2142 2779 2375 2835 tolorum
2426 2780 2787 2849 explicatione
2827 2779 2985 2835 Walo
3016 2779 3333 2835 Messalinus
3358 2820 3372 2846 ,
3400 2795 3525 2836 cum
3548 2797 3746 2838 secun-

2140 2871 2323 2927 darios
2358 2870 2522 2927 hosce
2550 2872 2827 2942 apostolos
2864 2886 2894 2925 a
2928 2871 3201 2942 primariis
3238 2872 3436 2926 missos
3467 2872 3744 2931 existimat

2141 2962 2208 3017 ad
2234 2963 2512 3029 ecclesias,
2536 2975 2643 3017 non
2664 2964 2782 3018 vice
2802 2976 2956 3043 versa
2984 2962 3053 3017 ab
3080 2961 3328 3018 ecclesiis
3348 2962 3416 3016 ad
3437 2964 3739 3043 apostolos.

2142 3055 2198 3110 Id
2226 3059 2274 3112 si
2315 3055 2506 3113 fuisset
2535 3072 2744 3122 verum,
2775 3057 2843 3112 ad
2883 3057 3163 3132 Δπρόσωπον
3192 3056 3466 3117 ἐκκλησιῶν
3512 3058 3747 3116 attinere

430 3159 741 3217 Prmsertim
789 3172 910 3213 cum
959 3171 1065 3210 non
1094 3155 1164 3209 sit
1192 3154 1261 3210 de
1288 3154 1517 3209 aliorum
1542 3153 1911 3224 apostolorum
1940 3166 2034 3224 pe-
2059 3154 2107 3219 α
2141 3163 2249 3204 non
2294 3151 2467 3222 potuit
2523 3151 2733 3206 illorum
2775 3150 2865 3205 ille
2895 3148 3080 3206 cultus
3104 3193 3119 3218 ,
3156 3150 3251 3206 sed
3295 3165 3427 3207 vero
3456 3151 3522 3206 ad
3554 3165 3743 3208 eorum

430 3251 887 3324 regrinationibus
915 3264 945 3304 e
976 3247 1035 3304 S.
1069 3247 1220 3303 Pauli
1254 3246 1505 3318 exemplo
1533 3248 1897 3303 statuendum.
1926 3246 2033 3304 Re-

428 3345 564 3416 liqui
607 3354 756 3402 certe
792 3344 931 3398 intra
961 3349 1139 3398 certas
1170 3356 1293 3398 sese
1319 3352 1376 3396 ut
1406 3342 1696 3412 plurimum
1729 3343 2033 3413 provincias

430 3439 802 3503 continebant,
828 3436 929 3492 sub
959 3436 1102 3491 illius
1126 3434 1310 3491 smeuli
1336 3436 1519 3504 ﬁnem,
1547 3451 1667 3492 eum
1692 3436 1804 3507 jam
1832 3438 2036 3495 consti-

432 3542 562 3589 tutae
591 3539 774 3587 essent
817 3527 1083 3596 ecclesias,
1133 3535 1190 3583 et
1236 3527 1292 3582 in
1334 3527 1580 3584 ecclesiis
1615 3530 1876 3600 episcopi.
1912 3529 2033 3586 Non

434 3629 596 3700 longe
623 3627 691 3682 ab
737 3622 1122 3695 Hierosolymis
1151 3622 1522 3693 peregrinatus
1550 3622 1761 3680 videtur
1790 3624 1849 3681 S.
1876 3623 2033 3680 Jaco-

435 3722 558 3788 bus,
587 3722 795 3777 siveris
822 3717 1185 3773 monumentis
1232 3716 1525 3781 credimus,
1571 3718 1735 3772 etiam
1773 3717 2032 3774 Actorum

390 3856 403 3871 κ
434 3814 564 3872 illis.
592 3813 700 3868 Nec
725 3811 882 3883 longe
907 3810 975 3865 ah
1009 3809 1276 3880 llierapoli
1305 3807 1634 3880 Philippum,
1667 3824 1770 3866 nec
1797 3810 1866 3865 ab
1903 3810 2032 3866 Asia
2074 3798 2079 3807 ’

435 3904 810 3979 proconsulari
840 3900 1103 3959 Joannem
1131 3902 1444 3958 discessisse
1468 3901 1698 3958 innnunt
1722 3901 2034 3975 Polycrates

438 4007 495 4056 et
520 3998 775 4055 Clemens
796 3994 1216 4050 Alexandrinus.
1246 3992 1301 4047 lu
1334 3993 1417 4049 his
1442 3993 1701 4050 limitibus
1726 3993 1859 4049 nihil
1890 4000 2039 4050 vetat

436 4094 493 4149 in
534 4090 792 4147 Ecclesiae
822 4089 1093 4159 primaevae
1120 4087 1404 4157 disciplina
1444 4088 1570 4159 quin
1594 4088 1684 4143 alii
1707 4103 1921 4161 quoque
1943 4103 2039 4160 pe-

436 4186 701 4258 regrinari
723 4183 933 4255 possint
953 4181 1213 4254 episcOpi.
1238 4181 1377 4249 Quid
1405 4182 1545 4253 quod
1569 4182 1731 4238 etiam
1761 4182 1821 4238 S.
1838 4182 2039 4239 Paulus

444 4279 489 4352 (Ι
514 4280 653 4344 Cor.,
688 4293 755 4332 xv
777 4319 794 4346 ,
826 4275 913 4349 10)
955 4290 1079 4333 cum
1107 4290 1167 4332 se
1192 4274 1432 4346 reliquos
1462 4275 1737 4347 apostolos
1768 4275 1821 4331 in
1851 4276 2039 4333 labore

440 4386 727 4444 superasse
752 4368 1064 4437 contendit,
1097 4368 1150 4425 id
1197 4377 1345 4426 certe
1362 4368 1657 4435 manifeste
1689 4371 1897 4439 innuit,
1928 4385 2040 4426 non

441 4481 563 4523 esse
603 4465 933 4536 reliquorum
985 4462 1357 4534 apostolorum
1399 4462 1616 4519 labores
1661 4477 1692 4518 e
1737 4478 1835 4518 suo
1883 4463 2040 4519 unius

2141 3244 2318 3314 potius
2367 3259 2398 3299 a
2438 3244 2632 3314 quibus
2678 3244 2829 3298 missi
2879 3244 3109 3301 fuissent
3166 3245 3555 3315 apostolorum.
3604 3245 3745 3313 Quid

2138 3335 2282 3406 quod
2327 3335 2518 3390 durior
2568 3335 2659 3391 illa
2705 3336 2885 3391 omnis
2930 3337 3176 3393 videatur
3218 3337 3595 3409 interpretatio
3637 3351 3745 3410 qua

2139 3432 2415 3488 ἁπόστολοι
2462 3432 2735 3491 ἐκκλησιῶν
2775 3432 2987 3489 dicendi
3032 3442 3189 3489 erant
3236 3434 3327 3505 qui
3373 3434 3440 3489 ad
3486 3435 3748 3491 ecclesias

2138 3523 2458 3593 plantaudas
2489 3523 2643 3579 missi
2676 3536 2861 3581 essent
2899 3526 3082 3596 potius
3105 3540 3266 3597 quam
3299 3526 3375 3582 illi
3404 3528 3495 3599 qui
3523 3528 3592 3584 ab
3613 3527 3746 3599 ipsis

2142 3616 2294 3672 missi
2322 3615 2550 3673 fuissent
2578 3618 2849 3674 ecclesiis.
2893 3619 2985 3674 Dei
3017 3629 3165 3674 certe
3204 3617 3518 3691 Christique
3556 3618 3745 3691 appel-

2143 3710 2322 3765 lantur
2370 3710 2601 3781 apostoli
2647 3725 2754 3766 non
2796 3713 2886 3781 qui
2933 3710 3000 3766 ad
3052 3712 3220 3767 Deum
3247 3710 3613 3778 Christumve,
3647 3710 3745 3767 sed

2142 3805 2232 3876 qui
2259 3803 2329 3859 ab
2354 3803 2543 3859 iisdem
2590 3804 2900 3869 mittuntur,
2940 3810 2999 3857 ut
3041 3819 3179 3859 nova
3207 3816 3433 3875 prorsus
3475 3804 3748 3875 exemplo-

2144 3912 2249 3969 que
2277 3897 2427 3953 omni
2456 3896 2708 3952 destituta
2753 3895 2824 3950 sit
2851 3897 3119 3952 contraria
3152 3897 3243 3952 illa
3270 3897 3494 3954 locutio.
3526 3897 3610 3954 Ab
3648 3897 3749 3954 hac

2141 3992 2323 4062 potius
2370 3991 2633 4047 mittentis
2663 4004 2907 4061 persona:
2954 3992 3434 4062 repraesentatione
3458 3991 3748 4064 primario-

2145 4101 2263 4142 rum
2296 4101 2510 4159 quoque
2547 4086 2761 4143 videtur
2788 4086 3158 4157 apostolorum
3208 4088 3360 4158 origo
3409 4086 3747 4145 deducenda.

2144 4178 2458 4253 Principum
2489 4181 2757 4237 satellites
2787 4181 3041 4237 dicuntur
3062 4197 3290 4254 quorum
3319 4182 3373 4239 id
3401 4181 3634 4240 ofﬁcium
3664 4192 3753 4241 est

2147 4282 2202 4326 ut
2251 4273 2584 4342 principibus
2633 4286 2818 4327 coram
2863 4271 3071 4339 adsint,
3105 4286 3433 4346 semperque
3474 4275 3532 4330 in
3558 4289 3750 4332 eorum

2146 4371 2436 4434 conspectu
2456 4362 2835 4421 obversentur.
2860 4361 2993 4421 Inde
3010 4364 3185 4421 vultus
3206 4366 3508 4438 principum
3526 4366 3746 4432 intueri,

2144 4466 2310 4528 atque
2338 4456 2407 4512 ab
2450 4471 2641 4513 eorum
2680 4457 2919 4513 vultibus
2944 4456 3242 4527 procedere
3278 4456 3553 4514 dicuntur.
3599 4458 3751 4526 Quos

442 4558 691 4631 exemplo
718 4557 1087 4614 aestimandus.
1116 4557 1368 4626 Singulos
1394 4555 1463 4611 ab
1492 4555 1585 4609 illo
1608 4565 1893 4625 superatos
1920 4571 2041 4613 esse
2064 4552 2122 4620 Ι)
2146 4549 2330 4604 vultus
2363 4548 2637 4621 appellant
2665 4550 2988 4620 interpretes
3017 4550 3168 4604 latini
3190 4592 3204 4617 ,
3233 4563 3329 4605 eos
3366 4553 3502 4612 Ε’λὲ
3524 4564 3625 4621 pro
3650 4564 3753 4606 suo

442 4653 681 4724 apertius
707 4660 789 4707 est
811 4667 967 4723 quam
1005 4660 1063 4705 ut
1093 4650 1160 4705 de
1191 4664 1257 4705 eo
1279 4647 1512 4703 dubitari
1547 4648 1738 4719 possit.
1768 4646 1847 4703 Ita
1877 4648 2039 4703 etiam

443 4748 558 4818 ejus
578 4748 739 4802 verba
765 4746 991 4816 intelligi
1007 4751 1233 4816 possunt
1253 4752 1312 4797 ut
1332 4755 1523 4798 omnes
1541 4741 1781 4797 omnium
1804 4741 2041 4808 labores,

380 4852 385 4859 ‘
445 4843 605 4897 etiam
651 4842 907 4898 collectos
932 4881 946 4906 ,
991 4839 1151 4909 longo
1176 4845 1299 4907 post
1324 4849 1384 4891 se
1423 4835 1713 4892 intervallo
1741 4837 2041 4905 reliquerit.

439 4931 500 4991 ld
550 4935 594 4991 si
641 4950 830 4990 verum
873 4933 977 4996 sit,
1026 4930 1354 5000 reliquorum
1413 4930 1783 5000 apostolorum
1831 4931 2044 4987 labores

441 5041 655 5098 aequare
681 5032 929 5096 poterant
956 5021 1218 5093 episcopi.
1250 5019 1505 5092 Equavit
1532 5022 1761 5080 fortasse
1789 5023 2045 5098 Polyear-

440 5133 564 5191 pus,
597 5133 717 5174 cum
745 5132 775 5171 e
800 5115 1027 5185 Smyrna
1057 5127 1150 5168 sua
1171 5113 1399 5169 Romam
1428 5116 1529 5171 sub
1562 5116 1791 5173 Aniceto
1818 5124 2043 5174 conten-

441 5214 614 5279 deret,
646 5209 769 5265 inde
798 5208 1040 5264 fortassis
1067 5209 1119 5263 in
1152 5208 1380 5264 Galliam
1412 5208 1850 5281 Lugdunensium
1894 5212 2042 5268 illam

441 5302 936 5371 Viennensiumque
958 5302 1376 5357 Christianorum
1401 5304 1669 5359 coloniam
1687 5304 2040 5362 deducturus.

440 5394 597 5450 Nulla
628 5402 775 5448 certe
805 5394 1076 5463 primaevae
1126 5393 1382 5450 Ecclesim
1430 5394 1647 5451 indubia
1692 5407 2040 5454 monumenta

441 5484 667 5540 suadent
701 5482 859 5553 hujus
890 5482 1047 5539 unius
1074 5482 1286 5539 labores
1312 5485 1642 5557 reliquorum
1672 5490 2040 5558 apostolorum

440 5576 715 5632 laboribus
759 5575 925 5631 fuisse
977 5575 1282 5635 inferiores.
1326 5577 1509 5649 Longe
1557 5588 1735 5636 tamen
1780 5583 1932 5637 abest
1978 5591 2042 5638 ut

439 5667 759 5739 episcopalis
788 5669 952 5725 ofﬁcii
1004 5668 1142 5725 ﬁnes
1171 5672 1488 5740 excesserit,
1523 5673 1607 5729 vel
1641 5684 1698 5729 ut
1726 5688 1793 5731 eo
1818 5678 2039 5733 nomine

440 5761 588 5819 illum
615 5771 859 5821 veterum
897 5762 1162 5836 quispiam
1194 5763 1624 5836 reprehenderit.
1655 5768 1786 5835 Quae
1812 5783 1935 5826 cum
1966 5769 2037 5824 ita

2146 4642 2406 4700 idiomate
2434 4643 2654 4700 hebrrei.
2690 4642 2824 4698 Eam
2869 4656 3053 4699 vocem
3089 4644 3370 4719 πρόσωπον
3407 4642 3642 4699 reddunt
3671 4644 3755 4697 in-

2148 4746 2422 4808 terpretes
2460 4737 2645 4809 graeci.
2671 4734 2780 4793 Pro
2807 4750 2872 4792 eo
2898 4736 3201 4807 principum
3232 4750 3386 4792 more
3415 4735 3511 4792 Dei
3535 4749 3752 4806 quoque

2148 4832 2439 4904 praesentia
2478 4831 2807 4901 majestatiea
2846 4830 3027 4885 vultus
3054 4830 3315 4901 facieique
3344 4828 3672 4901 metaphoris
3696 4829 3754 4887 in

2151 4924 2429 4995 Scriptura
2459 4924 2834 4979 obumbratur.
2882 4921 3045 4977 Panis
3068 4920 3452 4995 propositionis
3491 4920 3646 4992 panis
3677 4921 3755 4976 fa-

2152 5017 2356 5073 cierum
2388 5016 2710 5087 appellatur,
2743 5029 2932 5070 eorum
2965 5029 3159 5086 nempe
3195 5015 3446 5087 proprius
3470 5013 3567 5084 qui
3598 5014 3753 5084 prin-

2151 5111 2331 5181 cipum
2382 5107 2785 5165 commensales
2844 5108 3057 5164 ﬁerent.
3090 5106 3324 5179 Angelus
3353 5104 3657 5176 praesentiat
3695 5106 3751 5162 in

2148 5202 2414 5274 propheta
2453 5202 2594 5257 idem
2637 5210 2721 5258 est
2754 5202 2845 5272 qui
2890 5201 2984 5257 Dei
3018 5201 3203 5256 faciem
3233 5200 3429 5256 intueri
3461 5199 3658 5255 dicitur
3697 5199 3755 5256 in

2150 5294 2467 5367 Evangelia.
2487 5294 2559 5351 Ut
2580 5303 2759 5349 autem
2783 5309 2882 5364 pro
2900 5294 3213 5349 nuntiorum
3235 5293 3494 5365 dignitate
3518 5293 3586 5350 de
3608 5291 3758 5363 prin-

2148 5389 2331 5460 cipnm
2377 5397 2493 5445 erat
2518 5387 2847 5444 contumelia
2873 5386 3246 5456 judicandum,
3293 5403 3360 5443 eo
3389 5385 3620 5458 graviori
3648 5399 3757 5456 quo

2151 5487 2372 5540 nuntius
2423 5483 2622 5539 fuisset
2674 5481 3025 5548 hunoratior;
3076 5482 3147 5537 ita
3197 5483 3242 5538 is
3296 5480 3517 5537 honoris
3553 5479 3757 5551 gradus

2149 5591 2394 5633 summus
2418 5586 2541 5631 erat
2563 5580 2607 5646 ,ἶ
2629 5575 2824 5646 siquis
2852 5584 2997 5630 esset
3027 5575 3080 5629 in
3123 5574 3428 5646 principum
3458 5579 3759 5644 conspectu

2146 5669 2638 5742 frequentissimus.
2661 5668 2764 5739 Qui
2789 5668 2952 5742 igitur
2977 5685 3009 5726 e
3036 5668 3297 5742 principis
3321 5666 3476 5723 vultu
3504 5680 3759 5738 egressus

2146 5762 2442 5833 diceretur,
2473 5762 2625 5823 illum
2662 5762 2711 5821 si
2740 5762 2860 5835 quis
2887 5762 3068 5820 minus
3108 5759 3410 5819 honoriﬁce
3446 5767 3756 5835 tractasset,
