3990 6060
207 238 293 304 εδδ

1301 244 1393 308 DE
1429 241 1913 311 PRESBYTERIS
1950 242 2405 314 DOCTORIBUS.
3463 260 3538 322 46

210 360 455 433 perinde
478 366 596 419 erat
621 371 688 420 ac
715 360 761 419 si
802 360 1104 435 principem
1139 363 1314 435 ipsum
1355 381 1538 424 coram
1575 376 1824 441 agentem

1944 376 2138 426 rentur.
2155 368 2340 439 Ἐδὸξε,
2359 376 2463 426 etc.
2487 368 2845 445 ἐκλεξαμένως
2861 370 3053 457 ἄνδρας
3068 374 3118 447 ἒξ
3130 377 3296 438 αὐτῶν
3310 380 3536 457 πέμψαι,

211 466 656 531 praesentemque
671 459 1112 529 contempsisset.
1129 456 1262 516 Cum
1288 462 1468 531 itaque
1482 477 1826 519 communem

210 552 321 608 sibi
340 556 510 621 atque
525 551 787 622 apostolis
810 550 1073 608 honorem
1092 551 1212 610 fore
1227 563 1705 627 contemptumque
1724 555 1829 611 Do-

213 644 405 701 minus
426 642 730 715 profitetur,
765 643 818 701 id
846 658 1040 717 nempe
1070 646 1244 703 innuit
1281 648 1335 702 in
1373 663 1561 705 eorum
1608 650 1830 705 nuntiod

212 748 344 795 rum
393 752 625 796 numero
675 737 956 795 habendos
1005 739 1095 811 qui
1141 749 1329 798 essent
1366 744 1471 799 ἀπὸ
1514 745 1825 819 προσώπου.

213 830 368 889 idem
407 846 541 904 ergo
584 830 654 889 de
684 831 769 888 his
809 832 1163 890 ecclesiarum
1192 835 1456 907 apostolis
1484 836 1829 893 statuendum

215 925 287 982 ab
310 925 670 982 ecclesiarum
696 925 851 998 quasi
870 924 1105 983 vultibus
1128 927 1319 995 fuisse,
1336 944 1459 985 cum
1478 929 1530 985 in
1548 937 1827 1001 utrosque,

219 1026 330 1075 tam
357 1019 625 1075 ecclesias
650 1018 903 1074 nimirum
928 1019 1074 1090 ipsas
1098 1062 1113 1089 ,
1144 1036 1303 1090 quam
1330 1021 1532 1078 missos
1563 1021 1630 1078 ab
1657 1020 1832 1078 eccle-

219 1110 319 1166 siis
342 1110 648 1182 apostolos,
675 1122 992 1167 communes
1010 1111 1385 1169 redundarent
1411 1112 1647 1169 honores
1667 1123 1833 1184 atque

223 1204 588 1269 contumeliae,
616 1203 770 1275 quasi
812 1218 978 1259 unam
1017 1204 1235 1275 utrique
1265 1205 1619 1278 eamdemque
1643 1220 1834 1276 perso-

226 1311 353 1353 nam
387 1298 739 1355 sustinerent.
768 1297 921 1365 Quod
950 1298 996 1355 si
1028 1308 1216 1355 verum
1237 1304 1405 1367 esset,
1435 1297 1579 1370 quod
1607 1305 1836 1355 conten-

222 1390 312 1446 dit
346 1391 680 1461 Salmasius,
709 1390 1067 1448 secundarios
1098 1391 1266 1449 hosce
1294 1392 1652 1449 ecclesiarum
1693 1406 1828 1463 apo-

223 1483 405 1541 stolos
430 1500 534 1541 non
557 1485 661 1541 alia
682 1484 751 1542 de
780 1500 946 1542 causa
973 1486 1140 1543 fuisse
1154 1485 1507 1544 ecclesiarum
1524 1502 1687 1558 quam
1708 1488 1832 1557 quia

219 1575 295 1633 ad
323 1577 583 1634 ecclesias
606 1577 930 1650 plantandas
956 1578 1305 1635 mitterentur
1329 1594 1345 1637 :
1377 1592 1487 1635 non
1526 1586 1674 1635 esset
1700 1592 1833 1635 sane

220 1682 320 1727 cur
348 1679 574 1742 possent
599 1687 633 1728 a
656 1672 933 1744 primariis
958 1672 1125 1730 etiam
1154 1673 1420 1746 apostolis
1452 1673 1558 1730 hoc
1588 1673 1707 1730 solo
1734 1688 1834 1729 no-

220 1767 374 1824 mine
400 1766 693 1863 distingui.
720 1766 831 1839 Ipsi
868 1768 1012 1863 enim
1044 1768 1122 1825 illi
1142 1765 1344 1824 Christi
1371 1768 1605 1840 apostoli
1631 1768 1698 1824 ad
1728 1767 1834 1863 hoc
1860 1801 1910 1863 B

222 1872 444 1934 quoque
472 1860 619 1917 idem
642 1860 1061 1933 plantandarum
1091 1862 1442 1919 ecclesiarum
1460 1876 1656 1919 munus
1680 1861 1833 1918 missi

218 1962 353 2010 sunt
376 1966 409 2011 a
433 1952 652 2010 Christo
677 1963 843 2025 atque
870 1954 1127 2012 destinati
1153 1948 1340 2028 (Eph.,
1374 1955 1448 2022 iv,
1473 1955 1562 2020 ii,
1591 1954 1680 2023 12,
1714 1952 1828 2028 i5).

218 2046 419 2105 Certos
440 2047 590 2105 enim
620 2056 677 2105 et
697 2048 801 2120 ipsi
828 2048 1105 2106 habebant
1130 2064 1200 2106 ex
1225 2058 1385 2120 pacto
1411 2049 1647 2117 κανόνας,
1678 2061 1745 2104 ne
1775 2049 1832 2103 in

221 2139 328 2201 hoc
355 2143 643 2201 inferiores
668 2143 1045 2200 existimemus
1075 2142 1427 2201 secundarios
1463 2143 1630 2201 hosce
1667 2143 1834 2199 fuisse

222 2236 526 2308 apostolos.
548 2236 706 2306 Quod
739 2250 873 2293 vero
900 2250 1097 2294 munus
1121 2238 1271 2294 illum
1312 2228 1664 2310 Epaphroditi
1696 2251 1832 2307 apo-

223 2330 480 2386 stolatum
514 2331 734 2402 proprie
756 2331 1038 2402 spectat-it,
1068 2346 1135 2388 ex
1162 2331 1353 2388 eadem
1393 2332 1484 2388 illa
1527 2331 1596 2388 ad
1628 2328 1835 2402 Philip-

223 2437 427 2496 penses
442 2422 687 2496 Epistula
708 2424 867 2481 facile
895 2425 1202 2497 colligimus
1233 2424 1426 2499 (μηδι,
1458 2430 1537 2493 tv,
1570 2423 1680 2497 i8).
1714 2422 1835 2478 Ha-

225 2516 319 2574 beo
348 2528 520 2573 autem
546 2520 739 2587 omnia,
765 2525 813 2575 et
827 2518 1033 2576 abundo
1058 2534 1077 2575 :
1105 2521 1335 2591 repletus
1360 2534 1494 2587 sum,
1522 2519 1745 2589 acceptis
1769 2516 1833 2572 ab

224 2608 595 2683 Epaphrodito
636 2625 748 2684 quur
784 2612 994 2668 misistis
1018 2653 1033 2678 ,
1060 2619 1181 2681 etc.
1219 2611 1356 2667 Rem
1394 2609 1558 2683 igitur
1579 2609 1835 2682 pecunia-

225 2704 377 2760 riam
415 2705 698 2776 spectabat
740 2704 827 2761 illa
854 2704 1077 2778 legatio.
1101 2703 1257 2773 Quod
1289 2708 1398 2760 non
1428 2703 1501 2760 ita
1531 2712 1714 2760 tamen
1744 2703 1830 2757 in-

226 2796 584 2869 telligendum
628 2804 765 2865 erat,
821 2801 1001 2870 quasi,
1039 2805 1258 2870 peracta
1286 2813 1349 2854 ea
1379 2797 1789 2869 dispensatione
1813 2836 1830 2864 ,

225 2887 297 2945 ad
320 2900 450 2946 suos
476 2902 509 2946 e
528 2891 752 2965 veStigio
772 2894 1198 2949 reverterentur.
1222 2891 1325 2962 Qui
1348 2892 1422 2947 ita
1446 2891 1598 2948 missi
1620 2898 1832 2961 essent,

226 2982 363 3040 alias
391 2980 592 3042 deinde
617 2985 922 3058 legationes
945 3028 962 3057 ,
990 2987 1106 3059 ejus
1143 2986 1210 3043 ad
1236 2998 1398 3059 quem
1428 2985 1579 3043 missi
1609 2988 1793 3043 essent
1814 3026 1831 3055 ,

228 3080 453 3137 nomine
482 3080 736 3138 obierunt
756 3123 774 3149 ,
802 3081 965 3155 idque
1005 3082 1061 3139 in
1090 3082 1414 3155 longinquas
1444 3095 1833 3154 nonnunquam

227 3172 503 3245 regiones,
555 3173 770 3248 quoties
815 3175 873 3231 id
912 3192 945 3233 e
979 3191 1043 3233 re
1072 3184 1217 3233 esset
1257 3176 1518 3233 Ecclesiae
1553 3173 1834 3232 catholicae
1860 3207 1905 3272 Ο

228 3268 463 3339 publica.
495 3269 573 3326 ita
598 3270 880 3342 apostolos
927 3269 1053 3327 illos
1091 3271 1446 3327 ecclesiarum
1491 3270 1838 3328 commendat

230 3360 529 3420 (hrintbiis
557 3376 589 3421 a
614 3380 677 3421 se
707 3360 1069 3437 proculdubio
1100 3380 1168 3423 eo
1198 3367 1414 3422 missos.
1444 3363 1513 3441 (II
1541 3364 1689 3432 Cor.,
1718 3381 1833 3436 vni,

226 3452 348 3528 24).
396 3454 474 3511 ita
521 3455 795 3528 Ephesios
839 3459 907 3513 ad
940 3471 1002 3515 se
1043 3456 1240 3515 missos
1268 3450 1496 3515 Romam
1535 3457 1839 3515 destinasse

228 3546 447 3606 videtur
473 3549 715 3623 ignatius
748 3550 880 3626 (Ep.
908 3553 977 3609 ad
1006 3553 1184 3620 Rom.,
1218 3554 1366 3627 ﬁn.).
1398 3554 1570 3609 Erant
1597 3552 1742 3610 enim
1773 3566 1840 3609 eo

228 3644 356 3717 ipso
370 3644 591 3703 consilio
617 3646 772 3704 missi
796 3650 933 3720 quos
952 3649 1398 3725 χειροτωοθέντας
1421 3648 1525 3705 ὑπὸ
1547 3648 1648 3705 τῶν
1667 3645 1841 3708 ἔκκλη-

229 3746 365 3796 σιῶν
403 3738 752 3815 άννεκδήμους
799 3736 947 3798 dicto
992 3743 1115 3801 loco
1146 3741 1213 3815 (ΙΙ
1260 3740 1402 3809 Cor.,
1437 3743 1569 3810 vni,
1604 3740 1696 3811 19)
1728 3753 1843 3796 πιθα

230 3840 415 3888 morat
464 3830 778 3905 Apostolus.
826 3831 957 3890 Inde
1011 3833 1365 3906 intelligimus
1395 3834 1614 3906 quinam
1661 3836 1844 3888 essent

230 3924 467 3997 apostoli
519 3924 826 4000 ὰυνὲκδημοι
877 3938 1110 3998 quorum
1180 3926 1515 3983 mentionem
1580 3923 1842 3981 habemus

233 4014 405 4091 (Ach,
423 4032 537 4087 xxx,
564 4018 660 4092 29)
683 4035 795 4078 non
822 4021 962 4077 alios
984 4022 1171 4092 utique
1198 4037 1361 4094 quam
1390 4021 1511 4089 hos,
1540 4034 1676 4091 quos
1701 4018 1843 4075 dixi-

234 4120 367 4169 mus
381 4112 678 4183 apOSIOIOS.
698 4110 867 4172 iidem
892 4116 1195 4177 συνέποντες
1213 4115 1346 4188 (Act.
1356 4156 1372 4183 ,
1397 4130 1488 4181 xx,
1512 4110 1596 4185 4);
1617 4112 1844 4176 συνεξελ-

229 4203 404 4268 θδνιέες
432 4204 595 4276 (Ach,
620 4214 733 4276 ινι,
759 4207 852 4279 3);
886 4210 1226 4276 συνελθὸντες,
1252 4208 1419 4280 (Act,
1447 4222 1539 4272 xv,
1566 4203 1682 4277 58),
1710 4218 1845 4276 quo-

237 4312 362 4353 rum
408 4297 478 4352 ad
528 4296 768 4356 officium
816 4302 890 4355 ita
924 4300 1229 4372 pertinebat
1258 4300 1389 4357 viris
1431 4297 1536 4355 illis
1578 4298 1847 4368 primariis

232 4392 574 4462 ministrare,
600 4403 685 4462 ut,
714 4394 765 4451 si
796 4394 886 4466 qui
910 4404 1279 4464 recesserant,
1300 4394 1379 4450 illi
1401 4393 1585 4451 ofﬁcio
1609 4391 1849 4449 defuisse

234 4487 706 4547 existimarentur.
734 4487 821 4549 ab
849 4487 1000 4547 hisee
1038 4503 1101 4546 se
1147 4488 1426 4549 desertam
1448 4532 1462 4556 ,
1511 4488 1565 4543 in
1602 4484 1849 4557 epistolis

1933 470 2036 520 etc.
2073 463 2237 537 (Ach,
2286 480 2376 532 xv,
2424 464 2542 539 22),
2586 468 2733 539 quod
2782 477 2839 526 et
2882 487 2941 528 re
2988 474 3104 546 ipsa
3141 478 3531 547 praestiterunt.

1931 570 1984 608 ν.
2027 554 2122 609 ‘25.
2148 555 2260 612 Nec
2306 557 2467 613 aliter
2521 556 2712 628 Judzci,
2762 578 2794 617 a
2842 564 3039 634 quibus
3091 569 3156 624 ad
3202 571 3532 631 christianos

1932 663 2219 705 emanasse
2243 650 2460 707 videtur
2484 652 2814 724 exemplum.
2841 655 2922 712 Illi
2949 661 3109 717 etiam
3139 661 3331 738 ἄνδρας
3359 670 3535 725 ἐκλεκ-

1932 743 2055 803 τοὺς
2081 741 2404 815 delegarunt
2446 744 2500 801 in
2540 760 2756 803 omnem
2808 757 3028 817 terram,
3060 756 3286 829 λέγοντες
3340 761 3539 839 αἳρεσιν

1936 831 2077 892 ἄθεον
2118 848 2440 916 χριστιανῶν
2470 844 2763 916 πεφηνέναι,
2795 852 2933 902 teste
2952 888 2966 912 ,
3001 863 3107 903 non
3138 866 3246 908 uno
3286 853 3342 908 in
3371 831 3493 911 Ιὸεο
3517 897 3535 925 ,

1936 926 1993 987 S.
2022 930 2235 990 Justino
2264 933 2498 1006 Martyre
2548 936 2784 1011 (Dialog.
2833 957 2950 997 cum
2995 940 3284 1016 Tryplton.,
3319 964 3373 1017 p.
3403 947 3536 1020 254,

1935 1039 1990 1089 ε,
2020 1023 2145 1092 555,
2176 1025 2253 1099 c).

2010 1116 2037 1189 ἓ
2080 1117 2167 1175 18.
2209 1117 2394 1191 Neque
2425 1137 2554 1179 vero
2594 1124 2898 1182 mirandum
2940 1130 3201 1200 apostolis
3232 1131 3349 1189 hazc
3394 1150 3538 1206 prm-

1936 1209 2138 1266 SIitisse
2167 1212 2461 1283 ecclesias,
2491 1231 2615 1271 eum
2655 1218 2819 1274 etiam
2851 1220 3079 1290 plebeiis
3107 1223 3418 1282 christianis
3448 1242 3537 1283 ea-

1936 1300 2058 1357 dem
2088 1307 2460 1377 prazstiterint,
2491 1311 2536 1366 si
2555 1311 2769 1382 quando
2792 1313 2845 1369 in
2868 1316 3030 1371 rebus
3050 1332 3165 1373 rem
3193 1317 3544 1378 christianam

1934 1393 2204 1465 publicam
2247 1400 2604 1458 attinentibus
2652 1417 3069 1475 occuparentur.
3120 1409 3253 1465 Erat
3286 1412 3543 1469 nimirum

1936 1502 2043 1544 non
2063 1489 2284 1548 minima
2302 1495 2706 1553 communionis
2730 1514 2854 1568 pars
2876 1499 2928 1554 in
2953 1500 3174 1573 hOSpitii
3198 1504 3320 1575 jure
3344 1507 3542 1577 posita,

1935 1595 2041 1652 quo
2061 1586 2485 1654 Spectantetiam
2510 1598 2757 1645 veterum
2773 1594 3182 1665 quamplurima:
3200 1596 3393 1655 litterae
3405 1614 3545 1656 com-

1936 1674 2288 1747 mendatitiae,
2313 1695 2542 1751 quarum
2569 1681 2637 1738 ad
2666 1683 3023 1743 imitationem
3044 1687 3239 1746 littera:
3255 1691 3420 1748 etiam
3448 1708 3544 1750 cc-

1936 1767 2254 1826 clesiasticm
2316 1770 2563 1828 formata:
2618 1787 2886 1849 suscepta:
2948 1791 3330 1854 conceptreque
3397 1796 3546 1844 sunt.

1938 1860 2250 1933 Hospitibus
2271 1874 2452 1921 autem
2476 1872 2941 1928 commorantibus
2963 1886 3210 1947 sumptus
3229 1879 3397 1948 gratis
3414 1895 3546 1951 sup-

1936 1954 2159 2025 peditati
2176 1965 2300 2011 sunt
2329 1956 2734 2017 discedentibus
2755 1965 2916 2022 xenia
2941 1965 3160 2033 donata,
3184 1978 3239 2025 et
3256 1973 3300 2026 si
3320 1988 3547 2029 necesse

1936 2055 2110 2114 esset,
2139 2050 2367 2107 comites
2400 2052 2611 2110 itineris
2653 2056 2845 2127 additi,
2873 2059 2919 2113 si
2950 2060 3087 2116 ultra
3116 2073 3299 2119 essent
3328 2066 3547 2136 profec-

1935 2141 2062 2196 turi.
2083 2140 2210 2198 Haec
2232 2158 2299 2199 ex
2321 2144 2715 2216 antiquissimis
2739 2148 2963 2207 Homeri
2992 2153 3240 2225 hospitiis
3261 2158 3551 2214 manifesta

1936 2241 2092 2301 sunt,
2121 2250 2243 2308 qua:
2284 2237 2341 2293 in
2385 2253 2568 2297 mores
2602 2240 2918 2301 Graecorum
2951 2251 3316 2307 recentiorum
3353 2251 3551 2309 deinde

1938 2328 2290 2386 transierunt.
2335 2330 2483 2390 lianc
2527 2336 2799 2407 φιλοξένιαν
2844 2342 3225 2399 commendant
3263 2344 3550 2417 aliquoties

1936 2420 2196 2490 apostoli,
2229 2431 2285 2479 et
2309 2424 2527 2494 quidem
2573 2443 2639 2484 eo
2674 2430 2729 2485 in
2766 2431 2889 2488 loco
2913 2433 3060 2491 illam
3102 2436 3404 2497 habuerunt
3434 2442 3550 2512 pri-

1936 2513 2091 2607 maevi
2116 2514 2396 2572 christiani
2419 2527 2477 2573 ut
2509 2522 2703 2591 privati
2729 2525 3017 2597 aliquoties
3039 2530 3236 2589 divites
3257 2548 3316 2590 se
3342 2549 3551 2607 suaque

1937 2606 2117 2700 omnia
2143 2610 2346 2667 sanctis
2377 2614 2740 2689 undequaque
2767 2624 3242 2693 peregrinantibus
3272 2606 3551 2700 excipien-

1936 2697 2019 2754 dis
2045 2700 2311 2759 diearent.
2344 2704 2492 2762 Talis
2521 2707 2690 2767 fuisse
2725 2713 2942 2769 videtur
2976 2715 3142 2773 Gaius
3173 2735 3281 2774 non
3306 2721 3364 2776 S.
3393 2697 3550 2778 l’auli

1935 2791 2098 2849 modo
2146 2796 2385 2866 privatus
2433 2799 2664 2872 hospes,
2714 2804 2811 2860 sed
2859 2810 3026 2865 totius
3074 2810 3238 2867 etiam
3284 2812 3549 2871 Ecclesia:

1936 2883 2120 2958 (Rom.
2156 2905 2279 2959 xvr,
2315 2889 2433 2964 25).
2466 2893 2784 2969 Eodemque
2812 2902 3034 2959 nomine
3069 2905 3483 2963 commendatur
3516 2922 3552 2963 a

3056 3037 3164 3065 »ν’
3217 3037 3262 3064 'r
3305 3037 3359 3054 ν·

1937 3071 2097 3128 eliam
2124 3074 2224 3131 fuit
2262 3075 2576 3147 Philemon,
2606 3080 2707 3152 Ep.
2738 3083 2806 3137 ad
2838 3084 3094 3156 Philem.,
3132 3090 3168 3159 it
3192 3128 3206 3141 .
3235 3090 3293 3155 5,
3323 3090 3376 3158 6,
3412 3092 3465 3160 7,
3495 3100 3552 3150 et

1937 3162 2156 3222 Mnason
2194 3165 2456 3241 Cyprius,
2500 3174 2625 3228 Act.
2671 3190 2794 3241 xxi,
2839 3176 2929 3232 i6.
2975 3178 3342 3237 Ecclesiarum
3368 3193 3552 3241 tamen

1941 3260 2214 3352 publicum
2243 3263 2295 3319 id
2324 3265 2488 3337 vulgo
2515 3266 2683 3323 fuisse
2709 3270 2924 3327 videtur
2944 3272 3201 3331 ofﬁcium.
3231 3276 3332 3334 Illo
3354 3295 3552 3352 nempe

1942 3350 2160 3425 hospitii
2184 3357 2306 3426 jure
2338 3373 2463 3413 usas
2491 3358 2719 3431 legimus
2746 3363 2797 3417 in
2825 3378 2885 3420 se
2906 3364 3137 3423 invicem
3165 3369 3380 3427 illorum
3410 3350 3549 3430 tem-

1942 3459 2133 3517 porum
2162 3447 2399 3520 integras
2428 3452 2590 3507 etiam
2620 3455 2892 3513 civitates.
2925 3459 3187 3533 Exempla
3217 3464 3381 3522 habet
3410 3482 3550 3523 non-

1943 3539 2117 3608 nulla,
2162 3541 2216 3596 ni
2255 3540 2433 3609 fallor,
2478 3544 2531 3599 in
2576 3543 2819 3604 Verrinis
2851 3548 3065 3609 Cicero.
3105 3555 3176 3611 Ut
3217 3558 3441 3628 proinde
3482 3561 3554 3618 ad

1943 3632 2232 3703 ecclesias,
2276 3651 2396 3707 quae
2432 3636 2682 3695 civitates
2713 3639 2991 3715 integras,
3029 3661 3128 3718 pro
3155 3649 3300 3705 illius
3335 3666 3553 3724 quoque

1944 3729 2129 3783 saeculi
2160 3744 2350 3798 more,
2395 3732 2915 3805 compleCterentur,
2965 3755 3192 3813 quaeque
3239 3746 3552 3806 civitatibus

1946 3822 2173 3892 proinde
2199 3822 2551 3882 conferuntur
2580 3828 2647 3883 ab
2676 3828 2909 3902 Origene
2939 3831 3055 3905 (lib.
3089 3851 3167 3904 ill,
3200 3848 3336 3893 cont.
3363 3840 3550 3914 Cels),

1945 3913 2223 3974 dimanare
2267 3916 2520 3976 facillime
2565 3924 2823 3992 potuerit.
2862 3925 3173 3985 Praesertim
3217 3947 3338 3988 cum
3378 3913 3552 3992 Judaei

1947 4010 2107 4063 etiam
2148 4009 2611 4084 hierosolymitani
2655 4030 2778 4071 cum
2812 4020 3234 4089 provincialibus
3260 4024 3555 4102 διασπορᾶς

1948 4102 2135 4159 eadem
2166 4103 2364 4174 officia,
2387 4116 2515 4163 ante
2541 4106 2939 4166 Cltristianismi
2969 4114 3130 4170 etiam
3162 4118 3371 4174 natales
3398 4135 3557 4177 exer-

1948 4197 2203 4253 cuissent.
2223 4197 2301 4254 Ne
2332 4199 2545 4271 longius
2572 4201 2786 4270 abeam,
2816 4202 2868 4258 id
2896 4206 3095 4277 colligo
3110 4223 3176 4265 ex
3207 4210 3330 4267 Act.
3362 4229 3549 4283 xxvm,

1948 4289 2040 4357 2i,
2069 4300 2353 4362 propterea
2389 4294 2481 4365 qui
2514 4293 2567 4349 in
2605 4294 2835 4365 publicis
2860 4309 3043 4354 essent
3072 4301 3328 4360 Ecclesiae
3359 4306 3553 4365 ofﬁciis

1951 4385 2248 4451 constituti,
2276 4385 2344 4441 ad
2368 4387 2491 4443 illos
2520 4389 2793 4460 praecipue
2817 4393 3132 4462 spectabant
3163 4396 3282 4454 hmc
3308 4399 3553 4473 hospita-

1951 4478 2114 4535 litatis
2144 4479 2345 4536 munia.
2370 4481 2449 4537 De
2466 4480 2643 4537 viduis
2670 4484 2928 4540 Ecclesia:
2950 4488 3021 4542 ita
3049 4490 3238 4547 scribit
3258 4492 3557 4564 Apostolus

235 4586 635 4657 nonnunquaﬂ
684 4585 931 4653 qﬂrittlr
982 4582 1299 4655 Apostolus.
1333 4578 1499 4645 Iidem
1553 4581 1847 4643 διοικοῦντσξ
1868 4612 1923 4673 D
1954 4571 2014 4645 ω
2040 4571 2207 4673 ,Τὶηιιην
2238 4589 2292 4673 ξ’.
2321 4574 2430 4673 10.)
2464 4592 2478 4629 :
2611 4574 2848 4673 nospitio
2896 4581 3106 4652 recepit,
3162 4584 3209 4640 si
3255 4598 3553 4643 sanctorum

237 4677 391 4749 (erat
418 4678 562 4733 enim
592 4677 713 4734 hrcc
735 4677 1208 4749 eleemosynarum
1239 4675 1602 4748 suppeditatio
1629 4674 1848 4747 proprie

237 4771 321 4826 sic
348 4769 492 4826 dicta
509 4767 765 4841 διακονία)
787 4772 947 4842 (Ach,
967 4782 1080 4836 XIX,
1102 4769 1230 4842 22);
1258 4770 1514 4845 ὑπηρέται
1539 4767 1702 4838 (Αει.,
1726 4782 1844 4833 xm,

237 4863 321 4935 5).
368 4863 437 4919 Et
462 4879 597 4921 vero
622 4864 1009 4935 quamplurimi
1053 4874 1211 4921 erant
1241 4865 1333 4936 qui
1365 4863 1423 4920 S.
1455 4863 1622 4919 Paulo
1646 4863 1718 4918 ita
1745 4861 1848 4919 mi-

235 4960 574 5029 nistrarent,
608 4960 855 5016 nonnulli
883 4959 1133 5031 equidem
1156 4960 1224 5015 ab
1255 4959 1374 5030 ipso
1403 4958 1689 5029 assumpti,
1715 4971 1848 5012 non-

236 5050 391 5111 nulli
414 5054 489 5109 ab
504 5053 756 5111 ecclesiis
782 5053 850 5109 ad
887 5051 1037 5109 illum
1066 5052 1322 5125 delegati,
1351 5050 1598 5108 nonnulli
1625 5050 1787 5106 etiam
1815 5064 1846 5104 a

237 5146 455 5218 sein
470 5146 653 5206 devoti
687 5154 857 5221 atque
901 5146 1090 5205 dicati.
1124 5146 1274 5205 idem
1315 5146 1384 5203 ab
1416 5144 1678 5217 apostolis
1714 5143 1848 5214 ipsis

240 5238 603 5298 observatum
618 5248 703 5298 est
719 5283 735 5311 ,
758 5248 821 5297 ut
841 5239 1182 5313 gravissimis
1213 5240 1282 5295 de
1311 5239 1488 5296 causis
1518 5238 1721 5310 legatos
1738 5250 1849 5292 non

241 5334 389 5391 alios
412 5332 733 5392 adhiberent
761 5348 925 5409 quam
967 5335 1058 5407 qui
1091 5333 1314 5405 reliquis
1354 5332 1749 5405 prcccellerent.
1774 5330 1851 5388 ita

240 5427 449 5487 factum
474 5429 531 5486 in
561 5427 809 5488 Concilio
843 5428 1347 5504 hierosolymitano,
1377 5443 1501 5484 cum
1524 5426 1590 5483 tle
1620 5427 1852 5484 circum-

242 5521 473 5581 ώίοῐὶὶε
498 5510 831 5582 necessitate
860 5522 927 5579 ad
959 5523 1263 5580 Ecclesiam
1307 5521 1690 5578 antlochenam
1720 5519 1850 5576 mit-

240 5613 475 5673 mm
508 5624 663 5675 esurit
705 5616 1091 5687 Apostolorum
1143 5614 1458 5684 decretum,
1504 5629 1613 5671 non
1658 5611 1854 5670 obvios

240 5707 522 5781 quoslibet
542 5708 641 5782 qui
670 5722 736 5767 se
761 5708 905 5765 ultro
931 5708 1228 5766 oiferebant
1250 5749 1265 5777 ,
1298 5706 1395 5765 sed
1434 5706 1639 5763 electos
1679 5720 1712 5762 e
1755 5718 1856 5761 suo

242 5808 475 5863 me
510 5800 665 5862 ’01ης
698 5800 1104 5860 constituerunt
1144 5799 1238 5871 qui
1267 5799 1631 5875 hocmnnere
1661 5796 1851 5871 funge-

1951 4664 2103 4743 pedes
2149 4660 2310 4734 lavit,
2365 4665 2410 4721 si
2463 4667 2845 4723 tribulationem
2904 4674 3215 4743 patientibus
3273 4680 3549 4734 subminis-

1950 4758 2121 4812 travit.
2180 4758 2254 4814 De
2286 4761 2589 4830 episcopo;
2640 4758 2854 4832 Oportet
2905 4766 3040 4820 enim
3084 4769 3375 4840 episwpum
3422 4772 3554 4828 ἕνη-

1949 4851 2335 4924 pre/tensibilem
2360 4869 2499 4920 esse,
2532 4854 2685 4909 unius
2712 4857 2888 4912 uxoris
2917 4861 3113 4927 virum,
3143 4864 3396 4934 sobrium,
3429 4885 3556 4938 pru-

1949 4946 2170 5012 dentem,
2203 4956 2462 5011 ornatum,
2495 4948 2761 5018 pudicum,
2792 4951 3095 5023 hospitalem
3125 4954 3167 5026 (l
3190 4956 3352 5025 Tim.,
3372 4976 3449 5027 ιιι,
3470 4962 3552 5033 2).

1950 5043 2159 5099 Rursus
2182 5042 2250 5098 de
2279 5042 2467 5098 eodem
2505 5061 2520 5098 :
2553 5041 2662 5099 Sed
2684 5045 3006 5116 hospitalem,
3032 5048 3302 5121 benignum
3330 5054 3556 5110 sobrium

1953 5136 2106 5210 (Tii.,
2128 5147 2166 5202 Ι,
2195 5135 2274 5208 8),
2294 5144 2399 5192 etc.
2421 5134 2472 5191 Is
2490 5136 2632 5192 enim
2652 5143 2784 5195 πᾶσι
2808 5148 2913 5200 τοῖς
2935 5141 2984 5193 ἐν
3007 5143 3166 5221 χρείᾳ
3186 5141 3303 5202 οὖσι
3326 5146 3555 5220 κηδέμων

1952 5240 2090 5295 erat,
2120 5239 2256 5285 teste
2283 5228 2341 5285 S.
2374 5228 2587 5285 Justino
2614 5242 2850 5303 martyre
2879 5228 3148 5306 (Apolog.,
3182 5240 3263 5310 ιι).

2029 5322 2057 5395 §
2100 5322 2188 5378 l9.
2232 5321 2359 5377 Haec
2379 5322 2541 5394 igitur
2575 5339 2699 5395 erga
2729 5338 2918 5380 omnes
2950 5338 3106 5382 erant
3142 5333 3555 5404 peregrinantes

1955 5415 2262 5472 communia
2291 5414 2640 5471 ecclesiarum
2677 5413 2885 5484 officia,
2920 5433 3040 5489 quae
3070 5422 3198 5491 quin
3230 5425 3363 5495 ipsis
3393 5431 3558 5485 etiam

1955 5510 2212 5582 apostolis
2233 5507 2528 5565 officiosius
2553 5519 2959 5581 praestarentur,
2985 5513 3115 5570 nihil
3142 5532 3274 5575 sane
3304 5529 3388 5576 cst
3414 5522 3558 5591 quod

1956 5606 2282 5663 dubitemus.
2313 5604 2509 5661 Nescio
2547 5604 2905 5677 quicquamne
2935 5607 3097 5665 fuerit
3123 5628 3230 5683 quo
3266 5614 3360 5668 viri
3404 5616 3558 5673 illus-

1955 5708 2086 5766 tres,
2108 5714 2204 5771 pro
2225 5697 2367 5755 illius
2387 5695 2571 5753 saeculi
2595 5713 2765 5767 more,
2789 5701 2962 5771 excipi
2984 5693 3243 5773 solerent,
3260 5705 3386 5778 quin
3411 5709 3559 5766 idem

1959 5793 2090 5854 illud
2132 5793 2186 5850 in
2217 5790 2476 5864 apostolis
2515 5792 2895 5866 primat-iisque
2936 5794 3211 5855 Ecclesia:
3252 5800 3380 5859 viris
3420 5806 3560 5862 exci.
