3990 6060
405 186 475 245 47
1356 168 1721 237 DODWELLI
1759 170 2211 236 DlSSERTATlO
2234 165 2646 234 CYPRIANICA
2759 125 2778 140 ⁸
3635 180 3708 242 ss

410 281 619 371 piendis
659 297 996 356 obscrvarint
1043 295 1204 354 etiam
1245 294 1534 363 Ecclesiae;
1581 305 1636 352 et
1677 294 1894 366 quidem
1943 308 2008 350 eo
2035 291 2089 352 A
2114 290 2439 359 ritmentio,
2475 293 2848 364 episcoporum
2879 292 3133 350 videlicet
3162 293 3601 367 presbyterorum
3630 307 3715 353 at-

410 393 733 467 promptiori
759 396 939 450 animo
960 436 975 462 ,
1006 393 1148 465 quod
1178 407 1286 448 non
1309 391 1519 447 illorum
1552 390 1716 446 modo
1745 389 2008 461 gratiam,

411 487 606 560 quibus
636 505 700 544 ea
732 489 1112 558 praestiterant,
1142 485 1237 543 sed
1269 485 1362 540 Dei
1396 484 1532 539 adeo
1558 483 1746 554 ipsius,
1776 484 1929 555 cujus
1959 484 2010 537 in

411 593 579 651 Opere
608 589 1023 648 occuparentur,
1055 594 1115 635 se
1145 577 1410 634 demereri
1440 577 1760 642 crederent,
1793 577 2016 646 partici-

413 689 620 746 pesque
649 689 708 730 se
740 674 952 729 illorum
979 688 1193 744 quoque
1235 687 1456 743 operum
1493 670 1723 725 futuros.
1755 668 2014 739 Apostolo

415 767 643 824 Romam
674 766 908 823 venienti
939 765 1152 819 obviam
1179 763 1333 820 elfusi
1360 771 1485 818 sunt
1505 762 1721 828 fratres,
1751 776 1919 830 usque
1947 759 2014 814 ad

417 863 578 934 Appii
596 863 769 919 forum
787 870 840 916 et
854 860 986 915 Tres
1001 859 1278 916 Tabernas
1291 857 1451 929 (Ach,
1467 872 1657 922 xxvm,
1681 854 1794 924 15).
1814 853 2018 924 Iguatio

420 970 601 1013 tamen
643 955 709 1010 ad
753 955 1066 1025 martyrium
1115 951 1425 1022 properanti
1462 965 1630 1021 usque
1671 947 1738 1002 ad
1782 957 2016 1017 portum.

425 1050 716 1107 Melitenses
744 1049 1077 1103 discedentem
1106 1047 1277 1101 multis
1307 1043 1582 1100 honoribus
1612 1039 2018 1110 Itonoraveruntg,

421 1158 472 1204 ct
494 1145 846 1218 navigantibus
871 1147 1220 1215 imposuerunt
1246 1158 1361 1212 qua:
1388 1138 1670 1195 necessaria
1691 1145 1832 1192 erant
1855 1133 1904 1208 (Ι
1914 1134 2018 1189 bid.

423 1256 500 1307 ιν,
519 1240 633 1310 10).
659 1239 824 1293 Erant
839 1236 954 1292 hare
970 1251 1154 1290 eorum
1173 1233 1525 1305 proculdubio
1540 1231 1716 1287 xenia.
1736 1227 2024 1282 Disceden-

421 1343 532 1388 tem
570 1331 637 1387 ad
670 1347 858 1388 navem
886 1345 1055 1399 usque
1075 1329 1312 1384 comitati
1343 1336 1470 1382 sunt
1501 1325 1718 1396 Ephesii
1753 1321 1890 1395 (Act.
1923 1337 2020 1386 xx,

423 1428 540 1495 38).
575 1425 701 1482 llaec
731 1435 845 1480 erat
875 1429 1159 1498 προπομπὴ
1179 1464 1195 1487 .
1227 1421 1380 1492 cujus
1413 1423 1574 1477 etiam
1605 1420 1719 1490 ipse
1748 1417 2026 1490 quamplu-

422 1519 577 1576 rimis
617 1519 669 1573 in
701 1517 833 1573 locis
874 1517 1120 1571 meminit
1159 1514 1471 1586 Aposmlus.
1508 1513 1562 1567 Id
1603 1523 1783 1567 autem
1825 1509 1889 1564 ad
1933 1510 2028 1564 lto-

425 1628 613 1669 norcm
663 1612 960 1678 venientis,
999 1625 1097 1681 pro
1144 1609 1284 1664 illius
1328 1623 1541 1680 quoque
1578 1605 1753 1662 mtatis
1796 1619 2028 1661 consue-

2116 404 2219 460 qtte
2242 386 2614 444 diaconorum.
2638 386 3056 460 Frequentiores
3081 399 3238 446 erant
3261 378 3720 456 extraordinarii,

2121 483 2383 552 apostoli,
2435 480 2810 550 evangelista},
2863 491 3105 552 pastores
3151 491 3312 552 atque
3360 481 3612 539 doctores
3661 492 3718 539 et

2119 575 2398 646 pr0phetac
2434 574 2781 644 notiorcsque
2815 574 3036 630 omnino
3074 583 3236 646 atque
3273 575 3619 632 celebriores.
3649 574 3720 632 Et

2123 667 2398 739 probabile
2427 668 2644 740 quidem
2674 679 2756 722 est
2786 667 2979 724 horum
3013 669 3177 724 fuisse
3218 669 3487 740 propriam
3519 669 3719 741 prima-

2122 761 2254 815 riam
2293 761 2438 816 illam
2481 761 3043 833 simplicissitnamque
3068 761 3329 818 Ecclesia:
3369 763 3718 820 administra-

2129 852 2361 919 tionem;
2398 861 2508 908 tum
2537 852 2755 924 deinde,
2784 869 2908 909 cum
2933 853 3379 924 perturbatiorem
3405 855 3547 910 illam
3576 856 3723 912 inor-

2124 945 2559 1016 dinatioremque
2601 948 2810 1017 experti
2858 957 3072 1013 essent,
3124 946 3381 1018 paulatim
3427 948 3478 1002 iu
3533 964 3723 1004 eorum

2125 1039 2303 1096 locum
2331 1042 2658 1098 successisse
2690 1041 2970 1098 ministros
2992 1042 3142 1110 illos,
3174 1058 3310 1113 quos
3341 1042 3500 1100 hodie
3528 1045 3728 1100 retine-

2126 1149 2244 1188 mus
2265 1174 2281 1200 ,
2323 1133 2626 1190 ordinarios
2648 1177 2662 1201 ,
2697 1135 3095 1204 paulatimque,
3129 1151 3224 1206 pro
3261 1151 3538 1208 synaxeon
3567 1137 3728 1192 disci-

2126 1227 2311 1298 plina,
2365 1228 2821 1286 extraordinarios
2862 1229 2986 1284 illos
3041 1229 3329 1286 ordinariis
3382 1229 3553 1286 factos
3607 1245 3730 1287 esse

2130 1319 2395 1377 subditos.
2428 1321 2653 1390 Quando
2681 1322 2842 1393 igitur
2866 1336 3141 1394 synaxeon
3183 1322 3365 1376 munia
3397 1321 3648 1376 obierunt
3674 1321 3730 1377 bi

2131 1413 2542 1468 extraordinarii
2571 1414 2833 1481 ministri,
2865 1414 3064 1469 frustra
3088 1413 3493 1485 expectabimus
3513 1413 3734 1471 ordina-

2132 1507 2332 1563 riorum
2384 1508 2748 1564 ministrorum
2790 1508 3141 1563 mentionem.
3186 1507 3244 1563 ld
3293 1523 3457 1563 unum
3500 1506 3732 1575 sufficit,

2135 1598 2296 1658 fuisse
2324 1603 2444 1657 illos
2461 1644 2476 1668 ,
2511 1618 2619 1657 non
2645 1617 2855 1656 summa
2881 1600 3044 1656 modo
3072 1600 3334 1670 dignitate
3355 1641 3369 1664 ,
3395 1599 3489 1656 sed
3521 1615 3736 1657 summo

427 1705 646 1773 tudine,
693 1705 995 1776 spectabat,
1044 1713 1101 1758 ut
1149 1717 1256 1774 quo
1311 1700 1538 1772 quisque
1585 1699 1846 1770 dignitate
1885 1705 2030 1753 esset
2057 1693 2108 1757 B
2136 1695 2318 1762 etiam,
2350 1695 2402 1750 in
2431 1695 2689 1752 Ecclesiaa
2719 1693 3205 1758 administratione,
3232 1693 3372 1761 loco,
3401 1702 3458 1747 ttt
3487 1693 3736 1763 proinde,

425 1797 707 1862 illustrior,
742 1813 806 1853 eo
835 1797 1006 1856 forent
1049 1795 1210 1850 etiam
1267 1794 1592 1848 illustriores
1634 1791 1671 1846 ii
1710 1790 1802 1862 qui
1833 1791 1884 1845 in
1915 1789 2031 1860 ejus

426 1903 711 1945 occursum
752 1889 1114 1943 mitterentur.
1161 1886 1325 1958 quue
1371 1887 1534 1942 etiarn
1583 1884 1925 1939 observatum
1976 1881 2032 1938 in

431 1981 765 2052 excipiendis
793 1979 1193 2050 provinciarum
1225 1977 1563 2047 praesidibus,
1589 1967 1646 2030 ut
1671 1991 1830 2047 quem
1853 1974 1921 2030 ad
1953 1975 2034 2030 lo-

429 2087 550 2130 cum
593 2072 882 2143 provincia:
914 2072 1146 2142 primum
1173 2069 1543 2142 appulissent,
1575 2084 1641 2124 eo
1677 2067 1974 2138 legationes
2001 2082 2032 2122 a

430 2166 763 2232 civitatibus,
805 2166 1044 2221 virorum
1083 2165 1134 2220 in
1173 2179 1268 2218 sua
1311 2164 1538 2234 quisque
1575 2162 1791 2217 civitate
1834 2162 2032 2232 prima-

431 2263 669 2325 riorutu,
698 2260 1058 2315 mitterentur.
1084 2257 1230 2314 Idem
1257 2257 1418 2312 etiam
1450 2271 1479 2310 a
1513 2254 1818 2310 civitatibus
1843 2253 2033 2310 vicinis

432 2352 777 2408 observatum
812 2351 865 2404 in
908 2348 1450 2420 peregrinationibus.
1489 2347 1544 2402 Id
1583 2362 1705 2402 cum
1752 2345 2031 2401 christiani

430 2448 490 2504 in
533 2446 900 2516 apostolorum
951 2444 1296 2513 virorumque
1345 2441 1601 2497 Ecclesia:
1653 2439 2031 2511 primariorum

430 2540 956 2612 peregrinationibus
1011 2539 1384 2602 imitarentur,
1437 2535 1488 2590 id
1538 2551 1752 2606 quoque
1799 2536 2035 2590 imitatos

431 2632 726 2690 verisimile
747 2643 849 2698 est,
872 2647 938 2686 ne
959 2630 1288 2687 venientium
1310 2628 1554 2700 dignitati
1576 2628 1826 2684 deessent
1852 2629 2032 2699 legati.

433 2725 767 2796 Quamquam
798 2724 942 2779 enim
972 2723 1170 2778 fastum
1199 2721 1529 2778 mundanum
1563 2719 1750 2790 procul
1778 2717 2034 2774 amanda-

433 2823 543 2875 riut
560 2818 811 2889 apostoli,
824 2827 980 2872 erant
998 2828 1177 2872 tamen
1196 2814 1378 2872 decori
1394 2814 1554 2870 iidem
1572 2810 2034 2870 observantissitui

432 2912 968 2983 retinentissimique.
1019 2910 1076 2966 Id
1126 2919 1275 2966 certe
1320 2910 1377 2965 S.
1419 2909 1572 2965 Pauli
1619 2910 1784 2966 fuisse
1825 2908 2036 2964 videtur

430 3003 730 3075 ingenium,
759 3018 820 3060 ea
853 3002 1081 3059 indoles.
1111 3003 1220 3058 Nec
1250 3002 1300 3057 id
1329 3002 1544 3073 quidem
1577 3001 1866 3056 immerito.
1901 3000 2033 3054 Cum

2135 1789 2180 1844 si
2207 1805 2341 1860 quas
2365 1789 2440 1844 illi
2470 1789 2768 1860 legationes
2795 1787 3061 1854 obierint,
3089 1786 3380 1842 admodum
3420 1785 3545 1842 illas
3571 1783 3740 1845 fuisse

2135 1880 2461 1940 bonorifieas
2484 1898 2704 1939 necesse
2731 1891 2896 1939 esset.
2927 1880 3062 1937 Cum
3093 1897 3222 1937 vero
3250 1878 3490 1946 tandem,
3520 1888 3738 1951 propter

2135 1995 2412 2051 synaxean
2462 1978 2838 2049 disciplinam,
2879 1976 3166 2034 ordinariis
3211 1974 3608 2044 subjicerentur
3648 1991 3740 2047 sy-

2137 2086 2346 2127 naxeon
2367 2072 2644 2136 ministris,
2675 2071 2852 2128 adhuc
2876 2079 3056 2126 tamen
3089 2069 3347 2127 honorem
3381 2067 3739 2141 proculdubio

2137 2180 2408 2220 summum
2434 2166 2794 2222 retinuerunt.
2830 2163 2940 2221 Nec
2968 2164 3111 2220 enim
3140 2172 3298 2220 erant
3327 2163 3402 2218 illi
3435 2162 3597 2219 certis
3623 2163 3742 2232 qui-

2137 2259 2365 2315 busdam
2411 2259 2656 2315 ecclesiis
2694 2258 2874 2324 afﬁxi,
2919 2257 3016 2314 sed
3060 2259 3240 2329 potius
3280 2257 3443 2312 totius
3484 2255 3742 2312 Ecclesia:

2137 2351 2416 2407 catholica:
2458 2366 2808 2419 communes,
2851 2350 2994 2422 quod
3041 2348 3137 2422 (ea
3167 2349 3520 2420 proculdubio
3545 2356 3738 2416 (etate,

2138 2461 2260 2501 cum
2297 2444 2352 2499 in
2394 2461 2460 2502 eo
2499 2446 2692 2517 posita:
2726 2454 2910 2501 essent
2949 2459 3326 2516 supremorum
3369 2442 3739 2498 ministrorum

2138 2553 2353 2609 operae,
2397 2538 2576 2608 potius
2606 2546 2664 2593 ut
2694 2537 2800 2592 late
2842 2537 3292 2592 cbristiauitatem
3326 2535 3741 2590 disseminarent

2139 2646 2297 2701 quam
2327 2639 2383 2684 ut
2404 2630 2664 2686 ecclesias
2695 2638 2949 2701 regerent
2971 2628 3081 2700 jam
3114 2629 3362 2685 fundatas
3390 2629 3742 2684 constitutas-

2138 2726 2263 2793 que)
2299 2721 2414 2776 fieri
2455 2721 2544 2776 vix
2583 2731 2760 2793 potest
2787 2722 2916 2792 quin
2957 2737 3142 2778 eorum
3171 2719 3350 2776 officio
3385 2722 3744 2776 anteferretur

2138 2814 2230 2887 qui
2257 2815 2587 2886 singularum
2618 2823 2802 2870 essent
2827 2814 3108 2870 dumtaxat
3126 2813 3500 2869 ecclesiarum.
3531 2812 3614 2868 Ex
3639 2813 3743 2869 hoc

2139 2919 2318 2966 autem
2346 2910 2898 2968 extraordinariorum
2922 2909 3290 2965 ministrorum
3320 2923 3548 2964 numero
3575 2908 3743 2966 fuisse

2137 3007 2387 3062 videntur
2409 3007 2499 3077 qui
2528 3006 2688 3078 legati
2724 3006 2999 3064 constituti
3027 3013 3231 3060 essent.
3266 3002 3384 3074 Ipsa
3418 3002 3508 3059 illa
3553 3017 3741 3060 eorum

433 3098 578 3152 enim
619 3097 670 3152 in
713 3096 782 3150 ita
823 3097 1061 3166 exceptis
1113 3095 1318 3150 nullum
1366 3103 1540 3157 esset.
1587 3092 1692 3148 illis
1731 3091 2032 3162 praesertim
2061 3085 2109 3151 C
2140 3099 2278 3155 dona
2318 3100 2612 3156 inﬁdelium
2657 3115 2852 3166 causa,
2901 3100 3078 3169 potius
3124 3113 3285 3169 quam
3317 3096 3585 3164 fidelium,
3615 3096 3741 3153 data

432 3189 873 3260 persecutionum
912 3187 1154 3250 sacculis,
1185 3187 1352 3242 fastus
1375 3185 1708 3257 periculum;
1750 3185 1914 3240 multa
1947 3193 2030 3239 ta-

431 3295 559 3338 men
591 3292 744 3338 erant
774 3283 826 3338 in
860 3283 943 3338 his
969 3283 1277 3351 adiapboris
1301 3299 1420 3354 quae
1451 3284 1518 3338 ad
1548 3283 1885 3341 subditorum
1912 3283 2031 3338 cul-

430 3384 546 3430 tum
575 3376 1042 3446 reverentiamque
1067 3376 1462 3432 conciliandam
1489 3376 1748 3445 facerent,
1781 3393 1900 3449 qua:
1922 3393 2030 3434 non

435 3479 587 3524 erant
605 3483 736 3524 sane
758 3468 1098 3539 negligenda,
1112 3485 1232 3524 cum
1259 3471 1554 3539 pra:sertim
1573 3486 1680 3525 non
1698 3470 2032 3538 imperaren-

429 3569 518 3616 tur
572 3561 687 3616 lnec
727 3559 926 3626 ofﬁcia,
957 3560 1052 3617 sed
1083 3576 1212 3616 vero
1239 3562 1517 3617 liberrimo
1543 3562 2032 3632 ardentissimoque

432 3654 769 3712 subditorum
801 3665 1184 3726 praestarentur
1206 3656 1490 3727 obsequio.

427 3778 441 3813 ρ
506 3748 534 3820 §
572 3749 663 3805 20.
706 3749 882 3820 Atque
913 3749 1036 3806 hinc
1057 3751 1448 3815 concludimus,
1467 3767 1792 3823 quamquam
1815 3751 2032 3809 aliunde

430 3855 540 3897 non
571 3841 994 3912 intelligeremns
1034 3859 1194 3914 quem
1225 3846 1397 3898 locum
1429 3845 1480 3900 in
1515 3844 1756 3901 Ecclesia
1785 3844 2031 3900 obtinue-

430 3933 543 3990 rint
573 3932 662 4004 qui
687 3932 768 3988 his
795 3934 1149 4005 legationibus
1175 3936 1440 3992 obeundis
1467 3937 1888 4007 destinarentur,
1923 3953 2027 3994 non

431 4041 558 4083 esse
585 4038 763 4085 tamen
791 4029 934 4100 quod
973 4029 1280 4086 dubitemus
1310 4033 1436 4101 quin
1468 4033 1511 4087 is
1544 4035 1704 4088 fuerit
1739 4034 2028 4090 admodum

428 4119 780 4178 honorificus.
813 4123 1219 4178 Ordinariorum
1258 4123 1449 4178 horum
1488 4125 1743 4180 Ecclesia:
1783 4127 2028 4182 ministe-

429 4213 634 4270 riorum
651 4216 701 4270 in
719 4217 887 4286 prima
909 4217 982 4272 illi
997 4218 1094 4272 aevi
1111 4218 1387 4290 apostolici
1405 4218 1830 4290 historia,rarior
1849 4235 2031 4277 occur-

845 4346 944 4354 ..ρ-..-
947 4346 1074 4354 ἡ-..

603 4345 1094 4354 .—.——~_—__—_-..-
1110 4348 1199 4354 ..-.....,.
1448 4348 2758 4362 -..ς-,Μ

438 4340 3736 4402 mw

1437 4389 1611 4400 .—

724 4347 3447 4638 MEWRTIA

2139 3209 2260 3251 esse
2288 3194 2533 3266 agnoscit
2558 3195 2834 3265 apostolus
2865 3193 3077 3249 utiliora
3107 3190 3333 3262 proinde
3369 3191 3545 3246 futura
3565 3231 3580 3256 ,
3609 3190 3656 3245 si
3687 3189 3742 3248 in

2137 3289 2519 3345 convertendis
2549 3288 2851 3345 iulidelibus
2878 3288 3059 3359 potius
3085 3301 3244 3357 quam
3272 3284 3518 3341 fidelibus
3544 3284 3743 3340 contir-

2137 3386 2350 3442 mandis
2372 3428 2385 3451 ,
2413 3385 2831 3442 collocarentur.
2855 3383 2991 3440 Cum
3019 3383 3320 3455 prmsertim
3359 3396 3426 3437 eo
3458 3381 3574 3450 ipso
3611 3395 3744 3436 con-

2138 3479 2260 3535 silio
2280 3478 2429 3533 missi
2453 3486 2656 3543 essent,
2676 3493 2783 3532 non
2804 3477 2895 3546 qui
2919 3476 3197 3531 venientes
3217 3473 3529 3544 exciperent
3550 3470 3732 3538 modo,

2135 3572 2232 3628 sed
2259 3571 2348 3642 qui
2378 3571 2604 3628 comites
2632 3579 2816 3626 essent
2841 3579 2895 3625 et
2915 3572 3154 3646 συνεργοί
3181 3567 3547 3622 itinerantium
3579 3576 3741 3636 atque

2134 3667 2613 3740 peregrinantium.
2666 3663 2778 3720 Sed
2826 3679 2956 3720 vero
3003 3663 3163 3717 aliam
3212 3661 3431 3718 omnino
3477 3657 3742 3714 adminis-

2134 3760 2312 3818 trandi
2340 3760 2604 3815 rationem
2633 3757 2887 3828 exigebat
2915 3755 3063 3811 illius
3086 3754 3260 3811 aetatis
3295 3752 3539 3810 Ecclesia
3579 3764 3741 3820 quam

2134 3853 2495 3923 sequentium,
2525 3864 2580 3908 ut
2603 3855 2801 3910 frustra
2831 3852 2940 3906 sint
2963 3849 3186 3905 omnino
3215 3847 3306 3919 qui
3339 3845 3467 3902 nihil
3496 3843 3654 3900 hodie
3684 3843 3742 3901 in

2136 3948 2378 4005 Ecclesia
2432 3947 2750 4018 permittunt
2796 3945 2898 4000 nisi
2938 3943 3082 4015 quod
3127 3939 3193 3996 ad
3243 3940 3384 3995 illius
3426 3936 3742 4008 apostolica:

2136 4041 2393 4098 Ecclesiae
2419 4040 2627 4096 accedit
2652 4038 2982 4109 exemplum.
3016 4031 3443 4092 Consideranda:
3468 4038 3594 4087 sunt
3619 4044 3740 4085 om-

2134 4134 2264 4190 nino
2287 4133 2706 4189 circumstantia:
2735 4142 2792 4188 et
2820 4128 3099 4201 prudentia
3129 4125 3455 4193 adhibenda,
3490 4139 3594 4195 qua
3621 4136 3745 4178 cer-

2135 4239 2246 4284 tum
2277 4237 2360 4284 est
2387 4228 2568 4283 multis
2597 4228 2649 4282 in
2682 4225 2842 4282 rebus
2869 4240 2996 4281 usos
3025 4238 3150 4280 esse
3175 4221 3474 4294 apostolos.

1015 4713 1175 4796 DE
1232 4713 1791 4799 SECUNDO
1849 4713 2436 4800 MARTYRII
2493 4711 3112 4818 BAPTISMO,

1691 4853 2015 4912 AUCTURE
2055 4854 2466 4913 DODWELLO.

425 4994 456 5071 ἓ
487 4997 541 5053 1.
565 5025 635 5037 ——
657 4992 760 5051 Cur
803 4992 1116 5065 singularem
1156 4992 1273 5047 huic
1304 5001 1606 5065 argumento
1653 4991 1876 5048 dicemus
1917 4994 2022 5048 dis-

499 5089 847 5146 sertationem.
869 5115 939 5127 --
969 5085 1000 5158 §
1026 5083 1081 5139 2.
1102 5085 1176 5138 Ab
1201 5085 1566 5153 antiquissimis
1593 5102 1751 5158 usque
1777 5085 2021 5142 Ecclesia:

492 5181 800 5253 temporibus
829 5178 897 5232 ad
934 5195 1107 5233 nostra
1133 5177 1241 5234 Ita'c
1285 5178 1543 5233 descendit
1574 5180 1767 5246 opinio.
1802 5210 1873 5219 —
1903 5179 1931 5252 ᾗ
1961 5181 2016 5236 5.

502 5274 796 5346 Baptismus
856 5288 1050 5343 aqueus
1095 5283 1142 5326 et
1195 5272 1316 5327 unio
1364 5283 1574 5326 externa
1619 5289 1734 5326 cum
1791 5272 2028 5328 Ecclesia

506 5367 855 5437 prterequisita
920 5365 988 5419 ad
1032 5366 1365 5437 sanguineum
1405 5367 1639 5438 martyrii
1695 5366 2022 5439 baptismum.

496 5489 568 5502 —-
597 5459 624 5531 §
651 5459 705 5513 4.
753 5457 1072 5524 Baptismum
1110 5460 1446 5529 sanguineum
1484 5475 1646 5528 nqueo
1686 5461 2021 5530 praetulerunt

497 5563 704 5608 veteres.
738 5579 810 5590 —
835 5549 900 5622 ἐξ
928 5550 982 5616 5,
1017 5549 1070 5604 6.
1099 5548 1422 5620 Explicatur,
1458 5551 1555 5604 hac
1593 5551 1646 5605 in
1673 5567 1850 5616 causa,
1879 5554 2021 5608 locus

499 5642 765 5714 Cypriani.
792 5674 864 5687 -—-
897 5641 926 5714 ᾗ
950 5643 1001 5696 7.
1035 5639 1340 5713 Defenditur
1369 5643 1478 5698 [(030
1505 5653 1726 5699 veterum
1752 5647 2015 5702 sententia.

499 5757 569 5774 δ-
623 5733 652 5806 έ
682 5737 731 5794 8.
771 5735 814 5791 Ε
840 5734 1018 5808 quibus
1050 5735 1336 5807 Scriptura:
1380 5735 1504 5813 locis
1533 5737 1676 5795 illaut
1705 5739 2019 5811 collegerint.

2200 4990 2331 5063 —-—§
2375 4990 2430 5047 9.
2469 4989 2678 5046 Observ.
2729 4991 2895 5062 primo
2927 5005 2954 5043 e
2997 4988 3148 5061 [actis
3191 4987 3402 5043 Domini
3454 4987 3737 5059 legitimam

2203 5088 2477 5153 procedere
2502 5084 3018 5155 argumentationem,
3043 5081 3303 5153 prtecipue
3317 5081 3372 5134 id
3400 5097 3561 5153 genus
3587 5081 3737 5152 factis

2199 5177 2377 5246 qualia
2393 5176 2757 5244 adhibuerunt,
2780 5177 2942 5232 hacin
2961 5193 3135 5242 causa,
3157 5175 3516 5248 ναίεται-ᾗῇ
3539 5175 3625 5242 10,
3644 5175 3730 5231 ii.

2205 5269 2326 5324 Obs.
2387 5272 2648 5340 secundo,
2703 5289 2805 5327 non
2849 5290 2875 5327 e
2912 5272 3065 5343 factis
3114 5269 3290 5336 modo,
3339 5270 3430 5326 sed
3487 5285 3554 5325 ea:
3608 5267 3737 5336 ipsis

2200 5361 2416 5419 Domini
2442 5365 2626 5434 verbis,
2654 5373 2851 5420 constat
2895 5382 2989 5436 pro
3032 5364 3287 5434 baptismo
3313 5362 3601 5418 habendum
3630 5376 3739 5416 esse

2203 5460 2528 5530 martyrium.
2560 5491 2630 5502 ---
2659 5459 2686 5532 §
2715 5460 2803 5515 '12.
2839 5458 2964 5513 Obs.
2997 5459 3166 5523 tertio,
3201 5476 3304 5513 non
3337 5458 3606 5512 verborum
3632 5470 3737 5510 esse

2203 5551 2492 5620 dumtaxat,
2524 5555 2613 5608 sed
2642 5569 2814 5608 rerum
2849 5553 3004 5607 etiam
3041 5554 3272 5624 ipsarum
3312 5550 3553 5621 baptismi
3587 5562 3738 5620 atque

2203 5647 2440 5717 martyrii
2478 5646 2791 5719 aﬂinitatem.
2841 5645 3094 5702 Locorum
3141 5645 3495 5711 occasionem,
3524 5643 3576 5698 in
3617 5640 3735 5713 qui-

2205 5737 2296 5798 bus
2339 5741 2404 5799 de
2449 5742 2698 5815 baptismo
2744 5743 3012 5816 sanguinis
3053 5740 3138 5812 agi
3167 5738 3495 5799 crediderunt
3524 5747 3728 5807 veteres,
