3990 6060
201 241 280 300 49

1255 241 1344 298 DE
1376 239 1692 299 SECUNDO
1731 239 1914 301 MART
1928 243 2119 302 YRUM
2150 241 2504 300 BAPTISMO.
3478 247 3551 303 b‘ﬂ

292 360 472 432 fuisse
506 358 832 431 martyrium.
889 357 1097 413 Domini
1139 357 1422 430 baptismus
1451 357 1679 429 ejusdem
1728 369 1836 413 erat
1866 361 1916 421 Α
1943 375 2153 416 morum
2186 369 2487 430 temporum
2517 360 2808 432 martyriis,
2842 361 3016 418 locum
3047 361 3115 418 ab
3140 362 3340 418 auxilio
3366 364 3549 421 divino

294 453 633 524 martyrium,
667 451 821 520 idque
846 467 996 506 sensu
1025 449 1397 505 Ecclesiastico.
1420 481 1492 492 —-
1522 450 1586 523 ἧς
1613 451 1677 506 15
1700 493 1714 514 ,
1749 451 1838 520 14,

297 546 328 602 1
344 544 407 611 5,
432 544 516 600 16.
546 542 795 598 [heretici
811 543 1057 612 apostolis
1072 543 1227 597 corcvi
1249 545 1551 614 martyrium
1566 543 1838 614 negabant.

304 637 521 692 Horum
565 635 1012 707 pseudo-Christos
1041 635 1302 708 refellebat
1336 635 1396 691 S.
1429 635 1661 689 Joannes
1686 653 1843 707 argn-

296 741 482 786 mento
520 749 552 784 a
584 729 689 783 ueri
723 727 927 784 Messio:
960 729 1176 782 aduentu
1219 745 1309 798 per
1343 745 1528 799 aquam
1561 739 1607 782 et
1633 728 1848 800 sangui-

299 841 448 879 nem.
478 822 785 893 Explicatur
816 832 920 877 tota
946 823 1039 876 illa
1065 824 1532 894 argumentatio.—-
1562 822 1590 894 ᾗ
1618 823 1704 877 17.
1741 822 1847 877 0b-

302 935 442 976 serv.
481 928 686 988 quarto,
733 921 786 972 in
830 919 944 989 ipso
973 919 1068 972 illo
1094 918 1403 972 initiationis
1444 918 1848 990 expiationisque

313 1015 443 1079 ritu,
473 1015 558 1067 cui
589 1021 905 1078 peccatorum
944 1012 1299 1082 purgationem
1327 1009 1609 1064 tribuebant
1635 1020 1841 1076 veteres,

319 1118 422 1162 tam
475 1107 788 1178 frequentem
829 1103 988 1172 fuisse
1039 1102 1181 1172 apud
1227 1103 1346 1156 illos
1387 1101 1654 1172 sanguinis
1693 1118 1847 1169 quam

324 1217 468 1266 aqua
483 1216 631 1254 usum
661 1215 678 1252 :
705 1207 752 1250 et
778 1197 980 1269 quidem
999 1196 1262 1267 sanguinis
1281 1196 1598 1249 initiatorum
1627 1193 1843 1264 praprii.

320 1293 444 1364 -ς
472 1292 557 1348 i8.
589 1289 700 1344 Nec
727 1289 781 1342 id
809 1287 960 1342 modo
987 1287 1040 1340 in
1071 1286 1460 1349 initiationibus,
1483 1285 1572 1340 sed
1599 1286 1710 1340 etin
1733 1301 1856 1356 pac-

344 1387 410 1439 tis
458 1381 724 1440 obtinebat.
772 1397 865 1450 pro
913 1379 1138 1434 moribus
1190 1388 1409 1433 veterum
1450 1377 1843 1446 antiquissimis.

323 1505 394 1517 -—
421 1475 451 1547 ς
479 1473 561 1530 l9.
591 1471 658 1528 Ut
704 1471 980 1542 sanguini,
1036 1471 1090 1524 in
1141 1471 1236 1524 hoc
1287 1469 1597 1540 expiationis
1647 1469 1850 1538 negotio

319 1575 493 1636 partes
517 1561 859 1618 concedebant
888 1562 1041 1632 facile
1067 1561 1360 1631 primarius,
1390 1561 1461 1614 ita
1501 1561 1711 1614 humani
1736 1577 1860 1614 san-
1887 1569 1894 1575 ‘

317 1660 523 1733 guinis,
554 1673 659 1728 prie
681 1657 803 1712 aliis
827 1657 980 1710 etiam
1009 1655 1360 1726 sanguinibus,
1385 1655 1484 1709 vim
1512 1656 1662 1726 longe
1687 1653 1854 1708 marci-

1949 456 2266 526 primarium
2285 453 2584 509 obtinuisse
2612 464 2826 524 recepta
2847 455 2992 510 illius
3013 457 3259 514 ecclesiae
3280 459 3551 528 prinncvae

1949 551 2016 606 de
2069 549 2310 621 martyrii
2363 547 2623 618 dignitate
2653 547 2933 617 dogmata,
2968 549 3097 604 illud
3147 551 3390 620 inprimis
3443 566 3552 622 quo

1950 642 2174 698 secundi
2231 641 2482 712 baptismi
2526 640 2699 696 vicem
2751 652 2911 711 atque
2976 643 3236 698 beneﬁcia
3285 645 3550 718 martyrio

1950 735 2312 790 vindicabant.
2369 733 2502 794 lloc.
2528 736 2650 803 quia
2682 733 2918 789 alienum
2947 734 3060 788 scio
3113 750 3140 788 a
3182 737 3549 794 recentiorum

1951 828 2165 898 placitis
2191 828 2281 898 qui
2330 842 2455 881 suas
2482 841 2760 881 sacrarum
2812 826 3112 881 litterarum
3151 827 3554 898 interpretatio-

1953 941 2068 990 nes,
2109 934 2396 994 utcumque
2420 925 2689 990 infirmas,
2731 939 2829 979 nec
2865 933 3014 980 certo
3051 927 3231 995 aliquo
3263 927 3549 982 ratiocinio

1955 1020 2209 1079 nitentes.
2243 1027 2484 1072 veterum
2530 1027 2707 1073 tamen
2756 1017 3055 1072 ratiociniis
3098 1028 3459 1088 anteponunt;
3505 1029 3564 1076 et

1957 1112 2080 1182 quia
2129 1121 2236 1164 tota
2272 1110 2384 1164 lure
2409 1109 2651 1180 mystica!
2697 1109 3180 1179 argumentationis
3231 1112 3368 1164 ratio
3391 1154 3406 1176 ,
3437 1128 3557 1183 qua:

1960 1203 2306 1274 mysticorum
2335 1205 2559 1257 omnino
2590 1201 3004 1271 scripturarum,
3037 1201 3304 1272 Intjusque
3325 1202 3464 1256 adeo
3491 1205 3560 1259 de

1959 1295 2318 1349 sacramentis
2362 1293 2689 1364 argumenti,
2724 1304 2827 1360 est,
2862 1307 2961 1346 suo
3009 1293 3243 1364 quodam
3275 1294 3397 1363 jure
3435 1309 3564 1365 pro-

1959 1388 2098 1460 pria,
2126 1397 2431 1458 contempta
2465 1394 2647 1443 tamen
2674 1386 2757 1442 vel
2777 1387 3019 1458 neglecta
3048 1397 3176 1443 csta
3196 1387 3570 1444 celeberrimis

1964 1479 2236 1549 plerisque
2263 1488 2573 1532 nostrorum
2599 1488 2901 1547 temporum
2932 1478 3341 1548 interpretibus;
3367 1489 3422 1534 et
3443 1479 3568 1549 quia

1964 1572 2056 1641 qui
2087 1570 2228 1626 hanc
2251 1581 2494 1626 veterum
2523 1571 2847 1627 sententiam
2883 1579 3101 1626 tuentur
3131 1571 3292 1626 hodie
3336 1572 3569 1642 scripto-

1963 1681 2051 1720 res
2103 1664 2398 1736 pontiﬁcii,
2459 1680 2618 1720 unam
2666 1676 2907 1719 veterum
2964 1663 3340 1720 auctoritatem
3390 1674 3571 1720 tamen

317 1772 459 1811 mam
501 1761 836 1826 agnoverunt.
865 1781 936 1792 -—
966 1750 994 1822 §
1035 1751 1128 1806 ει).
1162 1749 1285 1805 Obs.
1323 1751 1534 1821 quinto,
1589 1750 1658 1804 ad
1686 1751 1855 1818 ipsum

1967 1760 2284 1826 obtendunt,
2320 1759 2480 1824 plane
2522 1758 2591 1815 de
2644 1775 2832 1815 eorum
2882 1761 3180 1816 ratiociniis
3210 1761 3406 1825 securi,
3438 1775 3560 1816 rcc-

320 1849 565 1918 baptismi
611 1853 988 1900 sacramentum
1028 1844 1280 1914 pertinere
1322 1844 1659 1914 sanguineum
1720 1844 1856 1897 hunc

322 1943 667 2013 baptismum,
697 1948 744 1994 et
769 1938 969 2008 quidem
1017 1936 1088 1990 ita
1115 1937 1367 2006 pertinere
1410 1945 1462 1989 ut
1503 1946 1701 2004 partem
1745 1935 1857 2004 ejus

321 2037 637 2110 precipuam
689 2041 1019 2088 consummet.
1067 2061 1137 2071 ——-
1195 2031 1222 2101 §
1265 2031 1360 2085 2|.
1410 2025 1590 2084 Primo
1652 2037 1858 2100 pactum

324 2129 629 2200 baptismale
655 2143 748 2196 pro
769 2125 874 2179 illis
901 2124 1010 2198 (qui
1040 2123 1182 2192 apud
1203 2132 1392 2177 veteres
1410 2120 1726 2193 obtinebant)
1760 2138 1856 2192 pa-

320 2233 522 2279 ctorum
547 2237 653 2276 esse
679 2219 904 2273 moribus
933 2216 1318 2289 explicandum.
1342 2247 1413 2256 -—
1439 2216 1467 2287 §
1495 2217 1587 2270 ‘22.
1617 2216 1857 2272 Secundo

323 2326 381 2370 ut
426 2315 481 2367 in
525 2313 643 2367 aliis
671 2312 858 2382 pactis.
882 2309 956 2364 ita
977 2310 1098 2364 etin
1122 2318 1295 2363 nostro
1315 2324 1512 2380 quoque
1546 2308 1857 2379 baptismali,

323 2409 430 2462 duo
473 2422 579 2461 esse
606 2423 638 2458 a
663 2421 719 2459 se
747 2403 960 2457 inuicem
988 2402 1348 2472 distinguenda
1394 2402 1711 2456 diversarum
1740 2417 1863 2472 par-

323 2502 455 2557 tium
498 2499 696 2571 officia,
727 2494 824 2550 Dei
857 2496 986 2562 alia,
1017 2495 1122 2549 alia
1149 2504 1341 2549 nostra.
1365 2522 1436 2533 —
1468 2494 1496 2564 ᾗ
1537 2493 1628 2548 25.
1663 2493 1854 2560 Tertio,

317 2595 416 2665 jus
440 2590 570 2646 illud
591 2589 754 2659 legale
771 2605 933 2650 omne,
958 2587 1252 2659 quodpacti
1279 2585 1529 2653 bene/icio
1555 2585 1858 2650 obtinemus,

333 2687 404 2741 ad
451 2683 548 2738 Dei
576 2682 962 2755 promissiones,
1018 2697 1083 2736 ea:
1136 2679 1299 2750 officii
1330 2679 1491 2732 nostri
1537 2679 1863 2748 prastatione

332 2795 442 2835 esse
480 2775 854 2832 deducendum.
885 2806 954 2815 —
987 2774 1015 2847 ς
1043 2773 1134 2829 24.
1177 2771 1392 2837 Quarto,
1421 2787 1534 2840 qua:
1582 2770 1729 2824 nobis
1778 2770 1858 2823 in-

321 2872 571 2928 cumbunt
595 2870 646 2923 in
665 2871 762 2923 hoc
783 2878 932 2939 pacto
962 2867 1255 2936 baptismali
1280 2865 1596 2919 conditiones
1627 2881 1658 2916 a
1685 2872 1860 2917 nostra

322 2977 473 3040 parte
504 2963 815 3039 praestanda:
837 2980 863 3018 e
895 2962 1240 3033 symbolarum
1267 2960 1568 3014 solemninm
1597 2959 1863 3028 signiﬁca-

323 3063 464 3116 tione
489 3055 858 3128 collt'gendum.
880 3052 1105 3125 ——§25.
1138 3052 1349 3118 Quinto,
1382 3051 1435 3104 in
1463 3049 1711 3121 symbolis
1736 3049 1862 3121 bap-

1964 1864 2084 1907 tene
2109 1861 2218 1907 tam
2249 1869 2279 1907 e
2307 1851 2622 1922 Scripturis,
2649 1862 2703 1907 ct
2731 1868 2828 1922 pro
2851 1853 3121 1922 primaeva:
3149 1851 3563 1907 Christianitatis

1961 1953 2118 2014 captu
2150 1940 2261 2016 (cui
2295 1954 2473 1998 tamen
2502 1943 2601 1998 soli
2633 1941 2895 2013 Spiritum
3060 1945 3110 1998 in
3159 1943 3562 2013 Scripturarum

1961 2035 2379 2090 conciunatione
2415 2035 2753 2090 consuluisse
2801 2031 2928 2090 alibi
2961 2035 3303 2106 probavimus
3330 2037 3408 2108 (in
3433 2036 3570 2090 Pro-

1964 2127 2149 2198 legom.
2177 2126 2245 2180 ad
2274 2125 2424 2181 Dom.
2451 2126 2681 2193 Stearn.,
2709 2126 2772 2180 de
2801 2125 3104 2196 0bstinat.),
3128 2137 3290 2197 atque
3315 2125 3453 2182 adeo
3478 2141 3566 2182 so-

1965 2218 2092 2281 lide.
2124 2218 2484 2290 collegerint:
2525 2216 2748 2288 proinde
2793 2217 3254 2271 Consultissimum
3311 2217 3568 2271 duximus

1964 2311 2008 2365 si
2038 2319 2143 2365 tam
2172 2309 2410 2380 iucundo
2442 2309 2667 2379 utilique
2697 2317 3016 2380 argumento
3042 2350 3057 2374 ,
3092 2307 3365 2378 propriam
3413 2322 3568 2363 suam

1964 2403 2398 2476 singularemque
2423 2402 2856 2457 dissertationem
2883 2401 3305 2472 assignaremus.

2039 2499 2067 2571 §
2094 2501 2150 2553 2.
2180 2529 2250 2538 —
2273 2497 2354 2552 Ab
2394 2497 2782 2568 antiquissimis
2812 2499 2992 2568 itaque
3019 2499 3355 2568 temporibus
3382 2499 3570 2557 Eccle-

1965 2592 2080 2655 siae,
2112 2591 2589 2661 recentissimaque
2617 2589 2983 2660 apostolorum
3016 2592 3300 2658 memoria,
3332 2593 3564 2649 deducta

1967 2686 2082 2740 lucc
2103 2694 2188 2741 est
2217 2685 2284 2741 de
2307 2685 2547 2740 secundo
2569 2684 2813 2757 martyrii
2832 2683 3096 2754 baptismo
3123 2687 3417 2754 sententia,
3439 2687 3569 2743 etin

1966 2779 2211 2835 Ecclesia
2238 2778 2529 2850 vulgariter
2559 2788 2798 2848 recepta.
2841 2777 2915 2833 De
2958 2777 3238 2834 Felicitate
3269 2779 3340 2834 ita
3375 2789 3565 2837 auctor

1965 2876 2222 2929 Actorum
2243 2874 2383 2942 (Act.
2405 2871 2608 2944 Perpet.
2627 2881 2671 2925 et
2695 2869 2881 2935 Fetic.,
2901 2888 2954 2938 p.
2973 2869 3063 2935 29,
3081 2870 3171 2936 50,
3189 2870 3310 2925 edit.
3336 2870 3568 2944 0:con.):

1971 2985 1991 3020 ι
2041 2965 2168 3021 item
2213 2965 2463 3021 Felicitas
2507 2965 2710 3019 salvam
2752 2979 2811 3019 se
2863 2963 3138 3034 peperisse
3181 2963 3464 3034 gaudens,
3511 2975 3571 3020 ut

1966 3061 2034 3115 ad
2064 3060 2262 3116 bestias
2297 3068 2579 3130 pugnaret,
2611 3057 2872 3127 sanguine
2900 3057 2968 3112 ab
2997 3057 3286 3112 obstetrice
3307 3056 3372 3110 ad
3397 3058 3568 3112 retia-

326 3156 468 3210 tismi
488 3149 652 3206 nostri
675 3147 1060 3203 sacramentalis
1072 3143 1403 3208 solemnibus,
1424 3160 1524 3198 non
1541 3157 1688 3211 aqua:
1701 3141 1858 3196 solius

1967 3155 2104 3208 rium
2128 3153 2299 3207 latura
2323 3160 2442 3221 post
2469 3161 2677 3220 partum
2703 3151 2969 3221 baptismo
3000 3149 3259 3204 secundo.
3299 3169 3318 3202 ι
3353 3148 3561 3205 Eodem

325 3246 611 3316 baptismus
625 3243 917 3305 denotatur,
934 3237 1021 3293 sed
1035 3237 1184 3291 etiam
1199 3236 1285 3289 ille
1297 3234 1584 3304 sanguinis;
1599 3242 1645 3287 et
1657 3231 1861 3299 quidem

320 3341 398 3396 ita
439 3338 716 3392 denotatur
766 3345 821 3388 ut
868 3334 935 3386 ad
978 3347 1137 3386 unum
1177 3327 1504 3398 eamdemque
1554 3327 1862 3396 baptismum

324 3447 538 3507 uterque
562 3431 820 3504 pertinere
848 3427 1182 3494 intelligatur.
1217 3454 1288 3464 -—-
1335 3421 1364 3494 §
1393 3421 1485 3476 26.
1521 3420 1608 3474 Ita
1636 3436 1689 3474 se
1717 3419 1865 3473 habet

330 3532 395 3583 de
419 3529 569 3596 facto.
587 3556 659 3566 —
680 3523 742 3596 ᾗῇ
759 3523 850 3590 27,
871 3519 961 3575 ‘28.
989 3518 1242 3573 Redditur
1261 3517 1383 3584 facti
1404 3516 1553 3569 ratio.
1583 3543 1651 3555 —-
1769 3511 1861 3576 ‘29,

335 3623 427 3678 50.
459 3620 640 3685 Sexto,
685 3621 760 3672 ita
814 3615 1149 3670 aduntbratur
1196 3612 1249 3664 in
1294 3611 1406 3681 ipso
1455 3608 1600 3678 aquei
1631 3606 1866 3675 baptismi

332 3713 564 3785 symbolo
618 3710 895 3782 baptismus
926 3706 1271 3775 sanguineus,
1315 3714 1369 3755 ut
1413 3702 1567 3770 plane
1622 3699 1866 3752 innuatur

329 3807 534 3861 nullout
560 3820 667 3859 esse
697 3801 846 3870 aquei
867 3799 1101 3870 baptismi
1128 3796 1400 3867 efficaciam
1427 3794 1526 3847 nisi
1555 3793 1624 3846 ad
1655 3791 1865 3862 sangui-

331 3914 492 3952 neum
530 3895 834 3964 baptismum
869 3891 1138 3960 referatur.
1167 3919 1236 3927 —
1270 3886 1333 3958 §§
1361 3887 1422 3942 51
1453 3928 1468 3951 ,
1514 3885 1602 3940 52.
1634 3884 1866 3954 lnfertur

335 3991 576 4062 septimo,
594 4004 695 4041 non
723 3985 874 4039 modo
899 4000 962 4037 ea:
978 3982 1113 4053 pacti
1139 3980 1458 4050 baptismatis
1482 3979 1610 4048 lege,
1638 3977 1728 4030 sed
1751 3991 1866 4029 vero

335 4099 407 4139 ex
430 4079 656 4153 ejusdem
682 4079 836 4134 etiam
854 4077 1121 4144 (equitate,
1148 4073 1394 4127 vindicari
1421 4087 1567 4142 posse
1594 4071 1646 4122 in
1666 4069 1867 4140 sangui-

329 4191 430 4231 neo
458 4173 710 4244 baptismo
735 4171 907 4226 omnia
933 4168 1175 4237 beneﬁcia
1196 4183 1226 4218 a
1249 4164 1472 4227 Christo,
1501 4180 1593 4235 pro
1617 4179 1710 4216 sua
1731 4162 1868 4232 pacti

333 4267 658 4339 baptismatis
688 4275 852 4334 parte,
878 4262 1190 4334 prmstamla.
1220 4292 1290 4300 —
1321 4259 1385 4332 §§
1413 4260 1502 4323 55,
1530 4257 1616 4314 54.
1641 4255 1869 4328 lnfertur

329 4370 516 4416 octavo
567 4359 773 4428 plenam
824 4357 1052 4410 omnium
1100 4362 1419 4424 peccatorum
1476 4351 1869 4420 praecedentium

327 4453 710 4524 indulgentiam
755 4459 859 4504 tam
897 4466 1005 4504 esse
1055 4447 1337 4516 martyrio,
1389 4461 1542 4514 quam
1593 4444 1866 4514 baptismo,

1968 3252 2179 3315 spectat
2217 3243 2376 3298 etiam
2424 3241 2705 3312 gentilium
2753 3239 2821 3295 de
2863 3239 3058 3296 Saturo
3097 3239 3415 3294 acclamatio
3440 3254 3564 3295 cum

1969 3355 2076 3394 uno
2103 3336 2344 3410 leopardi
2363 3351 2545 3392 morsu
2567 3344 2712 3390 totus
2731 3350 2830 3391 suo
2851 3333 3109 3406 sanguine
3132 3332 3565 3404 perfunderetur,

1968 3434 2174 3490 salvum
2200 3433 2405 3487 lotum!
2439 3429 2644 3486 salvum
2689 3429 2877 3483 lotum!
2912 3425 3055 3498 quod
3083 3427 3153 3481 ita
3184 3428 3570 3497 interpretatur

1968 3529 2224 3583 Actorum
2277 3533 2485 3592 auctor,
2519 3532 2577 3578 ut
2602 3523 2669 3578 ad
2711 3522 3000 3578 secundam
3032 3521 3274 3592 martyrii
3302 3519 3560 3575 lotionem

1970 3621 2106 3675 laeta
2133 3627 2276 3675 esset
2307 3616 2445 3672 vela
2478 3613 2844 3672 nescientibus
2872 3613 3042 3668 turbis
3081 3611 3291 3666 allusio.
3343 3609 3420 3666 Ita
3455 3609 3567 3680 jam

1969 3712 2275 3767 obtinuerat
2331 3708 2470 3780 apud
2521 3707 2844 3763 christianos
2886 3718 2950 3760 ea
2996 3701 3248 3774 loquendi
3278 3701 3416 3756 ratio
3455 3715 3572 3771 qua

1970 3807 2090 3878 quis
2120 3807 2282 3862 etiam
2329 3802 2572 3875 martyrii
2617 3799 2818 3872 pariter
2843 3813 2907 3853 ac
2934 3813 3087 3868 aqua:
3125 3797 3394 3866 baptismo
3420 3794 3562 3850 lotus

1969 3901 2263 3957 diceretur.
2292 3897 2556 3954 Secunda:
2599 3910 2764 3966 porro
2792 3890 3128 3948 intinctionis
3158 3906 3289 3945 voce
3316 3904 3448 3945 usus
3483 3899 3570 3946 est

1971 3995 2037 4051 de
2066 3993 2324 4065 martyrio
2349 3989 2713 4047 Tertullianus
2740 3984 3008 4056 (Tertull,
3033 3985 3095 4037 de
3127 3982 3375 4048 Patient.,
3406 3998 3452 4035 c.
3476 3981 3568 4048 15,

1971 4088 2034 4141 de
2059 4085 2239 4155 Bapt.,
2271 4101 2316 4138 c.
2346 4081 2460 4156 16),
2487 4081 2629 4154 quod
2659 4090 2713 4135 et
2739 4077 2867 4133 alibi
2907 4074 3126 4132 secundi
3163 4073 3406 4137 Lavacri,
3440 4087 3570 4126 san-

1970 4177 2416 4250 guinisnimirum
2451 4172 2720 4242 baptismi,
2748 4168 2964 4223 nomine
2981 4166 3246 4234 designat.
3273 4164 3382 4219 Nec
3405 4163 3563 4218 aliter

1971 4271 2230 4341 Origenes
2250 4269 2339 4338 qui
2367 4282 2434 4322 ex
2462 4279 2529 4320 eo
2560 4267 2682 4335 ipso
2701 4259 3146 4332 baptismiollicio
3171 4257 3379 4327 colligit
3399 4265 3566 4324 recte,

1974 4362 2287 4435 martyrium
2336 4357 2593 4430 baptismi
2644 4355 2886 4419 nomine,
2943 4350 3266 4419 meritoque,
3321 4347 3570 4419 insigniri

1973 4471 2152 4529 posse,
2183 4452 2327 4525 quod
2354 4459 2696 4523 peccatorum
2724 4445 3101 4502 remissionem
3128 4450 3350 4513 prrestet
3367 4441 3570 4510 pariter

334 4546 734 4605 concedendam.
762 4573 836 4586 ——
881 4543 910 4614 §
958 4542 1048 4598 55.
1081 4539 1232 4594 Nihil
1277 4554 1384 4594 esse
1420 4537 1642 4592 alienum
1673 4553 1705 4590 a
1745 4537 1861 4607 bap-

1975 4564 2036 4605 ac
2063 4547 2358 4619 baptismus
2378 4586 2394 4612 ,
2424 4559 2492 4600 ne
2522 4541 2689 4597 solius
2718 4537 2952 4594 nominis
2985 4538 3072 4590 hic
3093 4534 3281 4590 haberi
3306 4533 3572 4588 rationem

336 4644 476 4698 tismi
508 4651 697 4695 natura
726 4639 862 4710 quod
884 4637 1124 4709 temporis
1170 4633 1439 4688 intervallo
1473 4632 1808 4702 sejungantur
1837 4644 1868 4680 a

333 4753 394 4792 se
405 4736 621 4790 invicem
636 4732 918 4803 baptismus
931 4745 1122 4802 aqueus
1139 4739 1290 4798 atque
1300 4725 1628 4796 sanguineus.
1642 4753 1716 4764 —
1733 4721 1761 4792 §
1777 4721 1865 4777 56.

335 4860 412 4872 —-
439 4826 600 4883 Nono
632 4836 913 4897 martyrum
945 4825 1246 4896 sanguinem
1275 4837 1365 4890 pro
1400 4817 1589 4875 Christi
1625 4816 1870 4887 sanguine

345 4923 578 4976 habuisse
629 4929 838 4974 veteres.
867 4947 936 4957 —-
975 4915 1003 4988 §
1033 4916 1124 4972 57.
1163 4913 1365 4966 Decimo
1393 4909 1652 4982 prwcipue
1671 4910 1736 4973 si,
1776 4925 1869 4976 pro

348 5012 533 5069 Christi
581 5012 838 5082 esceMplo,
891 5009 1096 5083 publica
1149 5006 1437 5059 animarum
1487 5017 1643 5055 causa
1693 5001 1871 5072 fuisset

347 5105 560 5172 effusus.
579 5137 650 5148 —
678 5105 709 5178 §
737 5105 824 5161 58.
848 5102 1204 5176 Defenduntur
1226 5109 1430 5154 veteres.
1454 5097 1573 5170 —§
1598 5095 1688 5152 59.
1721 5095 1868 5152 Mar-

347 5199 550 5272 tyrium
569 5199 621 5253 in
655 5197 818 5253 altero
847 5197 1002 5251 etiam
1037 5194 1355 5248 eucharistiaz
1381 5200 1698 5247 sacramento
1716 5205 1872 5259 spon-

345 5296 556 5351 demus.
586 5323 654 5334 -
683 5292 712 5365 ς
748 5291 839 5348 40.
870 5289 938 5346 1η
968 5291 1214 5361 martyrio
1242 5289 1334 5360 jus
1383 5287 1452 5341 ad
1499 5284 1745 5355 beneficia
1784 5285 1874 5338 ba-

343 5385 530 5460 ptismi
577 5394 680 5439 tam
721 5384 992 5456 privativa,
1021 5399 1174 5453 quam
1212 5381 1360 5436 etiam
1405 5379 1638 5451 poeitiua,
1694 5392 1873 5432 conse-

348 5483 574 5555 quinmr.

347 5576 384 5648 ς
410 5577 462 5630 Ι.
490 5604 562 5617 -
583 5573 849 5640 Diximus,
872 5571 1135 5643 superiori
1161 5567 1543 5624 dissertatione
1567 5565 1664 5638 (ί),
1691 5566 1742 5619 in
1766 5563 1877 5634 pri-

348 5689 425 5762 (¹)
449 5688 550 5762 cui
601 5687 793 5745 titulus
838 5706 852 5743 :
890 5685 970 5741 De
996 5686 1302 5762 primorum
1355 5693 1645 5762 martyrum
1690 5680 1879 5752 insigni

283 5753 619 5837 fortitudine,
631 5761 841 5831 ejusque
864 5753 1054 5815 causis.
1073 5757 1239 5814 Nobis
1257 5767 1371 5814 erat
1386 5753 1612 5828 prirnum
1635 5753 1686 5811 iu
1701 5768 1820 5811 men
1830 5763 1880 5812 te

1973 4635 2619 4712 suSpicenturadversarii
2638 4632 2900 4704 (0rigen.,
2918 4629 2969 4682 in
2995 4628 3046 4683 Μ
3052 4628 3200 4691 atth.,
3222 4645 3272 4697 p.
3296 4625 3423 4687 416,
3446 4623 3570 4679 edit.

1975 4733 2150 4789 Haetii
2175 4731 2197 4799 )
2231 4749 2244 4784 :
2276 4732 2434 4794 mea,
2469 4727 2666 4797 inquit,
2704 4722 2879 4798 ἄφεσιν
2908 4722 3157 4796 λαμϐάνει
3186 4717 3573 4795 ἁμαρτημάτων

1973 4827 1999 4883 ὁ
2026 4827 2326 4898 ὑπομείνας.
2351 4820 2625 4896 βάπτισμά
2654 4818 2790 4872 ἐστιν
2817 4831 2830 4843 '
2863 4817 2905 4868 εἰ
2933 4816 3032 4887 ’γὰρ
3063 4813 3122 4867 τὸ
3151 4811 3424 4882 βάπτισμα
3451 4803 3573 4879 ἄφι-

1975 4940 2055 4974 σιν
2109 4914 2491 4994 ἁμαρτημάτων
2541 4908 2926 4982 ἐπαῃέηεται.
2986 4905 3147 4960 καθὼς
3193 4897 3574 4974 παρειλήφαμεν

1973 5014 2208 5087 περὶτοῦ
2230 5010 2280 5062 ἐν
2309 5004 2461 5060 ὐδατι
2493 5005 2579 5057 καὶ
2606 5002 2861 5073 πνεύματι
2885 4997 3249 5072 βαπτίσματος
3271 5031 3286 5056 ,
3319 4986 3493 5064 ἄφεσιν
3518 4987 3574 5042 δὲ

1973 5103 2218 5177 λαμϐάνει
2264 5097 2648 5171 ἁμαρτημάτων
2679 5095 2763 5146 καί
2789 5091 2814 5146 ὁ
2840 5092 2899 5145 τὸ
2925 5092 3017 5142 τοῦ
3042 5087 3329 5160 μαρτυρίου
3356 5083 3573 5152 ὑπομεί-

1973 5217 2066 5257 νας
2092 5195 2396 5266 βάπτισμα,
2432 5190 2706 5262 βάπτισμα
2747 5187 2806 5239 τὸ
2837 5180 3121 5255 μαρτύριον
3151 5177 3371 5250 εὐλόγως
3397 5171 3574 5246 λέγοιτ’

1977 5286 2060 5352 ἂν.
2106 5297 2211 5343 etc.
2257 5283 2405 5340 Idem
2452 5293 2506 5338 et
2559 5284 2612 5336 in
2661 5277 2779 5331 aliis
2831 5273 2963 5329 locis
3018 5287 3162 5341 smpe
3213 5271 3375 5325 liabet
3431 5268 3576 5323 idem

1977 5379 2332 5437 Adamantius
2351 5374 2615 5448 (0rigeu.,
2633 5371 2687 5423 in
2721 5367 2810 5421 lib.
2833 5365 3039 5427 ludia,
3059 5367 3174 5417 hom
3195 5362 3227 5415 7
3246 5369 3291 5416 et
3319 5377 3369 5414 in
3389 5358 3572 5426 Joan.,

1983 5483 2105 5529 tom.
2123 5487 2234 5534 vui.
2257 5488 2308 5540 p.
2330 5469 2454 5528 155,
2473 5466 2594 5519 edit.
2607 5461 2653 5516 Η
2661 5461 2780 5516 uetii
2787 5462 2826 5533 ).
2847 5459 2988 5514 Idem
3005 5471 3150 5527 saepe
3169 5463 3352 5509 uoster
3366 5452 3578 5524 Cypria-

1981 5585 2101 5635 nus,
2135 5564 2430 5636 (Cyprian.,
2480 5557 2584 5626 Ep.
2631 5572 2740 5624 Ltv,
2786 5555 2849 5609 de
2895 5551 3044 5606 Orat.
3093 5548 3299 5602 Domin.
3327 5543 3549 5598 Exhort.

1984 5681 2132 5738 illam
2165 5681 2217 5736 in
2251 5678 2354 5733 ltoe
2385 5685 2532 5729 tomo
2555 5673 2817 5735 inserere;
2849 5664 3020 5723 multa
3048 5677 3176 5720 vero
3199 5665 3424 5730 promer
3444 5654 3585 5714 male

1986 5753 2236 5812 sonantia
2277 5745 2575 5806 omittenda
2606 5744 2727 5802 luit.
3165 5789 3234 5806 μ
