3990 6060
419 247 487 306 51
1293 236 1298 301 ξ
1427 233 1799 294 DODWELLI
1838 231 2294 294 DISSERTATIO
2329 229 2748 292 CYPRIANICA
3657 241 3734 298 δε

412 361 641 432 Martyr.
675 357 780 429 Ep.
811 355 1022 427 Lxxm),
1063 363 1115 410 et
1156 351 1486 410 recentiores
1513 350 1603 406 alii
1630 350 1888 421 Cypriano
1919 347 2021 404 Pa-
2046 362 2100 422 Α
2127 363 2232 420 que
2255 348 2600 422 comprobat;
2656 362 2725 404 ex
2765 347 2883 419 ipsa
2931 347 3096 406 etiam
3140 349 3402 408 Ecclesiae
3443 353 3732 415 catholicae

416 466 532 511 tres
560 450 962 524 quamplurimi,
990 461 1125 519 quos
1155 445 1319 502 taedet
1365 445 1418 500 in
1458 443 1562 502 hoc
1593 443 1713 499 loco
1742 443 2018 515 sigillatim
2126 441 2282 513 praxi
2313 441 2512 512 liquet,
2556 456 2674 512 quae
2718 455 2840 496 cum
2878 455 3135 498 verorum
3177 453 3478 517 artyrum
3517 460 3733 519 semper

414 561 722 606 recensere.
754 544 882 600 Inde
913 542 1056 598 enim
1085 538 1550 596 consentientibus
1579 537 1876 592 Graecorum
1915 536 2020 592 La-

420 640 745 708 tinorumque
775 635 1044 706 suﬁ‘ragiis
1068 633 1418 704 comprobata
1449 631 1565 689 haec
1590 631 1774 703 opinio
1814 629 1883 687 ad
1918 644 2019 687 no-

419 742 532 789 stra
551 747 720 803 usque
737 739 979 800 tempora
998 726 1298 784 descendit.

501 826 530 898 §
563 827 614 881 5.
649 853 720 863 -
746 822 844 877 Est
869 835 1033 891 porro
1077 820 1208 875 illttd
1248 818 1718 876 animadversione
1760 818 1979 891 dignum
2001 862 2018 888 ,

419 919 492 974 ita
517 918 657 972 inter
686 931 745 970 se
773 914 908 969 duos
939 913 1106 968 hosce
1133 928 1288 984 aquae
1315 921 1476 983 atque
1503 911 1780 983 sanguinis
1808 912 2016 982 baptis-

420 1029 545 1070 mos
571 1010 915 1068 contendisse
967 1009 1210 1074 Veteres,
1267 1018 1325 1062 ut
1362 1021 1750 1078 nonnunquam
1803 1016 2022 1078 postpo-

419 1115 552 1162 nant
577 1101 872 1159 secundum
903 1099 1045 1155 hunc
1091 1098 1368 1171 sanguinis
1400 1098 1726 1169 baptismum
1754 1114 1907 1169 aqua:
1945 1097 2021 1153 illi

421 1203 623 1277 primo,
655 1198 840 1256 etvice
863 1212 1018 1253 versa
1044 1209 1428 1267 nonnunquam
1456 1193 1780 1262 anteferant,
1804 1192 2022 1250 diverso

423 1296 479 1354 id
529 1293 782 1349 nimirum
835 1301 1088 1361 respectu
1139 1299 1302 1360 atque
1349 1288 1807 1344 consideratione.
1865 1285 2020 1354 Quod

422 1389 641 1462 quidem
665 1387 731 1442 ad
761 1385 890 1441 illud
909 1394 1127 1459 _Spectat
1157 1385 1313 1455 aquei
1355 1384 1610 1455 baptismi
1636 1384 1875 1440 ofﬁcium
1915 1400 2023 1456 quo

423 1483 644 1539 unimur
664 1482 880 1538 Christo
907 1490 1065 1551 atque
1086 1479 1344 1536 Ecclesiae
1360 1521 1375 1547 ,
1408 1494 1731 1550 quamquam
1754 1480 2022 1552 superiori

421 1581 534 1652 jam
567 1578 948 1634 dissertatione
975 1576 1375 1634 ostenderimus
1403 1592 1555 1633 suam
1583 1593 1796 1649 quoque
1835 1579 1942 1633 vim
1970 1578 2022 1632 in

424 1674 531 1730 hac
560 1672 676 1742 ipsa
714 1685 929 1742 quoque
969 1671 1171 1726 unione
1201 1669 1447 1740 augenda
1479 1670 1671 1725 saltem
1707 1683 1868 1741 atque
1896 1685 2024 1740 pro-

2123 533 2286 592 fuerit
2322 535 2798 593 observantissima
2819 579 2834 605 ,
2864 552 3160 609 numquam
3181 549 3358 593 tamen
3388 538 3497 595 illis
3518 542 3732 596 haereti-

2126 648 2222 690 cos
2248 634 2696 690 schismaticosve
2725 638 3086 704 accensuerit,
3123 636 3269 692 nulla
3290 652 3477 694 eorum
3509 641 3730 696 nomina

2125 729 2180 785 in
2205 729 2374 785 fastos
2393 744 2518 786 suos
2545 729 2847 799 admiserit,
2877 731 3084 787 nullam
3117 732 3612 791 institueriteorum
3644 751 3732 793 so-

2126 822 2363 879 lemnem
2407 825 3004 889 commemorationem.

2199 915 2303 987 δι..
2329 947 2402 957 -
2429 917 2764 988 Quamquam
2799 933 2930 989 ergo
2964 919 3032 975 ad
3053 919 3283 991 subjecti
3317 921 3730 993 dispositionem

2127 1011 2465 1069 necessarius
2486 1012 2555 1067 sit
2573 1013 2720 1082 prior
2746 1012 2840 1068 ille
2861 1029 3015 1084 aqua:
3032 1014 3351 1085 baptismns,
3373 1023 3432 1070 ut
3454 1017 3576 1087 quis
3605 1032 3730 1073 san-

2128 1105 2308 1176 guinei
2335 1104 2589 1175 baptismi
2628 1106 2800 1176 possit
2839 1104 3074 1161 fructum
3121 1109 3431 1178 percipere;
3479 1109 3525 1164 si
3552 1117 3732 1166 tamen

2127 1208 2278 1255 recte
2321 1200 2460 1254 hanc
2485 1201 2944 1270 comparationem
2981 1202 3266 1258 instituere
3306 1204 3556 1272 velimus,
3585 1214 3640 1260 et
3668 1206 3735 1261 de

2129 1293 2411 1363 utriusque
2438 1293 2693 1364 baptismi
2725 1294 2994 1350 beneﬁcio
3019 1294 3287 1365 judicare,
3310 1293 3365 1350 id
3395 1311 3560 1367 porro
3583 1314 3733 1368 quan-

2128 1389 2358 1445 rendutn
2391 1390 2562 1444 utrius
2595 1390 2843 1460 baptismi
2873 1389 3043 1461 magis
3068 1392 3140 1446 sit
3161 1391 3483 1448 beneﬁcium
3521 1395 3576 1448 in
3605 1395 3734 1450 sub-

2093 1524 2100 1530 .
2125 1481 2273 1553 jecto
2299 1481 2402 1537 rite
2431 1481 2737 1552 disposito?
2766 1482 2830 1536 Et
2863 1482 3083 1553 quidem
3115 1483 3272 1554 hujus
3321 1483 3568 1542 beneﬁcii
3613 1501 3734 1541 res-

2129 1582 2286 1646 pectu
2361 1574 2718 1644 sanguineum
2767 1575 3093 1645 baptismum
3146 1591 3320 1648 aqueo
3386 1580 3737 1648 prmtulerunt

2129 1667 2392 1738 Origenes
2420 1675 2474 1722 et
2504 1677 2690 1721 noster
2713 1666 3034 1738 Cyprianus.
3073 1686 3093 1718 ‹
3128 1668 3399 1739 Baptisma
3434 1673 3732 1742 sanguinis,

422 1767 695 1824 movenda
726 1767 1059 1823 concessisse
1085 1765 1310 1822 Veteres
1341 1784 1354 1818 :
1390 1766 1463 1821 ita
1493 1775 1672 1823 tamen
1707 1767 1854 1822 illam
1887 1782 2023 1822 con-
2055 1774 2103 1835 Β
2131 1761 2304 1833 inquit
2349 1759 2597 1830 Origines
2627 1758 2915 1832 (0rigen.,
2941 1763 2995 1816 in
3026 1761 3203 1816 Judic.
3234 1763 3416 1817 homil.
3449 1765 3529 1836 7),
3558 1765 3736 1820 solum

427 1869 711 1916 cesserunt
744 1869 798 1915 ut
819 1861 926 1915 vim
956 1861 1172 1916 interim
1225 1859 1342 1930 ejus
1374 1861 1575 1916 nullam
1620 1861 2024 1932 agnoverintad

428 1970 618 2011 eorum
671 1955 925 2010 unionem
969 1954 1392 2025 promovendam
1425 1955 1514 2025 qui
1563 1955 1801 2011 nondum
1844 1966 2028 2012 essent

425 2049 632 2119 pravio
653 2048 834 2119 aliquo
859 2055 1021 2118 atque
1043 2048 1297 2104 inchoato
1311 2047 1502 2103 saltem
1527 2049 1785 2104 unitionis
1811 2050 2028 2105 vinculo

430 2143 694 2199 Ecclesia:
734 2142 1120 2214 conglutinati,
1156 2157 1251 2198 seu
1299 2141 1697 2199 communionis
1742 2143 1795 2197 in
1845 2142 2026 2199 ofﬁcio

428 2237 816 2305 eucharistico,
845 2252 939 2293 seu
965 2235 1214 2306 baptismi
1237 2237 1414 2306 reipsa
1439 2237 1699 2307 suscepti,
1723 2238 1808 2293 vel
1828 2238 1881 2293 in
1905 2248 2030 2293 voto

430 2332 622 2387 saltem
651 2330 892 2400 expetiti,
929 2345 1048 2400 quas
1076 2344 1236 2385 causa
1270 2339 1388 2385 erat
1413 2331 1834 2400 competentium
1865 2332 2026 2389 Cate-

430 2423 859 2489 chumenorum;
891 2423 996 2476 vim
1029 2438 1215 2478 rursus
1245 2425 1444 2479 nullam
1478 2425 1545 2480 ad
1586 2428 1829 2500 martyrii
1859 2428 2029 2484 bene-

431 2514 557 2570 ﬁcia
578 2513 818 2570 nondum
851 2515 1016 2570 unitis
1057 2516 1416 2586 impetranda.
1451 2517 1563 2573 Nec
1601 2521 1743 2574 enim
1772 2525 2032 2595 martyrio

431 2610 760 2666 beneﬁcium
810 2610 1025 2681 aliquod
1073 2610 1315 2667 tribuunt
1345 2612 1389 2666 si
1417 2613 1537 2682 quis
1567 2622 1716 2668 extra
1774 2617 2032 2671 unitatem

431 2718 628 2774 passus
673 2703 853 2769 fuerit;
913 2703 1008 2758 sed
1049 2719 1149 2760 nec
1177 2704 1308 2759 illud
1359 2705 1478 2774 ejus
1518 2705 1838 2762 beneﬁcium
1869 2723 2034 2778 agno-

437 2808 614 2866 scunt,
647 2809 703 2853 ut
734 2815 798 2854 ea
822 2798 935 2866 ipsa
968 2799 1178 2855 ratione
1201 2799 1322 2870 quis
1350 2801 1530 2855 unitus
1570 2801 1822 2857 invisibili
1854 2802 2032 2872 aliqua

436 2891 644 2947 unitate
663 2900 950 2947 censeatur
972 2892 1016 2946 si
1035 2893 1351 2963 martyrium
1371 2908 1561 2963 passus
1591 2893 1776 2950 fuerit.
1803 2895 2036 2950 Proinde

436 2983 813 3041 haereticorum
834 2986 1416 3056 schisn'iaticorumque
1435 2987 1711 3058 martyrio,
1731 2988 1943 3044 illorum
1959 2991 2035 3044 vi-

440 3077 658 3146 delicet,
673 3080 762 3150 qui
775 3079 956 3150 aliquo
974 3079 1058 3134 vel
1074 3089 1193 3135 actu
1209 3095 1328 3145 suo,
1347 3081 1430 3135 vel
1450 3081 1728 3146 Ecclesiae,
1747 3081 1814 3136 ab
1830 3083 2034 3140 unitate

2133 1864 2214 1911 est
2244 1853 2390 1924 quod
2419 1867 2520 1908 nos
2547 1855 2791 1924 puriores
2819 1853 3032 1923 reddat,
3063 1871 3222 1925 quam
3252 1871 3406 1927 aquae
3439 1857 3738 1928 baptismus

2131 1945 2388 2003 reddidit.
2428 1963 2448 1998 ι
2475 1945 2654 2013 Quod.
2698 1945 2884 2016 paucis
2934 1945 3303 2018 interpositis,
3339 1949 3408 2003 ita
3451 1949 3687 2020 eXplicat
3721 1970 3734 2007 :

2140 2058 2158 2090 α
2198 2039 2408 2094 Vereor
2448 2055 2516 2094 ne
2543 2038 2690 2094 istud
2731 2038 2987 2110 baptismi
3015 2040 3343 2096 eminentius
3372 2043 3444 2096 sit
3484 2043 3590 2098 isto
3618 2042 3741 2115 bap-

2135 2132 2353 2188 tismate
2379 2132 2522 2203 quod
2551 2147 2647 2202 per
2674 2149 2868 2203 aquam
2902 2135 3152 2191 traditur.
3188 2135 3286 2191 lllo
3317 2137 3460 2192 enim
3490 2149 3737 2209 accepto,

2135 2227 2290 2281 valde
2314 2227 2469 2296 pauci
2497 2235 2623 2283 sunt
2649 2226 2718 2281 ita
2746 2226 2914 2296 beati,
2945 2229 3037 2300 qui
3071 2229 3122 2284 id
3147 2230 3548 2287 immaculatum
3572 2248 3739 2304 usque

2136 2321 2202 2376 ad
2230 2321 2433 2376 exitum
2463 2322 2585 2375 vitae
2614 2335 2835 2377 servare
2857 2323 3157 2392 potuerint.
3183 2323 3296 2378 Hoc
3319 2339 3450 2380 vero
3474 2326 3741 2396 baptismo

2137 2413 2227 2483 qui
2256 2413 2558 2483 baptizatus
2587 2411 2785 2480 fuerit,
2819 2428 3050 2484 peccare
3069 2415 3180 2486 jam
3216 2415 3360 2471 ultro
3391 2432 3496 2472 non
3539 2427 3737 2488 potest.

2136 2507 2205 2561 Et
2230 2507 2275 2560 si
2299 2507 2644 2562 temerarium
2678 2522 2784 2562 non
2816 2517 2901 2564 est
2930 2508 2982 2563 in
3007 2509 3171 2564 rebus
3197 2509 3395 2565 talibus
3420 2511 3621 2567 audere
3644 2511 3742 2566 ali—

2137 2598 2288 2669 (Ιυίά.
2323 2613 2614 2668 Possumus
2641 2599 2826 2655 dicere
2843 2600 2990 2670 quod
3024 2616 3123 2672 per
3147 2601 3278 2656 illud
3307 2602 3576 2674 baptisma
3600 2618 3740 2674 prae-

2140 2690 2298 2745 terita
2324 2700 2543 2760 peccata
2569 2701 2886 2763 purgantur,
2916 2707 3011 2764 per
3039 2692 3183 2748 istud
3212 2709 3343 2750 vero
3372 2694 3534 2750 etiam
3562 2694 3741 2751 futura

2139 2788 2499 2860 perimuntur.
2532 2789 2612 2845 lbi
2641 2802 2860 2860 peccata
2891 2790 3114 2847 dimissa
3140 2801 3288 2860 sunt,
3317 2792 3405 2846 hic
3433 2794 3673 2850 exclusa.
3718 2815 3736 2847 ι

2140 2885 2199 2941 In
2227 2887 2473 2944 eamdem
2507 2887 2667 2960 plane
2693 2888 3014 2944 sententiam
3043 2888 3496 2960 gloriosissimum
3530 2889 3671 2946 hunc
3690 2901 3744 2947 et

2139 2984 2433 3040 maximum
2457 2985 2734 3054 sanguinis
2764 2983 3088 3054 baptismum
3120 2982 3360 3055 appellat
3384 2992 3571 3039 noster
3601 3001 3742 3041 mar—

2141 3086 2247 3150 tyr,
2272 3076 2414 3148 quod
2434 3091 2631 3147 nempe
2661 3076 2981 3147 gloriosiora
3011 3075 3122 3130 sint
3147 3085 3201 3131 et
3224 3075 3431 3147 majora
3461 3078 3742 3148 sanguinei

439 3171 666 3228 abscissi
685 3181 889 3236 essent,
920 3187 1022 3227 nec
1054 3173 1327 3228 unitorum
1357 3174 1524 3230 fuisse
1543 3175 1910 3243 crediderunt,
1937 3193 2036 3234 nec
2065 3172 2108 3234 C
2142 3170 2394 3240 baplismi
2420 3169 2682 3226 beneﬁCiﬂ
2706 3185 2865 3241 quam
2888 3170 2996 3225 Si"!
3013 3185 3076 3225 ea
3098 3185 3218 3240 qua:
3242 3185 3337 3240 per
3357 3185 3590 3242 aqucum
3617 3181 3744 3227 sunt

437 3266 574 3320 adeo
604 3266 761 3321 ullius
777 3267 920 3336 apud
953 3266 1121 3322 Deum
1148 3267 1324 3336 pretii.
1352 3266 1874 3324 Cateehumenorum
1905 3287 2034 3326 cau-

438 3374 555 3416 sam
585 3357 1020 3414 favorabiliorem
1054 3369 1400 3427 censuerunt,
1432 3361 1520 3430 qui
1551 3375 1656 3416 non
1703 3371 2037 3439 tamgessent

440 3453 508 3508 ab
533 3452 738 3507 unitate
772 3452 1022 3521 sejuncti,
1057 3469 1216 3522 quam
1249 3469 1368 3506 eam
1409 3453 1582 3523 ipsam
1614 3456 1873 3512 unitatem
1903 3473 2038 3513 non-

441 3543 567 3598 dum
597 3544 896 3609 consecuti;
931 3545 1126 3613 quibus
1153 3544 1226 3598 ita
1256 3545 1385 3600 vitio
1414 3561 1520 3600 non
1544 3555 1690 3601 esset
1717 3550 2038 3605 vertendum

439 3637 584 3708 quod
631 3637 871 3694 nondum
918 3646 1103 3694 essent
1130 3637 1286 3703 uniti,
1321 3647 1378 3692 ut
1424 3648 1611 3694 contra
1662 3640 1803 3695 laudi
1863 3645 2040 3711 potius

441 3742 587 3789 esset
613 3731 754 3803 quod
802 3732 1185 3787 ecclesiasticae
1233 3732 1527 3802 disciplina:
1566 3733 1711 3804 leges
1753 3734 2038 3792 observas-

441 3835 586 3883 sent.
621 3827 686 3880 ili
712 3834 858 3881 certe
900 3835 1023 3881 voto
1058 3835 1162 3881 tam
1207 3841 1327 3893 suo,
1371 3842 1531 3897 quam
1577 3826 1872 3894 Ecclesim,
1909 3829 2038 3884 uniti

437 3921 552 3990 jam
580 3929 765 3985 erant;
793 3929 846 3974 et
873 3935 995 3975 cum
1027 3935 1086 3975 se
1117 3920 1328 3991 legibus
1352 3920 1733 3977 ecclesiasticis
1771 3922 2038 3993 snbjccis-

439 4021 584 4078 sent,
616 4027 681 4068 eo
713 4013 830 4083 ipso
883 4027 943 4068 se
994 4009 1228 4082 politidae
1277 4013 1498 4068 unitatis
1537 4013 1779 4068 membra
1809 4014 2040 4086 professi

440 4119 590 4172 sunt,
623 4106 768 4177 quod
795 4107 1076 4178 mysticam
1110 4107 1256 4161 illam
1287 4108 1580 4174 unitatem,
1614 4109 1900 4178 quantovis
1921 4123 2038 4164 eam

442 4200 712 4256 haberent
761 4201 813 4255 in
859 4200 1053 4272 pretio,
1084 4203 1328 4272 arripere
1375 4211 1553 4258 tamen
1587 4216 1692 4257 non
1739 4203 2038 4272 auderent;

443 4303 796 4364 expectarent
844 4297 1092 4359 interim,
1148 4296 1297 4361 dum,
1333 4311 1427 4366 per
1472 4297 1623 4367 leges
1657 4299 2042 4355 ecclesiasticae

440 4390 646 4462 politis:
674 4405 792 4444 eam
841 4388 944 4444 rite
971 4389 1192 4460 adipisci
1235 4389 1442 4444 liceret.
1483 4389 1594 4444 lllis
1623 4393 1786 4462 igitur
1829 4407 2039 4462 aequum

441 4492 559 4537 erat
588 4481 812 4538 concedi
844 4481 1064 4536 unitatis
1117 4481 1400 4549 beneﬁcia,
1446 4482 1536 4554 qui
1561 4480 1673 4552 jam
1729 4497 1791 4538 ea
1836 4495 2038 4554 essent,

2142 3262 2470 3332 baptismum
2511 3278 2540 3316 a
2571 3263 2818 3333 subjecto
2847 3263 2954 3319 rite
2983 3262 3248 3333 disposito
3273 3266 3633 3334 expectanda.
3668 3267 3743 3322 lta

2143 3356 2286 3410 enim
2319 3355 2506 3410 scribit
2540 3356 2632 3410 ille
2662 3355 2716 3409 in
2745 3370 2840 3410 sua
2868 3355 2935 3410 ad
2968 3361 3284 3429 martyrium
3315 3357 3692 3415 exhortatione
3728 3379 3741 3414 :

2150 3469 2167 3500 ‹
2207 3449 2318 3506 Nos
2351 3459 2590 3514 tantum,
2626 3449 2819 3520 inquit,
2853 3451 2944 3520 qui
2991 3451 3218 3506 Domino
3257 3453 3600 3523 permittente
3632 3455 3744 3524 pri-

2145 3560 2291 3598 mum
2321 3545 2583 3616 baptisma
2607 3543 2958 3598 credentibus
2982 3542 3334 3610 dedimus,ad
3364 3547 3508 3602 aliud
3533 3563 3746 3618 quoque

2146 3637 2383 3708 singulos
2433 3651 2821 3707 praeparemus,
2853 3637 3190 3694 insinuantes
3235 3650 3289 3694 ct
3333 3639 3591 3697 docentes
3643 3643 3746 3698 hoc

2147 3747 2268 3787 esse
2287 3731 2548 3801 baptisma
2569 3731 2620 3785 in
2648 3730 2818 3800 gratia
2849 3732 3050 3802 majus,
3072 3733 3126 3787 in
3151 3743 3418 3805 potestate
3435 3735 3741 3805 sublimius,

2146 3828 2200 3882 in
2235 3827 2440 3882 honore
2482 3825 2773 3897 pretiosius
2808 3843 2821 3880 :
2853 3826 3119 3898 baptisma
3150 3828 3202 3882 in
3233 3845 3341 3900 quo
3370 3831 3544 3902 angeli
3577 3831 3746 3902 bapti-

2147 3931 2290 3988 zant,
2319 3920 2582 3991 baptisma
2613 3921 2665 3974 in
2690 3934 2797 3990 quo
2818 3919 2958 3974 Deus
2983 3930 3040 3975 et
3060 3919 3308 3976 Christus
3337 3922 3454 3991 ejus
3479 3923 3744 3990 exultant,
3769 3923 3774 3927 ’

2146 4014 2411 4085 baptisma
2435 4020 2557 4084 post
2579 4011 2720 4083 quod
2749 4026 2908 4067 nemo
2930 4011 3040 4083 jam
3072 4023 3278 4084 peccat,
3308 4013 3575 4084 baptisma
3602 4014 3747 4086 quod

2147 4107 2271 4162 ﬁdei
2314 4115 2510 4162 nostra:
2540 4105 2876 4160 incrementa
2908 4115 3269 4174 consummat,
3303 4105 3567 4177 baptisma
3603 4105 3746 4177 quod

2147 4218 2250 4259 nos
2279 4202 2348 4258 de
2401 4201 2599 4256 mundo
2643 4199 2965 4256 recedentes
3007 4201 3187 4255 statim
3239 4200 3351 4256 Deo
3399 4201 3635 4272 copulat.
3687 4201 3746 4258 ln

2147 4313 2299 4367 aqua:
2322 4297 2589 4366 baptismo
2611 4295 2878 4364 accipitur
2902 4307 3248 4366 peccatorum
3269 4297 3516 4364 remissa;
3542 4295 3594 4351 in
3625 4311 3748 4352 san-

2146 4389 2323 4461 guinis
2349 4404 2548 4444 corona
2595 4388 2879 4443 virtutum.
2914 4388 3304 4459 Amplectenda
3346 4404 3435 4445 res
3463 4399 3545 4446 est
3572 4398 3627 4446 et
3651 4404 3749 4460 op-

2150 4483 2326 4549 tanda,
2353 4491 2408 4538 et
2436 4483 2685 4538 omnibus
2712 4483 3128 4554 postulationum
3160 4493 3468 4540 nostrarum
3497 4485 3748 4556 precibus

443 4589 565 4644 qua:
593 4575 831 4646 legitima
879 4583 1055 4640 esset,
1090 4575 1295 4630 unitate
1325 4574 1632 4644 conjuncti;
1663 4589 1761 4629 nec
1792 4574 1899 4630 ulla
1944 4591 2038 4630 sua
2067 4577 2120 4637 D
2147 4575 2468 4648 expetenda,
2503 4575 2667 4643 utqui
2695 4575 2839 4630 servi
2869 4574 2962 4629 Dei
2982 4590 3188 4642 sumus,
3219 4575 3390 4631 simus
3419 4585 3474 4632 et
3502 4577 3679 4631 amici.
3721 4595 3743 4629 ι

441 4669 598 4737 culpa
623 4666 1016 4736 impedirentur
1037 4668 1328 4737 quominus
1357 4667 1502 4722 illam
1527 4682 1739 4738 quoque
1765 4671 2043 4725 consecuti

439 4769 626 4816 essent
654 4776 776 4831 qua:
805 4759 1038 4814 nondum
1063 4770 1210 4815 esset
1237 4761 1493 4830 legitima.
1536 4760 1666 4815 Erat
1692 4771 1870 4817 autem
1899 4778 2042 4818 mar-

440 4855 570 4927 tyrii
599 4855 804 4910 fructus
834 4853 974 4908 inter
999 4854 1222 4909 unitatis
1249 4854 1530 4923 beneﬁcia,
1563 4869 1661 4924 pro
1691 4855 1906 4910 illorum
1936 4871 2041 4912 sa:-

443 4949 690 5004 culorum
722 4948 1011 5016 sententia,
1063 4948 1388 5004 censendus.
1441 4948 1593 5004 Hanc
1618 4949 2040 5006 catechumeno-

439 5059 562 5100 rum
602 5058 819 5098 causam
867 5045 975 5114 agit
1017 5044 1070 5098 in
1112 5044 1338 5113 epistola
1382 5041 1448 5097 ad
1489 5043 1810 5098 Jubaianum
1859 5055 2043 5100 noster

439 5138 745 5210 Cyprianus
769 5135 962 5210 (Epist.
985 5136 1195 5209 LXXIII).
1227 5137 1524 5191 Damnasse
1553 5145 1732 5193 autem
1753 5135 2040 5192 haeretico-

438 5246 561 5286 rum
588 5230 1164 5298 schismaticorumque
1191 5226 1444 5297 martyria
1478 5228 1654 5283 notius
1687 5239 1770 5284 est
1794 5244 1951 5300 quam
1987 5238 2044 5286 ut

440 5323 554 5379 ulla
585 5321 907 5394 probatione
953 5319 1206 5388 indigeat.
1239 5318 1347 5373 Nec
1405 5318 1582 5373 solum
1614 5319 1778 5376 fuisse
1842 5321 1896 5376 in
1943 5322 2043 5376 hac

440 5431 606 5474 causa
636 5415 983 5485 Cyprianum,
1017 5412 1112 5468 sed
1145 5413 1384 5469 Ecclesia
1417 5415 1620 5485 pariter
1647 5416 1890 5472 universa
1921 5416 2037 5471 suf-

440 5509 685 5578 fragante
708 5549 722 5573 ,
755 5505 1059 5575 damnasse,
1090 5521 1156 5562 ex
1183 5509 1300 5578 ipso
1321 5508 1376 5565 S.
1410 5509 1708 5580 Augustino
1731 5512 1913 5580 liquet,
1949 5512 2040 5583 qui

439 5617 562 5659 cum
594 5609 779 5656 nostro
806 5599 1049 5672 martyri,
1081 5600 1135 5656 in
1175 5616 1337 5655 causa
1365 5602 1619 5673 baptismi
1659 5603 2038 5660 haereticorum

439 5711 564 5754 sese
587 5695 962 5752 strenuissime
983 5697 1230 5768 opponit,
1257 5697 1394 5752 hanc
1423 5705 1602 5754 tamen
1629 5698 1745 5769 ejus
1773 5699 1841 5754 de
1864 5697 2040 5755 haere-

445 5790 674 5846 ticorum
700 5788 1274 5862 schismaticorumque
1303 5790 1578 5861 martyriis
1609 5805 1894 5852 censuram
1927 5791 2042 5851 ubi-

2149 4671 2311 4726 Multa
2345 4670 2433 4725 hic
2460 4669 2720 4726 habemus
2751 4669 2804 4724 in
2826 4669 2926 4724 hoc
2953 4670 3208 4741 Cypriani
3239 4671 3410 4725 nostri
3439 4671 3748 4727 testimonio

2149 4777 2269 4818 cum
2316 4762 2641 4834 Origcniano
2685 4760 2779 4816 illo
2819 4761 3148 4829 communia,
3191 4777 3418 4833 qumque
3467 4772 3570 4816 tam
3600 4775 3750 4815 com-

2149 4858 2296 4914 muni
2326 4856 2631 4923 assertioni,
2685 4871 2844 4926 quam
2875 4855 2976 4912 sibi
3019 4855 3270 4924 invicem,
3303 4858 3476 4913 lucem
3507 4855 3749 4914 vicissim

2148 4947 2503 5006 terrerentur.

2225 5042 2252 5115 ς
2280 5042 2620 5098 5.—Gratia:
2644 5041 2890 5112 inprimis
2917 5041 3340 5113 magnitudinem
3369 5041 3493 5097 inde
3517 5041 3750 5097 aestimat

2147 5133 2321 5205 quod,
2350 5147 2468 5189 cum
2496 5140 2618 5204 post
2647 5148 2799 5203 aqum
2830 5133 3157 5203 baptismum
3199 5145 3483 5204 peccamus
3525 5134 3740 5199 iterum,

2146 5225 2576 5297 baptizalemque
2591 5225 2818 5295 gratiam
2834 5226 3154 5294 amittimus,
3178 5226 3230 5279 in
3250 5225 3518 5297 baptismo
3533 5225 3751 5298 sangui-

2149 5319 2232 5374 nis
2264 5319 2437 5373 nullus
2465 5318 2702 5388 supersit
2738 5329 2916 5374 metus
2951 5320 3251 5374 futurorum
3286 5332 3657 5391 peccatorum,
3693 5330 3750 5376 ut

2145 5413 2376 5484 proinde
2407 5428 2500 5482 per
2535 5413 2684 5468 illum
2736 5422 2844 5468 tam
2893 5413 3195 5470 futurorum
3247 5418 3425 5472 securi
3471 5415 3752 5472 reddimur

2146 5521 2303 5577 quam
2321 5504 2734 5574 praeteritorum,
2760 5521 2882 5560 cum
2909 5507 3176 5576 praeterita
3205 5507 3482 5563 dumtaxat
3504 5507 3555 5562 in
3577 5522 3752 5580 aqueo

2146 5597 2415 5668 baptismo
2444 5598 2749 5666 eXpientur,
2783 5597 2925 5667 quod
2955 5599 3117 5653 etiam
3141 5605 3266 5654 ante
3293 5598 3620 5670 Cyprianum
3649 5600 3750 5656 ob-

2144 5702 2458 5750 servaverat
2477 5690 2759 5764 Origenes,
2784 5700 2977 5763 etpost
3001 5691 3334 5765 Cyprianum
3359 5705 3603 5750 nostrum
3622 5709 3750 5750 san-

2147 5789 2389 5850 ctissima
2417 5799 2624 5864 martyr
2639 5789 2851 5862 Pelagia
2875 5789 3014 5864 apud
3047 5789 3413 5862 Ambrosium,
3438 5790 3533 5851 lib.
3571 5806 3648 5862 tu,
3677 5787 3745 5850 de
