3990 6060
237 204 328 267 5'5

1251 202 1343 265 DE
1376 202 1690 265 SECUNDO
1726 203 2125 266 MARTYRUM
2161 205 2528 269 BAPTISMO.

3500 211 3572 271 54

244 316 529 390 Virginib.
554 316 695 374 Tum
718 316 789 375 ad
815 317 1012 389 gratiae
1029 330 1243 390 quoque
1265 318 1694 391 magnitudinem
1724 320 1859 381 illud
1884 327 1938 387 Α
1962 334 2019 380 et
2033 321 2282 383 Christus
2302 325 2422 397 ejus
2434 326 2695 385 exultent.
2722 329 2889 387 Docet
2908 330 3166 388 Dominus
3184 329 3570 388 exultationem

248 411 537 483 pertinere
554 419 765 480 censet,
785 410 955 482 quod,
974 428 1097 470 cum
1112 411 1181 468 ad
1196 415 1373 490 ἀρχῆς
1395 415 1538 489 λόγον
1566 423 1619 472 et
1639 417 1860 489 θεμέλιον

246 524 497 581 aqueum
527 509 680 567 illum
701 508 1027 580 baptismum
1060 509 1305 566 retulerit
1326 510 1621 583 Apostolus
1651 511 1861 585 (Helm,

256 619 340 671 η,
388 604 443 670 1,
470 601 549 675 2).
592 601 886 673 Sanguinis
927 602 1016 658 hic
1060 603 1365 675 baptismus
1398 603 1467 660 ad
1499 603 1626 660 ﬁdei
1668 614 1870 662 nostrae

250 698 601 757 incrementa
631 695 1060 753 consummantia
1102 697 1391 766 pertineat;
1433 697 1600 769 quod,
1643 713 1767 754 cum
1815 698 1866 752 in

249 805 434 862 τι]ωο
462 788 738 859 baptismo
774 788 1149 849 renuntiantes
1173 789 1378 845 mundo
1418 788 1736 847 fruitionem
1772 790 1868 846 Dei

255 902 370 943 non
397 885 502 942 nisi
526 899 560 942 e
588 883 882 955 longinquo
911 893 1091 940 tamen
1119 894 1495 955 expectemus,
1532 901 1627 957 per
1653 886 1865 957 sangui—

253 994 421 1036 neum
434 979 624 1036 statim
639 978 749 1034 Deo
761 978 1098 1049 copulemur;
1114 978 1280 1049 quod,
1300 993 1424 1033 cum
1442 977 1514 1034 ibi
1531 987 1869 1049 peccatorum

257 1075 646 1133 remissionem
663 1088 1079 1143 consequamur,
1112 1073 1201 1129 hic
1226 1074 1509 1144 praemium
1531 1074 1694 1130 etiam
1717 1088 1871 1129 coro-

262 1182 499 1238 namque
519 1174 814 1236 expectare
841 1165 1132 1235 possimus;
1164 1164 1277 1220 illic
1300 1180 1487 1222 servos
1516 1166 1608 1223 Dei
1633 1180 1751 1233 nos,
1784 1181 1872 1237 vel

263 1260 460 1319 saltem
498 1260 865 1335 ἀπελιυθέρους
893 1259 1267 1329 profiteamur,
1292 1259 1381 1316 hic
1404 1259 1568 1316 etiam
1598 1260 1755 1316 amici
1778 1253 1875 1318 Dei

272 1369 654 1426 agnoscantur.
688 1352 860 1409 Porro
883 1362 1152 1425 potestate
1178 1354 1553 1411 sublimiorem
1578 1355 1711 1411 dicit
1733 1353 1876 1410 hunc

268 1447 555 1519 sanguinis
596 1445 947 1518 baptismum,
976 1445 1122 1517 quod
1152 1446 1429 1503 hominem
1472 1447 1778 1503 ministrum
1807 1446 1876 1503 ad

264 1555 339 1609 aq
348 1553 432 1594 ure
450 1537 774 1608 baptismum
788 1536 1167 1605 adhibeamus,
1183 1539 1237 1593 in
1250 1540 1548 1610 sanguineo
1562 1540 1875 1611 angelorum

267 1634 583 1692 ministerio
632 1632 927 1688 initientur.
977 1631 1047 1688 Ut
1089 1634 1234 1688 enim
1276 1633 1560 1690 invisibilis
1588 1633 1751 1704 plane
1793 1642 1877 1690 est

1973 417 2026 472 in
2052 417 2191 473 caelo
2211 433 2335 475 esse
2365 419 2416 474 in
2443 423 2798 478 conversione
2822 424 3142 494 peccatoris.
3170 422 3322 479 lianc
3345 438 3571 481 conver—

1973 512 2180 573 sionem
2208 512 2283 567 illi
2306 513 2372 568 ad
2402 514 2724 585 baptismum
2753 532 2981 587 aqueum
3008 519 3234 573 fortasse
3270 517 3573 588 retulerim,

1973 613 2029 660 et
2048 605 2435 662 exultationem
2485 608 2536 662 in
2580 609 2721 665 caelo
2752 609 2895 664 illam
2931 610 3000 663 de
3022 611 3338 680 angelorum
3367 611 3577 667 exulta-

1974 699 2122 756 tione
2158 700 2543 757 intellexerint.
2590 702 2895 774 Opponitur
2924 704 3066 758 enim
3105 705 3216 758 Deo
3257 705 3454 761 etelum
3486 704 3575 777 (S.

1974 792 2129 859 Lua,
2149 809 2237 859 xv,
2256 793 2374 867 21).
2402 795 2469 849 Ει
2489 794 2684 852 caelum
2705 812 2825 850 cum
2848 804 2953 857 τοῖς
2974 802 3270 853 κατοικοῦσι
3290 796 3578 868 conjungi-

1978 896 2062 943 tur
2088 888 2352 959 (Apocal.,
2379 906 2476 953 xu,
2510 889 2623 962 12),
2664 890 2805 959 quod
2828 898 2975 945 certe
2994 888 3060 944 de
3079 889 3353 945 Trin-uno
3369 890 3479 946 Deo
3500 891 3575 947 ita

1974 982 2256 1038 commode
2310 983 2530 1053 intelligi
2584 984 2789 1055 nequit.
2840 985 2916 1038 lta
2970 983 3129 1054 igitur
3184 982 3350 1038 Deum
3407 982 3571 1054 hujus

1975 1074 2256 1145 sanguinei
2285 1074 2537 1146 baptismi
2562 1075 2846 1146 praesidem
2866 1074 3228 1141 crediderunt,
3263 1074 3427 1146 quod,
3452 1089 3576 1130 cum

1976 1168 2293 1241 martyrium
2335 1169 2621 1240 agonibus,
2652 1169 2766 1225 sive
2800 1169 2941 1225 ludis
2966 1168 3318 1224 theatralibus
3339 1210 3353 1234 ,
3387 1177 3579 1225 contu-

1978 1262 2188 1329 lissent,
2222 1262 2389 1318 Deum
2420 1263 2819 1334 Agonotltetam
2851 1262 3103 1329 fecerint,
3125 1272 3179 1318 et
3210 1261 3361 1331 quasi
3383 1276 3585 1318 consu-

1978 1354 2089 1411 lem
2114 1355 2166 1410 in
2189 1353 2478 1411 Orchestra
2512 1364 2893 1426 spectatorem.
2927 1354 3045 1425 Ipsa
3074 1353 3366 1424 spectaculi
3395 1367 3526 1409 voce
3553 1368 3586 1409 a

1980 1446 2208 1502 theatris
2252 1446 2536 1518 desumpta
2566 1461 2695 1503 usus
2742 1447 2844 1502 hac
2898 1447 2951 1501 in
2994 1460 3154 1501 causa
3201 1455 3284 1500 est
3332 1443 3588 1502 Octavius

1981 1543 2193 1617 (Μίνωι.
2228 1542 2346 1599 Fel.
2372 1542 2548 1598 Octav.
2564 1585 2576 1609 ,
2598 1560 2649 1613 p.
2677 1543 2828 1615 558).
2852 1541 3050 1610 «Quam
3072 1540 3355 1612 pulchrum
3371 1540 3589 1612 (inquit)

1979 1635 2346 1706 spectaculum
2379 1622 2509 1702 Deo,
2541 1651 2661 1691 cum
2708 1634 3036 1690 christianos
3074 1648 3198 1689 cum
3240 1632 3430 1688 dolore
3456 1646 3590 1688 con-

263 1737 574 1799 martyrutn
601 1725 691 1781 ille
705 1724 1024 1794 baptismus,
1054 1725 1245 1781 saltem
1260 1723 1405 1796 quod
1421 1723 1489 1782 ad
1504 1723 1647 1780 illam
1664 1734 1873 1797 partem
1904 1731 1953 1793 Β
1979 1730 2239 1803 greditur.
2258 1739 2387 1799 etc.,
2414 1730 2534 1786 i.Et
2550 1739 2733 1788 noster
2745 1728 3047 1803 Cyprianus
3066 1728 3193 1802 (Ep.
3212 1725 3325 1799 LVI)
3346 1747 3359 1782 :
3382 1746 3400 1780 ι
3425 1725 3594 1798 Spec-

263 1819 463 1876 attinet
477 1833 597 1890 qua:
615 1817 783 1873 Deum
807 1817 982 1887 ipsum
1013 1825 1239 1887 spectat,
1268 1816 1343 1872 ita
1366 1826 1514 1873 certe
1546 1816 1874 1872 invisibilem

264 1911 420 1970 illam
446 1912 762 1990 λειτουργίαν
783 1907 850 1963 ad
880 1909 1048 1964 Deum
1070 1909 1248 1979 ipsum
1275 1908 1531 1973 diximus,
1567 1922 1665 1979 pro
1687 1910 1879 1980 mysti-

261 2020 351 2064 ca:
393 2003 750 2076 philosophiae
794 2001 1104 2072 principiis,
1158 1999 1325 2057 fuisse
1376 1999 1740 2057 referendam.
1808 2000 1879 2058 Ut

266 2111 456 2158 autem
484 2101 538 2156 in
562 2100 792 2172 mystico
822 2098 1130 2155 sacerdotio
1159 2098 1268 2155 duo
1294 2106 1451 2159 erant
1479 2096 1657 2154 officia
1678 2098 1880 2156 visibili

270 2198 582 2256 sacerdotio
611 2198 938 2253 adamussim
991 2194 1399 2266 respondentia,
1433 2195 1683 2266 superius
1709 2192 1877 2261 aliud,

269 2292 420 2363 quod
450 2292 770 2364 βελτιωτικὸν
804 2289 919 2345 sive
946 2289 1258 2345 τελειωτικὸν
1288 2286 1648 2359 appellarunt,
1678 2286 1882 2343 Christi

274 2386 636 2459 proculdubio
675 2385 845 2456 ipsius
886 2384 937 2439 in
990 2383 1093 2438 hac
1137 2382 1362 2454 mystica
1417 2383 1706 2461 λειτουργίᾳ
1754 2394 1882 2451 pro-

278 2480 485 2551 prium;
505 2477 728 2534 inferius
746 2476 895 2532 aliud
924 2476 1038 2532 sive
1058 2476 1386 2551 ὑπηρετικόν,
1412 2473 1556 2545 quod
1571 2472 1884 2544 angelorum

278 2575 455 2631 etiam
479 2573 646 2630 fuisse
674 2573 949 2645 proprium
983 2570 1119 2627 nihil
1147 2579 1231 2626 est
1254 2568 1397 2640 quod
1427 2568 1734 2625 dubitemus
1765 2585 1779 2621 :
1813 2565 1887 2622 ita

279 2676 445 2724 certe
471 2665 726 2736 baptismi
752 2679 941 2721 munus
986 2662 1055 2718 ad
1098 2660 1326 2717 inferius
1372 2658 1501 2714 illud
1532 2656 1888 2713 ministerium

284 2761 636 2833 pertinuisse,
658 2759 785 2815 alibi
806 2768 890 2816 est
914 2774 944 2814 a
968 2756 1142 2821 nobis,
1164 2756 1266 2811 nisi
1292 2752 1544 2821 fallimur,
1580 2752 1886 2824 probatum.

280 2852 343 2909 In
360 2864 595 2910 externo
621 2853 766 2907 enim
792 2850 950 2923 aquei
975 2849 1223 2920 baptismi
1256 2862 1479 2903 munere
1506 2845 1778 2901 inferioris
1796 2860 1888 2914 ge-

280 2945 433 3001 neris
483 2942 748 2999 ministris
801 2944 883 2997 usi
934 2949 1062 2996 sunt
1096 2950 1156 2997 ut
1189 2940 1477 3010 plurimum
1526 2937 1776 3009 apostoli.
1820 2935 1892 2992 Ut

285 3036 518 3111 proinde
543 3037 690 3092 idem
709 3037 779 3091 sit
798 3035 867 3091 de
901 3034 1152 3091 invisibili
1175 3048 1389 3104 quoque
1426 3032 1519 3087 illo
1554 3034 1890 3103 mysticoqoe

1980 1835 2061 1885 tat
2100 1828 2325 1885 militem
2368 1843 2526 1884 suum
2558 1828 2805 1883 Christus
2848 1828 3045 1899 ubique
3096 1835 3446 1898 pugnantem.
3480 1845 3500 1879 ι
3527 1822 3596 1882 Et

1988 1930 2175 1992 postea
2211 1937 2224 1975 :
2265 1938 2283 1972 ι
2317 1919 2458 1977 Ecce
2483 1935 2626 1991 agon
2654 1920 2902 1975 sublimis
2929 1928 2985 1975 et
3014 1934 3259 1990 magnus,
3290 1926 3346 1975 et
3371 1932 3592 1975 coronas

1984 2014 2222 2072 ctelestis
2259 2016 2482 2084 prtemio
2511 2014 2805 2087 gloriosus,
2850 2024 2909 2070 ot
2937 2024 3146 2086 spectet
3187 2029 3288 2070 nos
3318 2021 3594 2071 certantes

1987 2107 2152 2165 Deus.
2179 2108 2499 2165 Praeliautes
2524 2123 2625 2166 nos
2646 2117 2701 2164 et
2723 2107 2847 2164 ﬁdei
2877 2108 3264 2180 congressione
3293 2115 3600 2179 pugnantes

1986 2211 2199 2274 spectat
2239 2203 2399 2270 Deus,
2430 2211 2677 2274 spectant
2705 2201 2881 2273 angeli
2928 2201 3046 2272 ejus
3067 2244 3082 2270 ,
3108 2210 3323 2273 spectat
3347 2209 3401 2258 et
3428 2201 3589 2258 Chri-

1989 2303 2159 2349 stusa
2191 2293 2259 2349 Et
2279 2294 2405 2349 alibi
2430 2293 2556 2366 (Ep.
2588 2292 2710 2364 1x):
2748 2293 2824 2349 «0
2846 2293 3003 2364 quale
3029 2292 3161 2348 illud
3188 2292 3287 2347 fuit
3313 2302 3596 2363 spectacu-

1990 2389 2105 2444 lum
2137 2388 2398 2453 Domino,
2431 2402 2590 2457 quam
2640 2385 2890 2451 sublime,
2924 2401 3085 2456 quam
3133 2400 3406 2456 magnum,
3439 2399 3601 2457 quam

1993 2483 2090 2539 Dei
2118 2482 2286 2539 oculis
2302 2488 2646 2537 sacramento
2662 2495 2727 2537 ac
2747 2479 3039 2536 devotione
3057 2479 3242 2535 militis
3260 2478 3378 2549 ejus
3395 2491 3596 2549 accep-

1994 2584 2107 2630 tum
2130 2616 2145 2642 ,
2176 2583 2281 2629 etc.
2321 2592 2342 2626 ι
2374 2572 2485 2629 Nec
2516 2573 2710 2628 mirum
2738 2571 2841 2627 hac
2868 2572 3057 2628 eadem
3092 2570 3443 2627 similitudine
3472 2585 3603 2626 usos

1995 2683 2119 2725 esse
2152 2669 2312 2725 toties
2339 2668 2670 2724 christianos
2690 2711 2705 2735 ,
2738 2682 2899 2737 quam
2925 2676 2979 2722 et
3007 2666 3178 2735 ipsam
3226 2663 3473 2720 eamdem
3502 2662 3603 2719 ad-

1995 2761 2287 2817 hibuerant
2326 2760 2426 2832 ipsi
2456 2760 2617 2816 etiam
2652 2757 2979 2830 phiIOSOphi,
3006 2756 3211 2813 Seneca
3263 2755 3503 2828 (Senec.,
3542 2755 3606 2809 de

1997 2850 2181 2919 Prom,
2194 2852 2304 2924 αὖ)
2322 2859 2376 2907 et
2391 2849 2866 2922 Epicteltts(Epist.
2886 2849 2974 2904 ad.
2995 2846 3254 2921 Arrium).
3271 2847 3609 2919 Quamquam

1997 2946 2160 3003 etiam
2185 2946 2346 3001 altius
2375 2946 2656 3016 repetitam
2680 2943 2842 2999 fuisse
2864 2943 3172 2999 verisimile
3199 2952 3300 3009 est,
3330 2956 3359 2995 a
3388 2939 3610 2995 visioni-

1998 3039 2099 3095 bus
2137 3038 2391 3094 nimirnm
2434 3037 2544 3093 illis
2570 3037 2765 3107 quibus
2793 3036 2936 3090 Deus
2967 3049 3206 3106 prmsens
3238 3032 3607 3089 laborantibus

282 3133 560 3204 baptismo
589 3128 957 3196 statuendum,
990 3136 1047 3182 ut
1070 3126 1322 3182 exteriori
1341 3124 1611 3195 baptismo
1642 3121 1893 3177 adamos—
1918 3133 1965 3196 ρ
1998 3140 2341 3203 apparuerat,
2375 3131 2449 3186 ιω
2489 3132 2544 3187 s,
2578 3129 2853 3201 slephano
2879 3128 3124 3184 Chrislus
3158 3126 3318 3199 (Αετ,¹
3354 3143 3425 3181 νη
3446 3168 3459 3191 ,
3491 3123 3609 3199 55),

283 3227 396 3284 sim
443 3222 795 3296 respondeat,
827 3222 916 3278 hic
955 3235 1170 3294 quoque
1200 3221 1468 3292 ὑπηρετῶν
1517 3215 1682 3272 fuisse
1712 3230 1892 3283 usum,

287 3323 387 3395 qui
414 3337 521 3377 non
538 3321 627 3375 alii
648 3335 772 3377 esse
786 3318 1073 3389 potuerint,
1103 3333 1199 3388 pro
1217 3325 1460 3371 veterum
1479 3314 1696 3371 illorum
1714 3321 1895 3383 captu,

292 3431 458 3487 quam
514 3413 717 3485 angeli.
772 3412 979 3467 Divinte
1024 3412 1167 3468 enim
1219 3407 1525 3480 praesentia:
1591 3405 1898 3478 symbolum

289 3509 678 3580 (Schechinam
707 3506 980 3579 appellant
1006 3505 1204 3575 Judaei)
1231 3503 1434 3575 angelis
1463 3502 1703 3557 tribuunt
1731 3500 1901 3570 scrip-

297 3614 453 3661 tores
486 3612 701 3659 veteres
751 3610 861 3657 tam
911 3599 1104 3666 Judzei,
1139 3611 1296 3669 quam
1326 3593 1705 3658 ecclesiastici,
1737 3606 1901 3663 quam

298 3698 444 3755 sacri
473 3708 527 3754 et
550 3696 825 3763 canonici;
858 3704 912 3750 et
941 3709 1100 3765 quam
1129 3693 1241 3748 Deo
1264 3690 1903 3757 tribuuntnonnunquam

295 3792 725 3864 apparitionem,
768 3788 1015 3845 eamdem
1046 3787 1171 3842 alibi
1201 3785 1406 3858 angelis
1432 3783 1726 3855 assignant.
1762 3780 1905 3837 Deus

296 3889 357 3946 in
388 3888 525 3943 rubo
551 3886 722 3958 Moysi
749 3884 1067 3957 apparuisse
1094 3882 1311 3953 legitur,
1345 3894 1508 3952 quem
1539 3887 1718 3932 tamen
1750 3890 1906 3947 ange-

299 3982 418 4040 lum
466 3982 705 4053 appellat
732 3980 790 4038 S.
827 3979 1137 4049 Stephanus
1169 3978 1334 4049 (Ach,
1376 3989 1472 4038 vn,
1515 3972 1631 4043 '55).
1667 3971 1811 4026 Deus
1851 3968 1907 4023 in

298 4087 494 4135 monte
526 4076 670 4134 Sinai
698 4075 1014 4145 decalogum
1043 4070 1240 4133 edidit,
1268 4084 1426 4140 quam
1453 4075 1629 4122 tamen
1660 4063 1906 4119 eamdem

300 4174 482 4246 legem
512 4171 581 4227 ab
605 4169 811 4240 angelis
846 4166 1044 4222 editam
1075 4163 1151 4218 ait
1181 4158 1467 4232 Apostolus
1496 4156 1705 4230 (θοίνη,
1740 4170 1797 4221 ιι,
1827 4153 1906 4223 2).

305 4267 381 4323 Et
407 4280 542 4321 vero
565 4265 619 4318 in
650 4262 752 4318 hoc
780 4259 1082 4316 cmlestium
1113 4254 1493 4327 mysteriorum
1522 4251 1773 4327 universo
1803 4261 1901 4303 ne-

301 4360 462 4433 gotio
482 4400 499 4426 ,
537 4357 681 4429 quod
727 4364 1015 4427 praestatur
1045 4354 1098 4408 in
1127 4348 1356 4405 visibilis
1385 4344 1765 4403 ecclesiasticae
1794 4342 1909 4398 hie-

301 4452 543 4511 rarchite
584 4448 877 4522 mysteriis.
910 4446 1144 4502 cilicium
1190 4442 1259 4497 ab
1313 4439 1600 4495 ordinariis
1655 4434 1912 4492 Ecclesia:

2002 3226 2070 3280 Et
2098 3225 2150 3279 in
2196 3223 2495 3280 certamine
2528 3221 2812 3294 Polyearpi
2861 3235 3048 3275 vocem
3096 3219 3311 3275 caelitus
3351 3217 3610 3274 emissam

2002 3324 2307 3374 memorant
2324 3315 2705 3386 Stnyrnenses,
2729 3313 2889 3387 ἴσχυε
2920 3314 3240 3388 Πολύκαρπε,
3263 3316 3351 3369 καὶ
3372 3310 3611 3389 ἀνδρίζου

2005 3408 2133 3481 (Ep.
2166 3408 2234 3462 ad
2263 3406 2491 3462 Philam.
2529 3423 2620 3476 ap.
2665 3405 2879 3471 Euseb.,
2911 3402 3047 3460 Hist.
3082 3404 3229 3471 eccl.,
3276 3418 3352 3468 tv,
3384 3399 3499 3473 l5).
3546 3400 3615 3458 Et

2006 3501 2203 3558 merito
2225 3514 2357 3556 sane
2375 3499 2453 3554 illi
2487 3497 2579 3554 Dei
2598 3497 2736 3553 hanc
2760 3496 2989 3552 faventis
3017 3494 3365 3567 praesentiam
3388 3492 3615 3548 maximi

2008 3594 2231 3650 honoris
2260 3592 2382 3647 loco
2408 3591 2701 3646 duxerunt.
2730 3589 2789 3644 ln
2829 3605 2895 3645 eo
2923 3600 3101 3643 autem
3135 3585 3470 3658 praetulerint
3496 3582 3612 3638 for-

2008 3698 2154 3746 tasse
2180 3684 2462 3758 sanguinei
2484 3685 2642 3756 hujus
2663 3683 2918 3755 baptismi
2940 3690 3278 3754 apparatum,
3295 3677 3459 3750 quod,
3491 3692 3615 3734 cum

2009 3783 2064 3839 in
2105 3782 2245 3839 caelo
2275 3780 2527 3852 gaudium
2571 3794 2693 3835 esse
2724 3783 3028 3833 memorant
3080 3789 3249 3830 sacra:
3291 3772 3513 3827 Littera:
3562 3770 3615 3825 in

2010 3875 2369 3933 conversione
2415 3873 2718 3946 peccatoris
2749 3872 2768 3947 (
2797 3885 2971 3941 aqueo
3020 3868 3279 3924 nimirum
3347 3865 3617 3936 baptismo
3710 3886 3713 3891 ⁴

2013 3968 2259 4042 expiati),
2291 3966 2414 4024 cmli
2442 3967 2661 4021 nomine
2681 3965 2935 4021 caelestes
2961 3971 3259 4025 creaturas,
3289 3958 3511 4030 angelos
3539 3955 3621 4011 ni-

2013 4063 2231 4129 mirum,
2261 4059 2656 4125 intellexerint;
2690 4058 2776 4114 hic
2813 4057 2981 4113 Deum
3003 4056 3180 4128 ipsum
3215 4052 3440 4124 ejusque
3466 4048 3620 4105 ωιτὶ-

2013 4167 2157 4215 stum
2189 4155 2505 4229 plaudentes
2532 4151 2946 4209 introduxerint.
3143 4164 3149 4173 υ
3299 4178 3309 4197 ε

2091 4248 2386 4323 §7.—Non
2406 4263 2494 4303 me
2510 4247 2639 4303 latet
2664 4243 2996 4316 antiquitatis
3020 4250 3427 4315 contemptores
3455 4254 3620 4312 quam

2016 4343 2095 4399 illi
2136 4342 2254 4398 ιιωο
2280 4351 2525 4398 veterum
2555 4339 2975 4397 Christianorum
3007 4337 3290 4394 ratiocinia
3323 4336 3471 4392 nullo
3513 4336 3625 4390 sint

2017 4435 2071 4490 in
2116 4433 2241 4490 loco
2272 4431 2529 4489 habituri.
2562 4430 2717 4501 Quod
2764 4430 3084 4503 martyrium
3115 4428 3370 4500 baptismi
3402 4424 3625 4485 secundi

304 4544 600 4611 ministris,
636 4517 745 4597 tam
793 4539 1113 4614 βελτιωτικὸν
1162 4532 1327 4599 illud,
1376 4530 1521 4603 quod
1568 4530 1702 4597 dixi,
1752 4536 1991 4599 quamn
2018 4527 2175 4584 titulo
2226 4525 2595 4598 insignierint;
2650 4539 2753 4580 nec
2799 4522 2944 4579 nudo
2988 4522 3266 4577 dumtaxat
3309 4518 3485 4587 titulo,
3528 4517 3626 4585 sed

309 4637 484 4695 etiam
515 4637 826 4715 ὑπηρετικὸν
850 4633 990 4688 idem
1014 4629 1220 4699 angelis
1250 4626 1489 4683 ofﬁcium
1518 4625 1756 4695 assignat
1794 4622 1914 4677 Cle-

307 4746 477 4790 mens
526 4725 982 4803 Alexandrinus;
1037 4726 1235 4784 ταύτας
1284 4720 1458 4792 inquit
1494 4718 1691 4792 (Clem.
1739 4715 1912 4784 Alcm,

314 4829 656 4895 Strom.,vtt,
672 4822 836 4894 init),
855 4820 1002 4897 ἄμφω
1027 4824 1121 4883 τὰς
1142 4818 1398 4878 διακονίας
1429 4813 1629 4890 ἄγγελοι
1654 4834 1707 4870 τε
1733 4813 1919 4889 ὑπηρε-

319 4928 531 4979 τοῦν-παι
558 4928 633 4994 τῷ
669 4921 764 4991 θεῷ
792 4918 924 4972 κατὰ
962 4918 1051 4974 τὴν
1090 4919 1189 4969 τῶν
1218 4912 1480 4986 rape/siuna
1501 4907 1806 4978 οἰκονομίαν,
1834 4907 1922 4959 καὶ

328 5014 486 5074 αὐτὸς
505 5012 531 5070 ὃ
548 5011 854 5089 γιωστικὸς,
876 5017 980 5065 etc.
1011 5004 1119 5062 Sed
1147 5002 1429 5060 redeamus
1450 4999 1516 5056 ad
1547 5005 1792 5055 nostrum
1818 4996 1922 5068 Cy-

329 5107 602 5179 primum.

412 5199 726 5274 §6.--ldem
738 5199 973 5270 denique
1002 5196 1153 5253 addit
1169 5195 1453 5269 mysticum
1484 5192 1629 5248 hunc
1652 5187 1928 5261 sanguinis

325 5294 663 5369 baptismum
690 5295 744 5351 in
773 5293 982 5350 honore
1011 5304 1132 5348 esse
1160 5288 1559 5362 pretiosiorem.
1582 5284 1713 5353 Quae
1763 5281 1930 5338 verba

327 5392 401 5451 ad
425 5390 521 5448 illa
563 5388 789 5448 fortasse
816 5386 1101 5445 referenda
1138 5394 1285 5452 sunt,
1317 5383 1459 5454 quod
1506 5395 1627 5437 cum
1662 5379 1717 5435 in
1758 5390 1932 5449 aqueo

332 5485 605 5559 baptismo
624 5485 771 5541 servi
792 5482 1068 5541 dumtaxat
1083 5478 1495 5546 conscribimur,
1524 5475 1613 5532 hic
1639 5476 1690 5531 in
1713 5471 1931 5543 sangui-

335 5577 730 5651 neobaptismo
748 5574 1043 5632 amicorum
1062 5573 1218 5630 titulo
1241 5571 1398 5643 longe
1421 5566 1751 5626 honoratiori
1772 5580 1933 5622 exor-

2018 4631 2279 4694 przeterea
2300 4618 2481 4675 omnia
2502 4617 2697 4689 prioris
2712 4615 2961 4688 baptismi
2980 4614 3240 4671 beneficia
3269 4613 3446 4669 eidem
3468 4611 3626 4666 attri-

2020 4714 2266 4779 buerint;
2299 4727 2400 4768 nec
2428 4726 2494 4768 eo
2521 4711 2639 4782 ipso
2686 4708 2958 4774 contenti,
2992 4706 3333 4778 superiorem
3363 4702 3524 4759 etiam
3556 4716 3625 4757 eo

2024 4810 2143 4881 ipso
2164 4808 2430 4878 baptismo
2458 4803 2685 4861 fecerint
2709 4804 2847 4875 quia
2864 4803 2974 4859 Deo
3000 4800 3174 4857 fuerat
3197 4796 3502 4854 institutus:
3527 4808 3628 4865 pro

2027 4905 2185 4962 nudis
2210 4902 2287 4958 illi
2307 4898 2662 4974 proculdubio
2684 4897 2918 4953 habituri
2940 4904 3065 4952 sunt
3089 4901 3384 4964 martyrum
3421 4888 3627 4945 deliriis

2029 5006 2192 5069 atque
2240 4992 2581 5053 commentis.
2613 4989 3041 5065 lndignabuntor
3092 4998 3277 5056 porro,
3312 4997 3413 5039 nec
3453 4981 3629 5038 feren-

2030 5092 2155 5148 dam
2177 5087 2455 5146 audaciam
2480 5100 2602 5144 esse
2624 5070 2994 5148 clamitabunt,
3017 5084 3226 5134 tantum
3254 5076 3375 5133 illos
3398 5071 3631 5130 inventis

2032 5184 2144 5243 suis
2171 5183 2407 5240 tribuere
2438 5188 2495 5236 ut
2520 5176 2945 5235 commentitium
2983 5187 3140 5229 suum
3155 5170 3481 5242 baptismum
3500 5167 3631 5237 bap-

2033 5279 2197 5335 tismo
2221 5290 2252 5331 a
2280 5274 2495 5332 Christo
2513 5272 2757 5328 instituto
2774 5265 2858 5321 vel
2880 5264 3130 5322 conferre
3152 5261 3403 5331 audeant,
3434 5258 3633 5317 nedum

2035 5368 2324 5427 anteferre.
2374 5371 2690 5437 Quaeramus
2736 5360 2896 5433 igitur
2942 5357 3239 5425 meritone,
3271 5371 3339 5411 an
3370 5367 3549 5420 secus,
3579 5349 3634 5406 in

2036 5481 2101 5523 ea
2152 5473 2364 5521 veteres
2425 5459 2623 5517 fuerint
2670 5453 2978 5515 sententia?
3028 5454 3179 5525 Rogo
3219 5450 3435 5507 interim
3473 5455 3635 5518 atque

2037 5561 2285 5631 obsecro,
2321 5565 2379 5623 ut
2413 5554 2673 5626 tantisper
2716 5558 2980 5624 seponam
3026 5547 3249 5606 all'ectus
3290 5545 3418 5603 dum
3464 5541 3636 5603 ratio-

338 5633 559 5734 nemur‘.
590 5673 757 5730 Forte
782 5672 943 5729 etiam
970 5669 1036 5725 ad
1064 5633 1536 5726 externam'divini
1572 5663 1732 5736 hujus
1750 5658 1938 5733 agonis
2042 5668 2166 5709 nom
2192 5650 2469 5717 reddimus
2497 5661 2595 5703 cur
2620 5646 2694 5702 ita
2737 5642 3009 5736 senserint
3040 5637 3290 5736 primaevi
3333 5633 3633 5736 christiani.

335 5724 1130 5845 ;;§;;aﬁievgppmmjn
1149 5806 1163 5835 ,
1196 5761 1339 5835 quod
1378 5775 1575 5833 nempe
1614 5724 1668 5818 ξιξ
1705 5724 1940 5815 εοῖιριιε
2044 5744 2122 5803 lta
2153 5743 2246 5803 fiet
2270 5751 2327 5802 ut
2350 5751 2405 5800 et
2429 5738 2586 5801 nobis
2615 5738 2881 5810 aequiores
2908 5732 3038 5805 sint,
3068 5740 3121 5789 et
3144 5728 3247 5790 sibi
3278 5727 3409 5803 ipsis
3434 5724 3637 5799 optime
