3990 6060
387 185 460 246 55
1387 183 1750 244 DODWELLI
1790 181 2245 242 DISSERTATIO
2281 180 2692 240 CYPPJANICA
3620 183 3690 240 51';

389 301 696 369 consulant,
726 301 769 359 si
797 316 904 358 non
927 302 1031 358 sint
1057 301 1108 356 in
1132 299 1327 355 heroas
1355 295 1496 364 illos,
1521 295 1741 354 Christo
1770 301 1987 370 procul.
2094 298 2145 353 id
2200 315 2416 372 quoque
2467 298 2767 357 concedent
2809 299 3005 356 medici
3053 302 3541 357 extraordinarium
3590 319 3696 358 non

389 395 552 451 dubio
579 394 948 462 charissimos,
980 406 1236 451 censores
1265 389 1866 448 temerarii.Videamus
1888 393 1991 448 ita-

388 504 494 558 que
546 489 792 559 inprimis
830 489 973 544 unde
1003 495 1219 542 veteres
1264 485 1558 541 secundum
1608 484 1749 540 lnmc
1791 485 1991 557 baptis-

391 596 539 636 mum
571 582 907 650 collegerint.
943 578 1070 635 lnde
1125 577 1486 648 iutelligenms
1523 594 1587 630 an
1643 577 1805 645 proba
1836 577 1994 634 fuerit

387 685 443 731 et
471 675 642 730 solida
667 673 754 728 illa
783 673 1054 728 collectio.
1084 669 1213 726 Inde
1243 687 1367 724 num
1397 681 1452 725 et
1481 670 1793 741 illaquoque
1821 671 1992 725 solida

389 783 513 838 qum
543 767 612 822 de
641 781 825 820 eorum
857 766 996 819 inter
1045 779 1104 818 se
1154 765 1539 819 commissione
1579 765 1848 834 prioribus
1886 765 1994 820 illis

388 859 669 930 principiis
689 858 828 912 datis
851 856 1340 926 superstruxerint.

467 953 494 1024 §
525 952 723 1008 8.——Et
748 951 960 1021 quidem
981 949 1311 1005 recentiores
1333 948 1400 1002 ab
1420 948 1816 1020 antiquioribus
1847 949 1992 1005 illum

389 1049 664 1118 accepisse
687 1044 1028 1100 manifestum
1075 1052 1176 1098 est.
1226 1043 1341 1097 Non
1392 1053 1517 1097 sunt
1554 1042 1714 1112 igitur
1745 1043 1797 1096 in
1843 1042 1993 1098 hunc

388 1153 635 1198 nostrum
657 1153 875 1194 eensnm
903 1136 1220 1206 recipiendi.
1250 1137 1361 1191 Huc
1384 1136 1565 1190 retulit
1586 1145 1996 1208 martyrnoster

391 1235 479 1301 (S.
510 1233 662 1298 Luc.,
687 1249 780 1298 χιι,
805 1231 919 1298 50).
943 1231 1015 1284 De
1040 1245 1167 1300 quo,
1194 1230 1383 1300 inquit,
1415 1239 1466 1284 et
1494 1230 1752 1285 Dominus
1783 1229 1996 1284 dicebat

387 1326 592 1381 habere
623 1341 681 1380 se
713 1325 854 1378 aliud
908 1325 1169 1393 baptisma
1201 1323 1459 1394 baptizari
1513 1322 1638 1393 (Ep.
1677 1338 1881 1389 Lxxut,
1928 1323 1996 1374 ad

388 1420 658 1488 Jubm’mz).
692 1418 892 1472 Retulit
935 1418 1097 1471 etiam
1141 1414 1423 1485 Origenes.
1454 1414 1800 1485 Locupletior
1828 1425 1912 1470 est
1943 1416 1993 1468 in

387 1527 456 1568 eo
484 1511 760 1582 probando
791 1509 1157 1564 Tertullianus
1185 1527 1197 1561 :
1233 1527 1250 1559 ‹
1284 1508 1376 1562 Est
1407 1509 1621 1577 quidem
1649 1507 1802 1561 nobis
1830 1507 1994 1562 etiam

387 1605 690 1662 secundum
721 1605 1018 1668 lavacrum,
1057 1618 1218 1656 unum
1251 1613 1305 1656 et
1337 1603 1533 1670 ipsum,
1576 1601 1853 1672 sanguinis
1883 1601 1993 1656 sci-

2096 389 2264 446 fuissc
2308 393 2352 447 si
2403 391 2470 447 de
2519 407 2655 462 aqua
2698 389 2984 462 pericardii
3015 391 3085 446 sit
3129 389 3557 464 intelligendum.
3591 392 3700 451 Ob-

2097 495 2341 540 servetur
2391 498 2556 555 porro
2609 481 2848 538 secundo
2905 483 3253 539 christianum
3305 485 3472 540 vitam
3522 486 3592 542 ita
3644 487 3696 543 in

2096 577 2247 632 Novo
2289 576 2635 631 Testamento
2669 576 2900 631 describi
2929 577 3080 646 quasi
3114 577 3258 648 quod
3307 593 3337 632 a
3367 577 3583 634 Christo
3624 579 3692 635 ad

2097 669 2325 726 litteram
2350 677 2563 738 gestum
2589 668 2679 732 sit,
2703 667 2756 721 id
2783 681 2881 720 nos
2907 668 3132 740 mystice
3158 684 3349 739 gerere
3379 669 3691 726 debeamus.

2099 761 2174 816 Ita
2207 775 2328 815 cum
2363 775 2428 816 eo
2451 760 2589 814 mori
2620 758 2908 827 debemus,
2933 775 3059 815 eum
3090 776 3157 816 eo
3182 762 3420 832 crucifigi
3442 805 3458 829 ,
3487 778 3609 818 cum
3632 778 3698 819 eo

2099 853 2446 928 ignominiam
2478 851 2642 919 ferre,
2675 869 2796 908 cum
2827 868 2892 908 eo
2925 853 3163 922 sepeliri,
3207 869 3492 922 resurgere
3516 865 3570 911 et
3606 871 3697 912 as-

2097 945 2328 1000 cendere
2351 946 2402 999 in
2429 945 2644 1002 coelum.
2672 944 2896 1000 Νοιυιιιι⁸
2918 947 3100 1012 tertio,
3123 945 3237 1002 haec
3263 947 3329 1002 de
3349 945 3548 1003 Christi
3578 965 3696 1018 pas-

2097 1038 2337 1093 sionibus
2362 1053 2483 1093 esse
2510 1039 2593 1094 vel
2621 1040 2874 1108 primario
2901 1039 3269 1110 intelligenda,
3288 1049 3345 1094 ut
3375 1056 3698 1112 quamquam

2097 1143 2244 1203 gesta
2272 1133 2380 1188 sint
2401 1133 2468 1187 ab
2485 1148 2550 1189 eo
2569 1133 2823 1188 nonnulla
2843 1134 3198 1189 imitationem
3217 1143 3456 1190 nostram
3473 1135 3700 1192 fortasse

2097 1228 2436 1296 Superantia;
2467 1237 2657 1299 atquae
2685 1243 2874 1298 passus
2906 1237 3010 1295 est,
3037 1243 3134 1284 nos
3157 1228 3346 1285 eadem
3372 1231 3479 1300 pati
3501 1229 3704 1286 debea—

2098 1335 2238 1376 mus.
2265 1320 2487 1376 Natetur
2513 1331 2722 1391 quarto,
2749 1320 2820 1375 ita
2853 1322 3053 1390 optime
3081 1321 3147 1375 de
3190 1335 3355 1377 sensu
3399 1322 3700 1393 prophetia:

2095 1415 2322 1485 judicari
2361 1430 2520 1486 posse
2560 1415 2604 1470 si
2648 1424 2806 1486 typus
2849 1413 3195 1484 propheticus
3237 1416 3302 1469 ad
3357 1431 3470 1471 rem
3520 1427 3699 1472 notam

2099 1507 2300 1562 alludat
2343 1508 2392 1562 iu
2442 1509 2593 1579 praxi
2638 1507 2896 1562 Ecclesia:
2936 1507 3004 1563 ab
3043 1524 3110 1564 eo
3136 1519 3600 1576 reprresentatam.
3633 1507 3702 1564 Ut

2101 1599 2245 1654 enim
2300 1600 2352 1653 in
2406 1599 2739 1670 propheticis
2766 1600 3344 1669 reprcesentationibus
3393 1601 3447 1657 id
3491 1610 3701 1656 certum

386 1699 551 1766 licet,
597 1697 666 1754 de
710 1711 816 1768 quo
873 1695 1154 1757 Dominus,
1217 1693 1423 1761 llabeo,
1479 1694 1674 1764 inquit,
1723 1693 1994 1764 baptismo
2022 1696 2070 1756 B
2098 1700 2200 1758 est,
2229 1705 2334 1746 non
2367 1691 2448 1746 sui
2481 1691 2650 1762 gratia
2686 1700 2906 1762 typum;
2933 1691 3027 1746 sed
3055 1693 3285 1764 antitypi
3311 1693 3380 1748 ab
3402 1709 3470 1748 eo
3500 1709 3702 1764 repraa-

389 1794 593 1865 tingui,
645 1807 770 1848 cum
803 1791 912 1862 jam
958 1791 1157 1845 tinctus
1185 1788 1396 1844 fuisset.
1443 1785 1678 1843 Venerat
1723 1788 1864 1842 enim
1898 1803 1992 1858 per

385 1902 582 1960 aquam
629 1897 682 1942 et
737 1885 1052 1956 sanguinem
1081 1925 1095 1948 ,
1155 1883 1292 1937 sicut
1341 1880 1583 1936 Joannes
1628 1880 1886 1949 scripsit,
1935 1889 1993 1934 ut

391 1996 529 2053 aqua
559 1980 912 2050 tingueretur,
947 1975 1206 2047 sanguine
1229 1973 1644 2045 gloriﬁcaretur.
1675 1971 1906 2028 Proinde
1935 1981 1992 2027 ut

386 2087 488 2128 nos
519 2071 723 2127 faceret
748 2086 883 2140 aqua
907 2078 1148 2134 vocatos,
1198 2067 1460 2137 sanguine
1481 2065 1709 2127 electos,
1741 2065 1841 2120 hos
1855 2064 1992 2120 duos

389 2164 690 2236 baptismos
732 2164 800 2219 de
845 2163 1070 2216 vulnere
1122 2159 1352 2230 perfussi
1385 2160 1568 2215 lateris
1610 2160 1808 2215 emisit.
1855 2159 1988 2228 Quia

389 2260 480 2332 qui
510 2259 562 2313 in
591 2259 909 2328 sanguinem
942 2257 1058 2328 ejus
1107 2254 1413 2320 crederent,
1465 2269 1600 2323 aqua
1631 2253 1942 2308 lavarentur
1973 2273 1987 2307 :

387 2351 480 2421 qui
512 2365 648 2420 aqua
690 2350 981 2415 lavisscul,
1030 2348 1191 2402 etiam
1241 2347 1558 2416 sanguinem
1589 2356 1858 2417 potarent.
1893 2346 1991 2402 Hic

387 2452 472 2499 est
501 2442 773 2513 baptimus
818 2442 907 2513 qui
942 2442 1217 2496 lavacrum
1247 2450 1300 2496 et
1332 2456 1437 2496 non
1470 2453 1750 2511 acceptmn
1792 2457 1992 2512 reprze-

385 2543 588 2601 sentat,
613 2545 667 2590 et
693 2534 959 2604 perditum
981 2533 1157 2590 reddit
1179 2533 1444 2604 (Tertull.,
1469 2536 1531 2588 de
1550 2533 1726 2605 Bapt.,
1748 2552 1794 2590 ι’.
1819 2535 1931 2608 16).
1967 2557 1983 2588 ι

387 2626 543 2695 Quod
592 2627 770 2697 itaque
802 2627 1064 2682 Dominus
1104 2628 1414 2696 passionem
1465 2642 1616 2681 suam
1665 2629 1987 2699 baptismum

386 2717 553 2771 alium
582 2717 959 2788 appellaverit;
986 2717 1127 2787 quod
1151 2718 1362 2772 venerit
1384 2719 1436 2774 in
1467 2733 1602 2788 aqua
1633 2728 1683 2772 et
1707 2721 1987 2790 sanguine;

387 2810 532 2880 quod
555 2825 678 2864 cum
703 2826 838 2880 aqua
864 2811 1182 2882 sanguinem
1211 2811 1260 2865 in
1275 2826 1435 2866 cruce
1457 2827 1487 2867 e
1514 2812 1736 2868 vulnere
1761 2813 1988 2881 perfossi

386 2901 576 2958 lateris
620 2900 862 2956 emism‘it
913 2919 928 2955 :
975 2903 1098 2957 hinc
1148 2901 1408 2972 colligunt
1456 2903 1668 2958 Domini
1719 2904 1988 2975 duplicem

383 2992 556 3049 fuisse
579 2993 921 3064 baptismum.
949 2993 1058 3049 Nec
1083 3003 1260 3051 tamen
1284 2996 1493 3050 Domini
1521 2997 1798 3068 proprium
1824 2998 1988 3056 fuisse

385 3105 419 3144 e
447 3087 505 3144 S.
542 3087 756 3156 Matth.,
791 3105 887 3154 xx,
919 3088 1012 3156 22,
1045 3089 1299 3161 colligere
1331 3099 1601 3160 poterant,
1646 3092 1696 3144 in
1727 3107 1835 3160 quo
1864 3092 1985 3148 loco
2012 3091 2057 3154 C
2094 3088 2259 3143 menti
2291 3087 2592 3144 oeconomia
2633 3088 2946 3144 adumbrata

385 3183 760 3254 apostolorum
814 3183 992 3252 passio
1035 3182 1289 3254 baptismi
1321 3185 1542 3239 nomine
1572 3186 1736 3240 etiam
1781 3187 1983 3243 intelli-

385 3273 562 3345 genda
589 3283 695 3329 est.
724 3273 1012 3329 Videamus
1029 3290 1160 3346 ergo
1192 3284 1410 3331 rectene
1436 3277 1722 3347 btecatquc
1747 3278 1987 3349 legitime

389 3367 651 3438 procedat
668 3371 1085 3438 argumentatio.

460 3458 483 3519 §
513 3459 651 3516 9.-
679 3460 1042 3516 Recolendum
1072 3463 1248 3532 itaque
1276 3463 1517 3533 inprimis
1565 3465 1704 3536 quod
1735 3469 1986 3538 superius

386 3551 550 3606 etiam
604 3552 1007 3607 observavimus
1054 3553 1073 3626 (
1109 3555 1129 3608 l
1163 3557 1222 3623 ),
1267 3570 1371 3609 non
1400 3555 1539 3611 dicta
1569 3559 1728 3613 modo
1779 3561 1985 3616 Domini

385 3642 581 3709 nostri,
629 3643 722 3697 sed
753 3654 806 3698 et
848 3643 1007 3709 facta,
1043 3661 1162 3715 qua:
1216 3647 1434 3717 quidem
1490 3651 1695 3718 scriptis
1727 3651 1986 3708 habemus

384 3737 549 3792 ltodie
597 3737 882 3804 mandata,
930 3739 1240 3809 prophetica
1287 3756 1442 3806 esse,
1489 3751 1544 3796 et
1588 3743 1638 3796 in
1671 3757 1983 3815 perpetuum

387 3829 646 3886 Ecclesia:
698 3846 851 3886 usum
902 3833 1202 3904 conscripta
1225 3877 1238 3900 ,
1271 3843 1327 3888 ut
1373 3837 1595 3904 proinde
1635 3854 1698 3894 ex
1732 3839 1781 3894 id
1815 3855 1986 3910 genus

383 3921 542 3978 factis
583 3937 688 3978 non
735 3925 804 3979 sit
855 3923 1055 3990 futilis,
1099 3935 1155 3981 ut
1205 3937 1390 3996 putant
1431 3930 1621 3999 vulgo,
1653 3931 1745 3986 sed
1777 3932 1984 3999 solida,

385 4017 802 4086 argumentatio.
849 4018 1017 4075 Recte
1066 4020 1243 4091 itaque
1295 4021 1570 4077 concludit
1621 4025 1987 4082 Tertullianus

386 4123 455 4166 ex
503 4125 569 4166 eo
614 4112 756 4182 quod
816 4112 1073 4169 Dominus
1124 4125 1229 4169 tam
1284 4131 1380 4186 per
1430 4119 1779 4188 sanguinem,
1825 4138 1984 4191 quam

383 4216 485 4273 per
510 4217 702 4275 aquam
733 4205 962 4267 venerit,
992 4205 1301 4262 Christianis
1328 4209 1489 4264 etiam
1516 4220 1620 4265 tam
1644 4213 1982 4280 sanguinem,

383 4309 546 4366 quam
593 4310 786 4368 aquam
811 4339 827 4363 ,
872 4312 995 4354 esse
1039 4298 1356 4367 proficuum.
1391 4303 1555 4358 Recte
1586 4303 1777 4361 iterum
1822 4323 1886 4362 cx
1921 4325 1986 4362 eo

385 4386 529 4457 quod
559 4388 872 4459 sanguinem
903 4389 1104 4458 pariter
1131 4405 1194 4444 ac
1235 4407 1426 4461 aquam
1474 4409 1504 4448 e
1540 4395 1761 4451 vulnere
1802 4397 1986 4454 lateris

2096 1785 2299 1841 sentari
2340 1799 2370 1838 a
2410 1784 2521 1840 Deo
2571 1800 2694 1840 esse
2722 1785 3090 1857 designatum,
3123 1787 3193 1840 ita
3228 1787 3277 1842 id
3328 1802 3541 1858 quoque
3579 1803 3703 1845 cer-

2097 1884 2208 1932 tum
2239 1885 2322 1932 est
2351 1892 2456 1932 non
2489 1877 2636 1944 alibi,
2667 1893 2827 1948 quam
2859 1880 2911 1933 in
2943 1877 3209 1946 Ecclesia,
3242 1879 3372 1936 illud
3398 1882 3699 1954 antitypum

2095 1986 2216 2028 esse
2250 1972 2619 2042 quaerendum.
2662 1969 2733 2027 Ut
2765 1971 2988 2042 proinde
3013 1973 3224 2043 quoties
3255 1984 3438 2044 aptmn
3468 1977 3703 2030 occurrit

2095 2066 2149 2119 in
2199 2063 2436 2118 Ecclesia
2484 2064 2782 2134 antitypum
2821 2063 2965 2134 quod
3023 2073 3150 2136 typo
3199 2065 3528 2122 examussim
3586 2083 3702 2123 res-

2095 2156 2328 2228 pOudeat
2356 2199 2371 2222 ,
2417 2171 2516 2212 nec
2563 2157 2632 2211 de
2681 2157 2787 2211 alio
2837 2159 3066 2226 quaestio
3103 2165 3205 2225 est,
3240 2174 3306 2212 an
3334 2159 3402 2214 ab
3433 2174 3500 2214 eo
3535 2161 3702 2231 magis

2094 2248 2161 2303 ad
2192 2248 2370 2302 vivum
2401 2250 2734 2318 exprimatur
2758 2288 2772 2312 ,
2819 2249 2890 2303 ita
2920 2248 3153 2304 dubitari
3209 2267 3316 2306 non
3364 2254 3534 2320 possit
3569 2253 3697 2324 quin

2096 2341 2146 2397 id
2194 2344 2365 2412 ipsum
2421 2343 2561 2396 Deus
2600 2342 2886 2412 designare
2935 2344 3204 2410 voluerit;
3257 2359 3356 2400 nec
3395 2355 3480 2401 est
3522 2347 3572 2400 in
3602 2345 3702 2401 hac

2094 2436 2578 2507 argumentationis
2631 2437 2889 2493 methodo
2917 2437 3192 2509 quippiam
3230 2439 3374 2510 quod
3417 2440 3700 2496 lascivien-

2100 2531 2237 2586 tibus
2267 2531 2497 2601 ingeniis
2527 2531 2889 2600 permittatur.
2940 2531 3039 2586 Est
3068 2532 3120 2587 id
3149 2548 3280 2588 sane
3313 2544 3554 2589 veterum
3583 2550 3700 2590 om-

2095 2623 2250 2678 nibus
2275 2623 2516 2678 moribus
2534 2624 2754 2678 omnino
2769 2633 3221 2694 consentaneum,
3237 2627 3559 2696 quicumque
3576 2637 3700 2682 sunt

2095 2717 2149 2769 in
2171 2715 2605 2784 propheticorum
2624 2716 2990 2787 symbolorum
3017 2717 3460 2786 interpretatione
3478 2720 3694 2774 versati.

2094 2807 2149 2862 Id
2178 2823 2300 2862 cum
2333 2808 2402 2862 ob
2432 2808 2618 2863 oculos
2646 2808 2910 2864 baberent
2938 2809 3070 2864 Novi
3107 2809 3438 2866 Testameuti
3469 2811 3700 2882 scripto-

2094 2916 2181 2956 res
2197 2901 2328 2956 Novi
2349 2901 2682 2958 Testamenti
2704 2903 3010 2958 universam
3028 2903 3385 2958 mconomiam
3403 2905 3698 2975 antitypatu

2094 3008 2233 3060 esse,
2267 3011 2385 3065 qua:
2417 2993 2577 3049 fuerit
2633 2996 2684 3049 iu
2731 2996 2982 3051 universa
3034 2995 3218 3051 itidem
3262 2995 3471 3053 Veteris
3511 2997 3700 3054 Testa-

3001 3107 3015 3145 :
3067 3089 3294 3158 proinde
3332 3105 3454 3146 cum
3485 3090 3613 3162 quid
3644 3092 3696 3147 iu

2092 3188 2320 3248 utraque
2341 3180 2639 3234 mconomia
2659 3180 2835 3235 simile
2860 3181 3181 3251 repererint,
3213 3181 3266 3236 id
3291 3199 3392 3236 una
3419 3184 3581 3238 etiam
3605 3184 3698 3238 ad-

2091 3274 2329 3339 mittunt,
2361 3274 2504 3344 quod
2535 3274 2660 3328 alibi
2693 3274 2938 3346 nuspiam
2959 3317 2973 3338 ,
3005 3286 3060 3329 ut
3094 3275 3146 3330 in
3172 3275 3223 3330 id
3252 3292 3422 3347 genus
3450 3278 3700 3333 similitu-

2090 3366 2308 3422 dinibus
2333 3381 2362 3419 a
2384 3367 2735 3422 similitudine
2755 3376 3035 3439 prototypa
3055 3367 3120 3422 ad
3150 3372 3446 3440 antitypam
3469 3369 3696 3426 Solidam

2088 3471 2384 3530 agnoscant
2410 3471 2465 3516 et
2491 3459 2782 3531 legitimam
2810 3463 3351 3532 argumentationem.
3388 3463 3454 3518 Et
3481 3463 3696 3534 quidem

2090 3569 2152 3610 ea
2179 3554 2499 3611 certitndine
2541 3564 2742 3610 certam
2773 3555 3136 3626 agnoscebant
3183 3557 3486 3627 lmjusmodi
3535 3574 3695 3630 argu-

2090 3649 2470 3704 mentationem
2499 3664 2619 3718 qua:
2649 3665 2768 3704 cum
2799 3664 2859 3703 ea
2905 3649 3232 3704 obscuritate
3259 3651 3532 3706 conciliari
3570 3666 3697 3722 pos~

2091 3749 2174 3796 set
2199 3757 2318 3812 qua:
2344 3741 2468 3813 styli
2497 3741 2772 3812 symbolici
2801 3751 2854 3796 et
2881 3742 3178 3811 prophetici
3208 3743 3317 3796 fere
3333 3743 3565 3811 genuina
3593 3753 3694 3810 est,

2092 3837 2163 3890 ita
2192 3835 2380 3889 saltem
2411 3844 2612 3889 certam
2655 3843 2713 3889 ut
2755 3835 2931 3889 locum
2971 3834 3183 3890 interim
3217 3835 3488 3905 relinquat
3525 3835 3696 3891 libero

2090 3927 2367 3982 hominum
2411 3925 2653 3992 arbitrio,
2707 3927 2777 3980 ita
2823 3935 3027 3981 certam
3059 3937 3113 3980 ut
3164 3927 3469 3982 hominibus
3516 3929 3696 3984 corda~

2091 4023 2160 4078 tis
2196 4021 2408 4076 abunde
2449 4020 2680 4076 sufﬁciat
2730 4021 2796 4075 ad
2828 4021 3038 4090 praxim
3069 4022 3363 4091 prudenter
3412 4022 3694 4079 instituen-

2089 4114 2234 4170 dam.
2262 4115 2338 4169 lta
2373 4115 2800 4186 quibuscumque
2836 4114 3048 4170 Veteris
3077 4114 3410 4170 Testamenti
3439 4099 3568 4171 locis
3597 4117 3695 4170 ali-

2090 4225 2248 4280 quam
2281 4209 2540 4264 habemus
2566 4225 2718 4278 aqua:
2754 4209 3108 4274 mentionem,
3135 4224 3197 4263 ea
3245 4211 3423 4264 omnia
3455 4209 3693 4265 referttnt

2091 4303 2251 4357 etiam
2299 4301 2437 4356 sacri
2482 4302 2774 4371 scriptores
2827 4300 2893 4354 ad
2941 4300 3076 4355 Novi
3125 4301 3456 4358 Testamenti
3499 4320 3691 4375 aquam

2093 4393 2484 4464 baptismalem,
2517 4405 2570 4448 et
2596 4409 2716 4465 quso
2755 4395 2862 4448 sint
2905 4394 2956 4449 in
3005 4406 3191 4450 nostro
3222 4397 3489 4466 baptismo
3518 4398 3692 4453 ofﬁcia

381 4481 660 4543 emiserit,
727 4481 1041 4545 sanguinem
1100 4497 1316 4553 quoque
1378 4484 1526 4539 illum
1599 4502 1666 4542 ex
1717 4503 1817 4543 usu
1867 4486 2424 4553 foreDobservanda
2450 4486 2571 4542 inde
2593 4487 2874 4558 colligunt.
2897 4486 2970 4542 lta
3002 4489 3133 4542 etin
3167 4488 3690 4545 illoAtheniensium

383 4569 664 4624 Ecclesiae.
716 4569 794 4625 Ne
838 4586 964 4626 vero
1001 4572 1163 4627 nimia
1198 4576 1536 4644 permittatur
1567 4578 1621 4632 in
1668 4579 1768 4634 hoc
1811 4595 1982 4650 genus

385 4665 942 4735 argumentationibus
981 4666 1226 4734 licentia,
1281 4670 1598 4726 observetur
1624 4673 1888 4744 imprimis
1920 4691 1983 4731 ea

383 4770 506 4825 qua:
573 4755 661 4811 hic
710 4757 1006 4827 promlerat
1053 4759 1417 4817 Tertullianus
1473 4763 1682 4821 Domini
1735 4770 1981 4840 exempla

383 4861 494 4902 non
524 4849 949 4904 extraordinaria
990 4850 1154 4907 fuisse
1175 4893 1190 4918 ,
1223 4853 1318 4909 sed
1349 4855 1641 4912 ordinaria.
1671 4859 1728 4914 In
1759 4861 1981 4918 ordina-

385 4939 484 4996 riis
514 4937 668 4996 facile
698 4943 985 4998 admittent
1032 4943 1326 5001 adversarii
1361 4949 1522 5003 vitam
1557 4950 1765 5006 Domini
1796 4968 1984 5010 exem-

382 5033 532 5104 plum
581 5047 703 5088 esse
738 5033 1182 5091 christianorum.
1233 5037 1390 5107 Quod
1427 5052 1605 5097 autem
1644 5059 1738 5113 per
1762 5047 1982 5117 sangui-

384 5143 513 5184 nem
566 5129 768 5200 pariter
813 5145 877 5186 ac
925 5147 1118 5202 aquam
1174 5135 1404 5200 vent-rit,
1457 5138 1507 5191 id
1564 5153 1724 5194 nemo
1774 5139 1985 5198 dubitet

382 5221 512 5294 quin
555 5221 661 5278 tale
713 5223 783 5278 sit
825 5223 877 5278 in
927 5240 1034 5293 quo
1073 5242 1195 5281 eum
1242 5227 1438 5284 imitari
1481 5233 1747 5300 possimus
1775 5277 1789 5299 ,
1837 5237 1980 5308 quod

382 5316 558 5386 ipsum
603 5331 703 5372 nos
746 5317 1007 5373 ordinarii
1036 5334 1166 5376 voce
1211 5321 1595 5394 intelligimus;
1646 5328 1788 5398 quod
1816 5345 1978 5402 porro

379 5411 544 5468 etiam
579 5427 701 5468 cum
728 5413 988 5485 sanguine
1007 5428 1142 5486 aqua
1171 5429 1202 5470 e
1228 5417 1450 5474 vulnere
1477 5419 1662 5477 lateris
1687 5427 1974 5493 emanarit,

421 5548 643 5633 .(l)AIn
693 5549 916 5606 Dissert.
966 5550 1051 5633 cui
1099 5551 1281 5633 titulus
1328 5571 1341 5606 :
1390 5553 1468 5633 De
1507 5554 1732 5633 (inflatis
1783 5559 1978 5633 princia

373 5622 504 5747 sic,
525 5629 658 5694 etc.,
686 5637 845 5694 quam
875 5635 976 5679 nec
1003 5622 1187 5681 decuit
1212 5628 1463 5695 praesenti
1488 5622 1794 5702 adjungere'
1818 5630 1972 5688 volu-

435 5709 528 5747 nn.

435 5709 528 5749 ΙΠΙ.

2087 4578 2156 4634 de
2205 4579 2373 4633 muris
2414 4579 2602 4650 ligneis
2638 4581 2859 4634 oraculo
2901 4579 3318 4647 Themistocles,
3350 4599 3471 4638 cum
3528 4584 3692 4638 Athe-

2087 4673 2352 4728 niensium
2394 4687 2552 4727 causa
2586 4673 2783 4727 editum
2809 4673 3190 4744 perpenderet,
3225 4676 3348 4730 inde
3390 4676 3693 4744 prudentis-

2084 4767 2220 4822 sime
2245 4767 2526 4838 colligebat
2542 4783 2611 4823 ex
2635 4767 3043 4823 Atheniensium
3064 4768 3286 4838 proinde
3314 4770 3551 4825 moribus
3571 4784 3693 4825 esse

2084 4859 2509 4930 intelligendum.
2545 4861 2611 4915 Et
2636 4876 2756 4918 cum
2785 4861 3000 4916 oracula
3032 4860 3235 4925 Loxizn,
3267 4861 3506 4932 Delphici
3531 4863 3692 4918 nimi-

2085 4969 2204 5008 rum
2257 4953 2559 5024 Apollinis,
2620 4955 2821 5025 pariter
2868 4969 2934 5010 ac
2988 4954 3296 5010 Judaaorum
3352 4956 3686 5027 prophetim,

2086 5063 2195 5103 non
2223 5057 2404 5104 essent
2433 5047 2500 5103 ad
2530 5050 2787 5112 litteram,
2818 5047 2913 5104 sed
2952 5049 3272 5121 symbolice,
3314 5049 3492 5118 potius
3524 5065 3691 5119 expo-

2086 5143 2295 5211 nenda;
2341 5143 2392 5198 id
2440 5159 2600 5214 porro
2628 5144 2978 5216 qumreudum
3020 5144 3191 5211 duxit,
3222 5144 3414 5211 ecquid
3464 5152 3609 5199 esset
3636 5145 3687 5198 in

2081 5234 2190 5305 jam
2233 5236 2521 5290 constituta
2554 5237 2963 5291 Atheniensium
3010 5235 3145 5306 Rep.
3193 5235 3337 5305 quod
3368 5251 3490 5290 cum
3522 5235 3688 5290 muris

2082 5329 2273 5398 ligneis
2320 5329 2517 5399 aliquid
2569 5329 2792 5385 haberet
2829 5329 2990 5386 affine
3032 5329 3052 5403 (
3100 5345 3200 5385 nec
3228 5331 3373 5385 enim
3409 5331 3460 5384 in
3507 5344 3690 5383 muros

2084 5423 2293 5478 noviter
2339 5425 2694 5480 exstruendos
2730 5424 2904 5494 ipsum
2957 5425 3216 5480 innuebat
3268 5422 3583 5494 oraculum)
3635 5435 3690 5480 et

2082 5531 2211 5572 vero
2262 5516 2398 5571 nihil
2450 5529 2564 5573 erat
2611 5517 2754 5588 quod
2811 5519 2862 5571 in
2915 5517 3048 5573 urbe
3076 5535 3196 5589 quae
3234 5518 3437 5572 viribus
3466 5517 3690 5573 ﬂoreret

2079 5611 2523 5681 commerciisque
2569 5609 2896 5680 maritimis,
2958 5610 3027 5668 de
3090 5625 3198 5682 quo
3259 5610 3400 5664 muri
3464 5610 3538 5665 illi
3590 5624 3688 5680 ap-

2075 5703 2180 5760 tius
2225 5713 2480 5774 possent,
2525 5718 2686 5776 quam
2741 5703 2809 5760 de
2861 5704 3085 5761 navibus
3128 5701 3374 5774 intelligi.
3412 5701 3520 5759 Nec
3558 5717 3687 5758 vero
