3990 6060
229 224 313 279 57

1241 215 1326 272 es
1367 212 1689 276 secusne
1728 215 2122 276 MARTYRUM
2164 215 2528 274 sanusne.
3491 203 3558 277 δέ

228 342 449 414 aliquid
493 340 694 410 opponi
730 339 786 395 in
832 338 1159 396 contrarium
1191 346 1371 408 potest
1392 337 1460 393 de
1498 338 1657 408 hujus
1683 353 1845 410 argu-
1875 341 1927 399 Α
2026 338 2054 409 §
2108 337 2283 393 ll.—-
2306 332 2710 391 Observandum
2742 333 2922 403 itaque
2973 333 3234 403 secundo,
3268 335 3322 392 id
3349 350 3564 412 quoque

227 432 594 491 mentationis
637 430 1063 497 incertitudine,
1112 428 1254 500 quod
1322 444 1428 483 non
1489 429 1560 484 sit
1610 429 1850 485 omnium

226 530 356 588 fere
411 527 813 601 prophetiarum
863 525 1308 595 oraculorumque
1347 539 1634 579 commune
1669 524 1736 580 ab
1771 524 1851 596 ip-

229 626 318 680 sis
345 638 519 695 usque
568 632 921 692 utrorumque
948 619 1207 675 exordiis.

316 715 347 788 §
378 715 465 771 10.
489 742 560 756 —-
582 711 711 768 Hmc
734 713 913 785 itaque
942 713 1123 767 omnia
1160 710 1490 769 validissime
1520 712 1846 784 precedent,

233 809 283 865 si
322 808 517 878 quinto
545 806 601 861 id
632 820 848 877 quoque
878 812 1233 875 supponatur.
1266 820 1355 860 res
1387 804 1459 859 ita
1489 820 1518 859 a
1573 804 1851 877 prepheti-

235 902 317 957 cis
367 902 509 974 typis
566 906 986 968 reprarsentatas
1040 896 1107 952 ad
1173 908 1489 967 perpetuum
1568 897 1851 953 attinuisse

237 991 501 1048 Ecclesiae
533 1005 706 1044 usum.
744 989 875 1059 Qua:
907 988 1051 1045 enim
1095 989 1162 1043 ita
1193 998 1451 1060 perpetua
1484 987 1659 1044 futura
1685 999 1810 1043 sunt
1830 1032 1845 1056 ,

237 1098 306 1139 ea
364 1083 472 1137 Deo
519 1096 668 1138 curae
723 1096 845 1136 esse
903 1079 1266 1135 certissimum
1316 1089 1429 1147 est,
1482 1096 1544 1134 ea
1615 1081 1848 1136 maxime

240 1179 545 1237 necessaria
587 1186 648 1232 ut.
674 1186 827 1233 certo
856 1176 1036 1247 aliquo
1066 1176 1284 1231 decreto
1336 1174 1735 1239 Stabilirentur;
1782 1189 1846 1230 ea

241 1272 311 1328 ad
343 1270 653 1344 primarium
695 1268 791 1325 Dei
821 1268 875 1323 in
911 1268 1240 1340 propheticis
1270 1267 1532 1341 symbolis
1557 1268 1844 1325 consilium

236 1365 574 1436 pertinuisse
614 1361 885 1418 censenda
930 1370 1077 1418 sunt.
1126 1360 1184 1417 In
1229 1360 1314 1418 his
1359 1361 1541 1433 itaque
1565 1376 1687 1417 cum
1715 1362 1846 1434 quid

236 1459 643 1516 accuratissime
681 1456 950 1527 quadrat,
983 1470 1089 1511 non
1140 1454 1365 1511 fortuito
1414 1455 1468 1511 id
1515 1456 1702 1523 casui,
1748 1455 1844 1511 sed

235 1552 546 1610 certissimo
598 1550 966 1606 Providentiae
1021 1549 1251 1606 consilio
1330 1549 1676 1606 tribuendum
1735 1559 1839 1606 est.

233 1641 367 1699 Cum
438 1658 570 1715 ergo
612 1658 732 1713 qua:
768 1642 838 1698 de
912 1641 1126 1698 Domini
1191 1641 1421 1698 adventu
1472 1643 1705 1714 legimus
1744 1658 1844 1714 per

1957 430 2140 501 negari
2174 445 2280 485 non
2315 441 2496 499 posse,
2545 425 2858 498 passionem
2887 440 3040 482 suam
3090 426 3417 498 baptismum
3465 446 3566 504 ap-

1957 524 2187 595 pellasse
2235 522 2573 579 Salvatorem
2629 538 2642 576 :
2696 530 2750 576 et
2801 520 2943 591 quod
2999 524 3231 591 apoSIOIi
3292 539 3392 594 pro
3446 528 3566 599 ejus

1954 615 2172 672 nomine
2205 616 2411 686 passuri
2435 624 2640 679 essent,
2666 614 3001 669 tantumdem
3030 616 3172 686 apud
3204 616 3353 673 illum
3381 620 3567 677 valere

1953 724 2017 764 ac
2044 709 2307 780 baptizari
2354 723 2421 763 eo
2452 708 2722 777 baptismo
2763 722 2871 778 quo
2903 716 3046 762 esset
3096 708 3213 780 ipse
3262 712 3566 782 baptizatus

1953 802 2041 873 (S.
2082 802 2293 868 Matth"
2327 818 2428 866 xx,
2458 800 2574 872 22).
2605 800 2681 855 Ita
2712 800 2856 855 enim
2885 800 2937 855 in
2968 815 3147 871 graeco
3172 801 3436 861 habemus
3460 847 3476 875 ,
3511 817 3567 866 et

1954 899 2005 954 in
2053 899 2175 954 aliis
2221 898 2606 953 vetustissimis
2655 888 3019 961 versionibus,
3054 896 3252 953 desunt
3281 912 3457 957 tamen
3499 917 3563 959 ea

1951 994 2117 1049 verba
2174 994 2225 1048 in
2281 992 2449 1048 latino
2502 993 2798 1061 interprete
2851 991 3090 1061 vulgato,
3145 991 3564 1064 suifragantibus

1951 1088 2111 1144 etiam
2147 1087 2350 1142 Hilario
2382 1087 2669 1141 Ambrosio
2722 1085 2950 1156 (Hilam,
2986 1102 3104 1141 can.
3136 1087 3206 1143 50
3232 1087 3287 1141 in
3312 1086 3561 1163 Matth.),

1952 1181 2283 1253 Hieronymo
2322 1179 2593 1252 (Hieron.,
2629 1178 2720 1232 lib.
2753 1194 2831 1233 in.
2866 1178 3062 1233 Comm.
3119 1178 3171 1231 in
3205 1178 3394 1235 Matth.
3430 1182 3563 1253 xx),

1951 1275 2201 1346 ipsoque,
2231 1272 2488 1346 quicquid
2517 1272 2706 1328 innuat
2734 1272 2788 1327 in
2819 1271 3151 1327 contrarium
3171 1271 3410 1338 Grotius,
3438 1274 3561 1329 Ori-

1948 1383 2084 1437 gene
2106 1367 2305 1438 (0rig.,
2324 1367 2375 1420 in
2398 1366 2615 1432 Matt/1.,
2633 1376 2754 1420 tom.
2774 1381 2881 1429 xvr,
2898 1382 2949 1436 p.
2965 1363 3096 1426 M5,
3119 1363 3221 1420 Ed.
3241 1363 3559 1438 Huetianae).

1948 1457 2215 1514 Convenit
2281 1466 2460 1512 tamen
2522 1473 2643 1513 cum
2695 1458 2887 1526 grmcis
2936 1454 3212 1512 codicibus
3261 1458 3565 1514 vetustissi-

1947 1565 2066 1605 mus
2096 1551 2366 1621 interpres
2398 1549 2593 1621 Syrus,
2626 1559 2676 1606 et
2707 1560 2767 1604 ut
2797 1548 2883 1604 hic
2909 1547 3262 1620 expungenda
3289 1563 3413 1606 esse
3430 1549 3565 1606 fate-

1948 1658 2172 1711 rentur,
2224 1644 2354 1714 quin
2402 1652 2582 1698 tamen
2637 1643 2776 1715 apud
2820 1641 2878 1697 S.
2914 1641 3151 1696 Marcum
3204 1638 3429 1712 legenda
3454 1643 3564 1699 sint

229 1748 430 1807 aquam
484 1745 540 1789 et
565 1733 901 1805 sanguinem,
933 1733 1002 1789 de
1031 1748 1168 1804 aqua
1199 1735 1364 1790 etiam
1416 1743 1470 1790 et
1497 1735 1760 1806 sanguine
1808 1750 1840 1791 e
1869 1744 1917 1805 B
1946 1738 2088 1810 (cap.
2121 1755 2173 1806 x,
2205 1738 2297 1807 58,
2327 1738 2440 1809 59),
2493 1754 2657 1794 nemo
2700 1747 2785 1793 est
2833 1738 2925 1809 qui
2952 1739 3183 1806 dubitet,
3237 1748 3295 1795 ut
3336 1737 3561 1811 proinde

229 1826 420 1881 lateris
463 1827 690 1881 vulnere
723 1824 1113 1896 proﬂuentibus
1139 1868 1154 1889 ,
1211 1842 1308 1897 pro
1350 1827 1479 1899 styli
1535 1827 1838 1898 prophetici

230 1916 510 1985 idiomate,
556 1917 926 1990 symbolorum
976 1917 1147 1974 vicem
1201 1919 1718 1986 obtinuerint;cum
1775 1935 1839 1976 ea

228 2012 283 2068 in
340 2021 631 2083 utrumque
687 2012 830 2067 hunc
869 2012 1133 2070 Ecclesia:
1184 2013 1512 2085 baptismum
1559 2014 1839 2083 aptissime

226 2106 598 2170 conveniant;
646 2119 771 2159 cum
828 2104 965 2159 nihil
1020 2106 1091 2161 sit
1137 2105 1281 2176 quod
1348 2106 1656 2162 dubitemus
1708 2108 1838 2177 quin

225 2204 524 2267 perpetuus
570 2206 801 2267 uterque
839 2195 1046 2252 futurus
1092 2197 1199 2252 sit:
1251 2197 1409 2268 plane
1439 2199 1712 2270 sequitur,
1765 2200 1838 2256 ita

224 2302 351 2344 esse
394 2288 681 2344 Dominum
725 2289 1165 2346 commodissime
1213 2291 1641 2364 intelligendum.
1692 2293 1836 2350 Pras-

219 2382 419 2437 sertim
458 2392 613 2438 sexto
640 2382 686 2437 si
727 2382 778 2437 id
810 2397 1025 2454 quoque
1051 2384 1389 2451 observetur,
1441 2386 1493 2439 ni
1544 2386 1650 2441 huc
1679 2396 1837 2458 typos

222 2473 448 2531 Domini
473 2474 782 2532 releramus
810 2485 866 2531 ut
901 2479 1323 2547 praenuntiarenl
1351 2493 1511 2549 quem
1545 2480 1635 2534 ille
1665 2481 1840 2536 voluit

220 2564 496 2623 Ecclesia:
546 2578 741 2624 statum
791 2580 951 2642 atque
990 2573 1473 2640 constitutionem,
1506 2573 1642 2629 nihil
1689 2585 1837 2632 certe

218 2676 356 2718 esse
386 2676 497 2733 quo
525 2661 741 2718 aliunde
763 2674 971 2721 constet
1015 2664 1275 2720 Ecclesia:
1301 2666 1643 2737 disciplinam
1672 2668 1741 2723 ab
1769 2683 1837 2724 eo

218 2770 362 2813 esse
386 2757 755 2814 constitutam.
797 2758 909 2816 Nec
961 2761 1107 2815 enim
1158 2760 1227 2816 de
1277 2777 1340 2818 ea
1385 2762 1603 2818 disertis
1655 2762 1837 2819 verbis

216 2863 256 2903 a
308 2848 540 2904 Domino
587 2850 786 2907 alicubi
831 2860 1050 2908 cautum
1095 2853 1347 2925 legimus.
1379 2854 1518 2923 Quid
1547 2854 1689 2925 quod
1723 2855 1837 2911 haec

219 2955 322 3013 per
342 2942 589 3013 symbola
617 2944 863 3000 tradendi
889 2945 1174 3002 methodus
1192 2947 1265 3002 ita
1290 2955 1373 3003 est
1400 2963 1429 3001 a
1456 2947 1686 3003 Domino
1706 2964 1833 3020 pro-

218 3031 369 3101 bata,
396 3046 455 3090 ut
484 3035 816 3093 multitudini
842 3040 1046 3107 omnia,
1075 3040 1356 3110 discipulis
1386 3042 1545 3097 etiam
1576 3041 1835 3111 pleraque

1945 1831 2079 1886 nihil
2138 1832 2208 1886 sit
2246 1831 2389 1903 quod
2435 1831 2504 1887 de
2533 1841 2851 1901 argumento
2883 1841 3209 1887 metuamus.
3242 1829 3351 1887 Sed
3398 1831 3559 1886 aliam

1945 1925 2032 1980 hic
2072 1924 2518 1995 signiﬁcationem
2552 1924 2710 1996 hujus
2759 1923 2906 1979 vocis
2949 1925 3256 1995 intelligent
3301 1923 3559 1980 adversa-

1943 2020 2007 2074 rii
2047 2033 2206 2090 quam
2254 2034 2357 2091 qua
2390 2018 2591 2073 utimur
2614 2032 2736 2073 cum
2769 2016 2838 2073 de
2881 2024 3224 2073 sacramento
3265 2016 3555 2088 loquimur.

1943 2110 2241 2168 Ostendant
2314 2113 2478 2182 igitur
2552 2110 2715 2165 aliam
2776 2110 2830 2165 in
2887 2109 3029 2164 illius
3087 2109 3187 2165 aevi
3245 2108 3558 2164 auctoribus

1943 2221 2103 2277 quam
2185 2220 2308 2276 qum
2378 2205 2445 2260 ad
2520 2205 2887 2276 expiationem
2963 2204 3558 2276 sanctiﬁcationemque

1944 2300 2199 2371 pertinet.
2248 2298 2328 2354 Eo
2378 2307 2527 2355 certe
2580 2299 2918 2368 spectabant,
2953 2298 3044 2370 qui
3075 2309 3186 2354 tum
3239 2298 3557 2354 obtinebant

1945 2394 2216 2465 baptismi,
2272 2400 2332 2447 ut
2377 2393 2589 2464 opinor,
2647 2408 2859 2460 omnes,
2902 2408 3010 2447 non
3059 2392 3338 2448 hominum
3393 2391 3554 2448 modo

1942 2488 2205 2559 quibusin
2228 2487 2615 2559 pharisaaorum
2640 2486 2967 2543 autJoannis
2994 2487 3332 2556 disciplinam
3355 2486 3555 2543 adscri-

1944 2583 2222 2647 berentur,
2269 2582 2367 2639 sed
2409 2592 2465 2639 et
2507 2598 2763 2639 vasorum
2810 2598 3027 2654 quoque
3060 2584 3136 2638 illi
3167 2598 3551 2654 sacrorumque

1945 2678 2269 2734 utensilium.
2313 2678 2539 2745 Quando
2585 2679 2747 2747 igitur
2798 2688 2938 2733 noue
2990 2676 3400 2748 signiﬁcationis
3454 2692 3549 2732 vo-

1942 2785 2061 2827 cem
2092 2772 2352 2828 Dominus
2391 2771 2578 2827 tribuit
2606 2772 2892 2843 martyrio,
2929 2769 2981 2825 id
3005 2769 3157 2824 illum
3184 2768 3423 2826 voluisse
3450 2785 3548 2826 nec

1941 2882 2096 2923 cesse
2117 2876 2221 2934 est,
2253 2866 2393 2922 idem
2422 2866 2541 2922 fore
2571 2882 2598 2919 a
2632 2865 2917 2938 martyrio.
2949 2864 3092 2936 quod
3122 2879 3150 2917 a
3176 2863 3457 2934 haptismis
3484 2863 3547 2919 il-

1942 2959 2010 3014 lis
2040 2958 2457 3029 expectandum,
2482 2967 2538 3013 ut
2559 2959 2815 3013 nimirum
2847 2966 2953 3011 tam
2973 2956 3290 3028 sanguinea
3307 2958 3422 3012 suis
3443 2956 3514 3011 im
3530 2986 3547 2999 -

1941 3051 2266 3122 puritatibus
2279 3067 2439 3123 quam
2455 3066 2612 3122 aqua,
2631 3061 2986 3121 purgarentur
3001 3059 3162 3118 atque
3174 3051 3542 3120 expiarentur.

220 3142 320 3198 ρετ
338 3127 585 3200 symbola
608 3130 923 3196 tradiderit;
953 3143 1008 3188 el
1028 3134 1265 3204 quidem,
1292 3148 1389 3205 pro
1418 3142 1661 3189 velatum
1684 3133 1753 3189 de
1773 3148 1834 3191 se
1860 3133 1905 3197 C
1938 3141 2094 3210 Quod
2123 3145 2167 3199 si
2199 3143 2383 3199 dicant
2412 3143 2656 3214 nuspiam
2689 3142 2956 3197 indicasse
2986 3143 3271 3196 Dominum
3300 3141 3399 3197 hos
3420 3156 3544 3198 esse

216 3223 630 3293 prophetiarum
683 3224 826 3293 ﬁde,
868 3226 940 3280 ita
969 3235 1085 3281 erat
1135 3227 1450 3282 traditurus.
1499 3227 1650 3283 Tunc
1694 3242 1831 3284 vero

217 3322 459 3377 maxime
483 3319 684 3378 idonea
706 3332 824 3378 erat
849 3338 914 3380 ea
943 3324 1186 3379 tradendi
1205 3325 1342 3380 ratio
1370 3340 1494 3381 cum
1518 3341 1605 3381 res
1635 3324 1831 3382 futura:

215 3420 565 3476 traderentur
607 3420 806 3493 quibus
859 3421 1097 3477 nondum
1143 3430 1386 3477 maturus
1434 3430 1578 3477 esset
1612 3421 1828 3477 audito-

212 3529 343 3570 rum
390 3526 594 3585 captus.
638 3514 777 3570 Cum
844 3517 988 3572 enim
1063 3516 1188 3570 talia
1249 3515 1485 3571 traderet
1537 3515 1865 3580 Salvator,-

210 3605 387 3662 etiam
415 3606 708 3678 discipulos
737 3623 832 3677 per
861 3607 1105 3680 symbola
1136 3608 1406 3673 instituit,
1439 3608 1619 3664 dedita
1659 3607 1824 3663 nimi-

211 3714 342 3755 rum
390 3715 569 3770 Opera,
622 3717 693 3757 ne
740 3711 899 3757 antea
954 3703 1383 3774 intelligerentur
1418 3718 1576 3772 quam
1632 3717 1823 3759 eorum

210 3789 383 3847 ﬁdem
430 3801 656 3847 eventus
683 3794 1114 3865 comprobasset.
1146 3797 1306 3866 Atqui
1355 3794 1589 3864 Spiritus
1623 3796 1823 3866 baptis-

208 3900 375 3953 mus,
423 3901 544 3954 qua:
591 3886 807 3958 quidem
861 3890 1180 3943 sacramenti
1212 3904 1336 3960 pars
1365 3898 1477 3944 erat
1518 3892 1817 3960 praecipua,

209 3991 327 4033 non
360 3988 538 4033 tamen
566 3989 691 4034 ante
721 3982 1178 4037 resurrectionem
1212 3990 1328 4036 erat
1353 3984 1778 4038 communicatus
1799 4023 1814 4050 ,

202 4078 278 4124 ut
324 4069 555 4141 proinde
592 4070 743 4126 illum
801 4088 1017 4143 quoque
1050 4089 1155 4128 non
1197 4073 1417 4129 disertis
1455 4074 1635 4129 verbis
1660 4115 1676 4141 ,
1721 4074 1818 4130 sed

205 4178 373 4233 aqua:
415 4163 663 4236 symbolo
688 4206 703 4232 ,
748 4166 1068 4235 praediceret
1097 4165 1192 4238 (S.
1234 4165 1415 4228 Joan.,
1450 4183 1542 4231 vn,
1575 4168 1666 4232 58,
1698 4166 1810 4240 '59).

206 4256 373 4325 Quod
419 4257 467 4312 si
495 4257 820 4328 baptismum
868 4258 1141 4330 Spiritus,
1193 4276 1282 4331 qut
1315 4260 1381 4315 ad
1432 4261 1659 4331 gloriam
1694 4262 1816 4330 ejus

205 4359 501 4422 tantopere
555 4351 822 4420 faciebat,
879 4353 1124 4409 obscuris
1204 4363 1382 4410 tamen
1439 4356 1814 4427 tenigniatibus

203 4443 600 4501 involvendum
650 4445 900 4516 duxerit,
945 4449 1112 4504 multo
1152 4458 1303 4504 certe
1355 4449 1550 4520 potiori
1601 4449 1812 4505 ratione

1938 3236 2145 3292 fructus
2200 3252 2228 3291 a
2280 3237 2545 3310 martyrio
2609 3235 2977 3306 expectandos
3007 3276 3023 3303 ,
3057 3234 3221 3291 iidem
3251 3233 3545 3290 observare

1936 3337 2186 3400 poterant
2236 3343 2304 3384 ne
2366 3327 2436 3384 de
2490 3328 2742 3400 baptismi
2798 3325 3015 3397 quidem
3084 3337 3427 3381 sacramento
3488 3325 3541 3380 id

1934 3436 2189 3492 umquam
2229 3420 2480 3475 docuisse
2509 3419 2872 3475 Salvatorem.
2930 3417 3088 3473 Nulla
3137 3427 3286 3473 certe
3335 3416 3541 3473 mentio

1932 3525 2275 3584 peccatorum
2316 3512 2704 3585 expiandorum
2740 3515 2790 3567 in
2817 3512 2936 3582 ejus
2960 3511 3100 3581 apud
3132 3511 3191 3568 S.
3225 3511 3536 3566 Matthmum

1930 3610 2294 3677 institutione,
2327 3610 2470 3665 nulla
2501 3609 2553 3663 in
2585 3607 2704 3679 ejus
2732 3622 2835 3664 usu
2879 3606 3020 3677 apud
3071 3606 3129 3663 S.
3157 3605 3443 3662 Joannem.
3474 3605 3542 3660 Et

1931 3711 2106 3759 tamen
2132 3704 2273 3758 hunc
2303 3701 2556 3773 baptismi
2583 3699 2990 3757 sacramentalis
3020 3699 3249 3754 fructum
3272 3713 3372 3754 nos
3410 3697 3537 3754 alibi

1927 3814 1991 3853 ex
2025 3797 2391 3866 apostolorum
2421 3795 2636 3865 scriptis
2680 3792 3046 3864 probavimus.
3085 3790 3240 3859 Quod
3298 3805 3426 3862 ergo
3465 3790 3537 3845 ita

1925 3890 2208 3947 docuerint
2262 3887 2512 3959 apostoli,
2562 3886 2615 3942 id
2655 3902 2722 3941 ex
2750 3894 2873 3941 nota
2898 3885 3010 3951 illa,
3039 3899 3201 3953 quam
3225 3881 3357 3949 dixi,
3408 3892 3535 3937 tunc

1929 3985 2187 4056 temporis
2209 3983 2602 4055 signiﬁcatione
2631 3981 2800 4047 vocis,
2824 3990 2878 4035 et
2908 3980 2986 4035 rei
3019 3977 3189 4048 ipsius
3220 3976 3360 4047 apud
3390 3975 3529 4041 illos,

1923 4095 1951 4134 a
1970 4079 2161 4150 quibus
2193 4080 2334 4133 illam
2361 4075 2673 4143 Christiani,
2698 4091 2794 4129 usu
2815 4075 2936 4128 illos
2956 4072 3242 4129 deduxisse
3272 4080 3354 4125 est
3403 4084 3533 4125 sane

1923 4171 2403 4235 verisimillimum,
2458 4168 2560 4222 nisi
2615 4168 2681 4221 ad
2711 4181 2902 4221 novam
2950 4166 3125 4235 potius
3163 4162 3531 4232 apostolorum

1922 4266 2303 4322 revelationem
2345 4263 2453 4329 hic,
2483 4262 2602 4318 sine
2631 4260 2736 4315 ulla
2760 4273 2987 4329 prorsus
3014 4256 3362 4322 necessitate,
3394 4269 3527 4310 con-

1922 4356 2229 4428 fugiendum
2288 4364 2476 4426 putent
2518 4350 2839 4409 adversarii.
2895 4350 3048 4420 Quod
3080 4350 3124 4404 si
3174 4347 3407 4419 apostoli
3461 4361 3530 4403 ex

1918 4458 2045 4507 nota
2099 4450 2187 4505 illa
2235 4448 2382 4504 vocis
2441 4446 2835 4519 signiﬁcatione
2892 4443 3211 4514 collegerint
3261 4440 3529 4509 baptismo

204 4538 566 4593 occultandus
591 4548 708 4595 erat
735 4539 1010 4610 Sanguinis
1063 4541 1140 4596 illi
1170 4550 1332 4611 atque
1379 4542 1621 4613 martyrii
1653 4541 2297 4613 quetnDsacramentali
2368 4542 2476 4597 vim
2550 4541 2694 4595 illam
2752 4547 3097 4608 peccatorum
3174 4534 3524 4606 expiatricem

203 4630 434 4687 modum
460 4642 684 4704 possent
712 4635 933 4688 omnino
958 4649 1175 4705 capere.
1223 4634 1333 4690 Nec
1385 4635 1528 4690 enim
1559 4633 1626 4689 ad
1674 4634 1817 4689 hunc

207 4724 385 4797 ipsum
419 4726 705 4781 Dominum
737 4742 804 4783 eo
830 4729 1110 4799 sanguinis
1141 4728 1411 4799 baptismo
1449 4727 1594 4798 fungi
1649 4741 1814 4798 Opor-

209 4821 331 4875 tere
356 4818 744 4886 crediderant,
774 4820 828 4875 in
861 4820 1238 4877 inﬁdelitatem
1270 4819 1383 4875 fere
1415 4820 1613 4891 relapsi
1642 4861 1658 4885 ,
1687 4835 1812 4876 cum

204 4909 268 4967 id
295 4925 477 4967 verum
502 4956 519 4982 ,
551 4924 748 4984 praeter
769 4902 1201 4985 expectationem
1231 4928 1406 4980 suam,
1442 4928 1633 4969 revera
1661 4929 1813 4969 com-

204 5002 585 5077 perissent(S.
606 5005 761 5073 Lua,
787 5024 948 5077 xxxv,
967 5006 1083 5081 21),
1110 5009 1329 5079 gravius
1358 5006 1582 5063 omnino
1601 5006 1810 5077 passuri

205 5093 532 5151 scandalum
555 5097 600 5154 si
633 5098 738 5153 sibi
766 5115 983 5171 quoque
1005 5100 1255 5156 eumdem
1303 5100 1641 5157 subeundum
1672 5113 1809 5155 non-

204 5186 343 5244 dum
395 5190 590 5245 maturi
626 5191 968 5248 didicissent.
1020 5194 1254 5251 Proinde
1300 5194 1546 5266 quamvis
1595 5206 1805 5259 eorum,

204 5296 333 5355 quae
359 5295 464 5337 sua
495 5296 649 5339 causa
669 5287 874 5356 passuri
902 5296 1059 5342 erant
1087 5286 1357 5357 discipuli,
1386 5285 1695 5341 meminerit
1720 5284 1812 5339 ali-

204 5375 425 5448 quoties
455 5374 715 5433 Dominus
734 5420 748 5445 ,
780 5394 848 5433 ne
876 5393 996 5433 cum
1027 5380 1356 5444 evenissent,
1389 5394 1511 5435 eum
1542 5377 1762 5436 latuisse
1787 5417 1803 5444 ,

204 5477 303 5525 aut
329 5479 529 5541 praeter
553 5469 703 5526 illius
733 5472 1013 5527 consilium
1041 5475 1308 5540 evenisse,
1357 5473 1765 5543 suspicarentur
1789 5487 1803 5537 ;

204 5562 259 5621 id
288 5572 472 5620 tamen
500 5574 660 5620 caute
685 5565 997 5634 admodum,
1028 5576 1084 5622 et
1135 5581 1233 5636 pro
1262 5566 1596 5621 inﬁrmorum
1648 5572 1810 5635 captu

202 5654 355 5725 fecit,
382 5670 456 5713 ne
470 5656 599 5715 dum
621 5668 681 5713 ut
704 5657 1031 5729 baptismum
1056 5660 1352 5731 sanguinis,
1376 5660 1467 5732 qui
1495 5666 1669 5716 status
1690 5667 1810 5715 erat

206 5748 474 5821 patiendi,
502 5751 791 5825 perspicue
810 5762 1283 5811 commemoraret.

1920 4654 2039 4697 csse
2078 4634 2450 4700 tribuendam;
2498 4632 2686 4704 quidni
2716 4641 2769 4686 et
2803 4645 2903 4686 nos
2927 4670 2942 4696 ,
2974 4644 3045 4684 ex
3090 4627 3332 4698 ejusdem
3374 4625 3523 4680 vocis

1917 4732 2310 4806 signiﬁcatione
2354 4729 2537 4783 itidem
2575 4727 2916 4796 colligamus,
2954 4723 3252 4793 sanguineo
3307 4731 3522 4789 quoque

1916 4825 2182 4896 baptismo
2246 4821 2356 4876 vim
2408 4818 2655 4876 eamdem
2722 4814 3082 4889 purgatricem
3138 4826 3260 4869 esse
3319 4809 3525 4879 pariter

1919 4919 2254 4977 tribuendam
2277 4919 2301 4973 ?

1990 5012 2018 5085 §
2064 5014 2150 5068 η.
2185 5010 2358 5068 ——Ne
2401 5013 2524 5081 quis
2577 5018 2754 5065 autem
2806 5013 2958 5077 putet
3011 5000 3224 5057 unicum
3272 5006 3520 5053 nostrum

1914 5105 2222 5178 praesidium
2247 5104 2299 5158 in
2335 5103 2484 5158 vocis
2511 5102 2624 5173 ipsa
2671 5097 3065 5171 signiﬁcatione
3097 5107 3219 5149 esse
3247 5091 3517 5162 positum;

1915 5214 2046 5271 age,
2096 5198 2414 5262 videamus,
2469 5210 2651 5251 annon
2705 5209 2769 5249 ex
2828 5206 2887 5245 re
2938 5190 3051 5258 ipsa
3102 5194 3315 5242 constet
3370 5191 3518 5237 recte

1916 5291 2002 5347 hic
2041 5306 2067 5343 a
2101 5292 2373 5346 veteribus
2416 5299 2690 5360 acceptum
2727 5298 2846 5340 esse
2885 5279 3267 5339 Salvatorem?
3314 5275 3515 5332 Obserc

1912 5383 2142 5440 randum
2190 5383 2370 5452 itaque
2420 5382 2602 5444 tertio,
2659 5375 3101 5431 verisimillimam
3136 5372 3331 5427 horum
3362 5368 3512 5423 loco-

1913 5493 2030 5534 rum
2081 5477 2443 5541 occasionem,
2480 5474 2530 5527 in
2586 5472 2784 5542 quibus
2813 5469 2880 5524 de
2925 5468 3190 5537 baptismo
3236 5462 3515 5535 sanguinis

1911 5573 1997 5642 agi
2040 5570 2389 5628 crediderunt
2427 5578 2637 5622 veteres
2671 5608 2687 5634 ,
2740 5563 2907 5619 fuisse
2964 5561 3302 5631 martyrium.
3336 5557 3514 5611 Alium

1912 5666 2063 5722 illum
2094 5667 2442 5738 baptismum,
2474 5675 2581 5735 quo
2606 5676 2666 5718 se
2710 5660 2847 5715 dixit
2898 5656 3161 5714 Dominus
3186 5652 3302 5709 fore
3336 5651 3517 5722 bapti-

1913 5757 2143 5817 zandum
2169 5798 2185 5826 ,
2237 5756 2307 5813 de
2353 5755 2605 5825 passione
2649 5753 2766 5823 ejus
2812 5750 2862 5808 in
2901 5761 3074 5807 cruce
3112 5742 3526 5812 intelligendum
