3990 6060
202 5830 285 5879 ³⁸η

458 204 533 266 59
1454 206 1825 273 DODWELLI
1861 206 2319 279 DISSERTATIO
2351 208 2774 272 CYPRIANICA
3694 221 3767 279 60

459 341 584 393 esse
614 340 774 393 nemo
799 324 1026 389 dubitet.
1059 323 1137 383 Ea
1166 331 1347 391 autem
1380 324 1497 397 ipsa
1525 326 1731 397 passio,
1767 340 1864 397 pro
1906 340 2059 383 more
2087 328 2140 390 Α
2165 324 2369 398 Nempe
2433 328 2575 385 inter
2621 328 2759 385 alios
2812 328 3023 387 Messias
3096 330 3314 398 titulos,
3368 332 3565 404 quibus
3616 333 3771 392 illum

460 423 623 481 etiam
665 421 987 492 scriptorum
1033 432 1334 484 sacrorum,
1370 419 1687 489 martyrium
1734 418 2057 489 appellatur.

461 514 591 574 Inde
634 524 691 573 et
728 514 844 585 ipse
882 511 1141 568 Dominus
1168 514 1371 589 μάρτυς
1417 511 1444 569 ὁ
1488 514 1675 573 πιστὸς·
1722 516 1809 568 καὶ
1838 513 2061 577 ἀληθινὸς

462 608 727 683 (Antioch,
752 623 789 675 ι,
831 607 866 663 5
889 622 905 671 ;
937 620 1016 669 ιιι,
1050 602 1143 674 14)
1170 604 1366 661 dicitur
1390 612 1446 659 et
1467 614 1805 679 μαρτυρῆσαι
1829 608 1914 662 ἐπι
1934 617 2056 663 Πον-

460 705 575 763 τίαυ
593 702 807 761 Πιλάτου
828 704 918 760 τήν
939 698 1096 758 καλήν
1126 697 1392 773 ὁμολογίαν
1421 697 1465 769 (Ι
1490 695 1654 766 Tim.,
1683 714 1757 763 γι,
1789 699 1903 768 15).
1930 699 2062 768 Quae

460 796 625 853 verba
650 793 830 852 omnia
854 792 1188 865 martyrium,
1214 806 1314 863 pro
1342 792 1611 862 primaevae
1638 792 1896 851 Ecclesiae
1921 792 2059 848 idio-

460 898 638 957 mate,
666 885 968 958 designant.
996 883 1207 957 Nequid
1231 893 1415 943 autem
1444 884 1532 942 hic
1580 885 1648 940 ab
1675 885 2056 942 ecclesiasticis

460 981 756 1041 conﬁctum
805 978 1150 1042 arbitremur,
1184 976 1347 1033 etiam
1374 977 1548 1047 ipsam
1596 978 1842 1051 martyrii
1871 992 2057 1034 vocem

460 1072 854 1147 signiﬁcatione
906 1068 1272 1127 ecclesiastica
1327 1077 1586 1140 usurpant
1622 1083 1793 1125 sacrae
1844 1068 2057 1127 litterae.

461 1167 537 1229 ita
552 1166 760 1241 μᾲρτυς
772 1161 1078 1232 Stephanus
1090 1161 1252 1235 (Act.,
1271 1159 1534 1231 “11.20),
1550 1172 1599 1216 et
1615 1163 1815 1237 μάρτυς
1832 1160 1857 1217 ὁ
1874 1163 2060 1225 πιστὸς

463 1261 696 1331 Antipas
728 1258 990 1331 (Apocat.,
1029 1274 1090 1326 ιι,
1127 1258 1238 1329 l5),
1284 1272 1407 1330 quas
1429 1257 1618 1315 eadem
1650 1257 1878 1317 Domino
1905 1267 2059 1315 antea

460 1354 742 1422 tribuerat,
776 1362 833 1408 ut
882 1352 1139 1419 vidimus,
1172 1360 1362 1407 auctor
1384 1349 1813 1422 Apocalypseos,
1843 1366 1911 1407 ne
1940 1351 2060 1423 quis

459 1447 549 1504 hic
576 1446 801 1505 miretur
828 1446 1083 1517 martyris
1110 1458 1299 1501 vocem
1329 1444 1490 1501 etiam
1524 1444 1751 1501 Domino
1780 1442 2056 1510 tributam,

459 1554 627 1599 sensu
664 1540 1031 1597 ecclesiastico
1056 1580 1072 1605 ,
1127 1538 1460 1597 intellectam
1509 1552 1632 1595 esse
1676 1553 1707 1593 a
1761 1538 2056 1596 veteribus.

458 1635 536 1695 Ita
581 1643 731 1695 certe
774 1634 1012 1693 alienam
1057 1649 1166 1691 non
1218 1632 1568 1695 crediderunt
1596 1647 1626 1686 a
1662 1632 1890 1687 Domino
1919 1632 2059 1688 bane

462 1729 627 1801 hujus
655 1722 804 1786 vocis
844 1728 1311 1800 significationem,
1361 1737 1419 1783 ut
1447 1729 1721 1799 propriam
1750 1729 1914 1785 etiam
1942 1727 2056 1785 fere
2089 1730 2136 1799 Β

461 1824 696 1883 Domino
725 1822 952 1887 fecerint
1006 1823 1108 1893 ipsi
1140 1831 1406 1895 martyres
1436 1822 1679 1879 nonnulli
1706 1822 1848 1894 apud
1893 1823 2064 1881 Euse-

464 1917 613 1974 bium
660 1914 1068 1991 (Euseb.,Hist.
1115 1916 1281 1981 εισι,
1340 1929 1398 1984 v,
1443 1912 1525 1986 2).
1556 1913 1708 1982 Quod
1760 1915 1808 1971 si
1854 1914 2064 1971 Domini

458 2008 640 2083 passio
688 2009 1029 2081 martyrium,
1097 2006 1399 2079 eademque
1428 2005 1500 2063 sit
1541 2006 1795 2076 baptismi
1850 2022 2066 2080 quoque

459 2102 684 2161 nomine
732 2099 1113 2172 insignienda,
1163 2098 1357 2171 ecquid
1399 2114 1600 2159 novum
1646 2099 1950 2157 alienumve
1983 2102 2066 2158 di-

462 2198 637 2257 cimus
688 2198 736 2255 si
792 2195 957 2254 etiam
996 2193 1069 2253 de
1121 2192 1449 2266 martyribus
1496 2192 1876 2262 ecclesiasticis
1924 2193 2065 2253 idem

460 2289 798 2348 affirmemus
821 2289 845 2342 ἰ

533 2385 563 2457 δ
593 2384 758 2443 15.-
772 2380 880 2439 Sed
902 2390 957 2439 et
975 2381 1203 2438 aliorum
1223 2381 1468 2438 locorum
1493 2381 1831 2439 occasionem
1870 2382 2063 2440 eodem

464 2475 746 2534 eollimare
792 2484 877 2533 est
924 2489 1056 2531 sane
1110 2474 1581 2532 verisimillimum.
1630 2472 1764 2531 Cum
1804 2476 2069 2534 scriberet

462 2569 741 2643 apostolus
787 2569 847 2627 S.
898 2568 1172 2636 Joannes,
1217 2570 1330 2642 jam
1371 2570 1476 2627 orti
1524 2569 1775 2629 videntur
1825 2571 2064 2629 haeretici

464 2665 849 2727 valentinianis
912 2664 1133 2739 quidem
1196 2664 1569 2736 antiquiores,
1629 2679 1818 2721 eorum
1883 2674 2064 2723 tamen

460 2772 715 2837 parentes
754 2770 917 2832 atque
956 2760 1213 2831 origines,
1265 2774 1368 2817 nec
1409 2759 1555 2817 enim
1606 2773 1825 2829 prorsus
1864 2774 2065 2819 novum

464 2866 586 2915 erat
632 2854 1127 2913 valentinianorum
1174 2852 1506 2919 institutum,
1556 2851 1652 2908 sed
1693 2853 1934 2919 priorum
1958 2852 2067 2911 ha:-

458 2948 750 3005 reticerem
799 2946 1017 3003 inventa
1046 2946 1179 3015 πρὸς
1216 2941 1342 3003 ἴδιον
1387 2953 1709 3022 χαρακτῆρα
1741 2948 2063 3024 μεθήρμωσι,

457 3039 633 3112 inquit
684 3038 754 3095 de
798 3038 1084 3101 Valentino
1112 3036 1349 3101 Irenaaus
1375 3036 1569 3111 (lren.,
1610 3037 1701 3095 tib.
1730 3054 1771 3109 ι,
1800 3055 1847 3094 c.
1880 3039 1941 3109 5)
1967 3054 2064 3096 cu-

2165 418 2501 492 rlesignatum
2543 421 2916 479 intellexerant
2941 422 2995 478 in
3021 420 3338 495 Scripturis,
3369 435 3485 483 erat
3513 426 3599 483 vel
3625 443 3769 500 pra:-

2164 511 2355 581 eipuus
2402 513 2490 568 ille
2532 516 2855 590 Ερχομένου.
2901 514 2977 569 lta
3013 514 3277 573 habemus
3307 517 3361 573 in
3390 518 3446 575 S.
3479 518 3633 587 Luc.,
3671 536 3768 585 vn,

2166 604 2255 672 i9,
2299 604 2371 661 20
2414 614 2471 661 et
2516 606 2665 663 alibi.
2719 607 2876 663 Illum
2917 607 3149 667 fortasse
3196 627 3228 668 e
3279 612 3637 670 celeberrimo
3678 615 3774 671 illo

2164 697 2307 765 loco,
2358 698 2520 765 Ccn.,
2554 715 2705 767 xux,
2740 700 2828 770 10,
2875 701 2959 758 vel
2987 702 3078 758 Ps.
3110 719 3161 761 ι..
3193 705 3247 771 ‘5;
3279 719 3432 771 xcrv,
3465 706 3554 773 15;
3583 721 3769 773 και-ιιι,

2165 791 2239 857 9,
2295 791 2646 862 collegerint,
2705 792 2895 850 aliisve
2962 794 3228 851 similibus
3290 795 3581 867 Scriptura:
3637 798 3772 857 locis

2165 882 2359 955 quibus
2383 881 2605 940 Messias
2634 895 2896 941 Venturos
2939 884 3157 943 dicitur.
3188 888 3368 955 Quare
3395 902 3517 944 cum
3548 888 3772 949 Messias

2165 984 2428 1032 venturus
2445 976 2830 1046 appellaretur,
2849 978 3182 1035 tantumdem
3201 980 3383 1035 valent
3395 981 3546 1053 signa
3559 981 3772 1039 Messias.

2164 1079 2229 1124 ac
2254 1068 2405 1139 signa
2435 1065 2714 1125 adventus.
2747 1068 2823 1124 Ita
2855 1070 2923 1127 de
2953 1084 3082 1125 vero
3108 1070 3299 1127 Messia
3337 1071 3587 1142 discipuli
3619 1072 3770 1142 ejus;

2169 1157 2318 1224 Quod
2359 1160 2564 1231 signant
2618 1160 2865 1219 adventus
2913 1161 3022 1216 tui?
3071 1160 3160 1235 (S.
3208 1161 3423 1235 Matth.)
3457 1173 3511 1220 et
3539 1164 3608 1221 de
3636 1165 3774 1223 falso

2163 1249 2356 1310 Messia
2395 1250 2907 1325 Apostolus:_Cujus
2935 1263 3010 1310 est
3034 1254 3280 1310 adventus
3319 1256 3600 1311 secundum
3650 1274 3775 1330 ope-

2164 1348 2415 1403 rationem
2468 1344 2683 1403 Satanae
2726 1348 2779 1401 in
2827 1348 2966 1403 uului
3014 1350 3196 1407 virtute
3220 1360 3266 1404 et
3316 1351 3497 1422 signis,
3544 1361 3650 1408 etc.
3709 1352 3773 1427 (ιι

2168 1438 2374 1505 Thess,
2409 1456 2469 1508 ιι,
2497 1440 2575 1507 9).
2608 1440 2812 1498 Venire
2864 1442 3045 1514 itaque
3079 1458 3176 1514 per
3219 1458 3412 1515 aquam
3460 1452 3516 1500 et
3558 1448 3777 1518 sangui-

2165 1547 2289 1591 nem
2333 1524 2474 1589 idem
2510 1533 2650 1589 valet
2695 1549 2759 1591 ac
2787 1549 2885 1609 per
2923 1550 3118 1607 aquam
3150 1544 3206 1595 et
3240 1538 3559 1608 sanguinem
3586 1552 3646 1596 se
3670 1553 3767 1596 ve-

2166 1640 2287 1687 rum
2315 1625 2562 1685 Messiam
2606 1629 2982 1698 comprobare.

2240 1717 2271 1794 ὃ
2298 1720 2461 1776 14.-
2474 1719 2678 1792 Nempe
2697 1721 2787 1795 qui
2804 1730 3063 1779 venturus
3088 1730 3205 1779 erat
3225 1722 3276 1778 in
3290 1722 3546 1781 mundum
3567 1723 3612 1780 is
3629 1724 3770 1782 idem

2173 1823 2289 1871 erat
2313 1830 2344 1869 a
2370 1823 2522 1884 patre
2538 1815 2833 1871 mittendus
2848 1825 3012 1887 atque
3027 1816 3447 1874 sanetiticandus
3474 1816 3559 1890 (S.
3583 1817 3767 1888 Joan.,

2173 1922 2231 1975 x,
2255 1907 2366 1978 '56).
2393 1907 2472 1965 Ea
2499 1916 2679 1964 autem
2703 1910 3066 1966 sanctiticatio
3093 1912 3270 1982 qualis
3300 1911 3712 1985 intelligeretur,
3738 1928 3769 1970 e

2171 2006 2520 2065 sanctissimo
2546 2006 2857 2065 Judazorum
2900 2008 3102 2079 ofﬁcio,
3161 2027 3373 2069 sutntno
3404 2012 3657 2071 nimirum
3682 2028 3768 2069 sa-

2173 2098 2439 2167 cerdotio,
2483 2101 2686 2173 Optime
2724 2102 3065 2176 colligemus.
3096 2105 3156 2161 In
3192 2106 3336 2163 illius
3364 2106 3546 2178 itaque
3572 2109 3771 2165 sancti-

2174 2192 2426 2250 ficatione
2457 2202 2564 2250 tam
2609 2210 2800 2267 aquam
2832 2213 2992 2269 quam
3034 2199 3197 2257 etiam
3233 2202 3548 2272 sanguinem
3589 2202 3768 2261 locum

2173 2286 2430 2349 habuisse
2481 2298 2695 2347 constat
2725 2306 2740 2357 ;
2769 2307 2957 2361 aquam
3000 2293 3251 2363 equidem
3293 2292 3491 2362 Exod,
3520 2311 3668 2361 χχιχ,
3691 2296 3763 2363 4;

2172 2379 2322 2447 Lam,
2354 2397 2473 2450 vm,
2498 2382 2532 2438 6
2558 2399 2573 2445 ;
2602 2384 2907 2454 sanguinein
2944 2395 3126 2443 autem
3153 2386 3351 2455 Εποάη
3379 2404 3527 2457 xxix,
3547 2389 3641 2458 20,
3672 2390 3764 2458 Si;

2176 2472 2319 2541 ιω..
2341 2489 2455 2544 vni,
2476 2474 2676 2541 25,24.
2710 2475 2793 2534 Ad
2824 2477 3073 2535 Messiam
3101 2478 3246 2535 enim
3278 2488 3553 2550 tamquam
3581 2482 3767 2554 mysti-

2171 2578 2295 2625 cum
2343 2567 2642 2638 evangelici
2693 2567 2919 2633 foederis
2958 2569 3320 2637 sacerdotem,
3348 2572 3530 2629 retulit
3556 2572 3610 2628 in
3669 2573 3767 2631 hac

2174 2661 2289 2733 ipsa
2337 2675 2500 2718 causa
2554 2661 2847 2734 Apostolus
2890 2662 3065 2723 Judaei
3114 2666 3383 2736 pontificis
3431 2667 3763 2739 exemplum,

2171 2753 2316 2824 quod
2369 2754 2459 2810 ille
2493 2756 2656 2813 etiam
2685 2757 2940 2828 passione
2990 2772 3086 2813 sua
3130 2769 3274 2815 esset
3325 2759 3764 2818 sanctificandus.

2171 2846 2475 2909 Τελειώσιος
2504 2862 2637 2903 voce
2659 2864 2790 2905 usus
2819 2859 2903 2905 est
2931 2850 3210 2921 apostolus
3236 2848 3446 2922 (ﬂabra,
3465 2867 3525 2918 ιι,
3555 2851 3645 2919 to,
3676 2854 3766 2922 ll;

2170 2953 2224 3006 ν,
2250 2940 2307 3005 8,
2334 2940 2415 3012 9).
2437 2943 2660 3013 mystica
2689 2944 2946 3005 nimirum
2977 2946 3084 3012 illa,
3116 2956 3170 3001 et
3194 2960 3362 3003 sacrae
3384 2947 3765 3018 mysteriorum

2173 3030 2510 3102 praefectura:
2543 3036 2777 3105 propria.
2809 3036 2885 3092 Ita
2918 3046 3094 3095 tamen
3138 3037 3337 3095 Christi
3367 3037 3471 3095 hoc
3515 3039 3767 3097 sacerdo-

454 3134 670 3206 jusdam
723 3133 922 3189 veteris
973 3130 1242 3202 opinionis
1289 3129 1497 3189 semina
1548 3140 1707 3189 natus
1752 3139 1875 3197 est,
1927 3140 2065 3189 teste
2091 3126 2138 3192 C
2176 3123 2309 3181 ιὶυιη
2334 3140 2458 3189 cum
2485 3126 2797 3184 Judaeorum
2827 3130 3426 3191 sacerdotiocoutendit
3451 3132 3762 3203 Apostolus,

459 3228 794 3288 Tertulliano
813 3226 1002 3300 (Tert.,
1033 3226 1149 3283 adu.
1181 3223 1402 3292 Valent.,
1429 3241 1476 3281 ο.
1500 3222 1581 3297 4).
1607 3223 1678 3283 Ut
1695 3225 1852 3296 igitur
1876 3223 2060 3283 Jesum

458 3336 491 3379 a
515 3304 732 3379 Christo
758 3319 1059 3377 diviserunt
1082 3317 1449 3385 valentiniani,
1483 3318 1549 3372 ad
1570 3318 1931 3390 antiquiorum
1960 3319 2062 3377 ha:-

458 3414 753 3473 reticorum
804 3411 1110 3483 exemplum
1151 3409 1415 3482 Apostolo
1465 3423 1802 3478 coaevorum,
1832 3427 2062 3483 quorum

459 3505 746 3563 occasione
794 3512 904 3560 tam
948 3514 1033 3560 est
1082 3504 1137 3561 in
1186 3518 1251 3560 eo
1283 3505 1401 3573 ipso
1427 3512 1743 3574 argumento
1772 3504 1975 3563 multus
2007 3506 2061 3565 in

459 3599 632 3670 prima
658 3594 758 3655 'sua
794 3596 1022 3667 epistola
1050 3596 1375 3667 Apostolus;
1410 3597 1482 3653 ita
1537 3604 1592 3653 et
1629 3597 1886 3669 martyr-ia
1936 3613 2058 3657 cum

462 3694 655 3752 iisdem
683 3694 1071 3754 valentinianis
1114 3690 1336 3751 eosdem
1363 3692 1527 3749 etiam
1554 3692 1816 3764 Apostolo
1845 3706 2064 3749 coaevos

458 3789 743 3846 haereticos
796 3787 1082 3845 sustulisse
1127 3785 1406 3858 probabile
1460 3794 1563 3841 est.
1608 3786 1666 3843 In
1719 3785 1864 3842 illam
1914 3793 2063 3842 certe

459 3886 785 3945 sententiam
811 3883 1015 3956 optime
1041 3881 1385 3955 quadrabunt
1412 3879 1657 3951 Apostoli
1703 3888 2020 3951 argumenta
2040 3920 2058 3948 ,

460 3986 521 4035 ut
570 3985 697 4034 ante
752 3991 853 4034 nos
900 3983 1087 4033 noster
1141 3973 1450 4035 observavit
1480 3971 1872 4031 Hammondus.
1905 3971 2062 4029 Anti—

459 4069 648 4129 christi
686 4079 841 4127 erant
882 4069 939 4127 hi
970 4068 1210 4127 haeretici
1237 4083 1356 4136 seu,
1388 4066 1532 4138 quod
1560 4065 1701 4138 apud
1744 4066 2063 4138 Apostolum

466 4166 796 4223 tantumdem
864 4163 1044 4233 valet,
1121 4161 1539 4235 pseudo-christi
1574 4201 1590 4233 ,
1648 4160 1793 4232 quod
1860 4160 2062 4219 Christi

460 4258 661 4316 ludatis
722 4258 975 4330 promissi
1025 4272 1312 4328 personam
1360 4255 1462 4327 ipsi
1511 4255 1563 4310 in
1603 4268 1661 4313 so
1701 4254 2058 4326 susciperent.

460 4351 696 4408 Proinde
751 4350 882 4407 illud
928 4350 1100 4407 innuit
1145 4347 1437 4419 Apostolus
1481 4346 1643 4405 totius
1670 4346 1949 4417 Evangelii
1978 4346 2061 4407 sui

459 4443 627 4500 fuisse
651 4442 961 4510 consilium,
988 4450 1048 4497 ut
1069 4438 1358 4500 crederent
1381 4438 1565 4499 Jesum
1585 4439 1747 4497 fuisse
1770 4437 1939 4496 tilium
1966 4438 2060 4497 Dei

2171 3228 2251 3285 ut,
2280 3235 2402 3277 cum
2433 3220 2484 3279 iu
2531 3222 2816 3292 utriusque
2858 3224 3267 3281 consecratione
3304 3225 3580 3295 sanguinis
3611 3240 3763 3281 usum

2169 3311 2471 3371 adhibitum
2505 3315 2807 3386 probasset,
2840 3317 2986 3373 ineo
3026 3317 3316 3377 eminuerit
3354 3315 3554 3375 Christi
3581 3333 3763 3374 sacer-

2168 3405 2375 3471 dotium
2395 3410 2537 3481 quod
2560 3426 2659 3467 suo
2681 3408 2961 3469 dumtaxat
2980 3412 3243 3484 sanguine
3261 3422 3609 3469 consecratus
3635 3412 3767 3469 fuis»

2168 3509 2252 3559 set
2270 3500 2514 3557 Christus
2533 3516 2654 3559 cum
2673 3512 2898 3560 externo
2912 3503 3189 3560 dumtaxat
3212 3504 3479 3576 pecudum
3504 3505 3765 3577 sanguine

2169 3594 2254 3658 usi
2284 3603 2473 3650 essent
2502 3594 2555 3649 in
2585 3594 2926 3653 sacerdotum
2971 3611 3192 3657 suorum
3224 3600 3635 3657 consecratione
3672 3600 3767 3659 Ju-

2170 3686 2295 3755 dati,
2316 3686 2505 3757 Helm,
2532 3704 2609 3755 rx,
2637 3688 2731 3755 25,
2757 3687 2850 3746 26.
2880 3690 3024 3751 idem
3055 3701 3110 3747 et
3136 3692 3264 3749 alibi
3287 3694 3485 3763 saepius
3512 3693 3763 3765 inculcat,

2168 3796 2289 3841 cum
2306 3797 2412 3838 non
2439 3790 2715 3839 taurorum
2732 3783 3099 3852 hircorumve,
3119 3785 3215 3842 sed
3238 3800 3368 3843 vero
3386 3787 3769 3859 propriodumo

2170 3882 2337 3940 taxat,
2371 3873 2629 3945 sanguine
2658 3872 2932 3933 Christum
2956 3876 3116 3934 docet
3144 3877 3435 3937 initiatum.
3470 3878 3613 3952 Ergo
3640 3895 3766 3939 cum

2170 3964 2375 4023 Judaeis
2398 3967 2450 4021 in
2474 3981 2540 4023 eo
2567 3977 2899 4025 convenerat
2924 3969 3240 4040 Apostolus,
3267 3969 3333 4027 ad
3360 3985 3588 4043 quorum
3619 3973 3770 4045 prin-

2170 4057 2310 4132 cipia
2340 4074 2497 4117 suam
2528 4060 2616 4117 hic
2643 4063 2847 4133 aptavit
2886 4064 3430 4136 argumentationem,
3464 4076 3521 4125 ut
3557 4069 3769 4139 pontiﬁ-

2169 4166 2287 4215 cem
2342 4151 2460 4210 fore
2503 4151 2781 4212 Christum
2825 4172 2858 4212 a
2887 4172 3103 4215 summo
3146 4160 3400 4217 nimirum
3450 4160 3764 4227 Judmorum

2171 4244 2426 4316 pontiﬁce
2479 4247 2878 4319 adumbratam,
2934 4251 3007 4307 ita
3036 4253 3129 4324 qui
3160 4268 3320 4310 verus
3371 4254 3580 4314 futurus
3620 4267 3766 4317 esset

2169 4336 2416 4407 Messias,
2441 4340 2700 4411 sanguine
2744 4342 2945 4414 pariter
2969 4358 3033 4401 ac
3077 4360 3215 4416 aqua
3265 4354 3374 4403 tam
3425 4347 3603 4417 ipsum
3646 4347 3768 4409 fore

2168 4428 2506 4491 lustrandum
2535 4432 2667 4506 (vel,
2700 4442 2761 4495 ut
2799 4436 3112 4509 evangelica
3155 4453 3292 4495 voce
3335 4448 3570 4507 utamur,
3594 4441 3769 4513 bapti-

461 4536 667 4609 (leam,
698 4551 799 4604 xx,
831 4534 963 4608 5t),
1018 4534 1200 4607 (quem
1243 4547 1437 4605 nempe
1481 4531 1694 4595 titulum
1724 4531 1934 4595 Messias
1960 4546 2058 4591 suo
2085 4528 2140 4597 D
2169 4525 2428 4597 landum)
2483 4542 2647 4600 quam
2687 4527 2822 4586 alios
2869 4529 3062 4589 iisdem
3113 4547 3237 4590 esse
3293 4532 3654 4591 lustrandum.
3687 4535 3770 4595 De

463 4630 601 4687 ePs.
620 4645 678 4698 ιι,
705 4629 759 4697 7,
779 4628 924 4685 illius
954 4627 1136 4684 sreculi
1163 4626 1335 4684 Judaei
1359 4624 1721 4695 asserebant),
1748 4640 1855 4685 non
1875 4634 2060 4685 autem

457 4721 581 4778 illos
628 4720 1009 4778 haereticorum
1050 4720 1451 4791 alitesignanos.
1476 4718 1653 4788 Quare
1700 4718 1841 4777 inter
1864 4726 2061 4779 cratera

458 4825 773 4888 argumenta
818 4816 1013 4887 quibus
1060 4814 1255 4875 falsum
1290 4813 1443 4871 illum
1485 4812 1555 4869 de
1580 4811 1799 4871 Christo
1829 4820 2061 4885 praetexv

460 4919 572 4965 tum
617 4909 817 4966 refellit
862 4910 1191 4980 Apostolus,
1224 4908 1317 4963 illo
1344 4922 1559 4979 quoque
1595 4920 1723 4962 usus
1745 4914 1828 4963 est
1854 4905 1921 4963 de
1946 4904 2061 4969 veri

459 4999 662 5059 Christi
703 5002 937 5059 adventu
986 5017 1081 5074 per
1110 5016 1305 5075 squam
1333 5009 1389 5057 et
1430 4999 1767 5071 sanguinem.
1814 4996 1911 5054 llic
1952 5006 2058 5065 est,

461 5096 635 5169 inquit
670 5094 740 5169 (Ι
785 5095 972 5167 leam,
1020 5114 1073 5164 v,
1110 5098 1143 5154 ϐ
1176 5096 1217 5169 ),
1264 5096 1353 5167 qui
1411 5094 1557 5153 venit
1602 5108 1697 5165 per
1758 5106 1951 5165 aquam
2008 5098 2064 5149 et

459 5190 777 5263 sanguinem
802 5189 962 5247 Jesus
988 5190 1258 5257 Christus;
1303 5188 1497 5247 nonin
1538 5201 1677 5257 aqua
1723 5183 1920 5252 solum,
1965 5183 2061 5243 sed

460 5284 515 5339 in
541 5298 679 5355 aqua
724 5291 781 5340 et
806 5283 1089 5356 sanguine.
1119 5283 1165 5339 A
1205 5280 1374 5354 signis
1401 5279 1658 5339 nimirum
1699 5278 1811 5339 veri
1852 5277 2062 5335 Messian

460 5386 870 5449 argumentatus
897 5386 981 5435 est
1007 5377 1077 5434 de
1100 5377 1296 5447 quibus
1321 5377 1461 5432 inter
1489 5372 1726 5440 Judaios,
1751 5372 1834 5428 vel
1866 5372 2061 5433 saltem

459 5473 607 5530 illius
656 5473 759 5529 arvi
803 5472 1163 5539 christianos,
1203 5478 1551 5537 convenerat,
1613 5478 1718 5523 tam
1771 5477 1828 5523 ut
1873 5466 2059 5529 Jesum

460 5576 705 5623 nostrum
771 5581 961 5623 verum
1021 5564 1269 5621 Messium
1323 5562 1731 5636 comprobaret,
1790 5576 1950 5633 quam
2008 5569 2065 5621 ut

467 5658 935 5725 pseudo-chrisma
984 5657 1106 5715 illos
1150 5657 1232 5715 vel
1279 5671 1345 5714 eo
1375 5657 1494 5729 ipso
1544 5655 1795 5729 baptismi
1844 5654 2064 5719 nomine

463 5749 823 5820 improbaret.
865 5749 1049 5819 Venit,
1079 5749 1271 5820 inquit,
1304 5764 1401 5822 per
1426 5763 1620 5821 aquam
1645 5758 1700 5813 et
1724 5746 2063 5821 sanguinem.

2170 4636 2325 4694 aqua:
2356 4621 2626 4693 baptismo
2654 4623 2707 4681 id
2734 4623 2902 4683 fuisse
2918 4636 3195 4698 receptum
3213 4637 3425 4687 constat
3445 4645 3513 4686 ex
3536 4630 3649 4702 ipsa
3675 4630 3769 4691 illa

2166 4716 2558 4788 phariszeorum
2588 4720 3011 4793 interrogatione
3040 4738 3146 4795 qua
3180 4723 3465 4793 Joannem,
3485 4726 3681 4797 ipsene
3704 4740 3768 4785 se

2164 4824 2261 4882 pro
2277 4810 2471 4869 Messia
2490 4813 2806 4881 venditaret,
2828 4816 3216 4887 explorandum
3229 4828 3557 4876 censuerunt
3589 4837 3603 4873 :
3628 4819 3767 4887 Quid

2167 4920 2288 4977 ergo
2331 4904 2559 4978 baptizas
2593 4949 2609 4977 ,
2643 4908 2688 4967 si
2729 4917 2785 4963 tu
2833 4925 2936 4966 non
2972 4926 3024 4967 et
3079 4910 3309 4967 Christus
3362 4928 3523 4983 neque
3569 4910 3721 4970 Elius
3746 4954 3767 4984 ,

2169 5014 2329 5071 neque
2354 5000 2641 5073 propheta?
2670 5001 2757 5074 (S.
2785 5001 2970 5071 Joan.,
3006 5020 3043 5073 ι,
3076 5003 3196 5075 25).
3219 5004 3366 5061 Idem
3392 5003 3460 5061 de
3488 5006 3770 5078 sanguinis

2170 5094 2439 5167 baptismo
2462 5096 2693 5154 innuunt
2714 5096 2806 5154 illa
2837 5097 3053 5154 Domini
3074 5098 3141 5155 ad
3170 5098 3465 5171 discipulos
3486 5116 3506 5157 :
3548 5100 3593 5156 0
3620 5100 3769 5158 stulti

2168 5198 2215 5249 et
2268 5190 2403 5249 tardi
2455 5190 2609 5247 corde
2639 5190 2707 5245 ad
2735 5190 3044 5249 credendum
3092 5193 3147 5247 in
3203 5193 3438 5249 omnibus
3467 5209 3582 5265 qua:
3611 5193 3771 5250 locuti

2166 5293 2282 5343 sunt
2308 5285 2604 5356 prophetat!
2620 5284 2807 5343 Nonne
2822 5286 2930 5344 hac
2954 5286 3177 5359 oportuit
3190 5288 3297 5358 pati
3314 5286 3594 5358 Christum,
3620 5298 3670 5344 et
3694 5289 3773 5345 ita

2170 5379 2365 5437 intrare
2389 5380 2443 5435 in
2470 5380 2690 5452 gloriam
2715 5398 2863 5437 suam
2894 5382 2982 5454 (S.
3005 5381 3165 5453 Luc.,
3194 5398 3351 5453 xxrv,
3373 5383 3468 5452 25,
3496 5382 3591 5455 26)
3612 5383 3634 5439 ?
3656 5381 3773 5440 Hoc

2169 5471 2377 5528 scilicet
2406 5487 2476 5529 ex
2517 5473 2625 5530 illis
2677 5474 2893 5544 collegit
2937 5472 3233 5547 Scripturis
3277 5490 3506 5547 quarum
3551 5490 3772 5533 sensum

2171 5574 2356 5637 postea
2399 5564 2681 5637 discipulis
2726 5567 3014 5637 explicuit,
3064 5584 3188 5625 cum
3237 5582 3425 5624 eorum
3459 5567 3772 5625 intellectus

2169 5658 2474 5727 aperuisset
2505 5665 2562 5719 ut
2589 5656 2902 5728 Scriptores
2943 5660 3327 5732 intelligerent,
3357 5657 3464 5714 illis
3510 5658 3766 5717 nimirum

2166 5765 2290 5821 qua:
2321 5751 2404 5809 vel
2440 5766 2506 5809 ex
2537 5749 2752 5815 illorum
2792 5753 3114 5817 mulorum
3161 5750 3469 5824 concessis,
3492 5752 3581 5811 vel
3603 5750 3771 5810 certis
