  <div class='ocr_page' id='page_1' title='image "/cluster/home/n/w/nwhite01/storage/ocr_20150623/5/hvd.32044073505083/036.png"; bbox 0 0 3990 6060; ppageno 0'>
   <div class='ocr_carea' id='block_1_1' title="bbox 210 221 289 281">
    <p class='ocr_par' dir='ltr' id='par_1_1' title="bbox 210 221 289 281">
     <span class='ocr_line' id='line_1_1' title="bbox 210 221 289 281; baseline 0.025 -2"><span class='ocrx_word' id='word_1_1' title='bbox 210 221 289 281; x_wconf 77' lang='grc'><strong>61</strong></span> 
     </span>
    </p>
   </div>
   <div class='ocr_carea' id='block_1_2' title="bbox 1274 222 3555 297">
    <p class='ocr_par' dir='ltr' id='par_1_2' title="bbox 1274 222 3555 297">
     <span class='ocr_line' id='line_1_2' title="bbox 1274 222 3555 297; baseline 0.006 -15"><span class='ocrx_word' id='word_1_2' title='bbox 1274 224 1365 283; x_wconf 81' lang='lat' dir='ltr'><strong>DE</strong></span> <span class='ocrx_word' id='word_1_3' title='bbox 1404 222 1723 286; x_wconf 85' lang='lat' dir='ltr'><strong>SECUNDO</strong></span> <span class='ocrx_word' id='word_1_4' title='bbox 1758 224 2154 288; x_wconf 73' lang='lat' dir='ltr'><strong>MARTYRUM</strong></span> <span class='ocrx_word' id='word_1_5' title='bbox 2208 229 2571 290; x_wconf 83' lang='lat' dir='ltr'><strong>BAPTISMO.</strong></span> <span class='ocrx_word' id='word_1_6' title='bbox 3480 238 3555 297; x_wconf 73' lang='lat'><strong>62</strong></span> 
     </span>
    </p>
   </div>
   <div class='ocr_carea' id='block_1_3' title="bbox 215 337 3541 426">
    <p class='ocr_par' dir='ltr' id='par_1_3' title="bbox 215 337 3541 426">
     <span class='ocr_line' id='line_1_3' title="bbox 215 337 3541 426; baseline 0.005 -28"><span class='ocrx_word' id='word_1_7' title='bbox 215 340 568 415; x_wconf 81' lang='lat' dir='ltr'><strong>quibusdam</strong></span> <span class='ocrx_word' id='word_1_8' title='bbox 596 337 744 399; x_wconf 87' lang='lat' dir='ltr'><strong>illius</strong></span> <span class='ocrx_word' id='word_1_9' title='bbox 762 340 952 398; x_wconf 77' lang='lat' dir='ltr'><strong>saeculi</strong></span> <span class='ocrx_word' id='word_1_10' title='bbox 971 340 1286 409; x_wconf 71' lang='lat' dir='ltr'><strong>ratiociniis,</strong></span> <span class='ocrx_word' id='word_1_11' title='bbox 1320 343 1388 398; x_wconf 91' lang='lat' dir='ltr'><strong>de</strong></span> <span class='ocrx_word' id='word_1_12' title='bbox 1420 342 1614 399; x_wconf 79' lang='lat' dir='ltr'><strong>Messia</strong></span> <span class='ocrx_word' id='word_1_13' title='bbox 1645 343 1847 400; x_wconf 86' lang='lat' dir='ltr'><strong>intelli-</strong></span> <span class='ocrx_word' id='word_1_14' title='bbox 1872 344 1928 406; x_wconf 83' lang='grc' dir='ltr'><strong>Α</strong></span> <span class='ocrx_word' id='word_1_15' title='bbox 1951 346 2336 419; x_wconf 79' lang='lat' dir='ltr'><strong>sanguinisque</strong></span> <span class='ocrx_word' id='word_1_16' title='bbox 2380 349 2679 420; x_wconf 88' lang='lat' dir='ltr'><strong>baptismos</strong></span> <span class='ocrx_word' id='word_1_17' title='bbox 2725 363 2848 406; x_wconf 90' lang='lat' dir='ltr'><strong>esse</strong></span> <span class='ocrx_word' id='word_1_18' title='bbox 2874 351 3123 409; x_wconf 76' lang='lat' dir='ltr'><strong>similiter</strong></span> <span class='ocrx_word' id='word_1_19' title='bbox 3148 352 3541 426; x_wconf 82' lang='lat' dir='ltr'><strong>intelligendos.</strong></span> 
     </span>
    </p>
   </div>
   <div class='ocr_carea' id='block_1_4' title="bbox 216 433 3553 518">
    <p class='ocr_par' dir='ltr' id='par_1_4' title="bbox 216 433 3553 518">
     <span class='ocr_line' id='line_1_4' title="bbox 216 433 3553 518; baseline 0.004 -27"><span class='ocrx_word' id='word_1_20' title='bbox 216 434 438 507; x_wconf 81' lang='lat' dir='ltr'><strong>gendae</strong></span> <span class='ocrx_word' id='word_1_21' title='bbox 494 442 690 500; x_wconf 88' lang='lat' dir='ltr'><strong>erant,</strong></span> <span class='ocrx_word' id='word_1_22' title='bbox 753 449 985 506; x_wconf 67' lang='lat' dir='ltr'><strong>quaeque</strong></span> <span class='ocrx_word' id='word_1_23' title='bbox 1062 433 1296 491; x_wconf 83' lang='lat' dir='ltr'><strong>futuram</strong></span> <span class='ocrx_word' id='word_1_24' title='bbox 1362 446 1852 493; x_wconf 79' lang='lat' dir='ltr'><strong>commemorarent</strong></span> <span class='ocrx_word' id='word_1_25' title='bbox 1956 437 2031 493; x_wconf 86' lang='lat' dir='ltr'><strong>Ita</strong></span> <span class='ocrx_word' id='word_1_26' title='bbox 2062 444 2242 511; x_wconf 90' lang='lat' dir='ltr'><strong>itaque</strong></span> <span class='ocrx_word' id='word_1_27' title='bbox 2267 456 2334 495; x_wconf 80' lang='lat' dir='ltr'><strong>ex</strong></span> <span class='ocrx_word' id='word_1_28' title='bbox 2361 441 2601 497; x_wconf 89' lang='lat' dir='ltr'><strong>locorum</strong></span> <span class='ocrx_word' id='word_1_29' title='bbox 2634 443 2916 500; x_wconf 87' lang='lat' dir='ltr'><strong>occasione</strong></span> <span class='ocrx_word' id='word_1_30' title='bbox 2944 444 2999 500; x_wconf 89' lang='lat' dir='ltr'><strong>iu</strong></span> <span class='ocrx_word' id='word_1_31' title='bbox 3025 446 3221 517; x_wconf 87' lang='lat' dir='ltr'><strong>quibus</strong></span> <span class='ocrx_word' id='word_1_32' title='bbox 3246 462 3401 518; x_wconf 62' lang='lat' dir='ltr'><strong>aquae</strong></span> <span class='ocrx_word' id='word_1_33' title='bbox 3425 464 3553 506; x_wconf 84' lang='lat' dir='ltr'><strong>san—</strong></span> 
     </span>
    </p>
   </div>
   <div class='ocr_carea' id='block_1_5' title="bbox 220 527 1847 602">
    <p class='ocr_par' dir='ltr' id='par_1_5' title="bbox 220 527 1847 602">
     <span class='ocr_line' id='line_1_5' title="bbox 220 527 1847 602; baseline 0.001 -17"><span class='ocrx_word' id='word_1_34' title='bbox 220 528 461 585; x_wconf 70' lang='lat' dir='ltr'><strong>llessim</strong></span> <span class='ocrx_word' id='word_1_35' title='bbox 500 527 837 598; x_wconf 82' lang='lat' dir='ltr'><strong>passionem,</strong></span> <span class='ocrx_word' id='word_1_36' title='bbox 864 527 1053 599; x_wconf 85' lang='lat' dir='ltr'><strong>quales</strong></span> <span class='ocrx_word' id='word_1_37' title='bbox 1100 528 1380 599; x_wconf 87' lang='lat' dir='ltr'><strong>proferunt</strong></span> <span class='ocrx_word' id='word_1_38' title='bbox 1422 532 1847 602; x_wconf 81' lang='lat' dir='ltr'><strong>quamplurimas</strong></span> 
     </span>
    </p>
   </div>
   <div class='ocr_carea' id='block_1_6' title="bbox 220 619 1850 696">
    <p class='ocr_par' dir='ltr' id='par_1_6' title="bbox 220 619 1850 696">
     <span class='ocr_line' id='line_1_6' title="bbox 220 619 1850 696; baseline 0.001 -17"><span class='ocrx_word' id='word_1_39' title='bbox 220 636 351 680; x_wconf 86' lang='lat' dir='ltr'><strong>non</strong></span> <span class='ocrx_word' id='word_1_40' title='bbox 377 619 521 677; x_wconf 73' lang='lat' dir='ltr'><strong>Novi</strong></span> <span class='ocrx_word' id='word_1_41' title='bbox 545 619 709 676; x_wconf 88' lang='lat' dir='ltr'><strong>modo</strong></span> <span class='ocrx_word' id='word_1_42' title='bbox 727 620 1055 677; x_wconf 86' lang='lat' dir='ltr'><strong>Testamenti</strong></span> <span class='ocrx_word' id='word_1_43' title='bbox 1083 622 1400 694; x_wconf 86' lang='lat' dir='ltr'><strong>scriptores,</strong></span> <span class='ocrx_word' id='word_1_44' title='bbox 1417 624 1512 680; x_wconf 89' lang='lat' dir='ltr'><strong>sed</strong></span> <span class='ocrx_word' id='word_1_45' title='bbox 1539 633 1594 680; x_wconf 90' lang='lat' dir='ltr'><strong>et</strong></span> <span class='ocrx_word' id='word_1_46' title='bbox 1618 640 1850 696; x_wconf 84' lang='lat' dir='ltr'><strong>sequen-</strong></span> 
     </span>
    </p>
   </div>
   <div class='ocr_carea' id='block_1_7' title="bbox 224 715 1849 789">
    <p class='ocr_par' dir='ltr' id='par_1_7' title="bbox 224 715 1849 789">
     <span class='ocr_line' id='line_1_7' title="bbox 224 715 1849 789; baseline 0 -17"><span class='ocrx_word' id='word_1_47' title='bbox 224 716 380 772; x_wconf 87' lang='lat' dir='ltr'><strong>tium</strong></span> <span class='ocrx_word' id='word_1_48' title='bbox 414 715 738 773; x_wconf 61' lang='lat' dir='ltr'><strong>saeculorum</strong></span> <span class='ocrx_word' id='word_1_49' title='bbox 757 723 938 784; x_wconf 89' lang='lat' dir='ltr'><strong>patres</strong></span> <span class='ocrx_word' id='word_1_50' title='bbox 959 729 1190 786; x_wconf 89' lang='lat' dir='ltr'><strong>quorum</strong></span> <span class='ocrx_word' id='word_1_51' title='bbox 1218 725 1404 773; x_wconf 80' lang='lat' dir='ltr'><strong>extant</strong></span> <span class='ocrx_word' id='word_1_52' title='bbox 1425 717 1585 773; x_wconf 83' lang='lat' dir='ltr'><strong>hodie</strong></span> <span class='ocrx_word' id='word_1_53' title='bbox 1608 718 1849 789; x_wconf 81' lang='lat' dir='ltr'><strong>disputa-</strong></span> 
     </span>
    </p>
   </div>
   <div class='ocr_carea' id='block_1_8' title="bbox 229 800 1847 880">
    <p class='ocr_par' dir='ltr' id='par_1_8' title="bbox 229 800 1847 880">
     <span class='ocr_line' id='line_1_8' title="bbox 229 800 1847 880; baseline 0.001 -15"><span class='ocrx_word' id='word_1_54' title='bbox 229 809 429 865; x_wconf 89' lang='lat' dir='ltr'><strong>tiones</strong></span> <span class='ocrx_word' id='word_1_55' title='bbox 472 806 736 865; x_wconf 85' lang='lat' dir='ltr'><strong>adversus</strong></span> <span class='ocrx_word' id='word_1_56' title='bbox 756 806 993 876; x_wconf 81' lang='lat' dir='ltr'><strong>Judaeos,</strong></span> <span class='ocrx_word' id='word_1_57' title='bbox 1021 806 1282 878; x_wconf 79' lang='lat' dir='ltr'><strong>Justinus,</strong></span> <span class='ocrx_word' id='word_1_58' title='bbox 1312 800 1705 880; x_wconf 88' lang='lat' dir='ltr'><strong>Tertullianus,</strong></span> <span class='ocrx_word' id='word_1_59' title='bbox 1737 812 1847 867; x_wconf 80' lang='lat' dir='ltr'><strong>Eu-</strong></span> 
     </span>
    </p>
   </div>
   <div class='ocr_carea' id='block_1_9' title="bbox 227 904 593 973">
    <p class='ocr_par' dir='ltr' id='par_1_9' title="bbox 227 904 593 973">
     <span class='ocr_line' id='line_1_9' title="bbox 227 904 593 973; baseline -0.011 -11"><span class='ocrx_word' id='word_1_60' title='bbox 227 904 452 973; x_wconf 82' lang='lat' dir='ltr'><strong>sebius,</strong></span> <span class='ocrx_word' id='word_1_61' title='bbox 480 914 593 959; x_wconf 86' lang='lat' dir='ltr'><strong>etc.</strong></span> 
     </span>
    </p>
   </div>
   <div class='ocr_carea' id='block_1_10' title="bbox 312 995 1850 1070">
    <p class='ocr_par' dir='ltr' id='par_1_10' title="bbox 312 995 1850 1070">
     <span class='ocr_line' id='line_1_10' title="bbox 312 995 1850 1070; baseline 0 -17"><span class='ocrx_word' id='word_1_62' title='bbox 312 996 346 1070; x_wconf 70' lang='grc' dir='ltr'><strong>ς</strong></span> <span class='ocrx_word' id='word_1_63' title='bbox 377 996 464 1053; x_wconf 78' lang='grc'><strong>15.</strong></span> <span class='ocrx_word' id='word_1_64' title='bbox 482 1026 557 1038; x_wconf 92' lang='grc'><strong>-</strong></span> <span class='ocrx_word' id='word_1_65' title='bbox 576 995 688 1052; x_wconf 83' lang='lat' dir='ltr'><strong>Illae</strong></span> <span class='ocrx_word' id='word_1_66' title='bbox 712 1010 841 1067; x_wconf 86' lang='lat' dir='ltr'><strong>ergo</strong></span> <span class='ocrx_word' id='word_1_67' title='bbox 870 995 1166 1067; x_wconf 67' lang='lat' dir='ltr'><strong>Scriptura:</strong></span> <span class='ocrx_word' id='word_1_68' title='bbox 1194 1013 1338 1069; x_wconf 66' lang='lat' dir='ltr'><strong>quae,</strong></span> <span class='ocrx_word' id='word_1_69' title='bbox 1368 1013 1466 1069; x_wconf 91' lang='lat' dir='ltr'><strong>pro</strong></span> <span class='ocrx_word' id='word_1_70' title='bbox 1495 998 1640 1055; x_wconf 90' lang='lat' dir='ltr'><strong>illius</strong></span> <span class='ocrx_word' id='word_1_71' title='bbox 1665 998 1850 1054; x_wconf 73' lang='lat' dir='ltr'><strong>saeculi</strong></span> 
     </span>
    </p>
   </div>
   <div class='ocr_carea' id='block_1_11' title="bbox 234 1089 1849 1165">
    <p class='ocr_par' dir='ltr' id='par_1_11' title="bbox 234 1089 1849 1165">
     <span class='ocr_line' id='line_1_11' title="bbox 234 1089 1849 1165; baseline -0.001 -15"><span class='ocrx_word' id='word_1_72' title='bbox 234 1102 430 1164; x_wconf 86' lang='lat' dir='ltr'><strong>captu,</strong></span> <span class='ocrx_word' id='word_1_73' title='bbox 460 1091 530 1148; x_wconf 89' lang='lat' dir='ltr'><strong>de</strong></span> <span class='ocrx_word' id='word_1_74' title='bbox 547 1089 767 1149; x_wconf 75' lang='lat' dir='ltr'><strong>Messia:</strong></span> <span class='ocrx_word' id='word_1_75' title='bbox 783 1092 1036 1162; x_wconf 87' lang='lat' dir='ltr'><strong>passione</strong></span> <span class='ocrx_word' id='word_1_76' title='bbox 1062 1092 1353 1148; x_wconf 64' lang='lat' dir='ltr'><strong>intellectae</strong></span> <span class='ocrx_word' id='word_1_77' title='bbox 1381 1103 1530 1159; x_wconf 89' lang='lat' dir='ltr'><strong>sunt,</strong></span> <span class='ocrx_word' id='word_1_78' title='bbox 1548 1094 1849 1165; x_wconf 84' lang='lat' dir='ltr'><strong>argumenti</strong></span> 
     </span>
    </p>
   </div>
   <div class='ocr_carea' id='block_1_12' title="bbox 239 1186 1847 1257">
    <p class='ocr_par' dir='ltr' id='par_1_12' title="bbox 239 1186 1847 1257">
     <span class='ocr_line' id='line_1_12' title="bbox 239 1186 1847 1257; baseline 0 -15"><span class='ocrx_word' id='word_1_79' title='bbox 239 1187 421 1243; x_wconf 84' lang='lat' dir='ltr'><strong>vicem</strong></span> <span class='ocrx_word' id='word_1_80' title='bbox 449 1186 699 1241; x_wconf 88' lang='lat' dir='ltr'><strong>obtinere</strong></span> <span class='ocrx_word' id='word_1_81' title='bbox 724 1194 976 1255; x_wconf 87' lang='lat' dir='ltr'><strong>poterant</strong></span> <span class='ocrx_word' id='word_1_82' title='bbox 996 1187 1137 1257; x_wconf 87' lang='lat' dir='ltr'><strong>apud</strong></span> <span class='ocrx_word' id='word_1_83' title='bbox 1168 1186 1312 1253; x_wconf 88' lang='lat' dir='ltr'><strong>illos,</strong></span> <span class='ocrx_word' id='word_1_84' title='bbox 1340 1187 1452 1257; x_wconf 86' lang='lat' dir='ltr'><strong>qui,</strong></span> <span class='ocrx_word' id='word_1_85' title='bbox 1488 1195 1545 1241; x_wconf 90' lang='lat' dir='ltr'><strong>ut</strong></span> <span class='ocrx_word' id='word_1_86' title='bbox 1565 1186 1633 1242; x_wconf 91' lang='lat' dir='ltr'><strong>ab</strong></span> <span class='ocrx_word' id='word_1_87' title='bbox 1655 1186 1847 1243; x_wconf 86' lang='lat' dir='ltr'><strong>ortho-</strong></span> 
     </span>
    </p>
   </div>
   <div class='ocr_carea' id='block_1_13' title="bbox 241 1278 1849 1350">
    <p class='ocr_par' dir='ltr' id='par_1_13' title="bbox 241 1278 1849 1350">
     <span class='ocr_line' id='line_1_13' title="bbox 241 1278 1849 1350; baseline -0.001 -14"><span class='ocrx_word' id='word_1_88' title='bbox 241 1280 409 1336; x_wconf 80' lang='lat' dir='ltr'><strong>doxis</strong></span> <span class='ocrx_word' id='word_1_89' title='bbox 452 1278 829 1349; x_wconf 79' lang='lat' dir='ltr'><strong>discrepabunt</strong></span> <span class='ocrx_word' id='word_1_90' title='bbox 860 1278 912 1334; x_wconf 90' lang='lat' dir='ltr'><strong>in</strong></span> <span class='ocrx_word' id='word_1_91' title='bbox 944 1293 1012 1335; x_wconf 90' lang='lat' dir='ltr'><strong>eo</strong></span> <span class='ocrx_word' id='word_1_92' title='bbox 1037 1278 1182 1350; x_wconf 89' lang='lat' dir='ltr'><strong>quod</strong></span> <span class='ocrx_word' id='word_1_93' title='bbox 1214 1279 1400 1335; x_wconf 82' lang='lat' dir='ltr'><strong>Jcsum</strong></span> <span class='ocrx_word' id='word_1_94' title='bbox 1426 1294 1548 1335; x_wconf 88' lang='lat' dir='ltr'><strong>esse</strong></span> <span class='ocrx_word' id='word_1_95' title='bbox 1574 1278 1849 1335; x_wconf 83' lang='lat' dir='ltr'><strong>Christum</strong></span> 
     </span>
    </p>
   </div>
   <div class='ocr_carea' id='block_1_14' title="bbox 239 1369 1847 1443">
    <p class='ocr_par' dir='ltr' id='par_1_14' title="bbox 239 1369 1847 1443">
     <span class='ocr_line' id='line_1_14' title="bbox 239 1369 1847 1443; baseline -0.001 -14"><span class='ocrx_word' id='word_1_96' title='bbox 239 1372 526 1443; x_wconf 75' lang='lat' dir='ltr'><strong>negarint,</strong></span> <span class='ocrx_word' id='word_1_97' title='bbox 554 1371 623 1425; x_wconf 89' lang='lat' dir='ltr'><strong>ita</strong></span> <span class='ocrx_word' id='word_1_98' title='bbox 648 1378 704 1425; x_wconf 90' lang='lat' dir='ltr'><strong>et</strong></span> <span class='ocrx_word' id='word_1_99' title='bbox 732 1369 788 1426; x_wconf 91' lang='lat' dir='ltr'><strong>in</strong></span> <span class='ocrx_word' id='word_1_100' title='bbox 818 1384 885 1425; x_wconf 91' lang='lat' dir='ltr'><strong>eo</strong></span> <span class='ocrx_word' id='word_1_101' title='bbox 915 1370 1153 1428; x_wconf 87' lang='lat' dir='ltr'><strong>vicissim</strong></span> <span class='ocrx_word' id='word_1_102' title='bbox 1182 1386 1213 1426; x_wconf 89' lang='lat' dir='ltr'><strong>a</strong></span> <span class='ocrx_word' id='word_1_103' title='bbox 1253 1370 1479 1437; x_wconf 59' lang='lat' dir='ltr'><strong>ludatis,</strong></span> <span class='ocrx_word' id='word_1_104' title='bbox 1512 1371 1656 1443; x_wconf 90' lang='lat' dir='ltr'><strong>quod</strong></span> <span class='ocrx_word' id='word_1_105' title='bbox 1685 1371 1847 1428; x_wconf 90' lang='lat' dir='ltr'><strong>Chri-</strong></span> 
     </span>
    </p>
   </div>
   <div class='ocr_carea' id='block_1_15' title="bbox 238 1463 1848 1535">
    <p class='ocr_par' dir='ltr' id='par_1_15' title="bbox 238 1463 1848 1535">
     <span class='ocr_line' id='line_1_15' title="bbox 238 1463 1848 1535; baseline -0.001 -14"><span class='ocrx_word' id='word_1_106' title='bbox 238 1474 396 1522; x_wconf 82' lang='lat' dir='ltr'><strong>stum</strong></span> <span class='ocrx_word' id='word_1_107' title='bbox 427 1463 874 1535; x_wconf 87' lang='lat' dir='ltr'><strong>qualemcumque</strong></span> <span class='ocrx_word' id='word_1_108' title='bbox 914 1463 1066 1519; x_wconf 91' lang='lat' dir='ltr'><strong>illum</strong></span> <span class='ocrx_word' id='word_1_109' title='bbox 1097 1463 1399 1532; x_wconf 82' lang='lat' dir='ltr'><strong>ﬁnxissent,</strong></span> <span class='ocrx_word' id='word_1_110' title='bbox 1430 1465 1644 1521; x_wconf 87' lang='lat' dir='ltr'><strong>venisse</strong></span> <span class='ocrx_word' id='word_1_111' title='bbox 1671 1473 1848 1520; x_wconf 89' lang='lat' dir='ltr'><strong>tamen</strong></span> 
     </span>
    </p>
   </div>
   <div class='ocr_carea' id='block_1_16' title="bbox 238 1557 1849 1631">
    <p class='ocr_par' dir='ltr' id='par_1_16' title="bbox 238 1557 1849 1631">
     <span class='ocr_line' id='line_1_16' title="bbox 238 1557 1849 1631; baseline 0 -16"><span class='ocrx_word' id='word_1_112' title='bbox 238 1557 598 1615; x_wconf 84' lang='lat' dir='ltr'><strong>crediderint.</strong></span> <span class='ocrx_word' id='word_1_113' title='bbox 619 1557 697 1613; x_wconf 71' lang='grc' dir='ltr'><strong>ιω</strong></span> <span class='ocrx_word' id='word_1_114' title='bbox 720 1571 852 1629; x_wconf 87' lang='lat' dir='ltr'><strong>ergo</strong></span> <span class='ocrx_word' id='word_1_115' title='bbox 870 1557 1055 1614; x_wconf 76' lang='lat' dir='ltr'><strong>Iesum</strong></span> <span class='ocrx_word' id='word_1_116' title='bbox 1079 1559 1371 1630; x_wconf 81' lang='lat' dir='ltr'><strong>Apostolus</strong></span> <span class='ocrx_word' id='word_1_117' title='bbox 1384 1557 1657 1631; x_wconf 86' lang='lat' dir='ltr'><strong>Christum</strong></span> <span class='ocrx_word' id='word_1_118' title='bbox 1680 1558 1849 1616; x_wconf 90' lang='lat' dir='ltr'><strong>fuisse</strong></span> 
     </span>
    </p>
   </div>
   <div class='ocr_carea' id='block_1_17' title="bbox 236 1649 1849 1722">
    <p class='ocr_par' dir='ltr' id='par_1_17' title="bbox 236 1649 1849 1722">
     <span class='ocr_line' id='line_1_17' title="bbox 236 1649 1849 1722; baseline -0.001 -13"><span class='ocrx_word' id='word_1_119' title='bbox 236 1649 630 1717; x_wconf 87' lang='lat' dir='ltr'><strong>conﬁrmavit,</strong></span> <span class='ocrx_word' id='word_1_120' title='bbox 683 1649 829 1722; x_wconf 90' lang='lat' dir='ltr'><strong>quod</strong></span> <span class='ocrx_word' id='word_1_121' title='bbox 882 1658 992 1706; x_wconf 89' lang='lat' dir='ltr'><strong>tam</strong></span> <span class='ocrx_word' id='word_1_122' title='bbox 1039 1665 1136 1721; x_wconf 89' lang='lat' dir='ltr'><strong>per</strong></span> <span class='ocrx_word' id='word_1_123' title='bbox 1179 1649 1495 1722; x_wconf 88' lang='lat' dir='ltr'><strong>sanguinem</strong></span> <span class='ocrx_word' id='word_1_124' title='bbox 1542 1666 1702 1722; x_wconf 89' lang='lat' dir='ltr'><strong>quam</strong></span> <span class='ocrx_word' id='word_1_125' title='bbox 1749 1667 1849 1722; x_wconf 82' lang='lat' dir='ltr'><strong>per</strong></span> 
     </span>
    </p>
   </div>
   <div class='ocr_carea' id='block_1_18' title="bbox 1951 532 3551 610">
    <p class='ocr_par' dir='ltr' id='par_1_18' title="bbox 1951 532 3551 610">
     <span class='ocr_line' id='line_1_18' title="bbox 1951 532 3551 610; baseline 0.008 -22"><span class='ocrx_word' id='word_1_126' title='bbox 1951 532 2235 604; x_wconf 84' lang='lat' dir='ltr'><strong>guinisque</strong></span> <span class='ocrx_word' id='word_1_127' title='bbox 2261 534 2589 591; x_wconf 81' lang='lat' dir='ltr'><strong>mentionem</strong></span> <span class='ocrx_word' id='word_1_128' title='bbox 2620 536 2803 592; x_wconf 90' lang='lat' dir='ltr'><strong>retulit</strong></span> <span class='ocrx_word' id='word_1_129' title='bbox 2829 538 2933 592; x_wconf 90' lang='lat' dir='ltr'><strong>huc</strong></span> <span class='ocrx_word' id='word_1_130' title='bbox 2946 536 3331 610; x_wconf 86' lang='lat' dir='ltr'><strong>Tertullianus,</strong></span> <span class='ocrx_word' id='word_1_131' title='bbox 3351 551 3405 599; x_wconf 90' lang='lat' dir='ltr'><strong>et</strong></span> <span class='ocrx_word' id='word_1_132' title='bbox 3426 557 3551 601; x_wconf 89' lang='lat' dir='ltr'><strong>cum</strong></span> 
     </span>
    </p>
   </div>
   <div class='ocr_carea' id='block_1_19' title="bbox 1954 621 3552 709">
    <p class='ocr_par' dir='ltr' id='par_1_19' title="bbox 1954 621 3552 709">
     <span class='ocr_line' id='line_1_19' title="bbox 1954 621 3552 709; baseline 0.01 -32"><span class='ocrx_word' id='word_1_133' title='bbox 1954 621 2286 680; x_wconf 85' lang='lat' dir='ltr'><strong>Tertulliano</strong></span> <span class='ocrx_word' id='word_1_134' title='bbox 2321 636 2475 701; x_wconf 85' lang='lat' dir='ltr'><strong>vetus</strong></span> <span class='ocrx_word' id='word_1_135' title='bbox 2524 627 2614 682; x_wconf 87' lang='lat' dir='ltr'><strong>illa</strong></span> <span class='ocrx_word' id='word_1_136' title='bbox 2661 629 3014 700; x_wconf 82' lang='lat' dir='ltr'><strong>proculdubio</strong></span> <span class='ocrx_word' id='word_1_137' title='bbox 3062 633 3329 702; x_wconf 86' lang='lat' dir='ltr'><strong>Ecclesia,</strong></span> <span class='ocrx_word' id='word_1_138' title='bbox 3355 636 3552 709; x_wconf 87' lang='lat' dir='ltr'><strong>colligi-</strong></span> 
     </span>
    </p>
   </div>
   <div class='ocr_carea' id='block_1_20' title="bbox 1953 719 3552 799">
    <p class='ocr_par' dir='ltr' id='par_1_20' title="bbox 1953 719 3552 799">
     <span class='ocr_line' id='line_1_20' title="bbox 1953 719 3552 799; baseline 0.011 -29"><span class='ocrx_word' id='word_1_139' title='bbox 1953 731 2095 786; x_wconf 88' lang='lat' dir='ltr'><strong>mus,</strong></span> <span class='ocrx_word' id='word_1_140' title='bbox 2124 732 2234 773; x_wconf 91' lang='lat' dir='ltr'><strong>non</strong></span> <span class='ocrx_word' id='word_1_141' title='bbox 2266 719 2431 774; x_wconf 91' lang='lat' dir='ltr'><strong>alium</strong></span> <span class='ocrx_word' id='word_1_142' title='bbox 2465 721 2647 792; x_wconf 90' lang='lat' dir='ltr'><strong>utique</strong></span> <span class='ocrx_word' id='word_1_143' title='bbox 2692 723 3007 793; x_wconf 85' lang='lat' dir='ltr'><strong>sanguinem</strong></span> <span class='ocrx_word' id='word_1_144' title='bbox 3055 741 3216 797; x_wconf 87' lang='lat' dir='ltr'><strong>quam</strong></span> <span class='ocrx_word' id='word_1_145' title='bbox 3256 727 3552 799; x_wconf 85' lang='lat' dir='ltr'><strong>baptisma-</strong></span> 
     </span>
    </p>
   </div>
   <div class='ocr_carea' id='block_1_21' title="bbox 1954 808 2664 881">
    <p class='ocr_par' dir='ltr' id='par_1_21' title="bbox 1954 808 2664 881">
     <span class='ocr_line' id='line_1_21' title="bbox 1954 808 2664 881; baseline 0.003 -18"><span class='ocrx_word' id='word_1_146' title='bbox 1954 808 2059 863; x_wconf 90' lang='lat' dir='ltr'><strong>lem</strong></span> <span class='ocrx_word' id='word_1_147' title='bbox 2088 823 2211 865; x_wconf 90' lang='lat' dir='ltr'><strong>esse</strong></span> <span class='ocrx_word' id='word_1_148' title='bbox 2234 810 2664 881; x_wconf 86' lang='lat' dir='ltr'><strong>intelligendum.</strong></span> 
     </span>
    </p>
   </div>
   <div class='ocr_carea' id='block_1_22' title="bbox 2027 900 3548 986">
    <p class='ocr_par' dir='ltr' id='par_1_22' title="bbox 2027 900 3548 986">
     <span class='ocr_line' id='line_1_22' title="bbox 2027 900 3548 986; baseline 0.01 -30"><span class='ocrx_word' id='word_1_149' title='bbox 2027 900 2253 974; x_wconf 82' lang='lat' dir='ltr'><strong>§l7.—</strong></span> <span class='ocrx_word' id='word_1_150' title='bbox 2283 905 2352 958; x_wconf 85' lang='lat' dir='ltr'><strong>At</strong></span> <span class='ocrx_word' id='word_1_151' title='bbox 2379 907 2675 974; x_wconf 73' lang='lat' dir='ltr'><strong>mqnivoce,</strong></span> <span class='ocrx_word' id='word_1_152' title='bbox 2707 906 2939 977; x_wconf 87' lang='lat' dir='ltr'><strong>inquies,</strong></span> <span class='ocrx_word' id='word_1_153' title='bbox 2959 909 3260 965; x_wconf 86' lang='lat' dir='ltr'><strong>communis</strong></span> <span class='ocrx_word' id='word_1_154' title='bbox 3280 920 3398 968; x_wconf 90' lang='lat' dir='ltr'><strong>erat</strong></span> <span class='ocrx_word' id='word_1_155' title='bbox 3420 913 3548 986; x_wconf 88' lang='lat' dir='ltr'><strong>bap-</strong></span> 
     </span>
    </p>
   </div>
   <div class='ocr_carea' id='block_1_23' title="bbox 1953 994 3551 1079">
    <p class='ocr_par' dir='ltr' id='par_1_23' title="bbox 1953 994 3551 1079">
     <span class='ocr_line' id='line_1_23' title="bbox 1953 994 3551 1079; baseline 0.01 -31"><span class='ocrx_word' id='word_1_156' title='bbox 1953 994 2096 1049; x_wconf 87' lang='lat' dir='ltr'><strong>tismi</strong></span> <span class='ocrx_word' id='word_1_157' title='bbox 2121 994 2211 1055; x_wconf 84' lang='lat' dir='ltr'><strong>illa</strong></span> <span class='ocrx_word' id='word_1_158' title='bbox 2240 996 2379 1053; x_wconf 85' lang='lat' dir='ltr'><strong>ratio</strong></span> <span class='ocrx_word' id='word_1_159' title='bbox 2407 1014 2581 1068; x_wconf 70' lang='lat' dir='ltr'><strong>aqum,</strong></span> <span class='ocrx_word' id='word_1_160' title='bbox 2609 1000 2860 1072; x_wconf 76' lang='lat' dir='ltr'><strong>sanguini</strong></span> <span class='ocrx_word' id='word_1_161' title='bbox 2891 1012 3052 1074; x_wconf 87' lang='lat' dir='ltr'><strong>atque</strong></span> <span class='ocrx_word' id='word_1_162' title='bbox 3070 1002 3318 1074; x_wconf 81' lang='lat' dir='ltr'><strong>Spiritui,</strong></span> <span class='ocrx_word' id='word_1_163' title='bbox 3347 1017 3403 1061; x_wconf 91' lang='lat' dir='ltr'><strong>ut</strong></span> <span class='ocrx_word' id='word_1_164' title='bbox 3425 1022 3551 1079; x_wconf 89' lang='lat' dir='ltr'><strong>pro-</strong></span> 
     </span>
    </p>
   </div>
   <div class='ocr_carea' id='block_1_24' title="bbox 1954 1088 3544 1167">
    <p class='ocr_par' dir='ltr' id='par_1_24' title="bbox 1954 1088 3544 1167">
     <span class='ocr_line' id='line_1_24' title="bbox 1954 1088 3544 1167; baseline 0.01 -24"><span class='ocrx_word' id='word_1_165' title='bbox 1954 1088 2079 1143; x_wconf 87' lang='lat' dir='ltr'><strong>inde</strong></span> <span class='ocrx_word' id='word_1_166' title='bbox 2101 1104 2206 1145; x_wconf 91' lang='lat' dir='ltr'><strong>non</strong></span> <span class='ocrx_word' id='word_1_167' title='bbox 2223 1090 2302 1154; x_wconf 82' lang='lat' dir='ltr'><strong>sit</strong></span> <span class='ocrx_word' id='word_1_168' title='bbox 2331 1091 2474 1162; x_wconf 86' lang='lat' dir='ltr'><strong>quod</strong></span> <span class='ocrx_word' id='word_1_169' title='bbox 2506 1108 2573 1148; x_wconf 83' lang='lat' dir='ltr'><strong>ex</strong></span> <span class='ocrx_word' id='word_1_170' title='bbox 2602 1095 2877 1149; x_wconf 88' lang='lat' dir='ltr'><strong>communi</strong></span> <span class='ocrx_word' id='word_1_171' title='bbox 2900 1097 3001 1151; x_wconf 89' lang='lat' dir='ltr'><strong>hac</strong></span> <span class='ocrx_word' id='word_1_172' title='bbox 3032 1098 3285 1167; x_wconf 84' lang='lat' dir='ltr'><strong>baptismi</strong></span> <span class='ocrx_word' id='word_1_173' title='bbox 3329 1102 3544 1159; x_wconf 87' lang='lat' dir='ltr'><strong>ratione</strong></span> 
     </span>
    </p>
   </div>
   <div class='ocr_carea' id='block_1_25' title="bbox 1952 1178 3551 1261">
    <p class='ocr_par' dir='ltr' id='par_1_25' title="bbox 1952 1178 3551 1261">
     <span class='ocr_line' id='line_1_25' title="bbox 1952 1178 3551 1261; baseline 0.012 -28"><span class='ocrx_word' id='word_1_174' title='bbox 1952 1178 2249 1237; x_wconf 73' lang='lat' dir='ltr'><strong>inferamus</strong></span> <span class='ocrx_word' id='word_1_175' title='bbox 2301 1185 2580 1254; x_wconf 79' lang='lat' dir='ltr'><strong>sanguinei</strong></span> <span class='ocrx_word' id='word_1_176' title='bbox 2635 1195 2796 1257; x_wconf 87' lang='lat' dir='ltr'><strong>atque</strong></span> <span class='ocrx_word' id='word_1_177' title='bbox 2841 1189 2998 1258; x_wconf 87' lang='lat' dir='ltr'><strong>aquei</strong></span> <span class='ocrx_word' id='word_1_178' title='bbox 3049 1189 3298 1261; x_wconf 86' lang='lat' dir='ltr'><strong>baptismi</strong></span> <span class='ocrx_word' id='word_1_179' title='bbox 3344 1192 3551 1253; x_wconf 84' lang='lat' dir='ltr'><strong>fructus</strong></span> 
     </span>
    </p>
   </div>
   <div class='ocr_carea' id='block_1_26' title="bbox 1953 1271 3550 1349">
    <p class='ocr_par' dir='ltr' id='par_1_26' title="bbox 1953 1271 3550 1349">
     <span class='ocr_line' id='line_1_26' title="bbox 1953 1271 3550 1349; baseline 0.012 -22"><span class='ocrx_word' id='word_1_180' title='bbox 1953 1271 2172 1328; x_wconf 88' lang='lat' dir='ltr'><strong>eosdem</strong></span> <span class='ocrx_word' id='word_1_181' title='bbox 2197 1289 2322 1330; x_wconf 87' lang='lat' dir='ltr'><strong>esse</strong></span> <span class='ocrx_word' id='word_1_182' title='bbox 2353 1277 2736 1346; x_wconf 79' lang='lat' dir='ltr'><strong>expectandos.</strong></span> <span class='ocrx_word' id='word_1_183' title='bbox 2763 1279 2819 1334; x_wconf 89' lang='lat' dir='ltr'><strong>ld</strong></span> <span class='ocrx_word' id='word_1_184' title='bbox 2843 1296 2910 1335; x_wconf 89' lang='lat' dir='ltr'><strong>ne</strong></span> <span class='ocrx_word' id='word_1_185' title='bbox 2938 1280 3168 1349; x_wconf 83' lang='lat' dir='ltr'><strong>dicatur,</strong></span> <span class='ocrx_word' id='word_1_186' title='bbox 3200 1285 3550 1346; x_wconf 71' lang='lat' dir='ltr'><strong>observamus</strong></span> 
     </span>
    </p>
   </div>
   <div class='ocr_carea' id='block_1_27' title="bbox 1954 1369 3547 1445">
    <p class='ocr_par' dir='ltr' id='par_1_27' title="bbox 1954 1369 3547 1445">
     <span class='ocr_line' id='line_1_27' title="bbox 1954 1369 3547 1445; baseline 0.009 -25"><span class='ocrx_word' id='word_1_187' title='bbox 1954 1374 2214 1436; x_wconf 81' lang='lat' dir='ltr'><strong>praeterea</strong></span> <span class='ocrx_word' id='word_1_188' title='bbox 2242 1377 2433 1436; x_wconf 89' lang='lat' dir='ltr'><strong>quarto</strong></span> <span class='ocrx_word' id='word_1_189' title='bbox 2464 1369 2517 1423; x_wconf 91' lang='lat' dir='ltr'><strong>in</strong></span> <span class='ocrx_word' id='word_1_190' title='bbox 2563 1371 2682 1441; x_wconf 84' lang='lat' dir='ltr'><strong>ipso</strong></span> <span class='ocrx_word' id='word_1_191' title='bbox 2711 1371 2805 1428; x_wconf 90' lang='lat' dir='ltr'><strong>illo</strong></span> <span class='ocrx_word' id='word_1_192' title='bbox 2834 1373 3150 1429; x_wconf 90' lang='lat' dir='ltr'><strong>initiationis</strong></span> <span class='ocrx_word' id='word_1_193' title='bbox 3195 1376 3547 1445; x_wconf 79' lang='lat' dir='ltr'><strong>expiationis-</strong></span> 
     </span>
    </p>
   </div>
   <div class='ocr_carea' id='block_1_28' title="bbox 1955 1458 3550 1538">
    <p class='ocr_par' dir='ltr' id='par_1_28' title="bbox 1955 1458 3550 1538">
     <span class='ocr_line' id='line_1_28' title="bbox 1955 1458 3550 1538; baseline 0.01 -26"><span class='ocrx_word' id='word_1_194' title='bbox 1955 1471 2060 1527; x_wconf 91' lang='lat' dir='ltr'><strong>que</strong></span> <span class='ocrx_word' id='word_1_195' title='bbox 2091 1458 2221 1527; x_wconf 85' lang='lat' dir='ltr'><strong>ritu,</strong></span> <span class='ocrx_word' id='word_1_196' title='bbox 2255 1461 2340 1515; x_wconf 91' lang='lat' dir='ltr'><strong>cui</strong></span> <span class='ocrx_word' id='word_1_197' title='bbox 2372 1472 2717 1530; x_wconf 82' lang='lat' dir='ltr'><strong>peccatorum</strong></span> <span class='ocrx_word' id='word_1_198' title='bbox 2750 1465 2895 1519; x_wconf 82' lang='lat' dir='ltr'><strong>illam</strong></span> <span class='ocrx_word' id='word_1_199' title='bbox 2945 1468 3317 1538; x_wconf 78' lang='lat' dir='ltr'><strong>purgationem</strong></span> <span class='ocrx_word' id='word_1_200' title='bbox 3347 1470 3550 1528; x_wconf 89' lang='lat' dir='ltr'><strong>tribue-</strong></span> 
     </span>
    </p>
   </div>
   <div class='ocr_carea' id='block_1_29' title="bbox 1952 1551 3551 1632">
    <p class='ocr_par' dir='ltr' id='par_1_29' title="bbox 1952 1551 3551 1632">
     <span class='ocr_line' id='line_1_29' title="bbox 1952 1551 3551 1632; baseline 0.009 -25"><span class='ocrx_word' id='word_1_201' title='bbox 1952 1551 2085 1607; x_wconf 86' lang='lat' dir='ltr'><strong>bant</strong></span> <span class='ocrx_word' id='word_1_202' title='bbox 2109 1561 2343 1619; x_wconf 86' lang='lat' dir='ltr'><strong>veteres,</strong></span> <span class='ocrx_word' id='word_1_203' title='bbox 2376 1562 2483 1609; x_wconf 90' lang='lat' dir='ltr'><strong>tam</strong></span> <span class='ocrx_word' id='word_1_204' title='bbox 2511 1555 2849 1628; x_wconf 77' lang='lat' dir='ltr'><strong>frequentem</strong></span> <span class='ocrx_word' id='word_1_205' title='bbox 2882 1557 3052 1615; x_wconf 89' lang='lat' dir='ltr'><strong>fuisse</strong></span> <span class='ocrx_word' id='word_1_206' title='bbox 3093 1562 3235 1632; x_wconf 85' lang='lat' dir='ltr'><strong>apud</strong></span> <span class='ocrx_word' id='word_1_207' title='bbox 3278 1562 3400 1620; x_wconf 89' lang='lat' dir='ltr'><strong>illos</strong></span> <span class='ocrx_word' id='word_1_208' title='bbox 3426 1579 3551 1621; x_wconf 85' lang='lat' dir='ltr'><strong>san-</strong></span> 
     </span>
    </p>
   </div>
   <div class='ocr_carea' id='block_1_30' title="bbox 1950 1644 3554 1723">
    <p class='ocr_par' dir='ltr' id='par_1_30' title="bbox 1950 1644 3554 1723">
     <span class='ocr_line' id='line_1_30' title="bbox 1950 1644 3554 1723; baseline 0.009 -25"><span class='ocrx_word' id='word_1_209' title='bbox 1950 1644 2127 1715; x_wconf 82' lang='lat' dir='ltr'><strong>guinis</strong></span> <span class='ocrx_word' id='word_1_210' title='bbox 2176 1661 2335 1717; x_wconf 90' lang='lat' dir='ltr'><strong>quam</strong></span> <span class='ocrx_word' id='word_1_211' title='bbox 2381 1662 2557 1717; x_wconf 71' lang='lat' dir='ltr'><strong>aqum,</strong></span> <span class='ocrx_word' id='word_1_212' title='bbox 2581 1664 2761 1703; x_wconf 88' lang='lat' dir='ltr'><strong>usum.</strong></span> <span class='ocrx_word' id='word_1_213' title='bbox 2792 1649 2850 1706; x_wconf 92' lang='lat' dir='ltr'><strong>In</strong></span> <span class='ocrx_word' id='word_1_214' title='bbox 2897 1659 3122 1723; x_wconf 88' lang='lat' dir='ltr'><strong>utraque</strong></span> <span class='ocrx_word' id='word_1_215' title='bbox 3170 1654 3259 1710; x_wconf 88' lang='lat' dir='ltr'><strong>illa</strong></span> <span class='ocrx_word' id='word_1_216' title='bbox 3312 1664 3418 1711; x_wconf 89' lang='lat' dir='ltr'><strong>tam</strong></span> <span class='ocrx_word' id='word_1_217' title='bbox 3457 1656 3554 1712; x_wconf 86' lang='lat' dir='ltr'><strong>Ju-</strong></span> 
     </span>
    </p>
   </div>
   <div class='ocr_carea' id='block_1_31' title="bbox 238 1736 3547 1816">
    <p class='ocr_par' dir='ltr' id='par_1_31' title="bbox 238 1736 3547 1816">
     <span class='ocr_line' id='line_1_31' title="bbox 238 1736 3547 1816; baseline 0.001 -16"><span class='ocrx_word' id='word_1_218' title='bbox 238 1759 442 1816; x_wconf 87' lang='lat' dir='ltr'><strong>aquam</strong></span> <span class='ocrx_word' id='word_1_219' title='bbox 469 1743 700 1811; x_wconf 82' lang='lat' dir='ltr'><strong>venerit,</strong></span> <span class='ocrx_word' id='word_1_220' title='bbox 729 1742 784 1798; x_wconf 89' lang='lat' dir='ltr'><strong>in</strong></span> <span class='ocrx_word' id='word_1_221' title='bbox 813 1758 880 1799; x_wconf 89' lang='lat' dir='ltr'><strong>eo</strong></span> <span class='ocrx_word' id='word_1_222' title='bbox 908 1759 1105 1814; x_wconf 89' lang='lat' dir='ltr'><strong>nempe</strong></span> <span class='ocrx_word' id='word_1_223' title='bbox 1136 1759 1344 1815; x_wconf 91' lang='lat' dir='ltr'><strong>ponens</strong></span> <span class='ocrx_word' id='word_1_224' title='bbox 1364 1743 1648 1815; x_wconf 86' lang='lat' dir='ltr'><strong>emphasin</strong></span> <span class='ocrx_word' id='word_1_225' title='bbox 1680 1753 1845 1815; x_wconf 87' lang='lat' dir='ltr'><strong>atque</strong></span> <span class='ocrx_word' id='word_1_226' title='bbox 1874 1747 1923 1808; x_wconf 81' lang='grc' dir='ltr'><strong>Β</strong></span> <span class='ocrx_word' id='word_1_227' title='bbox 1952 1736 2218 1805; x_wconf 66' lang='lat' dir='ltr'><strong>diuorum,</strong></span> <span class='ocrx_word' id='word_1_228' title='bbox 2250 1753 2412 1809; x_wconf 88' lang='lat' dir='ltr'><strong>quam</strong></span> <span class='ocrx_word' id='word_1_229' title='bbox 2463 1739 2780 1807; x_wconf 89' lang='lat' dir='ltr'><strong>Gentilium,</strong></span> <span class='ocrx_word' id='word_1_230' title='bbox 2822 1742 3126 1800; x_wconf 83' lang='lat' dir='ltr'><strong>initiatione</strong></span> <span class='ocrx_word' id='word_1_231' title='bbox 3161 1746 3547 1804; x_wconf 87' lang='lat' dir='ltr'><strong>sacriﬁciorum</strong></span> 
     </span>
    </p>
   </div>
   <div class='ocr_carea' id='block_1_32' title="bbox 240 1836 1843 1910">
    <p class='ocr_par' dir='ltr' id='par_1_32' title="bbox 240 1836 1843 1910">
     <span class='ocr_line' id='line_1_32' title="bbox 240 1836 1843 1910; baseline -0.001 -16"><span class='ocrx_word' id='word_1_232' title='bbox 240 1838 550 1910; x_wconf 87' lang='lat' dir='ltr'><strong>argumenti</strong></span> <span class='ocrx_word' id='word_1_233' title='bbox 581 1836 719 1903; x_wconf 88' lang='lat' dir='ltr'><strong>vim,</strong></span> <span class='ocrx_word' id='word_1_234' title='bbox 747 1836 893 1907; x_wconf 91' lang='lat' dir='ltr'><strong>quod</strong></span> <span class='ocrx_word' id='word_1_235' title='bbox 912 1837 1097 1893; x_wconf 90' lang='lat' dir='ltr'><strong>nonin</strong></span> <span class='ocrx_word' id='word_1_236' title='bbox 1124 1853 1262 1908; x_wconf 87' lang='lat' dir='ltr'><strong>aqua</strong></span> <span class='ocrx_word' id='word_1_237' title='bbox 1293 1838 1469 1893; x_wconf 91' lang='lat' dir='ltr'><strong>solum</strong></span> <span class='ocrx_word' id='word_1_238' title='bbox 1490 1838 1722 1903; x_wconf 86' lang='lat' dir='ltr'><strong>venerit,</strong></span> <span class='ocrx_word' id='word_1_239' title='bbox 1747 1837 1843 1892; x_wconf 89' lang='lat' dir='ltr'><strong>sed</strong></span> 
     </span>
    </p>
   </div>
   <div class='ocr_carea' id='block_1_33' title="bbox 190 1928 1845 2003">
    <p class='ocr_par' dir='ltr' id='par_1_33' title="bbox 190 1928 1845 2003">
     <span class='ocr_line' id='line_1_33' title="bbox 190 1928 1845 2003; baseline -0.002 -14"><span class='ocrx_word' id='word_1_240' title='bbox 190 1938 201 1947; x_wconf 83' lang='lat'>&#39;</span> <span class='ocrx_word' id='word_1_241' title='bbox 239 1933 302 1989; x_wconf 85' lang='lat' dir='ltr'><strong>in</strong></span> <span class='ocrx_word' id='word_1_242' title='bbox 354 1947 495 2003; x_wconf 83' lang='lat' dir='ltr'><strong>aqua</strong></span> <span class='ocrx_word' id='word_1_243' title='bbox 523 1938 581 1987; x_wconf 89' lang='lat' dir='ltr'><strong>et</strong></span> <span class='ocrx_word' id='word_1_244' title='bbox 636 1930 934 2000; x_wconf 84' lang='lat' dir='ltr'><strong>sanguine,</strong></span> <span class='ocrx_word' id='word_1_245' title='bbox 967 1930 1111 2001; x_wconf 91' lang='lat' dir='ltr'><strong>quod</strong></span> <span class='ocrx_word' id='word_1_246' title='bbox 1164 1930 1418 1985; x_wconf 89' lang='lat' dir='ltr'><strong>nimirum</strong></span> <span class='ocrx_word' id='word_1_247' title='bbox 1459 1930 1611 1986; x_wconf 91' lang='lat' dir='ltr'><strong>illum</strong></span> <span class='ocrx_word' id='word_1_248' title='bbox 1653 1929 1722 1985; x_wconf 91' lang='lat' dir='ltr'><strong>de</strong></span> <span class='ocrx_word' id='word_1_249' title='bbox 1751 1928 1845 1985; x_wconf 89' lang='lat' dir='ltr'><strong>ad-</strong></span> 
     </span>
    </p>
   </div>
   <div class='ocr_carea' id='block_1_34' title="bbox 238 2022 1843 2094">
    <p class='ocr_par' dir='ltr' id='par_1_34' title="bbox 238 2022 1843 2094">
     <span class='ocr_line' id='line_1_34' title="bbox 238 2022 1843 2094; baseline -0.001 -13"><span class='ocrx_word' id='word_1_250' title='bbox 238 2035 406 2081; x_wconf 84' lang='lat' dir='ltr'><strong>ventu</strong></span> <span class='ocrx_word' id='word_1_251' title='bbox 451 2024 507 2079; x_wconf 90' lang='lat' dir='ltr'><strong>in</strong></span> <span class='ocrx_word' id='word_1_252' title='bbox 551 2038 690 2093; x_wconf 85' lang='lat' dir='ltr'><strong>aqua</strong></span> <span class='ocrx_word' id='word_1_253' title='bbox 720 2031 1043 2093; x_wconf 62' lang='lat' dir='ltr'><strong>praetextum</strong></span> <span class='ocrx_word' id='word_1_254' title='bbox 1074 2038 1178 2079; x_wconf 90' lang='lat' dir='ltr'><strong>nec</strong></span> <span class='ocrx_word' id='word_1_255' title='bbox 1208 2023 1604 2094; x_wconf 85' lang='lat' dir='ltr'><strong>pseudochristi</strong></span> <span class='ocrx_word' id='word_1_256' title='bbox 1626 2022 1843 2094; x_wconf 89' lang='lat' dir='ltr'><strong>quidem</strong></span> 
     </span>
    </p>
   </div>
   <div class='ocr_carea' id='block_1_35' title="bbox 238 2115 1844 2190">
    <p class='ocr_par' dir='ltr' id='par_1_35' title="bbox 238 2115 1844 2190">
     <span class='ocr_line' id='line_1_35' title="bbox 238 2115 1844 2190; baseline -0.002 -16"><span class='ocrx_word' id='word_1_257' title='bbox 238 2117 595 2190; x_wconf 70' lang='lat' dir='ltr'><strong>abiecissent,</strong></span> <span class='ocrx_word' id='word_1_258' title='bbox 624 2116 945 2187; x_wconf 85' lang='lat' dir='ltr'><strong>sanguinem</strong></span> <span class='ocrx_word' id='word_1_259' title='bbox 990 2115 1273 2171; x_wconf 86' lang='lat' dir='ltr'><strong>dumtaxat</strong></span> <span class='ocrx_word' id='word_1_260' title='bbox 1302 2117 1444 2172; x_wconf 87' lang='lat' dir='ltr'><strong>inter</strong></span> <span class='ocrx_word' id='word_1_261' title='bbox 1472 2116 1737 2179; x_wconf 84' lang='lat' dir='ltr'><strong>adventus</strong></span> <span class='ocrx_word' id='word_1_262' title='bbox 1762 2116 1844 2172; x_wconf 90' lang='lat' dir='ltr'><strong>sui</strong></span> 
     </span>
    </p>
   </div>
   <div class='ocr_carea' id='block_1_36' title="bbox 237 2208 1844 2283">
    <p class='ocr_par' dir='ltr' id='par_1_36' title="bbox 237 2208 1844 2283">
     <span class='ocr_line' id='line_1_36' title="bbox 237 2208 1844 2283; baseline -0.003 -15"><span class='ocrx_word' id='word_1_263' title='bbox 237 2213 393 2283; x_wconf 83' lang='lat' dir='ltr'><strong>signa</strong></span> <span class='ocrx_word' id='word_1_264' title='bbox 424 2226 536 2268; x_wconf 86' lang='lat' dir='ltr'><strong>non</strong></span> <span class='ocrx_word' id='word_1_265' title='bbox 566 2208 946 2265; x_wconf 85' lang='lat' dir='ltr'><strong>adhibuissent</strong></span> <span class='ocrx_word' id='word_1_266' title='bbox 971 2208 1115 2279; x_wconf 90' lang='lat' dir='ltr'><strong>(cum</strong></span> <span class='ocrx_word' id='word_1_267' title='bbox 1147 2224 1247 2264; x_wconf 90' lang='lat' dir='ltr'><strong>nec</strong></span> <span class='ocrx_word' id='word_1_268' title='bbox 1274 2208 1376 2279; x_wconf 88' lang='lat' dir='ltr'><strong>ipsi</strong></span> <span class='ocrx_word' id='word_1_269' title='bbox 1419 2208 1723 2264; x_wconf 83' lang='lat' dir='ltr'><strong>antichristi</strong></span> <span class='ocrx_word' id='word_1_270' title='bbox 1746 2223 1844 2280; x_wconf 90' lang='lat' dir='ltr'><strong>pa-</strong></span> 
     </span>
    </p>
   </div>
   <div class='ocr_carea' id='block_1_37' title="bbox 241 2302 1845 2374">
    <p class='ocr_par' dir='ltr' id='par_1_37' title="bbox 241 2302 1845 2374">
     <span class='ocr_line' id='line_1_37' title="bbox 241 2302 1845 2374; baseline -0.002 -13"><span class='ocrx_word' id='word_1_271' title='bbox 241 2305 439 2370; x_wconf 87' lang='lat' dir='ltr'><strong>tiendi,</strong></span> <span class='ocrx_word' id='word_1_272' title='bbox 469 2319 567 2360; x_wconf 87' lang='lat' dir='ltr'><strong>seu</strong></span> <span class='ocrx_word' id='word_1_273' title='bbox 620 2303 953 2374; x_wconf 84' lang='lat' dir='ltr'><strong>exemplum,</strong></span> <span class='ocrx_word' id='word_1_274' title='bbox 986 2316 1083 2359; x_wconf 89' lang='lat' dir='ltr'><strong>seu</strong></span> <span class='ocrx_word' id='word_1_275' title='bbox 1112 2304 1274 2358; x_wconf 89' lang='lat' dir='ltr'><strong>etiam</strong></span> <span class='ocrx_word' id='word_1_276' title='bbox 1317 2302 1733 2370; x_wconf 81' lang='lat' dir='ltr'><strong>institutionem,</strong></span> <span class='ocrx_word' id='word_1_277' title='bbox 1758 2302 1845 2357; x_wconf 90' lang='lat' dir='ltr'><strong>di-</strong></span> 
     </span>
    </p>
   </div>
   <div class='ocr_carea' id='block_1_38' title="bbox 238 2395 1846 2470">
    <p class='ocr_par' dir='ltr' id='par_1_38' title="bbox 238 2395 1846 2470">
     <span class='ocr_line' id='line_1_38' title="bbox 238 2395 1846 2470; baseline -0.003 -14"><span class='ocrx_word' id='word_1_278' title='bbox 238 2398 470 2470; x_wconf 87' lang='lat' dir='ltr'><strong>scipulis</strong></span> <span class='ocrx_word' id='word_1_279' title='bbox 497 2397 971 2468; x_wconf 88' lang='lat' dir='ltr'><strong>edidissent),qua</strong></span> <span class='ocrx_word' id='word_1_280' title='bbox 1002 2397 1122 2467; x_wconf 89' lang='lat' dir='ltr'><strong>ipsa</strong></span> <span class='ocrx_word' id='word_1_281' title='bbox 1167 2396 1379 2452; x_wconf 85' lang='lat' dir='ltr'><strong>ratione</strong></span> <span class='ocrx_word' id='word_1_282' title='bbox 1426 2395 1549 2452; x_wconf 89' lang='lat' dir='ltr'><strong>illos</strong></span> <span class='ocrx_word' id='word_1_283' title='bbox 1598 2396 1846 2468; x_wconf 90' lang='lat' dir='ltr'><strong>probata</strong></span> 
     </span>
    </p>
   </div>
   <div class='ocr_carea' id='block_1_39' title="bbox 237 2490 1847 2562">
    <p class='ocr_par' dir='ltr' id='par_1_39' title="bbox 237 2490 1847 2562">
     <span class='ocr_line' id='line_1_39' title="bbox 237 2490 1847 2562; baseline -0.002 -13"><span class='ocrx_word' id='word_1_284' title='bbox 237 2492 447 2550; x_wconf 77' lang='lat' dir='ltr'><strong>Christi</strong></span> <span class='ocrx_word' id='word_1_285' title='bbox 471 2507 594 2549; x_wconf 85' lang='lat' dir='ltr'><strong>esse</strong></span> <span class='ocrx_word' id='word_1_286' title='bbox 644 2492 865 2549; x_wconf 87' lang='lat' dir='ltr'><strong>nomine</strong></span> <span class='ocrx_word' id='word_1_287' title='bbox 895 2490 1284 2559; x_wconf 78' lang='lat' dir='ltr'><strong>excludendos,</strong></span> <span class='ocrx_word' id='word_1_288' title='bbox 1331 2491 1424 2562; x_wconf 87' lang='lat' dir='ltr'><strong>qui</strong></span> <span class='ocrx_word' id='word_1_289' title='bbox 1455 2498 1743 2562; x_wconf 85' lang='lat' dir='ltr'><strong>utrumque</strong></span> <span class='ocrx_word' id='word_1_290' title='bbox 1773 2491 1847 2548; x_wconf 87' lang='lat' dir='ltr'><strong>si-</strong></span> 
     </span>
    </p>
   </div>
   <div class='ocr_carea' id='block_1_40' title="bbox 237 2584 1006 2658">
    <p class='ocr_par' dir='ltr' id='par_1_40' title="bbox 237 2584 1006 2658">
     <span class='ocr_line' id='line_1_40' title="bbox 237 2584 1006 2658; baseline -0.001 -17"><span class='ocrx_word' id='word_1_291' title='bbox 237 2601 417 2658; x_wconf 89' lang='lat' dir='ltr'><strong>gnum</strong></span> <span class='ocrx_word' id='word_1_292' title='bbox 448 2585 710 2641; x_wconf 85' lang='lat' dir='ltr'><strong>adhibere</strong></span> <span class='ocrx_word' id='word_1_293' title='bbox 736 2584 1006 2642; x_wconf 85' lang='lat' dir='ltr'><strong>debuerit.</strong></span> 
     </span>
    </p>
   </div>
   <div class='ocr_carea' id='block_1_41' title="bbox 318 2677 1845 2752">
    <p class='ocr_par' dir='ltr' id='par_1_41' title="bbox 318 2677 1845 2752">
     <span class='ocr_line' id='line_1_41' title="bbox 318 2677 1845 2752; baseline -0.003 -15"><span class='ocrx_word' id='word_1_294' title='bbox 318 2681 351 2752; x_wconf 63' lang='grc' dir='ltr'><strong>ξ</strong></span> <span class='ocrx_word' id='word_1_295' title='bbox 370 2679 537 2737; x_wconf 74' lang='grc'><strong>16.-</strong></span> <span class='ocrx_word' id='word_1_296' title='bbox 552 2678 658 2735; x_wconf 84' lang='lat' dir='ltr'><strong>Nec</strong></span> <span class='ocrx_word' id='word_1_297' title='bbox 668 2679 772 2735; x_wconf 87' lang='lat' dir='ltr'><strong>alio</strong></span> <span class='ocrx_word' id='word_1_298' title='bbox 786 2678 1128 2737; x_wconf 79' lang='lat' dir='ltr'><strong>referendum</strong></span> <span class='ocrx_word' id='word_1_299' title='bbox 1145 2677 1398 2735; x_wconf 80' lang='lat' dir='ltr'><strong>existimo</strong></span> <span class='ocrx_word' id='word_1_300' title='bbox 1414 2678 1554 2750; x_wconf 91' lang='lat' dir='ltr'><strong>quod</strong></span> <span class='ocrx_word' id='word_1_301' title='bbox 1565 2721 1579 2747; x_wconf 95' lang='lat'><strong>,</strong></span> <span class='ocrx_word' id='word_1_302' title='bbox 1596 2678 1650 2734; x_wconf 94' lang='lat' dir='ltr'><strong>in</strong></span> <span class='ocrx_word' id='word_1_303' title='bbox 1666 2678 1845 2734; x_wconf 87' lang='lat' dir='ltr'><strong>Evan-</strong></span> 
     </span>
    </p>
   </div>
   <div class='ocr_carea' id='block_1_42' title="bbox 234 2772 1847 2846">
    <p class='ocr_par' dir='ltr' id='par_1_42' title="bbox 234 2772 1847 2846">
     <span class='ocr_line' id='line_1_42' title="bbox 234 2772 1847 2846; baseline -0.001 -17"><span class='ocrx_word' id='word_1_304' title='bbox 234 2773 410 2846; x_wconf 84' lang='lat' dir='ltr'><strong>gelia,</strong></span> <span class='ocrx_word' id='word_1_305' title='bbox 431 2772 643 2844; x_wconf 85' lang='lat' dir='ltr'><strong>signum</strong></span> <span class='ocrx_word' id='word_1_306' title='bbox 672 2772 803 2828; x_wconf 91' lang='lat' dir='ltr'><strong>illud</strong></span> <span class='ocrx_word' id='word_1_307' title='bbox 829 2773 900 2829; x_wconf 92' lang='lat' dir='ltr'><strong>de</strong></span> <span class='ocrx_word' id='word_1_308' title='bbox 929 2787 1071 2842; x_wconf 88' lang='lat' dir='ltr'><strong>aqua</strong></span> <span class='ocrx_word' id='word_1_309' title='bbox 1100 2781 1156 2828; x_wconf 91' lang='lat' dir='ltr'><strong>et</strong></span> <span class='ocrx_word' id='word_1_310' title='bbox 1175 2772 1437 2844; x_wconf 78' lang='lat' dir='ltr'><strong>sanguine</strong></span> <span class='ocrx_word' id='word_1_311' title='bbox 1464 2788 1495 2827; x_wconf 89' lang='lat' dir='ltr'><strong>e</strong></span> <span class='ocrx_word' id='word_1_312' title='bbox 1525 2772 1712 2828; x_wconf 90' lang='lat' dir='ltr'><strong>lateris</strong></span> <span class='ocrx_word' id='word_1_313' title='bbox 1731 2773 1847 2828; x_wconf 75' lang='lat' dir='ltr'><strong>rul-</strong></span> 
     </span>
    </p>
   </div>
   <div class='ocr_carea' id='block_1_43' title="bbox 238 2865 1845 2937">
    <p class='ocr_par' dir='ltr' id='par_1_43' title="bbox 238 2865 1845 2937">
     <span class='ocr_line' id='line_1_43' title="bbox 238 2865 1845 2937; baseline -0.001 -15"><span class='ocrx_word' id='word_1_314' title='bbox 238 2880 374 2922; x_wconf 88' lang='lat' dir='ltr'><strong>nere</strong></span> <span class='ocrx_word' id='word_1_315' title='bbox 416 2865 473 2920; x_wconf 86' lang='lat' dir='ltr'><strong>in</strong></span> <span class='ocrx_word' id='word_1_316' title='bbox 512 2880 677 2921; x_wconf 86' lang='lat' dir='ltr'><strong>cruce</strong></span> <span class='ocrx_word' id='word_1_317' title='bbox 708 2865 1054 2921; x_wconf 89' lang='lat' dir='ltr'><strong>manantibus</strong></span> <span class='ocrx_word' id='word_1_318' title='bbox 1104 2874 1388 2937; x_wconf 86' lang='lat' dir='ltr'><strong>tantopere</strong></span> <span class='ocrx_word' id='word_1_319' title='bbox 1417 2865 1845 2921; x_wconf 89' lang='lat' dir='ltr'><strong>conﬁrmandum</strong></span> 
     </span>
    </p>
   </div>
   <div class='ocr_carea' id='block_1_44' title="bbox 237 2957 1845 3031">
    <p class='ocr_par' dir='ltr' id='par_1_44' title="bbox 237 2957 1845 3031">
     <span class='ocr_line' id='line_1_44' title="bbox 237 2957 1845 3031; baseline 0.001 -17"><span class='ocrx_word' id='word_1_320' title='bbox 237 2957 538 3015; x_wconf 86' lang='lat' dir='ltr'><strong>crediderit</strong></span> <span class='ocrx_word' id='word_1_321' title='bbox 569 2959 884 3029; x_wconf 77' lang='lat' dir='ltr'><strong>Apostolus,</strong></span> <span class='ocrx_word' id='word_1_322' title='bbox 918 2960 1074 3031; x_wconf 89' lang='lat' dir='ltr'><strong>quasi</strong></span> <span class='ocrx_word' id='word_1_323' title='bbox 1120 2958 1188 3014; x_wconf 90' lang='lat' dir='ltr'><strong>de</strong></span> <span class='ocrx_word' id='word_1_324' title='bbox 1232 2975 1301 3016; x_wconf 90' lang='lat' dir='ltr'><strong>eo</strong></span> <span class='ocrx_word' id='word_1_325' title='bbox 1346 2958 1536 3014; x_wconf 89' lang='lat' dir='ltr'><strong>fuisset</strong></span> <span class='ocrx_word' id='word_1_326' title='bbox 1578 2960 1845 3015; x_wconf 79' lang='lat' dir='ltr'><strong>maximo-</strong></span> 
     </span>
    </p>
   </div>
   <div class='ocr_carea' id='block_1_45' title="bbox 238 3049 1848 3123">
    <p class='ocr_par' dir='ltr' id='par_1_45' title="bbox 238 3049 1848 3123">
     <span class='ocr_line' id='line_1_45' title="bbox 238 3049 1848 3123; baseline -0.001 -16"><span class='ocrx_word' id='word_1_327' title='bbox 238 3066 369 3122; x_wconf 87' lang='lat' dir='ltr'><strong>pere</strong></span> <span class='ocrx_word' id='word_1_328' title='bbox 430 3049 753 3107; x_wconf 85' lang='lat' dir='ltr'><strong>dubitatum.</strong></span> <span class='ocrx_word' id='word_1_329' title='bbox 815 3050 883 3106; x_wconf 87' lang='lat' dir='ltr'><strong>Et</strong></span> <span class='ocrx_word' id='word_1_330' title='bbox 944 3052 1031 3123; x_wconf 80' lang='lat' dir='ltr'><strong>qui</strong></span> <span class='ocrx_word' id='word_1_331' title='bbox 1093 3051 1263 3118; x_wconf 80' lang='lat' dir='ltr'><strong>vidit,</strong></span> <span class='ocrx_word' id='word_1_332' title='bbox 1322 3052 1541 3122; x_wconf 90' lang='lat' dir='ltr'><strong>inquit,</strong></span> <span class='ocrx_word' id='word_1_333' title='bbox 1602 3052 1848 3108; x_wconf 78' lang='lat' dir='ltr'><strong>testimo-</strong></span> 
     </span>
    </p>
   </div>
   <div class='ocr_carea' id='block_1_46' title="bbox 1950 1830 3551 1905">
    <p class='ocr_par' dir='ltr' id='par_1_46' title="bbox 1950 1830 3551 1905">
     <span class='ocr_line' id='line_1_46' title="bbox 1950 1830 3551 1905; baseline 0.011 -21"><span class='ocrx_word' id='word_1_334' title='bbox 1950 1844 2103 1887; x_wconf 88' lang='lat' dir='ltr'><strong>usum</strong></span> <span class='ocrx_word' id='word_1_335' title='bbox 2118 1830 2491 1888; x_wconf 87' lang='lat' dir='ltr'><strong>intercessisse</strong></span> <span class='ocrx_word' id='word_1_336' title='bbox 2518 1848 2680 1888; x_wconf 86' lang='lat' dir='ltr'><strong>nemo</strong></span> <span class='ocrx_word' id='word_1_337' title='bbox 2690 1843 2773 1890; x_wconf 83' lang='lat' dir='ltr'><strong>est</strong></span> <span class='ocrx_word' id='word_1_338' title='bbox 2793 1836 2920 1905; x_wconf 83' lang='lat' dir='ltr'><strong>quin</strong></span> <span class='ocrx_word' id='word_1_339' title='bbox 2942 1834 3551 1901; x_wconf 66' lang='lat' dir='ltr'><strong>faciletconcedat.Nota</strong></span> 
     </span>
    </p>
   </div>
   <div class='ocr_carea' id='block_1_47' title="bbox 1948 1922 3548 1996">
    <p class='ocr_par' dir='ltr' id='par_1_47' title="bbox 1948 1922 3548 1996">
     <span class='ocr_line' id='line_1_47' title="bbox 1948 1922 3548 1996; baseline 0.011 -19"><span class='ocrx_word' id='word_1_340' title='bbox 1948 1932 2033 1978; x_wconf 88' lang='lat' dir='ltr'><strong>est</strong></span> <span class='ocrx_word' id='word_1_341' title='bbox 2061 1923 2205 1994; x_wconf 89' lang='lat' dir='ltr'><strong>apud</strong></span> <span class='ocrx_word' id='word_1_342' title='bbox 2241 1922 2459 1980; x_wconf 67' lang='lat' dir='ltr'><strong>Iudaeos</strong></span> <span class='ocrx_word' id='word_1_343' title='bbox 2496 1926 2658 1981; x_wconf 84' lang='lat' dir='ltr'><strong>etiam</strong></span> <span class='ocrx_word' id='word_1_344' title='bbox 2714 1928 3067 1985; x_wconf 78' lang='lat' dir='ltr'><strong>rabbinorum</strong></span> <span class='ocrx_word' id='word_1_345' title='bbox 3112 1931 3201 1987; x_wconf 90' lang='lat' dir='ltr'><strong>illa</strong></span> <span class='ocrx_word' id='word_1_346' title='bbox 3239 1935 3548 1996; x_wconf 86' lang='lat' dir='ltr'><strong>observatio</strong></span> 
     </span>
    </p>
   </div>
   <div class='ocr_carea' id='block_1_48' title="bbox 1949 2015 3547 2101">
    <p class='ocr_par' dir='ltr' id='par_1_48' title="bbox 1949 2015 3547 2101">
     <span class='ocr_line' id='line_1_48' title="bbox 1949 2015 3547 2101; baseline 0.01 -31"><span class='ocrx_word' id='word_1_347' title='bbox 1949 2030 2055 2085; x_wconf 90' lang='lat' dir='ltr'><strong>qua</strong></span> <span class='ocrx_word' id='word_1_348' title='bbox 2114 2015 2217 2071; x_wconf 87' lang='lat' dir='ltr'><strong>tria</strong></span> <span class='ocrx_word' id='word_1_349' title='bbox 2261 2015 2448 2072; x_wconf 77' lang='lat' dir='ltr'><strong>dicunt</strong></span> <span class='ocrx_word' id='word_1_350' title='bbox 2502 2018 2555 2073; x_wconf 89' lang='lat' dir='ltr'><strong>in</strong></span> <span class='ocrx_word' id='word_1_351' title='bbox 2593 2020 2981 2092; x_wconf 82' lang='lat' dir='ltr'><strong>proselytismo</strong></span> <span class='ocrx_word' id='word_1_352' title='bbox 3031 2038 3153 2081; x_wconf 84' lang='lat' dir='ltr'><strong>esse</strong></span> <span class='ocrx_word' id='word_1_353' title='bbox 3181 2026 3547 2101; x_wconf 81' lang='lat' dir='ltr'><strong>observanda,</strong></span> 
     </span>
    </p>
   </div>
   <div class='ocr_carea' id='block_1_49' title="bbox 1949 2108 3554 2190">
    <p class='ocr_par' dir='ltr' id='par_1_49' title="bbox 1949 2108 3554 2190">
     <span class='ocr_line' id='line_1_49' title="bbox 1949 2108 3554 2190; baseline 0.01 -26"><span class='ocrx_word' id='word_1_354' title='bbox 1949 2108 2455 2177; x_wconf 88' lang='lat' dir='ltr'><strong>circumcisionem,</strong></span> <span class='ocrx_word' id='word_1_355' title='bbox 2531 2114 2856 2169; x_wconf 84' lang='lat' dir='ltr'><strong>sacriﬁcium</strong></span> <span class='ocrx_word' id='word_1_356' title='bbox 2903 2124 3065 2188; x_wconf 89' lang='lat' dir='ltr'><strong>atque</strong></span> <span class='ocrx_word' id='word_1_357' title='bbox 3112 2118 3458 2190; x_wconf 80' lang='lat' dir='ltr'><strong>baptismum.</strong></span> <span class='ocrx_word' id='word_1_358' title='bbox 3485 2124 3554 2180; x_wconf 88' lang='lat' dir='ltr'><strong>Et</strong></span> 
     </span>
    </p>
   </div>
   <div class='ocr_carea' id='block_1_50' title="bbox 1951 2204 3550 2279">
    <p class='ocr_par' dir='ltr' id='par_1_50' title="bbox 1951 2204 3550 2279">
     <span class='ocr_line' id='line_1_50' title="bbox 1951 2204 3550 2279; baseline 0.013 -23"><span class='ocrx_word' id='word_1_359' title='bbox 1951 2218 2080 2258; x_wconf 84' lang='lat' dir='ltr'><strong>vero</strong></span> <span class='ocrx_word' id='word_1_360' title='bbox 2108 2204 2360 2261; x_wconf 89' lang='lat' dir='ltr'><strong>sacriﬁcii</strong></span> <span class='ocrx_word' id='word_1_361' title='bbox 2388 2206 2564 2262; x_wconf 88' lang='lat' dir='ltr'><strong>vicem</strong></span> <span class='ocrx_word' id='word_1_362' title='bbox 2593 2210 2937 2279; x_wconf 88' lang='lat' dir='ltr'><strong>sustinuisse,</strong></span> <span class='ocrx_word' id='word_1_363' title='bbox 2970 2228 3036 2267; x_wconf 84' lang='lat' dir='ltr'><strong>ex</strong></span> <span class='ocrx_word' id='word_1_364' title='bbox 3058 2223 3301 2270; x_wconf 85' lang='lat' dir='ltr'><strong>veterum</strong></span> <span class='ocrx_word' id='word_1_365' title='bbox 3329 2226 3550 2275; x_wconf 79' lang='lat' dir='ltr'><strong>sentcn-</strong></span> 
     </span>
    </p>
   </div>
   <div class='ocr_carea' id='block_1_51' title="bbox 1952 2296 3556 2378">
    <p class='ocr_par' dir='ltr' id='par_1_51' title="bbox 1952 2296 3556 2378">
     <span class='ocr_line' id='line_1_51' title="bbox 1952 2296 3556 2378; baseline 0.011 -27"><span class='ocrx_word' id='word_1_366' title='bbox 1952 2296 2046 2360; x_wconf 90' lang='lat' dir='ltr'><strong>tia,</strong></span> <span class='ocrx_word' id='word_1_367' title='bbox 2076 2300 2397 2371; x_wconf 82' lang='lat' dir='ltr'><strong>martyrium</strong></span> <span class='ocrx_word' id='word_1_368' title='bbox 2423 2301 2535 2370; x_wconf 88' lang='lat' dir='ltr'><strong>jam</strong></span> <span class='ocrx_word' id='word_1_369' title='bbox 2563 2302 2932 2371; x_wconf 86' lang='lat' dir='ltr'><strong>probavimus.</strong></span> <span class='ocrx_word' id='word_1_370' title='bbox 2961 2305 3136 2362; x_wconf 84' lang='lat' dir='ltr'><strong>Porro</strong></span> <span class='ocrx_word' id='word_1_371' title='bbox 3169 2317 3366 2378; x_wconf 72' lang='lat' dir='ltr'><strong>praeter</strong></span> <span class='ocrx_word' id='word_1_372' title='bbox 3386 2312 3556 2369; x_wconf 88' lang='lat' dir='ltr'><strong>sacri-</strong></span> 
     </span>
    </p>
   </div>
   <div class='ocr_carea' id='block_1_52' title="bbox 1952 2391 3552 2468">
    <p class='ocr_par' dir='ltr' id='par_1_52' title="bbox 1952 2391 3552 2468">
     <span class='ocr_line' id='line_1_52' title="bbox 1952 2391 3552 2468; baseline 0.01 -23"><span class='ocrx_word' id='word_1_373' title='bbox 1952 2391 2196 2447; x_wconf 76' lang='lat' dir='ltr'><strong>ficiorum</strong></span> <span class='ocrx_word' id='word_1_374' title='bbox 2213 2394 2553 2464; x_wconf 85' lang='lat' dir='ltr'><strong>sanguinem,</strong></span> <span class='ocrx_word' id='word_1_375' title='bbox 2572 2410 2641 2451; x_wconf 88' lang='lat' dir='ltr'><strong>ue</strong></span> <span class='ocrx_word' id='word_1_376' title='bbox 2661 2395 2713 2451; x_wconf 93' lang='lat' dir='ltr'><strong>id</strong></span> <span class='ocrx_word' id='word_1_377' title='bbox 2727 2396 2945 2468; x_wconf 88' lang='lat' dir='ltr'><strong>quidem</strong></span> <span class='ocrx_word' id='word_1_378' title='bbox 2960 2409 3075 2455; x_wconf 88' lang='lat' dir='ltr'><strong>erat</strong></span> <span class='ocrx_word' id='word_1_379' title='bbox 3097 2415 3125 2454; x_wconf 88' lang='lat' dir='ltr'><strong>a</strong></span> <span class='ocrx_word' id='word_1_380' title='bbox 3152 2404 3423 2458; x_wconf 90' lang='lat' dir='ltr'><strong>communi</strong></span> <span class='ocrx_word' id='word_1_381' title='bbox 3450 2404 3552 2461; x_wconf 90' lang='lat' dir='ltr'><strong>ini-</strong></span> 
     </span>
    </p>
   </div>
   <div class='ocr_carea' id='block_1_53' title="bbox 1951 2484 3550 2565">
    <p class='ocr_par' dir='ltr' id='par_1_53' title="bbox 1951 2484 3550 2565">
     <span class='ocr_line' id='line_1_53' title="bbox 1951 2484 3550 2565; baseline 0.009 -26"><span class='ocrx_word' id='word_1_382' title='bbox 1951 2484 2232 2541; x_wconf 89' lang='lat' dir='ltr'><strong>tiationum</strong></span> <span class='ocrx_word' id='word_1_383' title='bbox 2259 2501 2359 2542; x_wconf 92' lang='lat' dir='ltr'><strong>usu</strong></span> <span class='ocrx_word' id='word_1_384' title='bbox 2384 2489 2619 2544; x_wconf 83' lang='lat' dir='ltr'><strong>alienum</strong></span> <span class='ocrx_word' id='word_1_385' title='bbox 2645 2498 2701 2545; x_wconf 91' lang='lat' dir='ltr'><strong>ut</strong></span> <span class='ocrx_word' id='word_1_386' title='bbox 2721 2504 2879 2546; x_wconf 89' lang='lat' dir='ltr'><strong>suum</strong></span> <span class='ocrx_word' id='word_1_387' title='bbox 2906 2507 3121 2565; x_wconf 87' lang='lat' dir='ltr'><strong>quoque</strong></span> <span class='ocrx_word' id='word_1_388' title='bbox 3143 2497 3461 2565; x_wconf 86' lang='lat' dir='ltr'><strong>sanguinem</strong></span> <span class='ocrx_word' id='word_1_389' title='bbox 3482 2498 3550 2554; x_wconf 90' lang='lat' dir='ltr'><strong>ad</strong></span> 
     </span>
    </p>
   </div>
   <div class='ocr_carea' id='block_1_54' title="bbox 1951 2579 3551 2652">
    <p class='ocr_par' dir='ltr' id='par_1_54' title="bbox 1951 2579 3551 2652">
     <span class='ocr_line' id='line_1_54' title="bbox 1951 2579 3551 2652; baseline 0.01 -19"><span class='ocrx_word' id='word_1_390' title='bbox 1951 2579 2033 2635; x_wconf 88' lang='lat' dir='ltr'><strong>sui</strong></span> <span class='ocrx_word' id='word_1_391' title='bbox 2062 2580 2426 2652; x_wconf 81' lang='lat' dir='ltr'><strong>expiationem</strong></span> <span class='ocrx_word' id='word_1_392' title='bbox 2455 2583 2796 2641; x_wconf 84' lang='lat' dir='ltr'><strong>adhiberent.</strong></span> <span class='ocrx_word' id='word_1_393' title='bbox 2841 2584 3059 2643; x_wconf 86' lang='lat' dir='ltr'><strong>Clarum</strong></span> <span class='ocrx_word' id='word_1_394' title='bbox 3091 2590 3222 2645; x_wconf 85' lang='lat' dir='ltr'><strong>illud</strong></span> <span class='ocrx_word' id='word_1_395' title='bbox 3263 2601 3345 2647; x_wconf 90' lang='lat' dir='ltr'><strong>est</strong></span> <span class='ocrx_word' id='word_1_396' title='bbox 3371 2592 3425 2648; x_wconf 88' lang='lat' dir='ltr'><strong>in</strong></span> <span class='ocrx_word' id='word_1_397' title='bbox 3446 2592 3551 2648; x_wconf 84' lang='lat' dir='ltr'><strong>cir-</strong></span> 
     </span>
    </p>
   </div>
   <div class='ocr_carea' id='block_1_55' title="bbox 1952 2674 3549 2750">
    <p class='ocr_par' dir='ltr' id='par_1_55' title="bbox 1952 2674 3549 2750">
     <span class='ocr_line' id='line_1_55' title="bbox 1952 2674 3549 2750; baseline 0.009 -23"><span class='ocrx_word' id='word_1_398' title='bbox 1952 2674 2286 2730; x_wconf 87' lang='lat' dir='ltr'><strong>cumcisione</strong></span> <span class='ocrx_word' id='word_1_399' title='bbox 2323 2675 2466 2746; x_wconf 91' lang='lat' dir='ltr'><strong>apud</strong></span> <span class='ocrx_word' id='word_1_400' title='bbox 2500 2676 2718 2733; x_wconf 83' lang='lat' dir='ltr'><strong>Judaeos</strong></span> <span class='ocrx_word' id='word_1_401' title='bbox 2763 2680 3096 2750; x_wconf 83' lang='lat' dir='ltr'><strong>exemplum.</strong></span> <span class='ocrx_word' id='word_1_402' title='bbox 3132 2682 3237 2738; x_wconf 88' lang='lat' dir='ltr'><strong>Sed</strong></span> <span class='ocrx_word' id='word_1_403' title='bbox 3268 2693 3322 2739; x_wconf 93' lang='lat' dir='ltr'><strong>et</strong></span> <span class='ocrx_word' id='word_1_404' title='bbox 3350 2685 3402 2739; x_wconf 93' lang='lat' dir='ltr'><strong>in</strong></span> <span class='ocrx_word' id='word_1_405' title='bbox 3432 2685 3549 2741; x_wconf 87' lang='lat' dir='ltr'><strong>Bel-</strong></span> 
     </span>
    </p>
   </div>
   <div class='ocr_carea' id='block_1_56' title="bbox 1952 2766 3546 2842">
    <p class='ocr_par' dir='ltr' id='par_1_56' title="bbox 1952 2766 3546 2842">
     <span class='ocr_line' id='line_1_56' title="bbox 1952 2766 3546 2842; baseline 0.008 -21"><span class='ocrx_word' id='word_1_406' title='bbox 1952 2766 2091 2822; x_wconf 66' lang='lat' dir='ltr'><strong>lonae</strong></span> <span class='ocrx_word' id='word_1_407' title='bbox 2139 2769 2313 2825; x_wconf 90' lang='lat' dir='ltr'><strong>initiis</strong></span> <span class='ocrx_word' id='word_1_408' title='bbox 2358 2773 2673 2842; x_wconf 90' lang='lat' dir='ltr'><strong>sanguinem</strong></span> <span class='ocrx_word' id='word_1_409' title='bbox 2720 2774 2981 2830; x_wconf 89' lang='lat' dir='ltr'><strong>emissum</strong></span> <span class='ocrx_word' id='word_1_410' title='bbox 3021 2790 3142 2837; x_wconf 72' lang='lat' dir='ltr'><strong>esse.</strong></span> <span class='ocrx_word' id='word_1_411' title='bbox 3183 2775 3443 2834; x_wconf 88' lang='lat' dir='ltr'><strong>discimus</strong></span> <span class='ocrx_word' id='word_1_412' title='bbox 3480 2793 3546 2834; x_wconf 83' lang='lat' dir='ltr'><strong>ex</strong></span> 
     </span>
    </p>
   </div>
   <div class='ocr_carea' id='block_1_57' title="bbox 1952 2853 3547 2941">
    <p class='ocr_par' dir='ltr' id='par_1_57' title="bbox 1952 2853 3547 2941">
     <span class='ocr_line' id='line_1_57' title="bbox 1952 2853 3547 2941; baseline 0.008 -26"><span class='ocrx_word' id='word_1_413' title='bbox 1952 2859 2285 2917; x_wconf 87' lang='lat' dir='ltr'><strong>Tertulliano</strong></span> <span class='ocrx_word' id='word_1_414' title='bbox 2335 2863 2650 2936; x_wconf 76' lang='lat' dir='ltr'><strong>(Apologet.,</strong></span> <span class='ocrx_word' id='word_1_415' title='bbox 2696 2880 2747 2921; x_wconf 94' lang='lat' dir='ltr'><strong>c.</strong></span> <span class='ocrx_word' id='word_1_416' title='bbox 2780 2853 2841 2940; x_wconf 74' lang='lat'><strong>8)</strong></span> <span class='ocrx_word' id='word_1_417' title='bbox 2897 2884 2911 2921; x_wconf 90' lang='lat'><strong>:</strong></span> <span class='ocrx_word' id='word_1_418' title='bbox 2954 2866 3150 2937; x_wconf 82' lang='lat' dir='ltr'><strong>Hodie,</strong></span> <span class='ocrx_word' id='word_1_419' title='bbox 3201 2869 3394 2941; x_wconf 85' lang='lat' dir='ltr'><strong>inquit,</strong></span> <span class='ocrx_word' id='word_1_420' title='bbox 3426 2870 3547 2929; x_wconf 90' lang='lat' dir='ltr'><strong>istic</strong></span> 
     </span>
    </p>
   </div>
   <div class='ocr_carea' id='block_1_58' title="bbox 1952 2955 3545 3035">
    <p class='ocr_par' dir='ltr' id='par_1_58' title="bbox 1952 2955 3545 3035">
     <span class='ocr_line' id='line_1_58' title="bbox 1952 2955 3545 3035; baseline 0.009 -26"><span class='ocrx_word' id='word_1_421' title='bbox 1952 2955 2187 3010; x_wconf 74' lang='lat' dir='ltr'><strong>Bellonae</strong></span> <span class='ocrx_word' id='word_1_422' title='bbox 2236 2966 2479 3014; x_wconf 88' lang='lat' dir='ltr'><strong>sacratus</strong></span> <span class='ocrx_word' id='word_1_423' title='bbox 2533 2961 2750 3032; x_wconf 81' lang='lat' dir='ltr'><strong>sanguis</strong></span> <span class='ocrx_word' id='word_1_424' title='bbox 2805 2961 2874 3017; x_wconf 92' lang='lat' dir='ltr'><strong>de</strong></span> <span class='ocrx_word' id='word_1_425' title='bbox 2919 2961 3125 3019; x_wconf 86' lang='lat' dir='ltr'><strong>femore</strong></span> <span class='ocrx_word' id='word_1_426' title='bbox 3176 2965 3445 3035; x_wconf 86' lang='lat' dir='ltr'><strong>proscisso</strong></span> <span class='ocrx_word' id='word_1_427' title='bbox 3488 2968 3545 3024; x_wconf 92' lang='lat' dir='ltr'><strong>in</strong></span> 
     </span>
    </p>
   </div>
   <div class='ocr_carea' id='block_1_59' title="bbox 1951 3050 3543 3130">
    <p class='ocr_par' dir='ltr' id='par_1_59' title="bbox 1951 3050 3543 3130">
     <span class='ocr_line' id='line_1_59' title="bbox 1951 3050 3543 3130; baseline 0.008 -26"><span class='ocrx_word' id='word_1_428' title='bbox 1951 3050 2244 3120; x_wconf 89' lang='lat' dir='ltr'><strong>palmulam</strong></span> <span class='ocrx_word' id='word_1_429' title='bbox 2274 3062 2534 3122; x_wconf 83' lang='lat' dir='ltr'><strong>exceptus</strong></span> <span class='ocrx_word' id='word_1_430' title='bbox 2563 3054 2673 3109; x_wconf 90' lang='lat' dir='ltr'><strong>suis</strong></span> <span class='ocrx_word' id='word_1_431' title='bbox 2702 3053 2859 3109; x_wconf 83' lang='lat' dir='ltr'><strong>datur</strong></span> <span class='ocrx_word' id='word_1_432' title='bbox 2909 3056 3152 3126; x_wconf 84' lang='lat' dir='ltr'><strong>signatis.</strong></span> <span class='ocrx_word' id='word_1_433' title='bbox 3188 3058 3439 3130; x_wconf 82' lang='lat' dir='ltr'><strong>Ejusdem</strong></span> <span class='ocrx_word' id='word_1_434' title='bbox 3471 3061 3543 3116; x_wconf 88' lang='lat' dir='ltr'><strong>ri-</strong></span> 
     </span>
    </p>
   </div>
   <div class='ocr_carea' id='block_1_60' title="bbox 239 3143 3543 3217">
    <p class='ocr_par' dir='ltr' id='par_1_60' title="bbox 239 3143 3543 3217">
     <span class='ocr_line' id='line_1_60' title="bbox 239 3143 3543 3217; baseline 0.003 -19"><span class='ocrx_word' id='word_1_435' title='bbox 239 3143 390 3199; x_wconf 84' lang='lat' dir='ltr'><strong>nium</strong></span> <span class='ocrx_word' id='word_1_436' title='bbox 431 3144 726 3214; x_wconf 85' lang='lat' dir='ltr'><strong>perhibuit,</strong></span> <span class='ocrx_word' id='word_1_437' title='bbox 758 3152 813 3199; x_wconf 88' lang='lat' dir='ltr'><strong>et</strong></span> <span class='ocrx_word' id='word_1_438' title='bbox 836 3159 1020 3200; x_wconf 87' lang='lat' dir='ltr'><strong>verum</strong></span> <span class='ocrx_word' id='word_1_439' title='bbox 1075 3153 1158 3200; x_wconf 90' lang='lat' dir='ltr'><strong>est</strong></span> <span class='ocrx_word' id='word_1_440' title='bbox 1210 3145 1555 3199; x_wconf 78' lang='lat' dir='ltr'><strong>testimonium</strong></span> <span class='ocrx_word' id='word_1_441' title='bbox 1611 3146 1741 3217; x_wconf 73' lang='lat' dir='ltr'><strong>ejus.</strong></span> <span class='ocrx_word' id='word_1_442' title='bbox 1779 3145 1844 3199; x_wconf 85' lang='lat' dir='ltr'><strong>Et</strong></span> <span class='ocrx_word' id='word_1_443' title='bbox 1871 3148 1916 3212; x_wconf 71' lang='grc' dir='ltr'>Ο</span> <span class='ocrx_word' id='word_1_444' title='bbox 1952 3150 2038 3197; x_wconf 92' lang='lat' dir='ltr'><strong>tus</strong></span> <span class='ocrx_word' id='word_1_445' title='bbox 2091 3144 2456 3200; x_wconf 88' lang='lat' dir='ltr'><strong>meminerunt</strong></span> <span class='ocrx_word' id='word_1_446' title='bbox 2493 3157 2549 3201; x_wconf 90' lang='lat' dir='ltr'><strong>et</strong></span> <span class='ocrx_word' id='word_1_447' title='bbox 2596 3146 2706 3201; x_wconf 89' lang='lat' dir='ltr'><strong>alii.</strong></span> <span class='ocrx_word' id='word_1_448' title='bbox 2740 3146 2873 3202; x_wconf 92' lang='lat' dir='ltr'><strong>Cum</strong></span> <span class='ocrx_word' id='word_1_449' title='bbox 2922 3158 3099 3204; x_wconf 86' lang='lat' dir='ltr'><strong>tamen</strong></span> <span class='ocrx_word' id='word_1_450' title='bbox 3142 3153 3215 3205; x_wconf 88' lang='lat' dir='ltr'><strong>ita</strong></span> <span class='ocrx_word' id='word_1_451' title='bbox 3260 3152 3460 3206; x_wconf 87' lang='lat' dir='ltr'><strong>scribat</strong></span> <span class='ocrx_word' id='word_1_452' title='bbox 3489 3153 3543 3208; x_wconf 90' lang='lat' dir='ltr'><strong>in</strong></span> 
     </span>
    </p>
   </div>
   <div class='ocr_carea' id='block_1_61' title="bbox 238 3237 1840 3313">
    <p class='ocr_par' dir='ltr' id='par_1_61' title="bbox 238 3237 1840 3313">
     <span class='ocr_line' id='line_1_61' title="bbox 238 3237 1840 3313; baseline 0.002 -21"><span class='ocrx_word' id='word_1_453' title='bbox 238 3237 328 3293; x_wconf 77' lang='lat' dir='ltr'><strong>ille</strong></span> <span class='ocrx_word' id='word_1_454' title='bbox 353 3239 450 3293; x_wconf 72' lang='lat' dir='ltr'><strong>scit</strong></span> <span class='ocrx_word' id='word_1_455' title='bbox 491 3239 615 3309; x_wconf 82' lang='lat' dir='ltr'><strong>quia</strong></span> <span class='ocrx_word' id='word_1_456' title='bbox 642 3255 760 3294; x_wconf 79' lang='lat' dir='ltr'><strong>uera</strong></span> <span class='ocrx_word' id='word_1_457' title='bbox 804 3239 961 3306; x_wconf 83' lang='lat' dir='ltr'><strong>dicit,</strong></span> <span class='ocrx_word' id='word_1_458' title='bbox 988 3249 1041 3293; x_wconf 85' lang='lat' dir='ltr'><strong>ut</strong></span> <span class='ocrx_word' id='word_1_459' title='bbox 1088 3250 1136 3296; x_wconf 85' lang='lat' dir='ltr'><strong>et</strong></span> <span class='ocrx_word' id='word_1_460' title='bbox 1181 3256 1268 3294; x_wconf 76' lang='lat' dir='ltr'><strong>vos</strong></span> <span class='ocrx_word' id='word_1_461' title='bbox 1306 3240 1528 3296; x_wconf 77' lang='lat' dir='ltr'><strong>credatis</strong></span> <span class='ocrx_word' id='word_1_462' title='bbox 1550 3240 1840 3313; x_wconf 83' lang='lat' dir='ltr'><strong>(S.Joan.,</strong></span> 
     </span>
    </p>
   </div>
   <div class='ocr_carea' id='block_1_62' title="bbox 241 3328 1842 3403">
    <p class='ocr_par' dir='ltr' id='par_1_62' title="bbox 241 3328 1842 3403">
     <span class='ocr_line' id='line_1_62' title="bbox 241 3328 1842 3403; baseline 0.001 -18"><span class='ocrx_word' id='word_1_463' title='bbox 241 3345 366 3396; x_wconf 77' lang='lat' dir='ltr'><strong>nx,</strong></span> <span class='ocrx_word' id='word_1_464' title='bbox 392 3328 510 3403; x_wconf 78' lang='lat'><strong>35).</strong></span> <span class='ocrx_word' id='word_1_465' title='bbox 540 3330 601 3387; x_wconf 79' lang='lat' dir='ltr'><strong>Ni</strong></span> <span class='ocrx_word' id='word_1_466' title='bbox 642 3331 875 3402; x_wconf 64' lang='lat' dir='ltr'><strong>quaestio</strong></span> <span class='ocrx_word' id='word_1_467' title='bbox 902 3330 1094 3388; x_wconf 88' lang='lat' dir='ltr'><strong>fuisset</strong></span> <span class='ocrx_word' id='word_1_468' title='bbox 1120 3332 1261 3387; x_wconf 90' lang='lat' dir='ltr'><strong>inter</strong></span> <span class='ocrx_word' id='word_1_469' title='bbox 1279 3331 1506 3387; x_wconf 62' lang='lat' dir='ltr'><strong>aemulos</strong></span> <span class='ocrx_word' id='word_1_470' title='bbox 1521 3330 1738 3400; x_wconf 90' lang='lat' dir='ltr'><strong>Christi,</strong></span> <span class='ocrx_word' id='word_1_471' title='bbox 1757 3349 1842 3401; x_wconf 88' lang='lat' dir='ltr'><strong>ea,</strong></span> 
     </span>
    </p>
   </div>
   <div class='ocr_carea' id='block_1_63' title="bbox 240 3423 1845 3496">
    <p class='ocr_par' dir='ltr' id='par_1_63' title="bbox 240 3423 1845 3496">
     <span class='ocr_line' id='line_1_63' title="bbox 240 3423 1845 3496; baseline 0.002 -17"><span class='ocrx_word' id='word_1_472' title='bbox 240 3439 346 3494; x_wconf 89' lang='lat' dir='ltr'><strong>qua</strong></span> <span class='ocrx_word' id='word_1_473' title='bbox 377 3423 532 3491; x_wconf 79' lang='lat' dir='ltr'><strong>dixi,</strong></span> <span class='ocrx_word' id='word_1_474' title='bbox 564 3425 979 3481; x_wconf 86' lang='lat' dir='ltr'><strong>ratiocinatione</strong></span> <span class='ocrx_word' id='word_1_475' title='bbox 1030 3424 1370 3482; x_wconf 88' lang='lat' dir='ltr'><strong>terminanda</strong></span> <span class='ocrx_word' id='word_1_476' title='bbox 1391 3467 1406 3493; x_wconf 93' lang='lat'><strong>,</strong></span> <span class='ocrx_word' id='word_1_477' title='bbox 1458 3425 1564 3481; x_wconf 90' lang='lat' dir='ltr'><strong>alia</strong></span> <span class='ocrx_word' id='word_1_478' title='bbox 1604 3426 1845 3496; x_wconf 88' lang='lat' dir='ltr'><strong>profecto</strong></span> 
     </span>
    </p>
   </div>
   <div class='ocr_carea' id='block_1_64' title="bbox 240 3519 1840 3592">
    <p class='ocr_par' dir='ltr' id='par_1_64' title="bbox 240 3519 1840 3592">
     <span class='ocr_line' id='line_1_64' title="bbox 240 3519 1840 3592; baseline 0.003 -17"><span class='ocrx_word' id='word_1_479' title='bbox 240 3519 461 3575; x_wconf 86' lang='lat' dir='ltr'><strong>Domini</strong></span> <span class='ocrx_word' id='word_1_480' title='bbox 487 3520 747 3576; x_wconf 88' lang='lat' dir='ltr'><strong>miracula</strong></span> <span class='ocrx_word' id='word_1_481' title='bbox 765 3520 979 3577; x_wconf 88' lang='lat' dir='ltr'><strong>abunde</strong></span> <span class='ocrx_word' id='word_1_482' title='bbox 999 3520 1119 3592; x_wconf 87' lang='lat' dir='ltr'><strong>ejus</strong></span> <span class='ocrx_word' id='word_1_483' title='bbox 1136 3536 1165 3576; x_wconf 91' lang='lat' dir='ltr'><strong>a</strong></span> <span class='ocrx_word' id='word_1_484' title='bbox 1198 3530 1346 3592; x_wconf 87' lang='lat' dir='ltr'><strong>patre</strong></span> <span class='ocrx_word' id='word_1_485' title='bbox 1371 3520 1682 3577; x_wconf 87' lang='lat' dir='ltr'><strong>missionem</strong></span> <span class='ocrx_word' id='word_1_486' title='bbox 1706 3537 1840 3579; x_wconf 91' lang='lat' dir='ltr'><strong>con-</strong></span> 
     </span>
    </p>
   </div>
   <div class='ocr_carea' id='block_1_65' title="bbox 244 3612 1843 3672">
    <p class='ocr_par' dir='ltr' id='par_1_65' title="bbox 244 3612 1843 3672">
     <span class='ocr_line' id='line_1_65' title="bbox 244 3612 1843 3672; baseline 0.002 -4"><span class='ocrx_word' id='word_1_487' title='bbox 244 3612 581 3670; x_wconf 83' lang='lat' dir='ltr'><strong>ﬁrmassent.</strong></span> <span class='ocrx_word' id='word_1_488' title='bbox 614 3614 818 3670; x_wconf 86' lang='lat' dir='ltr'><strong>Eorum</strong></span> <span class='ocrx_word' id='word_1_489' title='bbox 848 3624 1028 3671; x_wconf 87' lang='lat' dir='ltr'><strong>tamen</strong></span> <span class='ocrx_word' id='word_1_490' title='bbox 1066 3614 1451 3669; x_wconf 87' lang='lat' dir='ltr'><strong>miraculorum</strong></span> <span class='ocrx_word' id='word_1_491' title='bbox 1473 3621 1638 3670; x_wconf 87' lang='lat' dir='ltr'><strong>testes</strong></span> <span class='ocrx_word' id='word_1_492' title='bbox 1665 3616 1843 3672; x_wconf 87' lang='lat' dir='ltr'><strong>nullos</strong></span> 
     </span>
    </p>
   </div>
   <div class='ocr_carea' id='block_1_66' title="bbox 244 3706 1843 3777">
    <p class='ocr_par' dir='ltr' id='par_1_66' title="bbox 244 3706 1843 3777">
     <span class='ocr_line' id='line_1_66' title="bbox 244 3706 1843 3777; baseline 0.003 -16"><span class='ocrx_word' id='word_1_493' title='bbox 244 3708 494 3776; x_wconf 86' lang='lat' dir='ltr'><strong>protulit,</strong></span> <span class='ocrx_word' id='word_1_494' title='bbox 524 3706 722 3763; x_wconf 87' lang='lat' dir='ltr'><strong>nedum</strong></span> <span class='ocrx_word' id='word_1_495' title='bbox 760 3716 908 3763; x_wconf 86' lang='lat' dir='ltr'><strong>tanta</strong></span> <span class='ocrx_word' id='word_1_496' title='bbox 964 3707 1075 3772; x_wconf 89' lang='lat' dir='ltr'><strong>illa,</strong></span> <span class='ocrx_word' id='word_1_497' title='bbox 1110 3721 1216 3777; x_wconf 91' lang='lat' dir='ltr'><strong>qua</strong></span> <span class='ocrx_word' id='word_1_498' title='bbox 1256 3707 1343 3762; x_wconf 90' lang='lat' dir='ltr'><strong>hic</strong></span> <span class='ocrx_word' id='word_1_499' title='bbox 1397 3721 1527 3763; x_wconf 81' lang='lat' dir='ltr'><strong>usus</strong></span> <span class='ocrx_word' id='word_1_500' title='bbox 1555 3719 1658 3775; x_wconf 86' lang='lat' dir='ltr'><strong>est,</strong></span> <span class='ocrx_word' id='word_1_501' title='bbox 1691 3724 1843 3766; x_wconf 87' lang='lat' dir='ltr'><strong>asse-</strong></span> 
     </span>
    </p>
   </div>
   <div class='ocr_carea' id='block_1_67' title="bbox 241 3799 1844 3873">
    <p class='ocr_par' dir='ltr' id='par_1_67' title="bbox 241 3799 1844 3873">
     <span class='ocr_line' id='line_1_67' title="bbox 241 3799 1844 3873; baseline 0.002 -17"><span class='ocrx_word' id='word_1_502' title='bbox 241 3800 551 3856; x_wconf 83' lang='lat' dir='ltr'><strong>veratione.</strong></span> <span class='ocrx_word' id='word_1_503' title='bbox 584 3799 721 3868; x_wconf 86' lang='lat' dir='ltr'><strong>Quid</strong></span> <span class='ocrx_word' id='word_1_504' title='bbox 758 3800 903 3871; x_wconf 91' lang='lat' dir='ltr'><strong>quod</strong></span> <span class='ocrx_word' id='word_1_505' title='bbox 929 3802 1094 3857; x_wconf 89' lang='lat' dir='ltr'><strong>verba</strong></span> <span class='ocrx_word' id='word_1_506' title='bbox 1127 3801 1237 3868; x_wconf 91' lang='lat' dir='ltr'><strong>illa,</strong></span> <span class='ocrx_word' id='word_1_507' title='bbox 1270 3810 1326 3856; x_wconf 92' lang='lat' dir='ltr'><strong>ut</strong></span> <span class='ocrx_word' id='word_1_508' title='bbox 1352 3809 1538 3869; x_wconf 87' lang='lat' dir='ltr'><strong>etvos,</strong></span> <span class='ocrx_word' id='word_1_509' title='bbox 1561 3803 1844 3873; x_wconf 89' lang='lat' dir='ltr'><strong>emphasin</strong></span> 
     </span>
    </p>
   </div>
   <div class='ocr_carea' id='block_1_68' title="bbox 246 3894 1844 3965">
    <p class='ocr_par' dir='ltr' id='par_1_68' title="bbox 246 3894 1844 3965">
     <span class='ocr_line' id='line_1_68' title="bbox 246 3894 1844 3965; baseline 0.001 -15"><span class='ocrx_word' id='word_1_510' title='bbox 246 3894 543 3965; x_wconf 80' lang='lat' dir='ltr'><strong>quamdam</strong></span> <span class='ocrx_word' id='word_1_511' title='bbox 582 3895 816 3951; x_wconf 87' lang='lat' dir='ltr'><strong>habeant</strong></span> <span class='ocrx_word' id='word_1_512' title='bbox 844 3896 1120 3960; x_wconf 78' lang='lat' dir='ltr'><strong>eximiam,</strong></span> <span class='ocrx_word' id='word_1_513' title='bbox 1152 3895 1355 3965; x_wconf 88' lang='lat' dir='ltr'><strong>reliqua</strong></span> <span class='ocrx_word' id='word_1_514' title='bbox 1392 3896 1645 3951; x_wconf 89' lang='lat' dir='ltr'><strong>nimirum</strong></span> <span class='ocrx_word' id='word_1_515' title='bbox 1678 3898 1844 3952; x_wconf 85' lang='lat' dir='ltr'><strong>mira-</strong></span> 
     </span>
    </p>
   </div>
   <div class='ocr_carea' id='block_1_69' title="bbox 243 3986 1844 4062">
    <p class='ocr_par' dir='ltr' id='par_1_69' title="bbox 243 3986 1844 4062">
     <span class='ocr_line' id='line_1_69' title="bbox 243 3986 1844 4062; baseline 0.002 -19"><span class='ocrx_word' id='word_1_516' title='bbox 243 3986 371 4043; x_wconf 85' lang='lat' dir='ltr'><strong>cula</strong></span> <span class='ocrx_word' id='word_1_517' title='bbox 397 3987 690 4044; x_wconf 88' lang='lat' dir='ltr'><strong>inﬁdelium</strong></span> <span class='ocrx_word' id='word_1_518' title='bbox 712 4004 876 4046; x_wconf 88' lang='lat' dir='ltr'><strong>causa</strong></span> <span class='ocrx_word' id='word_1_519' title='bbox 898 3988 1065 4045; x_wconf 88' lang='lat' dir='ltr'><strong>fuisse</strong></span> <span class='ocrx_word' id='word_1_520' title='bbox 1095 3999 1205 4044; x_wconf 90' lang='lat' dir='ltr'><strong>tam</strong></span> <span class='ocrx_word' id='word_1_521' title='bbox 1250 3990 1414 4058; x_wconf 88' lang='lat' dir='ltr'><strong>edita,</strong></span> <span class='ocrx_word' id='word_1_522' title='bbox 1438 4005 1598 4061; x_wconf 90' lang='lat' dir='ltr'><strong>quam</strong></span> <span class='ocrx_word' id='word_1_523' title='bbox 1630 3991 1844 4062; x_wconf 88' lang='lat' dir='ltr'><strong>scriptis</strong></span> 
     </span>
    </p>
   </div>
   <div class='ocr_carea' id='block_1_70' title="bbox 245 4081 1843 4154">
    <p class='ocr_par' dir='ltr' id='par_1_70' title="bbox 245 4081 1843 4154">
     <span class='ocr_line' id='line_1_70' title="bbox 245 4081 1843 4154; baseline 0.001 -15"><span class='ocrx_word' id='word_1_524' title='bbox 245 4081 416 4139; x_wconf 82' lang='lat' dir='ltr'><strong>etiam</strong></span> <span class='ocrx_word' id='word_1_525' title='bbox 442 4082 789 4154; x_wconf 84' lang='lat' dir='ltr'><strong>consignata;</strong></span> <span class='ocrx_word' id='word_1_526' title='bbox 815 4082 921 4139; x_wconf 87' lang='lat' dir='ltr'><strong>hoc</strong></span> <span class='ocrx_word' id='word_1_527' title='bbox 946 4098 1112 4139; x_wconf 90' lang='lat' dir='ltr'><strong>unum</strong></span> <span class='ocrx_word' id='word_1_528' title='bbox 1135 4082 1256 4137; x_wconf 85' lang='lat' dir='ltr'><strong>aliis</strong></span> <span class='ocrx_word' id='word_1_529' title='bbox 1272 4084 1494 4139; x_wconf 90' lang='lat' dir='ltr'><strong>omnino</strong></span> <span class='ocrx_word' id='word_1_530' title='bbox 1519 4083 1843 4140; x_wconf 87' lang='lat' dir='ltr'><strong>adversariis</strong></span> 
     </span>
    </p>
   </div>
   <div class='ocr_carea' id='block_1_71' title="bbox 246 4173 1843 4247">
    <p class='ocr_par' dir='ltr' id='par_1_71' title="bbox 246 4173 1843 4247">
     <span class='ocr_line' id='line_1_71' title="bbox 246 4173 1843 4247; baseline -0.001 -16"><span class='ocrx_word' id='word_1_531' title='bbox 246 4174 415 4232; x_wconf 84' lang='lat' dir='ltr'><strong>fuisse</strong></span> <span class='ocrx_word' id='word_1_532' title='bbox 440 4173 768 4232; x_wconf 87' lang='lat' dir='ltr'><strong>destinatum</strong></span> <span class='ocrx_word' id='word_1_533' title='bbox 801 4176 907 4231; x_wconf 88' lang='lat' dir='ltr'><strong>illis</strong></span> <span class='ocrx_word' id='word_1_534' title='bbox 928 4176 1187 4232; x_wconf 87' lang='lat' dir='ltr'><strong>nimirum</strong></span> <span class='ocrx_word' id='word_1_535' title='bbox 1214 4191 1445 4247; x_wconf 89' lang='lat' dir='ltr'><strong>quorum</strong></span> <span class='ocrx_word' id='word_1_536' title='bbox 1470 4176 1639 4247; x_wconf 88' lang='lat' dir='ltr'><strong>gratia</strong></span> <span class='ocrx_word' id='word_1_537' title='bbox 1669 4177 1843 4247; x_wconf 84' lang='lat' dir='ltr'><strong>scrip-</strong></span> 
     </span>
    </p>
   </div>
   <div class='ocr_carea' id='block_1_72' title="bbox 256 4267 1842 4340">
    <p class='ocr_par' dir='ltr' id='par_1_72' title="bbox 256 4267 1842 4340">
     <span class='ocr_line' id='line_1_72' title="bbox 256 4267 1842 4340; baseline 0.001 -17"><span class='ocrx_word' id='word_1_538' title='bbox 256 4276 370 4324; x_wconf 89' lang='lat' dir='ltr'><strong>tum</strong></span> <span class='ocrx_word' id='word_1_539' title='bbox 409 4267 599 4325; x_wconf 80' lang='lat' dir='ltr'><strong>fuisset</strong></span> <span class='ocrx_word' id='word_1_540' title='bbox 626 4268 998 4340; x_wconf 85' lang='lat' dir='ltr'><strong>Evangelium,</strong></span> <span class='ocrx_word' id='word_1_541' title='bbox 1020 4268 1461 4324; x_wconf 89' lang='lat' dir='ltr'><strong>antichristorum</strong></span> <span class='ocrx_word' id='word_1_542' title='bbox 1521 4269 1842 4324; x_wconf 69' lang='lat' dir='ltr'><strong>aemulorum</strong></span> 
     </span>
    </p>
   </div>
   <div class='ocr_carea' id='block_1_73' title="bbox 248 4359 1843 4431">
    <p class='ocr_par' dir='ltr' id='par_1_73' title="bbox 248 4359 1843 4431">
     <span class='ocr_line' id='line_1_73' title="bbox 248 4359 1843 4431; baseline 0.001 -15"><span class='ocrx_word' id='word_1_543' title='bbox 248 4360 635 4416; x_wconf 72' lang='lat' dir='ltr'><strong>anertoribus.</strong></span> <span class='ocrx_word' id='word_1_544' title='bbox 673 4360 843 4416; x_wconf 78' lang='lat' dir='ltr'><strong>Recte</strong></span> <span class='ocrx_word' id='word_1_545' title='bbox 873 4361 1053 4431; x_wconf 90' lang='lat' dir='ltr'><strong>itaque</strong></span> <span class='ocrx_word' id='word_1_546' title='bbox 1077 4359 1218 4415; x_wconf 89' lang='lat' dir='ltr'><strong>hanc</strong></span> <span class='ocrx_word' id='word_1_547' title='bbox 1248 4359 1524 4431; x_wconf 81' lang='lat' dir='ltr'><strong>sanguinis</strong></span> <span class='ocrx_word' id='word_1_548' title='bbox 1550 4361 1755 4431; x_wconf 90' lang='lat' dir='ltr'><strong>pariter</strong></span> <span class='ocrx_word' id='word_1_549' title='bbox 1779 4375 1843 4417; x_wconf 89' lang='lat' dir='ltr'><strong>ac</strong></span> 
     </span>
    </p>
   </div>
   <div class='ocr_carea' id='block_1_74' title="bbox 245 4454 1841 4525">
    <p class='ocr_par' dir='ltr' id='par_1_74' title="bbox 245 4454 1841 4525">
     <span class='ocr_line' id='line_1_74' title="bbox 245 4454 1841 4525; baseline -0.001 -15"><span class='ocrx_word' id='word_1_550' title='bbox 245 4468 397 4525; x_wconf 79' lang='lat' dir='ltr'><strong>aqua:</strong></span> <span class='ocrx_word' id='word_1_551' title='bbox 420 4469 454 4510; x_wconf 91' lang='lat' dir='ltr'><strong>e</strong></span> <span class='ocrx_word' id='word_1_552' title='bbox 481 4454 686 4510; x_wconf 88' lang='lat' dir='ltr'><strong>Christi</strong></span> <span class='ocrx_word' id='word_1_553' title='bbox 739 4455 909 4510; x_wconf 88' lang='lat' dir='ltr'><strong>latere</strong></span> <span class='ocrx_word' id='word_1_554' title='bbox 954 4454 1303 4510; x_wconf 90' lang='lat' dir='ltr'><strong>emissionem</strong></span> <span class='ocrx_word' id='word_1_555' title='bbox 1324 4494 1340 4519; x_wconf 89' lang='lat'><strong>,</strong></span> <span class='ocrx_word' id='word_1_556' title='bbox 1367 4463 1529 4525; x_wconf 90' lang='lat' dir='ltr'><strong>atque</strong></span> <span class='ocrx_word' id='word_1_557' title='bbox 1570 4454 1841 4525; x_wconf 89' lang='lat' dir='ltr'><strong>duplicem</strong></span> 
     </span>
    </p>
   </div>
   <div class='ocr_carea' id='block_1_75' title="bbox 1949 3231 3546 3307">
    <p class='ocr_par' dir='ltr' id='par_1_75' title="bbox 1949 3231 3546 3307">
     <span class='ocr_line' id='line_1_75' title="bbox 1949 3231 3546 3307; baseline 0.006 -19"><span class='ocrx_word' id='word_1_558' title='bbox 1949 3231 2248 3289; x_wconf 90' lang='lat' dir='ltr'><strong>Commodo</strong></span> <span class='ocrx_word' id='word_1_559' title='bbox 2274 3251 2375 3290; x_wconf 91' lang='lat' dir='ltr'><strong>suo</strong></span> <span class='ocrx_word' id='word_1_560' title='bbox 2398 3236 2762 3307; x_wconf 88' lang='lat' dir='ltr'><strong>Lampridius,</strong></span> <span class='ocrx_word' id='word_1_561' title='bbox 2791 3258 2809 3291; x_wconf 73' lang='grc' dir='ltr'><strong><em>ι</em></strong></span> <span class='ocrx_word' id='word_1_562' title='bbox 2838 3238 3075 3294; x_wconf 71' lang='lat' dir='ltr'><strong>Bellona:</strong></span> <span class='ocrx_word' id='word_1_563' title='bbox 3097 3241 3395 3297; x_wconf 71' lang='lat' dir='ltr'><strong>servientes</strong></span> <span class='ocrx_word' id='word_1_564' title='bbox 3421 3257 3546 3298; x_wconf 84' lang='lat' dir='ltr'><strong>vere</strong></span> 
     </span>
    </p>
   </div>
   <div class='ocr_carea' id='block_1_76' title="bbox 1949 3327 3545 3403">
    <p class='ocr_par' dir='ltr' id='par_1_76' title="bbox 1949 3327 3545 3403">
     <span class='ocr_line' id='line_1_76' title="bbox 1949 3327 3545 3403; baseline 0.006 -21"><span class='ocrx_word' id='word_1_565' title='bbox 1949 3340 2209 3382; x_wconf 75' lang='lat' dir='ltr'><strong>exsecato</strong></span> <span class='ocrx_word' id='word_1_566' title='bbox 2239 3327 2520 3384; x_wconf 88' lang='lat' dir='ltr'><strong>brachium</strong></span> <span class='ocrx_word' id='word_1_567' title='bbox 2550 3331 2809 3401; x_wconf 64' lang='lat' dir='ltr'><strong>praecepit</strong></span> <span class='ocrx_word' id='word_1_568' title='bbox 2830 3372 2845 3397; x_wconf 91' lang='lat'><strong>,</strong></span> <span class='ocrx_word' id='word_1_569' title='bbox 2884 3350 2904 3384; x_wconf 73' lang='grc' dir='ltr'><strong><em>ι</em></strong></span> <span class='ocrx_word' id='word_1_570' title='bbox 2935 3332 3139 3403; x_wconf 83' lang='lat' dir='ltr'><strong>colligit</strong></span> <span class='ocrx_word' id='word_1_571' title='bbox 3194 3332 3545 3392; x_wconf 89' lang='lat' dir='ltr'><strong>Casaubonus</strong></span> 
     </span>
    </p>
   </div>
   <div class='ocr_carea' id='block_1_77' title="bbox 1951 3418 3543 3490">
    <p class='ocr_par' dir='ltr' id='par_1_77' title="bbox 1951 3418 3543 3490">
     <span class='ocr_line' id='line_1_77' title="bbox 1951 3418 3543 3490; baseline 0.006 -17"><span class='ocrx_word' id='word_1_572' title='bbox 1951 3418 2267 3490; x_wconf 88' lang='lat' dir='ltr'><strong>plerumque</strong></span> <span class='ocrx_word' id='word_1_573' title='bbox 2312 3419 2434 3475; x_wconf 89' lang='lat' dir='ltr'><strong>ﬁcta</strong></span> <span class='ocrx_word' id='word_1_574' title='bbox 2472 3429 2528 3476; x_wconf 92' lang='lat' dir='ltr'><strong>et</strong></span> <span class='ocrx_word' id='word_1_575' title='bbox 2557 3421 2806 3477; x_wconf 89' lang='lat' dir='ltr'><strong>simulata</strong></span> <span class='ocrx_word' id='word_1_576' title='bbox 2859 3431 3067 3480; x_wconf 83' lang='lat' dir='ltr'><strong>tantum</strong></span> <span class='ocrx_word' id='word_1_577' title='bbox 3126 3423 3292 3482; x_wconf 85' lang='lat' dir='ltr'><strong>fuisse</strong></span> <span class='ocrx_word' id='word_1_578' title='bbox 3320 3425 3543 3483; x_wconf 87' lang='lat' dir='ltr'><strong>vulnera</strong></span> 
     </span>
    </p>
   </div>
   <div class='ocr_carea' id='block_1_78' title="bbox 1948 3511 3542 3597">
    <p class='ocr_par' dir='ltr' id='par_1_78' title="bbox 1948 3511 3542 3597">
     <span class='ocr_line' id='line_1_78' title="bbox 1948 3511 3542 3597; baseline 0.006 -31"><span class='ocrx_word' id='word_1_579' title='bbox 1948 3511 2398 3568; x_wconf 86' lang='lat' dir='ltr'><strong>Bellonariorum.</strong></span> <span class='ocrx_word' id='word_1_580' title='bbox 2421 3514 2503 3597; x_wconf 67' lang='lat' dir='ltr'><strong>Eo</strong></span> <span class='ocrx_word' id='word_1_581' title='bbox 2528 3526 2795 3571; x_wconf 89' lang='lat' dir='ltr'><strong>venerunt</strong></span> <span class='ocrx_word' id='word_1_582' title='bbox 2817 3515 3049 3572; x_wconf 81' lang='lat' dir='ltr'><strong>fortasse</strong></span> <span class='ocrx_word' id='word_1_583' title='bbox 3072 3518 3408 3575; x_wconf 88' lang='lat' dir='ltr'><strong>mollioribus</strong></span> <span class='ocrx_word' id='word_1_584' title='bbox 3429 3519 3542 3575; x_wconf 88' lang='lat' dir='ltr'><strong>suis</strong></span> 
     </span>
    </p>
   </div>
   <div class='ocr_carea' id='block_1_79' title="bbox 1950 3607 3539 3676">
    <p class='ocr_par' dir='ltr' id='par_1_79' title="bbox 1950 3607 3539 3676">
     <span class='ocr_line' id='line_1_79' title="bbox 1950 3607 3539 3676; baseline 0.006 -16"><span class='ocrx_word' id='word_1_585' title='bbox 1950 3607 2497 3676; x_wconf 88' lang='lat' dir='ltr'><strong>interpretatiunculis</strong></span> <span class='ocrx_word' id='word_1_586' title='bbox 2554 3609 2770 3665; x_wconf 85' lang='lat' dir='ltr'><strong>fanatici</strong></span> <span class='ocrx_word' id='word_1_587' title='bbox 2823 3611 3175 3666; x_wconf 85' lang='lat' dir='ltr'><strong>recentiores.</strong></span> <span class='ocrx_word' id='word_1_588' title='bbox 3215 3612 3322 3668; x_wconf 87' lang='lat' dir='ltr'><strong>Sed</strong></span> <span class='ocrx_word' id='word_1_589' title='bbox 3349 3628 3539 3669; x_wconf 80' lang='lat' dir='ltr'><strong>verum</strong></span> 
     </span>
    </p>
   </div>
   <div class='ocr_carea' id='block_1_80' title="bbox 1951 3696 3542 3778">
    <p class='ocr_par' dir='ltr' id='par_1_80' title="bbox 1951 3696 3542 3778">
     <span class='ocr_line' id='line_1_80' title="bbox 1951 3696 3542 3778; baseline 0.006 -25"><span class='ocrx_word' id='word_1_590' title='bbox 1951 3696 2119 3755; x_wconf 88' lang='lat' dir='ltr'><strong>fuisse</strong></span> <span class='ocrx_word' id='word_1_591' title='bbox 2167 3701 2444 3770; x_wconf 78' lang='lat' dir='ltr'><strong>sanguinis</strong></span> <span class='ocrx_word' id='word_1_592' title='bbox 2484 3703 2831 3758; x_wconf 89' lang='lat' dir='ltr'><strong>emissionem</strong></span> <span class='ocrx_word' id='word_1_593' title='bbox 2880 3720 2998 3775; x_wconf 70' lang='lat' dir='ltr'><strong>qum</strong></span> <span class='ocrx_word' id='word_1_594' title='bbox 3050 3704 3118 3760; x_wconf 90' lang='lat' dir='ltr'><strong>ab</strong></span> <span class='ocrx_word' id='word_1_595' title='bbox 3147 3705 3542 3778; x_wconf 87' lang='lat' dir='ltr'><strong>antiquioribus</strong></span> 
     </span>
    </p>
   </div>
   <div class='ocr_carea' id='block_1_81' title="bbox 1950 3789 3542 3869">
    <p class='ocr_par' dir='ltr' id='par_1_81' title="bbox 1950 3789 3542 3869">
     <span class='ocr_line' id='line_1_81' title="bbox 1950 3789 3542 3869; baseline 0.006 -24"><span class='ocrx_word' id='word_1_596' title='bbox 1950 3789 2254 3847; x_wconf 88' lang='lat' dir='ltr'><strong>introducta</strong></span> <span class='ocrx_word' id='word_1_597' title='bbox 2302 3802 2410 3861; x_wconf 88' lang='lat' dir='ltr'><strong>est,</strong></span> <span class='ocrx_word' id='word_1_598' title='bbox 2442 3802 2497 3849; x_wconf 90' lang='lat' dir='ltr'><strong>et</strong></span> <span class='ocrx_word' id='word_1_599' title='bbox 2535 3811 2723 3851; x_wconf 89' lang='lat' dir='ltr'><strong>verum</strong></span> <span class='ocrx_word' id='word_1_600' title='bbox 2755 3795 2899 3851; x_wconf 91' lang='lat' dir='ltr'><strong>illam</strong></span> <span class='ocrx_word' id='word_1_601' title='bbox 2927 3813 3048 3869; x_wconf 64' lang='lat' dir='ltr'><strong>quae</strong></span> <span class='ocrx_word' id='word_1_602' title='bbox 3096 3813 3126 3852; x_wconf 85' lang='lat' dir='ltr'><strong>a</strong></span> <span class='ocrx_word' id='word_1_603' title='bbox 3159 3799 3417 3857; x_wconf 84' lang='lat' dir='ltr'><strong>militibus</strong></span> <span class='ocrx_word' id='word_1_604' title='bbox 3442 3800 3542 3855; x_wconf 84' lang='lat' dir='ltr'><strong>ob-</strong></span> 
     </span>
    </p>
   </div>
   <div class='ocr_carea' id='block_1_82' title="bbox 1948 3887 3543 3964">
    <p class='ocr_par' dir='ltr' id='par_1_82' title="bbox 1948 3887 3543 3964">
     <span class='ocr_line' id='line_1_82' title="bbox 1948 3887 3543 3964; baseline 0.007 -24"><span class='ocrx_word' id='word_1_605' title='bbox 1948 3895 2164 3941; x_wconf 84' lang='lat' dir='ltr'><strong>servata</strong></span> <span class='ocrx_word' id='word_1_606' title='bbox 2187 3896 2269 3942; x_wconf 88' lang='lat' dir='ltr'><strong>est</strong></span> <span class='ocrx_word' id='word_1_607' title='bbox 2294 3887 2531 3944; x_wconf 67' lang='lat' dir='ltr'><strong>Bellonae</strong></span> <span class='ocrx_word' id='word_1_608' title='bbox 2559 3890 2801 3957; x_wconf 90' lang='lat' dir='ltr'><strong>initiatis,</strong></span> <span class='ocrx_word' id='word_1_609' title='bbox 2826 3907 2858 3948; x_wconf 89' lang='lat' dir='ltr'><strong>e</strong></span> <span class='ocrx_word' id='word_1_610' title='bbox 2886 3891 3200 3964; x_wconf 90' lang='lat' dir='ltr'><strong>supradicto</strong></span> <span class='ocrx_word' id='word_1_611' title='bbox 3225 3893 3543 3951; x_wconf 88' lang='lat' dir='ltr'><strong>Tertulliani</strong></span> 
     </span>
    </p>
   </div>
   <div class='ocr_carea' id='block_1_83' title="bbox 1948 3975 3543 4056">
    <p class='ocr_par' dir='ltr' id='par_1_83' title="bbox 1948 3975 3543 4056">
     <span class='ocr_line' id='line_1_83' title="bbox 1948 3975 3543 4056; baseline 0.006 -25"><span class='ocrx_word' id='word_1_612' title='bbox 1948 3975 2071 4034; x_wconf 87' lang='lat' dir='ltr'><strong>loco</strong></span> <span class='ocrx_word' id='word_1_613' title='bbox 2099 3978 2406 4050; x_wconf 79' lang='lat' dir='ltr'><strong>colligimus</strong></span> <span class='ocrx_word' id='word_1_614' title='bbox 2437 3992 2597 4052; x_wconf 86' lang='lat' dir='ltr'><strong>atque</strong></span> <span class='ocrx_word' id='word_1_615' title='bbox 2625 3981 2856 4054; x_wconf 83' lang='lat' dir='ltr'><strong>Vegetii,</strong></span> <span class='ocrx_word' id='word_1_616' title='bbox 2878 3983 3216 4055; x_wconf 88' lang='lat' dir='ltr'><strong>aliorumque</strong></span> <span class='ocrx_word' id='word_1_617' title='bbox 3243 3985 3543 4056; x_wconf 90' lang='lat' dir='ltr'><strong>plerorum-</strong></span> 
     </span>
    </p>
   </div>
   <div class='ocr_carea' id='block_1_84' title="bbox 1948 4071 3544 4142">
    <p class='ocr_par' dir='ltr' id='par_1_84' title="bbox 1948 4071 3544 4142">
     <span class='ocr_line' id='line_1_84' title="bbox 1948 4071 3544 4142; baseline 0.005 -17"><span class='ocrx_word' id='word_1_618' title='bbox 1948 4085 2054 4140; x_wconf 88' lang='lat' dir='ltr'><strong>que</strong></span> <span class='ocrx_word' id='word_1_619' title='bbox 2067 4071 2157 4141; x_wconf 88' lang='lat' dir='ltr'><strong>qui</strong></span> <span class='ocrx_word' id='word_1_620' title='bbox 2173 4071 2330 4142; x_wconf 88' lang='lat' dir='ltr'><strong>hujus</strong></span> <span class='ocrx_word' id='word_1_621' title='bbox 2344 4073 2480 4130; x_wconf 89' lang='lat' dir='ltr'><strong>ritus</strong></span> <span class='ocrx_word' id='word_1_622' title='bbox 2493 4075 2874 4132; x_wconf 87' lang='lat' dir='ltr'><strong>meminerunt.</strong></span> <span class='ocrx_word' id='word_1_623' title='bbox 2889 4076 2960 4132; x_wconf 91' lang='lat' dir='ltr'><strong>Et</strong></span> <span class='ocrx_word' id='word_1_624' title='bbox 2977 4092 3106 4133; x_wconf 87' lang='lat' dir='ltr'><strong>vero</strong></span> <span class='ocrx_word' id='word_1_625' title='bbox 3121 4079 3544 4134; x_wconf 86' lang='lat' dir='ltr'><strong>vetustissimum</strong></span> 
     </span>
    </p>
   </div>
   <div class='ocr_carea' id='block_1_85' title="bbox 1948 4161 3545 4242">
    <p class='ocr_par' dir='ltr' id='par_1_85' title="bbox 1948 4161 3545 4242">
     <span class='ocr_line' id='line_1_85' title="bbox 1948 4161 3545 4242; baseline 0.007 -24"><span class='ocrx_word' id='word_1_626' title='bbox 1948 4161 2117 4219; x_wconf 89' lang='lat' dir='ltr'><strong>fuisse</strong></span> <span class='ocrx_word' id='word_1_627' title='bbox 2142 4164 2293 4220; x_wconf 90' lang='lat' dir='ltr'><strong>illum</strong></span> <span class='ocrx_word' id='word_1_628' title='bbox 2324 4165 2656 4223; x_wconf 88' lang='lat' dir='ltr'><strong>lustrationis</strong></span> <span class='ocrx_word' id='word_1_629' title='bbox 2691 4184 2896 4225; x_wconf 91' lang='lat' dir='ltr'><strong>morem</strong></span> <span class='ocrx_word' id='word_1_630' title='bbox 2928 4186 3026 4240; x_wconf 89' lang='lat' dir='ltr'><strong>per</strong></span> <span class='ocrx_word' id='word_1_631' title='bbox 3070 4172 3346 4242; x_wconf 84' lang='lat' dir='ltr'><strong>sanguinis</strong></span> <span class='ocrx_word' id='word_1_632' title='bbox 3386 4172 3545 4229; x_wconf 87' lang='lat' dir='ltr'><strong>emis-</strong></span> 
     </span>
    </p>
   </div>
   <div class='ocr_carea' id='block_1_86' title="bbox 1948 4256 3541 4335">
    <p class='ocr_par' dir='ltr' id='par_1_86' title="bbox 1948 4256 3541 4335">
     <span class='ocr_line' id='line_1_86' title="bbox 1948 4256 3541 4335; baseline 0.007 -24"><span class='ocrx_word' id='word_1_633' title='bbox 1948 4256 2156 4312; x_wconf 87' lang='lat' dir='ltr'><strong>sionem</strong></span> <span class='ocrx_word' id='word_1_634' title='bbox 2175 4273 2206 4313; x_wconf 92' lang='lat' dir='ltr'><strong>e</strong></span> <span class='ocrx_word' id='word_1_635' title='bbox 2231 4259 2644 4330; x_wconf 87' lang='lat' dir='ltr'><strong>quamplurimis</strong></span> <span class='ocrx_word' id='word_1_636' title='bbox 2668 4262 3189 4334; x_wconf 67' lang='lat' dir='ltr'><strong>constatScriptura:</strong></span> <span class='ocrx_word' id='word_1_637' title='bbox 3209 4264 3343 4321; x_wconf 89' lang='lat' dir='ltr'><strong>locis</strong></span> <span class='ocrx_word' id='word_1_638' title='bbox 3364 4264 3541 4335; x_wconf 77' lang='lat' dir='ltr'><strong>:Lev.,</strong></span> 
     </span>
    </p>
   </div>
   <div class='ocr_carea' id='block_1_87' title="bbox 1946 4349 3540 4426">
    <p class='ocr_par' dir='ltr' id='par_1_87' title="bbox 1946 4349 3540 4426">
     <span class='ocr_line' id='line_1_87' title="bbox 1946 4349 3540 4426; baseline 0.005 -23"><span class='ocrx_word' id='word_1_639' title='bbox 1946 4364 2064 4417; x_wconf 70' lang='lat' dir='ltr'><strong>11x,</strong></span> <span class='ocrx_word' id='word_1_640' title='bbox 2095 4349 2166 4406; x_wconf 70' lang='lat'><strong>28</strong></span> <span class='ocrx_word' id='word_1_641' title='bbox 2190 4366 2205 4416; x_wconf 91' lang='lat'><strong>;</strong></span> <span class='ocrx_word' id='word_1_642' title='bbox 2233 4349 2415 4417; x_wconf 71' lang='grc' dir='ltr'><strong>θεαί..</strong></span> <span class='ocrx_word' id='word_1_643' title='bbox 2445 4369 2554 4419; x_wconf 79' lang='lat' dir='ltr'><strong>xw,</strong></span> <span class='ocrx_word' id='word_1_644' title='bbox 2586 4354 2614 4409; x_wconf 72' lang='grc' dir='ltr'>ι</span> <span class='ocrx_word' id='word_1_645' title='bbox 2644 4370 2659 4420; x_wconf 88' lang='lat'><strong>;</strong></span> <span class='ocrx_word' id='word_1_646' title='bbox 2690 4353 2712 4409; x_wconf 88' lang='grc' dir='ltr'>Ι</span> <span class='ocrx_word' id='word_1_647' title='bbox 2743 4354 2895 4426; x_wconf 78' lang='lat' dir='ltr'><strong>Beg.,</strong></span> <span class='ocrx_word' id='word_1_648' title='bbox 2930 4372 3084 4424; x_wconf 81' lang='lat' dir='ltr'><strong>xvul,</strong></span> <span class='ocrx_word' id='word_1_649' title='bbox 3112 4356 3224 4424; x_wconf 67' lang='lat'><strong>‘38;</strong></span> <span class='ocrx_word' id='word_1_650' title='bbox 3256 4357 3396 4425; x_wconf 77' lang='lat' dir='ltr'><strong>Jer.,</strong></span> <span class='ocrx_word' id='word_1_651' title='bbox 3432 4372 3540 4424; x_wconf 78' lang='lat' dir='ltr'><strong>xvt,</strong></span> 
     </span>
    </p>
   </div>
   <div class='ocr_carea' id='block_1_88' title="bbox 1947 4441 3545 4520">
    <p class='ocr_par' dir='ltr' id='par_1_88' title="bbox 1947 4441 3545 4520">
     <span class='ocr_line' id='line_1_88' title="bbox 1947 4441 3545 4520; baseline 0.006 -24"><span class='ocrx_word' id='word_1_652' title='bbox 1947 4441 2100 4501; x_wconf 81' lang='lat' dir='ltr'><strong>6.1ta</strong></span> <span class='ocrx_word' id='word_1_653' title='bbox 2127 4458 2322 4515; x_wconf 87' lang='lat' dir='ltr'><strong>nempe</strong></span> <span class='ocrx_word' id='word_1_654' title='bbox 2350 4445 2592 4514; x_wconf 71' lang='lat' dir='ltr'><strong>Baalitaa,</strong></span> <span class='ocrx_word' id='word_1_655' title='bbox 2613 4446 2683 4502; x_wconf 91' lang='lat' dir='ltr'><strong>ita</strong></span> <span class='ocrx_word' id='word_1_656' title='bbox 2712 4446 2849 4504; x_wconf 85' lang='lat' dir='ltr'><strong>Galli</strong></span> <span class='ocrx_word' id='word_1_657' title='bbox 2878 4448 3130 4520; x_wconf 88' lang='lat' dir='ltr'><strong>(quorum</strong></span> <span class='ocrx_word' id='word_1_658' title='bbox 3159 4450 3304 4506; x_wconf 89' lang='lat' dir='ltr'><strong>diem</strong></span> <span class='ocrx_word' id='word_1_659' title='bbox 3331 4463 3545 4507; x_wconf 85' lang='lat' dir='ltr'><strong>sacrum</strong></span> 
     </span>
    </p>
   </div>
   <div class='ocr_carea' id='block_1_89' title="bbox 249 4535 3542 4619">
    <p class='ocr_par' dir='ltr' id='par_1_89' title="bbox 249 4535 3542 4619">
     <span class='ocr_line' id='line_1_89' title="bbox 249 4535 3542 4619; baseline -0.001 -16"><span class='ocrx_word' id='word_1_660' title='bbox 249 4547 395 4603; x_wconf 84' lang='lat' dir='ltr'><strong>hunc</strong></span> <span class='ocrx_word' id='word_1_661' title='bbox 429 4562 589 4619; x_wconf 84' lang='lat' dir='ltr'><strong>aquae</strong></span> <span class='ocrx_word' id='word_1_662' title='bbox 643 4547 1024 4619; x_wconf 85' lang='lat' dir='ltr'><strong>sanguinisque</strong></span> <span class='ocrx_word' id='word_1_663' title='bbox 1059 4547 1409 4618; x_wconf 90' lang='lat' dir='ltr'><strong>baptismum,</strong></span> <span class='ocrx_word' id='word_1_664' title='bbox 1438 4547 1630 4603; x_wconf 91' lang='lat' dir='ltr'><strong>eodem</strong></span> <span class='ocrx_word' id='word_1_665' title='bbox 1661 4547 1845 4604; x_wconf 91' lang='lat' dir='ltr'><strong>retulit</strong></span> <span class='ocrx_word' id='word_1_666' title='bbox 1867 4548 1922 4610; x_wconf 80' lang='lat'><strong>1)</strong></span> <span class='ocrx_word' id='word_1_667' title='bbox 1947 4551 2002 4591; x_wconf 85' lang='lat' dir='ltr'><strong>ut</strong></span> <span class='ocrx_word' id='word_1_668' title='bbox 2026 4535 2138 4593; x_wconf 82' lang='lat' dir='ltr'><strong>kal.</strong></span> <span class='ocrx_word' id='word_1_669' title='bbox 2191 4537 2348 4608; x_wconf 91' lang='lat' dir='ltr'><strong>april.</strong></span> <span class='ocrx_word' id='word_1_670' title='bbox 2399 4554 2558 4610; x_wconf 88' lang='lat' dir='ltr'><strong>quem</strong></span> <span class='ocrx_word' id='word_1_671' title='bbox 2610 4548 2666 4598; x_wconf 91' lang='lat' dir='ltr'><strong>et</strong></span> <span class='ocrx_word' id='word_1_672' title='bbox 2692 4544 2969 4613; x_wconf 87' lang='lat' dir='ltr'><strong>sanguinis</strong></span> <span class='ocrx_word' id='word_1_673' title='bbox 2997 4544 3139 4600; x_wconf 90' lang='lat' dir='ltr'><strong>diem</strong></span> <span class='ocrx_word' id='word_1_674' title='bbox 3179 4544 3542 4616; x_wconf 85' lang='lat' dir='ltr'><strong>appellabant,</strong></span> 
     </span>
    </p>
   </div>
   <div class='ocr_carea' id='block_1_90' title="bbox 247 4637 1846 4706">
    <p class='ocr_par' dir='ltr' id='par_1_90' title="bbox 247 4637 1846 4706">
     <span class='ocr_line' id='line_1_90' title="bbox 247 4637 1846 4706; baseline -0.001 -10"><span class='ocrx_word' id='word_1_675' title='bbox 247 4637 636 4696; x_wconf 77' lang='lat' dir='ltr'><strong>Tertullianus.</strong></span> <span class='ocrx_word' id='word_1_676' title='bbox 663 4638 819 4706; x_wconf 87' lang='lat' dir='ltr'><strong>Quod</strong></span> <span class='ocrx_word' id='word_1_677' title='bbox 845 4638 988 4695; x_wconf 89' lang='lat' dir='ltr'><strong>enim</strong></span> <span class='ocrx_word' id='word_1_678' title='bbox 1020 4639 1281 4694; x_wconf 90' lang='lat' dir='ltr'><strong>adversus</strong></span> <span class='ocrx_word' id='word_1_679' title='bbox 1329 4638 1550 4694; x_wconf 89' lang='lat' dir='ltr'><strong>eosdem</strong></span> <span class='ocrx_word' id='word_1_680' title='bbox 1579 4639 1846 4695; x_wconf 78' lang='lat' dir='ltr'><strong>adversa-</strong></span> 
     </span>
    </p>
   </div>
   <div class='ocr_carea' id='block_1_91' title="bbox 246 4731 1848 4805">
    <p class='ocr_par' dir='ltr' id='par_1_91' title="bbox 246 4731 1848 4805">
     <span class='ocr_line' id='line_1_91' title="bbox 246 4731 1848 4805; baseline 0.001 -17"><span class='ocrx_word' id='word_1_681' title='bbox 246 4734 358 4790; x_wconf 77' lang='lat' dir='ltr'><strong>rios</strong></span> <span class='ocrx_word' id='word_1_682' title='bbox 394 4733 704 4805; x_wconf 87' lang='lat' dir='ltr'><strong>conscripta</strong></span> <span class='ocrx_word' id='word_1_683' title='bbox 747 4741 930 4789; x_wconf 88' lang='lat' dir='ltr'><strong>essent</strong></span> <span class='ocrx_word' id='word_1_684' title='bbox 976 4732 1046 4788; x_wconf 88' lang='lat' dir='ltr'><strong>ab</strong></span> <span class='ocrx_word' id='word_1_685' title='bbox 1071 4732 1351 4802; x_wconf 78' lang='lat' dir='ltr'><strong>ApoStolo,</strong></span> <span class='ocrx_word' id='word_1_686' title='bbox 1384 4731 1509 4788; x_wconf 92' lang='lat' dir='ltr'><strong>inde</strong></span> <span class='ocrx_word' id='word_1_687' title='bbox 1556 4747 1685 4789; x_wconf 89' lang='lat' dir='ltr'><strong>sane</strong></span> <span class='ocrx_word' id='word_1_688' title='bbox 1715 4733 1848 4789; x_wconf 81' lang='lat' dir='ltr'><strong>veri-</strong></span> 
     </span>
    </p>
   </div>
   <div class='ocr_carea' id='block_1_92' title="bbox 246 4823 1846 4896">
    <p class='ocr_par' dir='ltr' id='par_1_92' title="bbox 246 4823 1846 4896">
     <span class='ocr_line' id='line_1_92' title="bbox 246 4823 1846 4896; baseline -0.001 -15"><span class='ocrx_word' id='word_1_689' title='bbox 246 4824 421 4882; x_wconf 77' lang='lat' dir='ltr'><strong>simile</strong></span> <span class='ocrx_word' id='word_1_690' title='bbox 446 4834 535 4882; x_wconf 84' lang='lat' dir='ltr'><strong>est</strong></span> <span class='ocrx_word' id='word_1_691' title='bbox 588 4824 783 4881; x_wconf 91' lang='lat' dir='ltr'><strong>eodem</strong></span> <span class='ocrx_word' id='word_1_692' title='bbox 811 4839 933 4881; x_wconf 87' lang='lat' dir='ltr'><strong>esse</strong></span> <span class='ocrx_word' id='word_1_693' title='bbox 960 4823 1263 4880; x_wconf 86' lang='lat' dir='ltr'><strong>referenda.</strong></span> <span class='ocrx_word' id='word_1_694' title='bbox 1298 4823 1367 4879; x_wconf 88' lang='lat' dir='ltr'><strong>Et</strong></span> <span class='ocrx_word' id='word_1_695' title='bbox 1389 4825 1514 4896; x_wconf 88' lang='lat' dir='ltr'><strong>quia</strong></span> <span class='ocrx_word' id='word_1_696' title='bbox 1542 4839 1665 4880; x_wconf 91' lang='lat' dir='ltr'><strong>cum</strong></span> <span class='ocrx_word' id='word_1_697' title='bbox 1692 4839 1846 4896; x_wconf 79' lang='lat' dir='ltr'><strong>aquae</strong></span> 
     </span>
    </p>
   </div>
   <div class='ocr_carea' id='block_1_93' title="bbox 248 4918 1846 4991">
    <p class='ocr_par' dir='ltr' id='par_1_93' title="bbox 248 4918 1846 4991">
     <span class='ocr_line' id='line_1_93' title="bbox 248 4918 1846 4991; baseline -0.001 -15"><span class='ocrx_word' id='word_1_698' title='bbox 248 4928 308 4976; x_wconf 89' lang='lat' dir='ltr'><strong>et</strong></span> <span class='ocrx_word' id='word_1_699' title='bbox 374 4920 607 4991; x_wconf 72' lang='lat' dir='ltr'><strong>Spiritus</strong></span> <span class='ocrx_word' id='word_1_700' title='bbox 683 4920 967 4991; x_wconf 90' lang='lat' dir='ltr'><strong>baptismis</strong></span> <span class='ocrx_word' id='word_1_701' title='bbox 1028 4920 1102 4976; x_wconf 89' lang='lat' dir='ltr'><strong>ita</strong></span> <span class='ocrx_word' id='word_1_702' title='bbox 1166 4920 1385 4990; x_wconf 84' lang='lat' dir='ltr'><strong>sanguis</strong></span> <span class='ocrx_word' id='word_1_703' title='bbox 1450 4919 1519 4974; x_wconf 91' lang='lat' dir='ltr'><strong>ab</strong></span> <span class='ocrx_word' id='word_1_704' title='bbox 1585 4918 1846 4990; x_wconf 83' lang='lat' dir='ltr'><strong>Apostolo</strong></span> 
     </span>
    </p>
   </div>
   <div class='ocr_carea' id='block_1_94' title="bbox 245 5011 1845 5087">
    <p class='ocr_par' dir='ltr' id='par_1_94' title="bbox 245 5011 1845 5087">
     <span class='ocr_line' id='line_1_94' title="bbox 245 5011 1845 5087; baseline 0.001 -19"><span class='ocrx_word' id='word_1_705' title='bbox 245 5012 296 5087; x_wconf 82' lang='grc' dir='ltr'><strong>(ι</strong></span> <span class='ocrx_word' id='word_1_706' title='bbox 321 5011 502 5083; x_wconf 61' lang='lat' dir='ltr'><strong>lcum,</strong></span> <span class='ocrx_word' id='word_1_707' title='bbox 523 5030 581 5082; x_wconf 85' lang='lat' dir='ltr'><strong>v,</strong></span> <span class='ocrx_word' id='word_1_708' title='bbox 607 5013 664 5087; x_wconf 90' lang='grc'><strong>8)</strong></span> <span class='ocrx_word' id='word_1_709' title='bbox 693 5013 991 5082; x_wconf 86' lang='lat' dir='ltr'><strong>confertur,</strong></span> <span class='ocrx_word' id='word_1_710' title='bbox 1020 5022 1078 5068; x_wconf 91' lang='lat' dir='ltr'><strong>ut</strong></span> <span class='ocrx_word' id='word_1_711' title='bbox 1104 5013 1221 5083; x_wconf 89' lang='lat' dir='ltr'><strong>ipse</strong></span> <span class='ocrx_word' id='word_1_712' title='bbox 1266 5011 1558 5068; x_wconf 84' lang='lat' dir='ltr'><strong>ternarium</strong></span> <span class='ocrx_word' id='word_1_713' title='bbox 1586 5024 1708 5066; x_wconf 91' lang='lat' dir='ltr'><strong>cum</strong></span> <span class='ocrx_word' id='word_1_714' title='bbox 1737 5011 1845 5069; x_wconf 85' lang='lat' dir='ltr'><strong>illis</strong></span> 
     </span>
    </p>
   </div>
   <div class='ocr_carea' id='block_1_95' title="bbox 244 5105 1845 5178">
    <p class='ocr_par' dir='ltr' id='par_1_95' title="bbox 244 5105 1845 5178">
     <span class='ocr_line' id='line_1_95' title="bbox 244 5105 1845 5178; baseline -0.002 -13"><span class='ocrx_word' id='word_1_715' title='bbox 244 5122 529 5165; x_wconf 86' lang='lat' dir='ltr'><strong>numerum</strong></span> <span class='ocrx_word' id='word_1_716' title='bbox 557 5108 1041 5178; x_wconf 88' lang='lat' dir='ltr'><strong>conﬁciat;plane</strong></span> <span class='ocrx_word' id='word_1_717' title='bbox 1091 5106 1334 5177; x_wconf 90' lang='lat' dir='ltr'><strong>sequitur</strong></span> <span class='ocrx_word' id='word_1_718' title='bbox 1386 5105 1635 5176; x_wconf 89' lang='lat' dir='ltr'><strong>baptismi</strong></span> <span class='ocrx_word' id='word_1_719' title='bbox 1682 5106 1845 5162; x_wconf 86' lang='lat' dir='ltr'><strong>etiam</strong></span> 
     </span>
    </p>
   </div>
   <div class='ocr_carea' id='block_1_96' title="bbox 242 5182 1845 5274">
    <p class='ocr_par' dir='ltr' id='par_1_96' title="bbox 242 5182 1845 5274">
     <span class='ocr_line' id='line_1_96' title="bbox 242 5182 1845 5274; baseline -0.005 -14"><span class='ocrx_word' id='word_1_720' title='bbox 242 5202 511 5260; x_wconf 75' lang='lat' dir='ltr'><strong>rationem</strong></span> <span class='ocrx_word' id='word_1_721' title='bbox 539 5202 789 5274; x_wconf 87' lang='lat' dir='ltr'><strong>sanguini</strong></span> <span class='ocrx_word' id='word_1_722' title='bbox 816 5215 938 5257; x_wconf 92' lang='lat' dir='ltr'><strong>cum</strong></span> <span class='ocrx_word' id='word_1_723' title='bbox 955 5182 1106 5270; x_wconf 71' lang='lat' dir='ltr'><strong>aqua</strong></span> <span class='ocrx_word' id='word_1_724' title='bbox 1131 5198 1296 5255; x_wconf 88' lang='lat' dir='ltr'><strong>fuisse</strong></span> <span class='ocrx_word' id='word_1_725' title='bbox 1314 5213 1680 5255; x_wconf 87' lang='lat' dir='ltr'><strong>communem.</strong></span> <span class='ocrx_word' id='word_1_726' title='bbox 1708 5198 1845 5268; x_wconf 83' lang='lat' dir='ltr'><strong>Quia</strong></span> 
     </span>
    </p>
   </div>
   <div class='ocr_carea' id='block_1_97' title="bbox 242 5290 1843 5367">
    <p class='ocr_par' dir='ltr' id='par_1_97' title="bbox 242 5290 1843 5367">
     <span class='ocr_line' id='line_1_97' title="bbox 242 5290 1843 5367; baseline -0.005 -13"><span class='ocrx_word' id='word_1_727' title='bbox 242 5295 408 5354; x_wconf 76' lang='lat' dir='ltr'><strong>etiam</strong></span> <span class='ocrx_word' id='word_1_728' title='bbox 430 5310 497 5353; x_wconf 79' lang='lat' dir='ltr'><strong>ex</strong></span> <span class='ocrx_word' id='word_1_729' title='bbox 525 5311 679 5367; x_wconf 67' lang='lat' dir='ltr'><strong>aqum</strong></span> <span class='ocrx_word' id='word_1_730' title='bbox 699 5303 755 5352; x_wconf 89' lang='lat' dir='ltr'><strong>et</strong></span> <span class='ocrx_word' id='word_1_731' title='bbox 780 5292 1057 5365; x_wconf 88' lang='lat' dir='ltr'><strong>sanguinis</strong></span> <span class='ocrx_word' id='word_1_732' title='bbox 1076 5292 1367 5349; x_wconf 86' lang='lat' dir='ltr'><strong>emissione</strong></span> <span class='ocrx_word' id='word_1_733' title='bbox 1392 5291 1467 5348; x_wconf 89' lang='lat' dir='ltr'><strong>ita</strong></span> <span class='ocrx_word' id='word_1_734' title='bbox 1496 5290 1843 5347; x_wconf 83' lang='lat' dir='ltr'><strong>antichristus</strong></span> 
     </span>
    </p>
   </div>
   <div class='ocr_carea' id='block_1_98' title="bbox 238 5383 1843 5459">
    <p class='ocr_par' dir='ltr' id='par_1_98' title="bbox 238 5383 1843 5459">
     <span class='ocr_line' id='line_1_98' title="bbox 238 5383 1843 5459; baseline -0.003 -15"><span class='ocrx_word' id='word_1_735' title='bbox 238 5386 443 5449; x_wconf 80' lang='lat' dir='ltr'><strong>refutat</strong></span> <span class='ocrx_word' id='word_1_736' title='bbox 469 5388 527 5446; x_wconf 89' lang='lat' dir='ltr'><strong>in</strong></span> <span class='ocrx_word' id='word_1_737' title='bbox 572 5386 866 5459; x_wconf 79' lang='lat' dir='ltr'><strong>Evangelia</strong></span> <span class='ocrx_word' id='word_1_738' title='bbox 895 5394 955 5442; x_wconf 87' lang='lat' dir='ltr'><strong>ut</strong></span> <span class='ocrx_word' id='word_1_739' title='bbox 982 5385 1035 5442; x_wconf 94' lang='lat' dir='ltr'><strong>in</strong></span> <span class='ocrx_word' id='word_1_740' title='bbox 1065 5384 1295 5456; x_wconf 88' lang='lat' dir='ltr'><strong>epistola</strong></span> <span class='ocrx_word' id='word_1_741' title='bbox 1320 5383 1577 5439; x_wconf 87' lang='lat' dir='ltr'><strong>refutarat</strong></span> <span class='ocrx_word' id='word_1_742' title='bbox 1622 5399 1722 5455; x_wconf 91' lang='lat' dir='ltr'><strong>per</strong></span> <span class='ocrx_word' id='word_1_743' title='bbox 1744 5384 1843 5440; x_wconf 84' lang='lat' dir='ltr'><strong>ud-</strong></span> 
     </span>
    </p>
   </div>
   <div class='ocr_carea' id='block_1_99' title="bbox 240 5478 1842 5554">
    <p class='ocr_par' dir='ltr' id='par_1_99' title="bbox 240 5478 1842 5554">
     <span class='ocr_line' id='line_1_99' title="bbox 240 5478 1842 5554; baseline -0.004 -12"><span class='ocrx_word' id='word_1_744' title='bbox 240 5492 469 5543; x_wconf 78' lang='lat' dir='ltr'><strong>ventum</strong></span> <span class='ocrx_word' id='word_1_745' title='bbox 514 5483 571 5545; x_wconf 88' lang='lat' dir='ltr'><strong>in</strong></span> <span class='ocrx_word' id='word_1_746' title='bbox 601 5497 743 5554; x_wconf 87' lang='lat' dir='ltr'><strong>aqua</strong></span> <span class='ocrx_word' id='word_1_747' title='bbox 781 5490 834 5537; x_wconf 91' lang='lat' dir='ltr'><strong>et</strong></span> <span class='ocrx_word' id='word_1_748' title='bbox 874 5481 1137 5552; x_wconf 88' lang='lat' dir='ltr'><strong>sanguine</strong></span> <span class='ocrx_word' id='word_1_749' title='bbox 1165 5497 1178 5535; x_wconf 90' lang='lat'><strong>:</strong></span> <span class='ocrx_word' id='word_1_750' title='bbox 1213 5478 1458 5550; x_wconf 85' lang='lat' dir='ltr'><strong>sequitur</strong></span> <span class='ocrx_word' id='word_1_751' title='bbox 1486 5486 1767 5549; x_wconf 77' lang='lat' dir='ltr'><strong>praeterea,</strong></span> <span class='ocrx_word' id='word_1_752' title='bbox 1798 5480 1842 5536; x_wconf 87' lang='lat' dir='ltr'><strong>si</strong></span> 
     </span>
    </p>
   </div>
   <div class='ocr_carea' id='block_1_100' title="bbox 240 5574 1843 5650">
    <p class='ocr_par' dir='ltr' id='par_1_100' title="bbox 240 5574 1843 5650">
     <span class='ocr_line' id='line_1_100' title="bbox 240 5574 1843 5650; baseline -0.002 -18"><span class='ocrx_word' id='word_1_753' title='bbox 240 5576 302 5635; x_wconf 82' lang='lat' dir='ltr'><strong>in</strong></span> <span class='ocrx_word' id='word_1_754' title='bbox 324 5575 557 5648; x_wconf 82' lang='lat' dir='ltr'><strong>epistola</strong></span> <span class='ocrx_word' id='word_1_755' title='bbox 586 5592 686 5650; x_wconf 90' lang='lat' dir='ltr'><strong>per</strong></span> <span class='ocrx_word' id='word_1_756' title='bbox 707 5576 1021 5647; x_wconf 85' lang='lat' dir='ltr'><strong>sanguinem</strong></span> <span class='ocrx_word' id='word_1_757' title='bbox 1048 5575 1344 5646; x_wconf 88' lang='lat' dir='ltr'><strong>baptismus</strong></span> <span class='ocrx_word' id='word_1_758' title='bbox 1372 5574 1648 5643; x_wconf 86' lang='lat' dir='ltr'><strong>sanguinis</strong></span> <span class='ocrx_word' id='word_1_759' title='bbox 1677 5574 1843 5630; x_wconf 89' lang='lat' dir='ltr'><strong>intel-</strong></span> 
     </span>
    </p>
   </div>
   <div class='ocr_carea' id='block_1_101' title="bbox 240 5666 1841 5743">
    <p class='ocr_par' dir='ltr' id='par_1_101' title="bbox 240 5666 1841 5743">
     <span class='ocr_line' id='line_1_101' title="bbox 240 5666 1841 5743; baseline -0.004 -14"><span class='ocrx_word' id='word_1_760' title='bbox 240 5668 499 5743; x_wconf 72' lang='lat' dir='ltr'><strong>ligendus</strong></span> <span class='ocrx_word' id='word_1_761' title='bbox 538 5671 640 5741; x_wconf 75' lang='lat' dir='ltr'><strong>sit,</strong></span> <span class='ocrx_word' id='word_1_762' title='bbox 688 5670 745 5726; x_wconf 89' lang='lat' dir='ltr'><strong>in</strong></span> <span class='ocrx_word' id='word_1_763' title='bbox 769 5669 1063 5727; x_wconf 86' lang='lat' dir='ltr'><strong>emissione</strong></span> <span class='ocrx_word' id='word_1_764' title='bbox 1105 5667 1264 5723; x_wconf 88' lang='lat' dir='ltr'><strong>etiam</strong></span> <span class='ocrx_word' id='word_1_765' title='bbox 1313 5666 1403 5725; x_wconf 88' lang='lat' dir='ltr'><strong>illa</strong></span> <span class='ocrx_word' id='word_1_766' title='bbox 1433 5681 1588 5738; x_wconf 71' lang='lat' dir='ltr'><strong>aqum</strong></span> <span class='ocrx_word' id='word_1_767' title='bbox 1627 5673 1683 5723; x_wconf 91' lang='lat' dir='ltr'><strong>et</strong></span> <span class='ocrx_word' id='word_1_768' title='bbox 1710 5681 1841 5723; x_wconf 87' lang='lat' dir='ltr'><strong>san-</strong></span> 
     </span>
    </p>
   </div>
   <div class='ocr_carea' id='block_1_102' title="bbox 226 5761 1840 5838">
    <p class='ocr_par' dir='ltr' id='par_1_102' title="bbox 226 5761 1840 5838">
     <span class='ocr_line' id='line_1_102' title="bbox 226 5761 1840 5838; baseline -0.001 -15"><span class='ocrx_word' id='word_1_769' title='bbox 226 5761 439 5836; x_wconf 70' lang='lat' dir='ltr'><strong>guinis,</strong></span> <span class='ocrx_word' id='word_1_770' title='bbox 474 5777 596 5838; x_wconf 62' lang='lat' dir='ltr'><strong>qua</strong></span> <span class='ocrx_word' id='word_1_771' title='bbox 645 5765 700 5825; x_wconf 86' lang='lat' dir='ltr'><strong>in</strong></span> <span class='ocrx_word' id='word_1_772' title='bbox 743 5761 1038 5835; x_wconf 73' lang='lat' dir='ltr'><strong>Evangelia</strong></span> <span class='ocrx_word' id='word_1_773' title='bbox 1087 5769 1447 5831; x_wconf 84' lang='lat' dir='ltr'><strong>memoratur,</strong></span> <span class='ocrx_word' id='word_1_774' title='bbox 1495 5775 1649 5833; x_wconf 83' lang='lat' dir='ltr'><strong>aquae</strong></span> <span class='ocrx_word' id='word_1_775' title='bbox 1678 5761 1840 5823; x_wconf 84' lang='lat' dir='ltr'><strong>etiam</strong></span> 
     </span>
    </p>
   </div>
   <div class='ocr_carea' id='block_1_103' title="bbox 1951 4631 3543 4709">
    <p class='ocr_par' dir='ltr' id='par_1_103' title="bbox 1951 4631 3543 4709">
     <span class='ocr_line' id='line_1_103' title="bbox 1951 4631 3543 4709; baseline 0.004 -25"><span class='ocrx_word' id='word_1_776' title='bbox 1951 4639 2219 4687; x_wconf 89' lang='lat' dir='ltr'><strong>memorat</strong></span> <span class='ocrx_word' id='word_1_777' title='bbox 2248 4632 2301 4687; x_wconf 93' lang='lat' dir='ltr'><strong>in</strong></span> <span class='ocrx_word' id='word_1_778' title='bbox 2335 4631 2399 4688; x_wconf 93' lang='lat' dir='ltr'><strong>D.</strong></span> <span class='ocrx_word' id='word_1_779' title='bbox 2440 4631 2665 4689; x_wconf 88' lang='lat' dir='ltr'><strong>Claudio</strong></span> <span class='ocrx_word' id='word_1_780' title='bbox 2700 4635 3006 4691; x_wconf 87' lang='lat' dir='ltr'><strong>Trebellius</strong></span> <span class='ocrx_word' id='word_1_781' title='bbox 3034 4636 3230 4707; x_wconf 89' lang='lat' dir='ltr'><strong>Pollio,</strong></span> <span class='ocrx_word' id='word_1_782' title='bbox 3262 4651 3543 4709; x_wconf 86' lang='lat' dir='ltr'><strong>perperam</strong></span> 
     </span>
    </p>
   </div>
   <div class='ocr_carea' id='block_1_104' title="bbox 1949 4724 3545 4800">
    <p class='ocr_par' dir='ltr' id='par_1_104' title="bbox 1949 4724 3545 4800">
     <span class='ocr_line' id='line_1_104' title="bbox 1949 4724 3545 4800; baseline 0.004 -21"><span class='ocrx_word' id='word_1_783' title='bbox 1949 4724 2094 4779; x_wconf 90' lang='lat' dir='ltr'><strong>enim</strong></span> <span class='ocrx_word' id='word_1_784' title='bbox 2142 4739 2205 4780; x_wconf 90' lang='lat' dir='ltr'><strong>ea</strong></span> <span class='ocrx_word' id='word_1_785' title='bbox 2235 4724 2303 4780; x_wconf 91' lang='lat' dir='ltr'><strong>ad</strong></span> <span class='ocrx_word' id='word_1_786' title='bbox 2350 4725 2630 4783; x_wconf 88' lang='lat' dir='ltr'><strong>Bellonam</strong></span> <span class='ocrx_word' id='word_1_787' title='bbox 2675 4730 2864 4785; x_wconf 89' lang='lat' dir='ltr'><strong>retulit</strong></span> <span class='ocrx_word' id='word_1_788' title='bbox 2912 4730 3280 4797; x_wconf 85' lang='lat' dir='ltr'><strong>Casaubonus,</strong></span> <span class='ocrx_word' id='word_1_789' title='bbox 3329 4744 3449 4800; x_wconf 83' lang='lat' dir='ltr'><strong>quae</strong></span> <span class='ocrx_word' id='word_1_790' title='bbox 3474 4728 3545 4785; x_wconf 89' lang='lat' dir='ltr'><strong>ad</strong></span> 
     </span>
    </p>
   </div>
   <div class='ocr_carea' id='block_1_105' title="bbox 1947 4821 3546 4895">
    <p class='ocr_par' dir='ltr' id='par_1_105' title="bbox 1947 4821 3546 4895">
     <span class='ocr_line' id='line_1_105' title="bbox 1947 4821 3546 4895; baseline 0.003 -20"><span class='ocrx_word' id='word_1_791' title='bbox 1947 4834 2196 4889; x_wconf 88' lang='lat' dir='ltr'><strong>magnam</strong></span> <span class='ocrx_word' id='word_1_792' title='bbox 2228 4830 2455 4876; x_wconf 91' lang='lat' dir='ltr'><strong>matrem</strong></span> <span class='ocrx_word' id='word_1_793' title='bbox 2485 4822 2604 4892; x_wconf 89' lang='lat' dir='ltr'><strong>ipse</strong></span> <span class='ocrx_word' id='word_1_794' title='bbox 2626 4823 2807 4880; x_wconf 89' lang='lat' dir='ltr'><strong>retulit</strong></span> <span class='ocrx_word' id='word_1_795' title='bbox 2829 4823 3177 4895; x_wconf 83' lang='lat' dir='ltr'><strong>Trebellius),</strong></span> <span class='ocrx_word' id='word_1_796' title='bbox 3205 4824 3276 4878; x_wconf 86' lang='lat' dir='ltr'><strong>ita</strong></span> <span class='ocrx_word' id='word_1_797' title='bbox 3301 4821 3457 4877; x_wconf 88' lang='lat' dir='ltr'><strong>lsiaci</strong></span> <span class='ocrx_word' id='word_1_798' title='bbox 3488 4829 3546 4879; x_wconf 87' lang='lat' dir='ltr'><strong>et</strong></span> 
     </span>
    </p>
   </div>
   <div class='ocr_carea' id='block_1_106' title="bbox 1947 4914 3545 4991">
    <p class='ocr_par' dir='ltr' id='par_1_106' title="bbox 1947 4914 3545 4991">
     <span class='ocr_line' id='line_1_106' title="bbox 1947 4914 3545 4991; baseline 0.001 -20"><span class='ocrx_word' id='word_1_799' title='bbox 1947 4915 2175 4987; x_wconf 88' lang='lat' dir='ltr'><strong>Luperci</strong></span> <span class='ocrx_word' id='word_1_800' title='bbox 2200 4914 2379 4989; x_wconf 83' lang='lat' dir='ltr'><strong>ﬂagris</strong></span> <span class='ocrx_word' id='word_1_801' title='bbox 2414 4931 2534 4974; x_wconf 89' lang='lat' dir='ltr'><strong>sese</strong></span> <span class='ocrx_word' id='word_1_802' title='bbox 2572 4927 2919 4991; x_wconf 87' lang='lat' dir='ltr'><strong>pectorumve</strong></span> <span class='ocrx_word' id='word_1_803' title='bbox 2941 4918 3277 4974; x_wconf 88' lang='lat' dir='ltr'><strong>tunsionibus</strong></span> <span class='ocrx_word' id='word_1_804' title='bbox 3306 4916 3447 4973; x_wconf 90' lang='lat' dir='ltr'><strong>male</strong></span> <span class='ocrx_word' id='word_1_805' title='bbox 3476 4916 3545 4972; x_wconf 90' lang='lat' dir='ltr'><strong>ad</strong></span> 
     </span>
    </p>
   </div>
   <div class='ocr_carea' id='block_1_107' title="bbox 1947 5010 3546 5084">
    <p class='ocr_par' dir='ltr' id='par_1_107' title="bbox 1947 5010 3546 5084">
     <span class='ocr_line' id='line_1_107' title="bbox 1947 5010 3546 5084; baseline 0.001 -18"><span class='ocrx_word' id='word_1_806' title='bbox 1947 5010 2224 5082; x_wconf 83' lang='lat' dir='ltr'><strong>sanguinis</strong></span> <span class='ocrx_word' id='word_1_807' title='bbox 2249 5012 2561 5068; x_wconf 90' lang='lat' dir='ltr'><strong>missionem</strong></span> <span class='ocrx_word' id='word_1_808' title='bbox 2581 5029 2751 5084; x_wconf 88' lang='lat' dir='ltr'><strong>usque</strong></span> <span class='ocrx_word' id='word_1_809' title='bbox 2774 5012 3321 5069; x_wconf 67' lang='lat' dir='ltr'><strong>mulctamesEodem</strong></span> <span class='ocrx_word' id='word_1_810' title='bbox 3341 5012 3546 5069; x_wconf 88' lang='lat' dir='ltr'><strong>scilicet</strong></span> 
     </span>
    </p>
   </div>
   <div class='ocr_carea' id='block_1_108' title="bbox 1947 5104 3543 5179">
    <p class='ocr_par' dir='ltr' id='par_1_108' title="bbox 1947 5104 3543 5179">
     <span class='ocr_line' id='line_1_108' title="bbox 1947 5104 3543 5179; baseline 0.001 -19"><span class='ocrx_word' id='word_1_811' title='bbox 1947 5105 2198 5175; x_wconf 80' lang='lat' dir='ltr'><strong>exemplo</strong></span> <span class='ocrx_word' id='word_1_812' title='bbox 2245 5120 2351 5176; x_wconf 91' lang='lat' dir='ltr'><strong>quo</strong></span> <span class='ocrx_word' id='word_1_813' title='bbox 2401 5120 2497 5161; x_wconf 90' lang='lat' dir='ltr'><strong>sua</strong></span> <span class='ocrx_word' id='word_1_814' title='bbox 2526 5122 2739 5179; x_wconf 85' lang='lat' dir='ltr'><strong>quoque</strong></span> <span class='ocrx_word' id='word_1_815' title='bbox 2786 5122 2906 5164; x_wconf 91' lang='lat' dir='ltr'><strong>cum</strong></span> <span class='ocrx_word' id='word_1_816' title='bbox 2956 5105 3292 5162; x_wconf 66' lang='lat' dir='ltr'><strong>daemonibus</strong></span> <span class='ocrx_word' id='word_1_817' title='bbox 3341 5104 3543 5162; x_wconf 64' lang='lat' dir='ltr'><strong>foedera</strong></span> 
     </span>
    </p>
   </div>
   <div class='ocr_carea' id='block_1_109' title="bbox 1947 5198 3405 5274">
    <p class='ocr_par' dir='ltr' id='par_1_109' title="bbox 1947 5198 3405 5274">
     <span class='ocr_line' id='line_1_109' title="bbox 1947 5198 3405 5274; baseline -0.001 -19"><span class='ocrx_word' id='word_1_818' title='bbox 1947 5198 2215 5256; x_wconf 75' lang='lat' dir='ltr'><strong>Veneﬁcae</strong></span> <span class='ocrx_word' id='word_1_819' title='bbox 2242 5201 2403 5256; x_wconf 90' lang='lat' dir='ltr'><strong>etiam</strong></span> <span class='ocrx_word' id='word_1_820' title='bbox 2425 5203 2687 5274; x_wconf 87' lang='lat' dir='ltr'><strong>sanguine</strong></span> <span class='ocrx_word' id='word_1_821' title='bbox 2713 5201 2968 5257; x_wconf 85' lang='lat' dir='ltr'><strong>dicuntur</strong></span> <span class='ocrx_word' id='word_1_822' title='bbox 2991 5199 3152 5257; x_wconf 87' lang='lat' dir='ltr'><strong>hodie</strong></span> <span class='ocrx_word' id='word_1_823' title='bbox 3174 5201 3405 5257; x_wconf 85' lang='lat' dir='ltr'><strong>sancire.</strong></span> 
     </span>
    </p>
   </div>
   <div class='ocr_carea' id='block_1_110' title="bbox 2019 5292 3547 5366">
    <p class='ocr_par' dir='ltr' id='par_1_110' title="bbox 2019 5292 3547 5366">
     <span class='ocr_line' id='line_1_110' title="bbox 2019 5292 3547 5366; baseline 0.001 -19"><span class='ocrx_word' id='word_1_824' title='bbox 2019 5292 2047 5366; x_wconf 63' lang='grc' dir='ltr'>δ</span> <span class='ocrx_word' id='word_1_825' title='bbox 2075 5293 2241 5349; x_wconf 87' lang='grc'><strong>18.-</strong></span> <span class='ocrx_word' id='word_1_826' title='bbox 2261 5292 2446 5366; x_wconf 84' lang='lat' dir='ltr'><strong>Neque</strong></span> <span class='ocrx_word' id='word_1_827' title='bbox 2464 5311 2594 5351; x_wconf 91' lang='lat' dir='ltr'><strong>vero</strong></span> <span class='ocrx_word' id='word_1_828' title='bbox 2616 5295 2888 5351; x_wconf 89' lang='lat' dir='ltr'><strong>initiorum</strong></span> <span class='ocrx_word' id='word_1_829' title='bbox 2918 5295 3196 5351; x_wconf 79' lang='lat' dir='ltr'><strong>dumtaxat</strong></span> <span class='ocrx_word' id='word_1_830' title='bbox 3222 5295 3393 5351; x_wconf 83' lang='lat' dir='ltr'><strong>vicem</strong></span> <span class='ocrx_word' id='word_1_831' title='bbox 3417 5309 3547 5366; x_wconf 86' lang='lat' dir='ltr'><strong>sup-</strong></span> 
     </span>
    </p>
   </div>
   <div class='ocr_carea' id='block_1_111' title="bbox 1949 5385 3547 5458">
    <p class='ocr_par' dir='ltr' id='par_1_111' title="bbox 1949 5385 3547 5458">
     <span class='ocr_line' id='line_1_111' title="bbox 1949 5385 3547 5458; baseline 0.001 -18"><span class='ocrx_word' id='word_1_832' title='bbox 1949 5385 2127 5457; x_wconf 89' lang='lat' dir='ltr'><strong>plebat</strong></span> <span class='ocrx_word' id='word_1_833' title='bbox 2183 5387 2519 5458; x_wconf 89' lang='lat' dir='ltr'><strong>baptismus,</strong></span> <span class='ocrx_word' id='word_1_834' title='bbox 2575 5386 2715 5458; x_wconf 90' lang='lat' dir='ltr'><strong>pacti</strong></span> <span class='ocrx_word' id='word_1_835' title='bbox 2754 5390 2914 5443; x_wconf 89' lang='lat' dir='ltr'><strong>etiam</strong></span> <span class='ocrx_word' id='word_1_836' title='bbox 2965 5388 3110 5443; x_wconf 89' lang='lat' dir='ltr'><strong>illam</strong></span> <span class='ocrx_word' id='word_1_837' title='bbox 3151 5387 3446 5443; x_wconf 87' lang='lat' dir='ltr'><strong>obtinebat.</strong></span> <span class='ocrx_word' id='word_1_838' title='bbox 3473 5388 3547 5442; x_wconf 88' lang='lat' dir='ltr'><strong>At</strong></span> 
     </span>
    </p>
   </div>
   <div class='ocr_carea' id='block_1_112' title="bbox 1949 5478 3542 5551">
    <p class='ocr_par' dir='ltr' id='par_1_112' title="bbox 1949 5478 3542 5551">
     <span class='ocr_line' id='line_1_112' title="bbox 1949 5478 3542 5551; baseline 0.001 -18"><span class='ocrx_word' id='word_1_839' title='bbox 1949 5478 2333 5551; x_wconf 75' lang='lat' dir='ltr'><strong>paciScentium</strong></span> <span class='ocrx_word' id='word_1_840' title='bbox 2359 5495 2571 5551; x_wconf 88' lang='lat' dir='ltr'><strong>quoque</strong></span> <span class='ocrx_word' id='word_1_841' title='bbox 2600 5495 2717 5535; x_wconf 91' lang='lat' dir='ltr'><strong>mos</strong></span> <span class='ocrx_word' id='word_1_842' title='bbox 2742 5490 2860 5536; x_wconf 86' lang='lat' dir='ltr'><strong>erat</strong></span> <span class='ocrx_word' id='word_1_843' title='bbox 2889 5496 2987 5536; x_wconf 89' lang='lat' dir='ltr'><strong>suo</strong></span> <span class='ocrx_word' id='word_1_844' title='bbox 3015 5480 3250 5536; x_wconf 86' lang='lat' dir='ltr'><strong>invicem</strong></span> <span class='ocrx_word' id='word_1_845' title='bbox 3280 5480 3542 5551; x_wconf 86' lang='lat' dir='ltr'><strong>sanguine</strong></span> 
     </span>
    </p>
   </div>
   <div class='ocr_carea' id='block_1_113' title="bbox 1947 5570 3547 5640">
    <p class='ocr_par' dir='ltr' id='par_1_113' title="bbox 1947 5570 3547 5640">
     <span class='ocr_line' id='line_1_113' title="bbox 1947 5570 3547 5640; baseline -0.001 -12"><span class='ocrx_word' id='word_1_846' title='bbox 1947 5572 2151 5629; x_wconf 84' lang='lat' dir='ltr'><strong>foedera</strong></span> <span class='ocrx_word' id='word_1_847' title='bbox 2198 5574 2427 5628; x_wconf 89' lang='lat' dir='ltr'><strong>sancire.</strong></span> <span class='ocrx_word' id='word_1_848' title='bbox 2460 5573 2537 5628; x_wconf 88' lang='lat' dir='ltr'><strong>lta</strong></span> <span class='ocrx_word' id='word_1_849' title='bbox 2583 5572 3053 5631; x_wconf 89' lang='lat' dir='ltr'><strong>circumcisionem</strong></span> <span class='ocrx_word' id='word_1_850' title='bbox 3097 5587 3248 5628; x_wconf 90' lang='lat' dir='ltr'><strong>suam</strong></span> <span class='ocrx_word' id='word_1_851' title='bbox 3278 5570 3547 5640; x_wconf 85' lang='lat' dir='ltr'><strong>intellige-</strong></span> 
     </span>
    </p>
   </div>
   <div class='ocr_carea' id='block_1_114' title="bbox 1946 5664 3545 5739">
    <p class='ocr_par' dir='ltr' id='par_1_114' title="bbox 1946 5664 3545 5739">
     <span class='ocr_line' id='line_1_114' title="bbox 1946 5664 3545 5739; baseline -0.006 -15"><span class='ocrx_word' id='word_1_852' title='bbox 1946 5668 2077 5724; x_wconf 84' lang='lat' dir='ltr'><strong>hant</strong></span> <span class='ocrx_word' id='word_1_853' title='bbox 2103 5667 2294 5726; x_wconf 82' lang='lat' dir='ltr'><strong>Judaei.</strong></span> <span class='ocrx_word' id='word_1_854' title='bbox 2318 5665 2472 5722; x_wconf 90' lang='lat' dir='ltr'><strong>Unde</strong></span> <span class='ocrx_word' id='word_1_855' title='bbox 2509 5667 2671 5724; x_wconf 87' lang='lat' dir='ltr'><strong>etiam</strong></span> <span class='ocrx_word' id='word_1_856' title='bbox 2718 5667 2807 5739; x_wconf 93' lang='lat' dir='ltr'><strong>qui</strong></span> <span class='ocrx_word' id='word_1_857' title='bbox 2833 5676 2996 5739; x_wconf 90' lang='lat' dir='ltr'><strong>pacto</strong></span> <span class='ocrx_word' id='word_1_858' title='bbox 3038 5664 3275 5720; x_wconf 85' lang='lat' dir='ltr'><strong>mosaico</strong></span> <span class='ocrx_word' id='word_1_859' title='bbox 3304 5674 3405 5733; x_wconf 81' lang='lat' dir='ltr'><strong>per</strong></span> <span class='ocrx_word' id='word_1_860' title='bbox 3430 5675 3545 5717; x_wconf 86' lang='lat' dir='ltr'><strong>san-</strong></span> 
     </span>
    </p>
   </div>
   <div class='ocr_carea' id='block_1_115' title="bbox 1945 5755 3562 5837">
    <p class='ocr_par' dir='ltr' id='par_1_115' title="bbox 1945 5755 3562 5837">
     <span class='ocr_line' id='line_1_115' title="bbox 1945 5755 3562 5837; baseline -0.008 -11"><span class='ocrx_word' id='word_1_861' title='bbox 1945 5763 2166 5834; x_wconf 69' lang='lat' dir='ltr'><strong>guinem</strong></span> <span class='ocrx_word' id='word_1_862' title='bbox 2199 5760 2442 5822; x_wconf 78' lang='lat' dir='ltr'><strong>initiatus</strong></span> <span class='ocrx_word' id='word_1_863' title='bbox 2464 5760 2678 5837; x_wconf 82' lang='lat' dir='ltr'><strong>luisset,</strong></span> <span class='ocrx_word' id='word_1_864' title='bbox 2700 5775 2843 5832; x_wconf 87' lang='lat' dir='ltr'><strong>cum,</strong></span> <span class='ocrx_word' id='word_1_865' title='bbox 2864 5773 2974 5829; x_wconf 86' lang='lat' dir='ltr'><strong>pro</strong></span> <span class='ocrx_word' id='word_1_866' title='bbox 2999 5756 3232 5826; x_wconf 76' lang='lat' dir='ltr'><strong>receptis</strong></span> <span class='ocrx_word' id='word_1_867' title='bbox 3251 5755 3562 5814; x_wconf 59' lang='lat' dir='ltr'><strong>lamnarum</strong></span> 
     </span>
    </p>
   </div>
  </div>
