3990 6060
400 184 473 242 65
1397 173 1763 237 DODWELLI
1802 170 2256 234 DlSSERTATlO
2293 175 2708 239 CYPRIANICA
3638 180 3723 241 Gl»

403 304 664 373 moribus,
687 310 798 393 inn
838 308 988 362 nam
1015 301 1343 374 appellatum
1370 300 1435 357 ad
1464 298 1665 367 Exod.,
1694 314 1768 365 iV,
1792 297 1885 365 26,
1909 296 2006 352 oh-
2034 295 2085 355 A
2115 293 2250 349 irato
2302 293 2524 352 numine
2568 296 2757 366 patriae
2802 296 3079 356 calamitas
3108 313 3231 372 quae
3274 300 3567 357 multorum
3592 304 3724 359 exi-

406 392 703 456 servarunt
740 397 925 455 Medus
978 405 1139 467 atque
1181 394 1498 466 Gregorius,
1529 403 1584 450 et
1632 402 1756 448 ante
1812 392 1931 447 illos
1955 392 2004 445 in

405 490 610 549 Lexico
640 507 740 547 suo
777 488 1152 547 Scliindlerus.
1183 487 1329 544 Idem
1384 488 1437 543 in
1489 486 1766 558 gentilium
1795 498 2006 556 quoque

408 585 584 658 pactis
611 583 861 650 obtinuit,
892 598 1124 654 quorum
1160 581 1413 652 equidem
1437 579 1752 636 memoriam
1777 577 2006 646 aliquam

409 677 576 735 hodie
615 677 930 744 retinemus,
963 676 1372 748 antiquissimis.
1408 675 1484 731 De
1514 673 1681 731 Medis
1705 682 1865 743 atque
1905 670 2009 743 Ly-

413 770 497 828 dis
521 779 710 826 auctor
751 778 831 826 est
884 770 939 825 in
982 768 1100 825 Clio
1146 769 1467 837 Herodotus,
1510 765 1656 844 ὅρκια
1686 765 1740 822 δέ
1777 766 2007 821 ποιέεται

408 871 582 922 ταῦτα
604 866 673 921 τὰ
704 861 852 920 ἔθνεα
895 864 1119 941 τάπερτι
1163 863 1391 925 Eumer
1436 867 1524 918 καὶ
1567 861 1697 938 πρὸς
1734 861 1827 915 τού
1880 877 2015 911 τοισι

408 960 567 1017 ἕπεὰν
593 960 717 1021 τοὺς
737 959 1028 1037 βραχίονας
1058 957 1427 1033 ἐπιτάμωνται.
1449 978 1502 1020 ις
1522 960 1613 1016 τὴν
1635 951 1939 1030 ὁμοχροιΐην
1959 950 2015 1004 τὸ

413 1049 544 1126 αἷμα
582 1052 925 1125 ἀναλείχουσι
962 1051 1201 1111 ἀλλήλων.
1234 1052 1308 1109 De
1337 1051 1546 1123 Scythis
1567 1051 1618 1104 in
1649 1046 1970 1118 Melpomene
1997 1058 2015 1095 :

419 1142 570 1220 ὅρκια
611 1140 665 1197 δὲ
688 1148 957 1199 ποιοῦνται
978 1146 1159 1199 Σκύθαι
1182 1141 1277 1200 ὧδε
1295 1188 1309 1209 ,
1337 1146 1467 1221 πρὸς·
1488 1142 1611 1202 τούς
1637 1134 1696 1195 ἂν
1723 1139 2013 1194 ποιέωνται·

416 1242 467 1296 ις
488 1235 671 1289 κύλικα
695 1235 915 1308 μεγάλην
944 1239 1217 1312 κεραμίνην
1245 1233 1373 1292 οἶνον
1397 1237 1694 1309 ἐγχέαντες,
1726 1227 1857 1305 αἷμα
1878 1253 2013 1302 συμ-

414 1330 664 1404 μίσγουσι
688 1337 788 1386 τῶν
824 1330 890 1385 τὰ
916 1328 1064 1407 ὅρκια
1092 1332 1437 1403 ταμνομένων.
1471 1329 1547 1384 De
1573 1329 1763 1386 iisdem
1801 1328 2019 1399 Scythis

414 1428 580 1490 atque
608 1419 780 1476 Medis
821 1420 892 1475 ita
933 1420 1191 1477 Solinus:
1230 1421 1489 1476 «aﬂaustu
1534 1421 1708 1476 mutui
1738 1421 2017 1492 sanguinis

414 1510 594 1569 ftedus
626 1513 894 1577 sanciunt,
924 1528 1030 1569 non
1061 1528 1162 1569 suo
1194 1523 1398 1569 tantum
1422 1528 1594 1578 more,
1621 1512 1715 1569 sed
1737 1513 2014 1570 Medorum

416 1618 632 1675 quoque
667 1613 920 1675 usurpata
946 1605 1250 1676 disciplina.
1290 1623 1309 1658 ι
1346 1605 1656 1678 (Po!yhist.,
1705 1620 1758 1662 c.
1789 1606 1908 1677 ‘20.)
1948 1606 2017 1661 Et

2120 389 2254 445 lium
2282 390 2638 460 epidcmicum
2667 393 2986 460 minaretur,
3032 395 3325 451 multorum
3358 395 3480 451 vitae
3507 409 3727 467 pauco-

2116 500 2234 539 rum
2290 494 2447 540 erant
2497 487 2757 559 sanguine
2802 486 3167 555 redimendae,
3206 491 3321 545 sive
3370 489 3414 546 is
3445 491 3725 547 sacriﬁcio

2116 587 2279 645 esset,
2305 578 2419 633 sive
2445 578 2550 634 alio
2579 578 2759 647 aliquo
2798 578 2958 637 modo
2984 579 3333 639 hauriendus.
3359 582 3488 638 Eam
3516 585 3725 661 ἀνθρω-

2124 674 2393 741 ποθυσίας,
2425 672 2566 744 apud
2592 673 2878 729 Phtenicas
2907 674 3168 730 rationem
3192 674 3424 732 reddidit
3451 675 3576 749 (Ap.
3607 674 3727 730 Eu-

2117 763 2243 828 seb.,
2264 762 2440 837 Ριτερ.
2466 782 2671 838 evang.,
2688 783 2724 835 ι,
2743 765 2810 822 10
2827 770 2939 835 ;'tv,
2959 764 3028 824 16
3046 783 3061 826 :
3080 764 3445 840 Porphyr.,de
3459 767 3628 836 Abst.,
3658 784 3722 835 ιι,

2119 853 2233 928 hii),
2255 857 2395 927 apud
2425 856 2701 915 Philonem
2731 858 2994 932 Byblium,
3025 860 3234 916 Pseudo
3264 860 3566 919 Sanchonia
3585 860 3726 917 thon

2117 958 2326 1015 auctor,
2357 959 2414 1003 nt
2441 950 2601 1021 vulgo
2627 953 2887 1018 creditur,
2910 954 3323 1012 vetustissimus.
3353 953 3606 1012 Eamdem
3633 955 3729 1013 di-

2117 1050 2244 1096 cunt
2277 1041 2540 1098 rationem
2567 1045 2879 1117 fmythnlogi
2925 1062 3022 1102 cur
3064 1047 3306 1120 Phryrus
3354 1058 3410 1104 et
3440 1048 3590 1105 Helle
3619 1064 3723 1104 sa-

2118 1136 2325 1191 criﬁcio
2348 1137 2772 1205 destinarentur,
2805 1155 2926 1196 cum
2957 1151 3114 1197 terrae
3143 1142 3398 1199 sterilitas
3432 1143 3531 1217 (ita
3559 1143 3725 1199 enim

2120 1228 2431 1284 Athamanti
2455 1233 2721 1300 persuasit
2749 1231 2867 1305 Ino)
2892 1234 3082 1288 famem
3115 1234 3430 1292 minaretur.
3455 1234 3727 1291 Eamdem

2119 1335 2218 1376 cur
2244 1321 2438 1378 Leonis
2485 1322 2631 1390 ﬁliae,
2662 1338 2761 1378 cur
2807 1325 3175 1393 Andromeda,
3221 1341 3318 1382 cur
3342 1326 3533 1392 etiam,
3574 1325 3726 1397 apud

2120 1414 2453 1473 recentiores
2497 1416 2788 1483 Romanos,
2805 1414 3019 1474 Curtius
3045 1428 3100 1475 et
3126 1419 3237 1475 duo
3264 1419 3411 1475 Decii
3430 1433 3509 1484 se,
3533 1417 3731 1490 patriae

2121 1507 2403 1563 servandae
2433 1509 2762 1581 augendaeve
2789 1511 3162 1582 gratia,exitio
3185 1512 3528 1571 devoverint.
3557 1512 3731 1568 Exer-

2120 1601 2261 1661 citus
2284 1604 2511 1659 salutem
2544 1604 2712 1659 voluit
2735 1606 3104 1675 Agamemnon
3137 1604 3413 1678 Iphigenia
3444 1605 3550 1660 ﬁlia
3574 1619 3673 1661 sua
3709 1622 3724 1672 ;

418 1709 551 1751 vero
574 1696 806 1752 aliorum
834 1696 1207 1765 barbarorum,
1231 1711 1459 1770 quorum
1482 1698 1599 1753 haec
1620 1706 1833 1768 recepta
1856 1696 2019 1753 fuerit
2047 1689 2095 1751 B
2126 1693 2296 1750 voluit
2315 1705 2370 1751 et
2397 1695 2552 1752 hoste
2592 1696 2886 1768 Polyxena,
2917 1697 3247 1754 immolanda
3287 1713 3523 1755 servare.
3559 1695 3729 1753 Multa

419 1790 776 1859 consuetudo,
801 1792 1169 1847 meminerunt
1197 1790 1437 1848 historici
1465 1791 1628 1848 etiam
1662 1791 2016 1848 recentiores.

420 1885 754 1957 Quamquam
769 1893 825 1942 et
843 1885 897 1940 in
918 1884 1026 1941 illis
1040 1900 1256 1957 quoque
1283 1887 1560 1942 hrutorum
1576 1884 1859 1942 sacriﬁciis
1876 1885 2019 1941 idem

421 1977 753 2035 intellexisse
771 1978 1005 2050 gentiles
1020 1979 1378 2036 ostenderunt
1405 1980 1573 2036 nostri
1592 1979 1854 2037 adversus
1880 1980 2020 2035 soci-

422 2070 633 2132 niauos.
666 2070 945 2126 hominum
974 2070 1146 2128 vicem
1177 2072 1414 2142 gessisse
1446 2073 1566 2128 illas
1594 2074 1873 2129 brutorum
1907 2087 2021 2128 ma-

424 2165 693 2222 ctationes
719 2165 914 2221 similia
940 2165 1040 2223 sibi
1062 2165 1489 2238 imprecantium
1516 2166 1560 2223 si
1604 2164 1765 2220 ﬁdem
1799 2163 2025 2221 fefellis-

423 2270 572 2317 sent.
602 2258 746 2330 Ergo
775 2258 864 2316 ille
890 2274 1108 2330 quoque
1136 2258 1530 2316 sacriﬁciorum
1553 2260 1774 2332 sanguis
1801 2259 2023 2315 humani

430 2357 611 2407 tamen
637 2359 759 2407 erat
794 2351 1073 2422 sanguinis
1109 2352 1377 2418 vicarius,
1423 2353 1725 2423 eodemque
1754 2358 1871 2408 erat
1905 2353 2025 2409 loco

424 2444 729 2502 censendus
749 2460 814 2502 ac
843 2446 891 2501 si
920 2446 1083 2503 homo
1112 2446 1229 2518 ipse
1275 2447 1590 2519 sanguinem
1634 2448 1907 2519 proprium
1929 2463 2026 2519 op-

425 2539 790 2612 pignerasset.
817 2537 1063 2610 Cumque
1091 2539 1292 2611 duplex
1337 2550 1482 2598 esset
1511 2541 1653 2606 haec,
1701 2557 1860 2613 quam
1888 2542 2021 2606 dixi,

432 2638 544 2687 tam
569 2630 711 2703 apud
739 2630 958 2689 Judaeos
980 2647 1141 2704 quam
1168 2633 1417 2704 gentiles,
1447 2649 1600 2705 aqua:
1620 2643 1782 2704 atque
1809 2635 2027 2705 sangui-

426 2723 531 2788 nis,
547 2730 890 2794 peccatorum
912 2723 1301 2792 expiandorum
1315 2726 1505 2796 gratia,
1522 2734 1739 2796 recepta
1758 2725 2025 2794 lustratio;

427 2815 606 2884 major
632 2826 811 2873 tamen
854 2817 1060 2874 credita
1108 2825 1226 2884 est,
1272 2817 1548 2889 sanguinis
1577 2859 1592 2882 ,
1642 2834 1801 2890 quam
1849 2834 2026 2891 aquae,

432 2907 696 2964 efﬁcacia.
744 2908 974 2966 Leviora
1016 2908 1161 2967 enim
1208 2919 1364 2965 erant
1393 2909 1485 2965 illa
1514 2925 1634 2982 quae
1665 2927 1818 2982 aqua:
1843 2926 2030 2983 asper-

429 3001 585 3058 sione
628 3003 892 3074 expiauda
935 3005 1310 3063 crederentur.
1349 3003 1611 3061 Graviora
1656 3020 1883 3077 quaeque
1909 3020 2028 3076 qua:

2125 1795 2253 1841 sunt
2302 1786 2492 1843 eodem
2543 1789 2839 1860 spectantia
2890 1790 3138 1863 exempla
3165 1807 3285 1862 quae
3318 1791 3531 1862 plenam
3560 1790 3725 1848 ﬁdem

2123 1878 2324 1935 faciant
2362 1888 2621 1952 quantum
2663 1881 2715 1938 in
2766 1881 3018 1939 humanis
3067 1883 3384 1941 criminibus
3433 1885 3727 1959 expiandis

2125 1973 2363 2030 humano
2412 1976 2659 2047 sanguini
2692 1978 2998 2044 tribuerint,
3032 1989 3288 2050 quantum
3342 1979 3506 2036 etiam
3535 1980 3728 2052 aqueis

2124 2067 2274 2124 illum
2321 2068 2727 2126 lustrationibus
2756 2071 3107 2140 praetulerint.
3141 2072 3297 2144 Apud
3348 2071 3573 2128 Iudaeos
3602 2072 3722 2143 ipsa

2126 2162 2468 2218 circumcisio
2495 2166 2803 2236 sanguineae
2823 2166 3045 2222 omnino
3083 2167 3404 2235 expiationis
3432 2166 3569 2240 (sive
3596 2167 3725 2239 bap-

2131 2256 2349 2312 tismum
2393 2272 2516 2313 cum
2577 2257 2803 2313 Domino
2829 2259 3105 2329 appellare
3136 2257 3313 2330 malis)
3355 2259 3526 2316 vicem
3558 2259 3727 2314 susti-

2131 2350 2314 2418 nebat,
2368 2349 2668 2420 etquidem
2722 2350 2961 2408 humano
3007 2351 3176 2423 ipsius
3227 2352 3419 2407 initiati
3463 2353 3729 2424 sanguine

2132 2442 2409 2499 faciendas.
2440 2441 2576 2499 Cum
2606 2444 2785 2516 itaque
2810 2445 2862 2500 id
2891 2461 3053 2501 unum
3081 2445 3147 2501 ad
3176 2445 3429 2517 baptismi
3460 2446 3726 2502 rationem

2130 2536 2348 2607 proprie
2377 2546 2586 2607 spectet
2615 2545 2674 2592 ut
2701 2538 2753 2591 in
2783 2552 2850 2594 eo
2879 2547 3097 2608 peccata
3124 2536 3391 2609 expianda
3422 2538 3568 2604 sint;
3600 2553 3726 2595 cum

2131 2632 2315 2700 etiam,
2350 2631 2401 2687 in
2443 2646 2505 2687 ea
2542 2632 2863 2702 expiationis
2906 2632 3136 2699 ratione,
3186 2631 3430 2702 exempla
3479 2630 3727 2687 habuerit

2134 2724 2392 2779 Dominus
2419 2732 2526 2779 tam
2557 2723 2888 2790 Iudaeorum,
2924 2740 3083 2795 quam
3138 2726 3437 2797 gentilium,
3466 2725 3560 2796 qui
3611 2739 3727 2780 san-

2130 2816 2279 2886 guini
2313 2815 2631 2872 beneﬁcium
2660 2816 2813 2883 illud,
2850 2818 3050 2888 pariter
3078 2833 3142 2873 ac
3187 2834 3345 2890 aqua:
3385 2818 3724 2887 tribuissent,
3796 2870 3801 2875 .

2133 2907 2224 2978 qui
2255 2907 2491 2963 humano
2518 2908 2682 2964 etiam
2714 2909 2881 2980 ipsius
2912 2910 3102 2965 initiati
3130 2911 3396 2982 sanguini,
3424 2911 3515 2983 qui
3570 2910 3729 2981 majo-

2134 3015 2250 3056 rem
2292 3017 2504 3074 quoque
2532 3001 2832 3058 efﬁcaciam
2865 3004 3172 3075 sanguineae
3201 3003 3500 3060 lustrationi
3527 3046 3542 3070 ,
3569 3019 3725 3075 quam

432 3096 643 3167 piacula
695 3096 812 3153 sive
859 3093 960 3171 am.
1015 3097 1392 3163 habebantur,
1440 3098 1702 3169 sanguine
1754 3098 2029 3170 purganda
2056 3084 2103 3149 C
2137 3093 2222 3147 vel
2249 3109 2435 3165 aqueae
2484 3095 2887 3153 concessissent
2917 3115 2931 3152 :
2962 3097 3078 3152 Non
3124 3105 3240 3154 erat
3282 3112 3416 3154 sane
3442 3110 3729 3153 consenta-

430 3198 611 3245 erant.
627 3188 984 3246 Homicidium
1016 3191 1157 3247 inter
1178 3191 1385 3262 piacula
1414 3194 1771 3249 numerabant
1795 3204 2028 3261 veteres,

430 3281 576 3352 quod
615 3282 869 3339 nimirum
918 3283 1022 3355 ipsi
1071 3294 1228 3341 terra;
1273 3284 1541 3341 maculam
1594 3286 1835 3342 inureret
1860 3285 2030 3353 nullo,

438 3384 800 3448 praeterquam
830 3377 1133 3448 sanguinis,
1165 3378 1381 3434 lavacro
1408 3378 1712 3436 eluendam.
1749 3380 1881 3449 Ejus
1931 3396 2032 3435 au-

433 3477 565 3535 tem,
590 3470 637 3525 si
667 3479 827 3527 notus
875 3469 1069 3526 fuisset
1117 3478 1327 3535 auctor,
1362 3472 1582 3544 proprio
1610 3473 1728 3543 ejus
1771 3475 2033 3546 sanguine

436 3562 708 3634 piaculum
731 3563 1021 3634 expiabant
1044 3580 1060 3630 ;
1086 3564 1171 3620 sin
1202 3564 1468 3632 latuisset,
1496 3550 1672 3622 vaccae
1695 3568 1954 3639 sanguine
1981 3569 2033 3623 in

438 3656 564 3713 loco
586 3657 951 3715 immolandas.
976 3657 1162 3728 Neque
1191 3674 1322 3715 vero
1347 3660 1526 3716 caedes
1554 3660 1692 3728 sola,
1733 3660 1830 3717 sed
1854 3671 1908 3717 et
1934 3661 2036 3717 im-

433 3751 640 3820 puritas
666 3748 752 3805 illa
773 3748 961 3821 legalis
984 3765 1015 3805 e
1038 3751 1359 3807 morticiniis
1386 3761 1639 3808 contactu
1665 3754 2034 3812 contrahenda

432 3857 613 3900 vaccae
634 3841 767 3899 rufae
788 3842 1063 3901 cineribus
1089 3844 1363 3917 purganda
1385 3853 1518 3901 erat.
1541 3846 1847 3914 Quinetiam
1871 3849 2035 3904 totius

440 3938 623 4011 populi
645 3938 920 3995 israelitici
945 3947 1164 4010 peccata
1184 3940 1237 3995 in
1260 3940 1469 3997 hircum
1494 3941 1831 3997 emissarium
1859 3940 2033 4011 (Leu,

436 4032 555 4106 xvi)
596 4031 985 4105 imprecatione
1010 4033 1250 4104 conjecta
1280 4043 1437 4101 sunt,
1460 4034 1702 4105 ejusdem
1728 4043 1786 4090 ut
1809 4034 2035 4091 Rabbini

433 4125 626 4181 volunt
654 4168 671 4193 ,
717 4134 894 4183 morte
947 4125 1164 4183 luenda.
1194 4124 1306 4182 Nec
1355 4127 1459 4182 alia
1488 4125 1799 4183 Graecorum
1825 4139 1941 4184 erat
1967 4127 2035 4183 de

433 4223 548 4277 suis
576 4234 792 4292 quoque
820 4223 1122 4294 καθάρμασι
1150 4222 1439 4288 sententia,
1466 4230 1526 4276 ut
1551 4236 1620 4277 ex
1652 4222 2037 4293 Aristophanis

444 4311 737 4369 scholiaste
759 4311 1021 4368 discimus
1045 4314 1255 4382 (Arist..
1288 4314 1450 4368 schol.
1478 4315 1532 4369 in
1562 4314 1761 4387 Plut.).
1794 4314 2038 4387 Tamque

437 4415 555 4462 erat
611 4405 932 4463 universalis
986 4407 1101 4463 haec
1160 4417 1505 4479 peccatorum
1549 4423 1646 4478 per
1722 4411 2034 4480 sanguinem

2135 3201 2297 3243 neum
2329 3197 2387 3242 ut
2416 3203 2575 3259 quam
2605 3187 2858 3259 expiandi
2890 3189 3148 3260 majorem
3177 3190 3230 3244 in
3260 3189 3525 3261 sanguine
3569 3205 3725 3262 quam

2133 3281 2188 3337 in
2216 3297 2353 3352 aqua
2380 3283 2632 3338 virtutem
2682 3283 2771 3338 alii
2802 3284 2944 3355 apud
2977 3300 3036 3340 se
3065 3285 3228 3341 fuisse
3255 3286 3637 3356 gloriarentur,
3665 3300 3726 3340 ea

2135 3375 2235 3431 soli
2265 3375 2542 3431 christiani
2592 3375 3032 3433 destituerentur.
3067 3377 3383 3434 Praesertim
3433 3393 3555 3435 cum
3584 3379 3636 3433 in
3665 3392 3727 3433 eo

2137 3470 2366 3536 versari,
2403 3470 2513 3541 jam
2559 3470 2814 3540 diximus,
2870 3471 3175 3528 universam
3228 3473 3339 3528 fere
3373 3471 3507 3528 Novi
3540 3471 3725 3528 Testa-

2138 3566 2305 3621 menti
2334 3566 2875 3637 argumentationem.
2906 3576 2964 3621 ut
2994 3580 3346 3639 quaecumque
3376 3577 3581 3633 essent,
3617 3566 3726 3622 sive

2137 3662 2277 3734 apud
2305 3661 2540 3727 Judaeos,
2564 3663 2677 3718 sive
2707 3663 2960 3734 gentiles,
2988 3663 3266 3735 privilegia
3302 3662 3369 3719 de
3393 3663 3590 3734 quibus
3611 3661 3723 3733 glo-

2138 3755 2432 3820 riarcutur,
2461 3769 2522 3810 ea
2555 3754 2868 3811 cliristianis
2913 3757 3108 3827 potiori
3156 3755 3619 3826 praestantiorique
3646 3769 3730 3809 ra-

2140 3847 2287 3903 tione
2315 3849 2606 3904 convenire
2627 3849 3002 3920 probarentur.
3025 3848 3138 3903 Non
3170 3857 3286 3904 erat
3314 3855 3726 3904 consentaneum

2141 3949 2223 4007 ut,
2253 3955 2376 3996 cum
2412 3945 2463 3996 in
2513 3941 2701 3999 eadem
2750 3941 2852 3998 hac
2894 3957 3056 3999 causa
3087 3941 3337 4013 baptismi
3366 3956 3554 3997 vocem
3584 3939 3730 3995 adhi-

2138 4033 2334 4090 berent
2377 4041 2484 4089 tam
2532 4037 2650 4105 ipse
2682 4034 2942 4090 Dominus
2992 4050 3153 4105 quam
3213 4032 3343 4089 Novi
3400 4032 3724 4089 Testamenti

2141 4127 2459 4200 scriptores,
2489 4127 2649 4182 aliam
2681 4138 2858 4182 tamen
2887 4126 3338 4196 signiﬁcationem
3372 4127 3729 4197 intelligerent

2139 4235 2300 4291 quam
2330 4219 2582 4291 expiandi
2617 4220 2761 4275 illam
2805 4219 3045 4275 omnium
3096 4220 3432 4275 notissimam
3472 4219 3728 4290 receptis.

2141 4313 2459 4381 simamque.
2483 4311 2601 4368 Non
2624 4322 2742 4369 erat
2764 4321 3185 4369 consentaneum
3213 4322 3290 4380 ut,
3315 4312 3405 4383 qui
3434 4312 3506 4367 ita
3533 4310 3729 4367 sensis-

2140 4416 2282 4473 sent,
2313 4406 2473 4463 aliter
2523 4416 2702 4463 tamcn
2745 4407 3093 4476 loquerentur
3120 4422 3280 4478 quam
3314 4416 3604 4479 martyrem
3636 4418 3727 4460 no—

443 4500 713 4572 purgatio,
742 4509 802 4556 ut
832 4500 1033 4556 nullam
1068 4501 1157 4556 hic
1178 4478 1552 4572 exceptionem
1605 4478 1859 4558 adhibeat
1888 4504 2035 4574 Apo-
2059 4478 2117 4540 Ῑ)
2143 4508 2314 4555 strnm
2343 4498 2454 4571 jam
2503 4499 2742 4556 locutum
2769 4499 3195 4566 observavimus,
3227 4507 3285 4553 ut
3328 4478 3578 4555 nimirum
3606 4514 3727 4555 san-

436 4594 611 4652 slolus
641 4612 656 4650 :
684 4595 812 4652 Sine
853 4596 1141 4666 sanguinis,
1192 4595 1401 4667 inquit,
1434 4594 1683 4663 effusione
1711 4613 1813 4651 non
1843 4597 1902 4666 ﬁt
1946 4615 2033 4652 re-

437 4689 612 4746 missio
639 4687 857 4765 (Hebr.,
886 4706 966 4756 Ix,
1000 4688 1221 4763 22).]ta
1265 4699 1688 4745 consentaneum
1740 4698 1861 4746 erat
1909 4690 2034 4746 illo—

439 4798 560 4840 rum
610 4793 912 4856 temporum
972 4779 1334 4852 dogmatibus,
1366 4790 1425 4836 ut
1446 4796 1569 4837 cum
1614 4793 1895 4854 utramque
1927 4794 2035 4838 tam

438 4874 734 4945 sanguinis,
785 4890 945 4947 quam
994 4888 1149 4946 aquae
1195 4874 1555 4944 expiationem
1620 4888 1716 4944 pro
1766 4875 2035 4944 baptismo

441 4966 727 5033 haberent,
760 4969 1020 5040 majorem
1063 4976 1239 5023 tamen
1267 4966 1549 5035 sanguinei
1570 4965 1843 5037 baptismi,
1872 4981 2032 5038 quam

441 5061 623 5134 aquei,
650 5060 905 5118 virtutem
928 5070 1306 5135 agnoscerent.

513 5155 543 5228 ς
567 5154 656 5211 i9.
685 5182 758 5195 -—
786 5154 852 5208 Et
871 5164 930 5209 ut
955 5156 1203 5228 sanguini
1232 5155 1285 5211 in
1309 5154 1412 5211 hoc
1439 5156 1765 5228 expiationis
1788 5155 2030 5228 negotio,

440 5259 624 5320 partes
652 5246 1019 5304 concedebant
1041 5250 1195 5307 facile
1224 5250 1542 5322 primarias;
1577 5249 1648 5304 ita
1673 5248 1893 5305 humani
1910 5265 2034 5304 san-

438 5339 639 5412 guinis,
665 5354 779 5411 prae
803 5339 922 5395 aliis
949 5342 1114 5395 etiam
1138 5342 1509 5413 sanguinibus,
1531 5341 1640 5396 vim
1673 5340 1830 5412 longe
1857 5341 2031 5397 maxi-

443 5448 587 5491 mam
629 5441 985 5503 aguovernnt.
1028 5432 1154 5489 Inde
1207 5445 1382 5489 ortum
1434 5433 1589 5490 duxit
1640 5433 2032 5500 immanis'illa,

438 5546 561 5603 quas
608 5530 750 5602 apud
790 5541 1003 5587 veteres
1034 5531 1279 5598 invaluit,
1309 5533 1729 5610 ἁνθρωποθυσία,
1760 5528 1904 5601 quod
1935 5530 2033 5585 de-

446 5623 659 5681 delictis
705 5624 982 5682 hominum
1007 5623 1290 5697 expiandis
1317 5624 1584 5680 humanus
1613 5622 1835 5695 sanguis
1863 5621 2035 5694 aptis-

442 5718 612 5779 simus
634 5715 927 5779 videretur.
958 5724 1095 5784 cum
1144 5725 1360 5799 gravior
1389 5714 1570 5787 aliqua
1614 5715 1929 5776 immineret
1967 5717 2039 5775 ab

2138 4592 2319 4664 guinei
2360 4592 2610 4662 baptismi
2650 4593 2756 4647 vim
2799 4595 2961 4647 etiam
3005 4593 3352 4663 expiatrirem
3398 4595 3556 4664 aqnei
3598 4592 3725 4661 bap-

2139 4686 2285 4742 tismi
2332 4685 2409 4741 illi
2446 4686 2606 4757 longe
2635 4686 3038 4742 anteferendam
3074 4687 3471 4741 existimarent.
3504 4685 3723 4740 Tantum

2137 4777 2290 4834 abest
2322 4786 2382 4833 ut
2407 4778 2596 4833 duram
2636 4778 2794 4845 hanc,
2824 4788 2927 4834 eta
2955 4786 3419 4834 sacramentorum
3447 4776 3723 4847 dignitate,

2138 4880 2196 4928 et
2244 4869 2460 4926 Domini
2527 4881 2707 4926 mente
2758 4872 2989 4927 alienam
3036 4885 3262 4926 censere
3316 4868 3608 4925 debeamus
3654 4870 3726 4927 lo-

2139 4967 2340 5041 quendi
2388 4968 2677 5035 rationem,
2710 4980 2768 5025 ut
2824 4979 3011 5042 putant
3066 4971 3208 5026 illam
3268 4970 3497 5025 alienam
3548 4967 3725 5025 adver-

2138 5061 2288 5117 sarii.

2209 5152 2341 5226 §20.
2370 5185 2443 5195 —
2462 5155 2538 5211 lta
2558 5156 2735 5227 itaque
2754 5157 3111 5225 ostendimus,
3127 5173 3288 5229 quam
3307 5157 3394 5214 hic
3410 5160 3591 5215 omnia
3611 5168 3722 5230 apte

2141 5249 2283 5304 inter
2328 5264 2387 5304 sc
2438 5265 2820 5323 congrueque,
2856 5268 2954 5323 pro
2997 5252 3141 5309 illius
3170 5255 3344 5310 aetatis
3396 5254 3723 5326 dogmatibus

2138 5343 2465 5409 cohaereant,
2499 5348 2543 5400 si
2574 5346 2643 5400 ita
2667 5344 2950 5400 Dominum
2979 5347 3177 5418 ipsum,
3196 5349 3267 5403 ita
3299 5349 3416 5416 eius
3442 5349 3721 5420 apostolus,

2138 5438 2524 5508 intelligamus.
2591 5439 2722 5493 Inde
2770 5439 3014 5510 sequitur
3070 5455 3166 5511 pro
3227 5441 3329 5496 hoc
3385 5455 3509 5495 esse
3559 5441 3723 5512 potius

2141 5545 2306 5586 sensu
2359 5529 2846 5602 praejudicandum,
2874 5531 2961 5587 vel
2986 5573 3002 5598 ,
3032 5532 3077 5586 si
3106 5546 3290 5587 vocem
3343 5529 3596 5588 malimus
3625 5544 3724 5588 ter-

2145 5622 2453 5680 tullianeam
2480 5662 2495 5688 ,
2549 5621 3030 5694 praescribendum,
3074 5623 3128 5678 ni
3174 5621 3319 5678 clara
3366 5634 3651 5679 occurrant
3673 5624 3721 5679 in

2141 5715 2321 5786 reipsa
2369 5723 2680 5787 argumenta
2728 5730 2827 5773 cur
2872 5716 2942 5774 sit
2982 5714 3140 5774 aliter
3168 5713 3535 5785 intelligenda.
3566 5715 3720 5785 Atqui
