3990 6060
166 179 248 240 63

1193 169 1284 230 DE
1323 164 1646 233 SECUNDO
1687 157 2072 228 MARTYRUM
2103 163 2463 228 BAPTISMO.
2499 162 2508 172 ’
3416 161 3486 220 66

175 303 403 352 tantum
433 293 586 350 abest
619 302 673 346 ut
706 292 759 347 in
787 290 967 362 reipsa
1006 289 1272 346 contraria
1304 288 1597 344 habeamus
1627 301 1786 356 argu-
1818 286 1871 345 A
1898 285 1997 340 bus
2021 288 2072 341 in
2105 287 2420 342 societatem
2468 282 2889 341 christianorum
2945 283 3214 354 politicam
3265 281 3489 339 ascribi-

176 398 374 444 menta
407 430 424 455 ,
457 398 516 443 ut
566 386 699 441 nihil
752 385 923 456 magis
966 383 1123 439 faciat
1173 383 1238 438 ad
1288 390 1482 436 nostrae
1512 379 1794 435 sententiae

177 480 662 538 confirmationem
695 493 857 549 quam
906 479 951 532 si
982 492 1092 531 rem
1122 475 1291 545 ipsam
1329 471 1561 544 penitius
1591 469 1796 528 citami-

180 587 411 629 nemus.
460 569 1012 626 Animadvertendum
1065 569 1243 637 itaque
1287 567 1476 636 quinto
1521 564 1586 618 ad
1618 564 1793 634 ipsum

181 664 452 737 baptismi
496 672 894 719 sacramentum
936 661 1208 732 pertinere
1232 701 1246 725 ,
1276 659 1626 729 sanguineum
1655 655 1796 708 hunc

183 759 551 830 baptismum,
579 764 634 810 et
671 754 886 826 quidem
920 753 990 808 ita
1035 753 1306 822 pertinere
1337 761 1390 804 ut
1446 758 1651 819 partem
1679 745 1798 817 ejus

191 851 530 923 praecipuam
586 856 944 904 consummet.
997 845 1109 900 Hoc
1137 844 1226 899 ubi
1258 842 1540 913 probatum
1582 840 1796 897 dederi-

190 959 336 1008 mus,
369 957 533 998 nemo
566 941 688 1006 erit,
721 939 932 1012 opinor,
965 939 1093 1010 quin
1125 936 1277 992 facile
1312 936 1572 992 concedat
1602 933 1800 1004 praeci-

194 1055 363 1111 puum
414 1037 690 1110 baptismi.
718 1036 946 1091 fructum
980 1036 1047 1090 ab
1080 1049 1145 1089 eo
1176 1049 1300 1088 esse
1329 1033 1450 1103 jure
1498 1032 1800 1099 meritoque

197 1131 620 1203 exspectandum.
678 1129 786 1184 Nec
838 1128 945 1183 alio
996 1137 1227 1199 spectat,
1257 1136 1316 1180 ut
1363 1134 1524 1197 puto,
1561 1124 1800 1194 Apostuli

201 1227 297 1283 illa
353 1222 684 1293 comparatio
731 1237 835 1293 qua
875 1237 1088 1292 aquam,
1120 1220 1432 1291 sanguinem
1462 1227 1516 1274 et
1544 1218 1802 1288 Spiritum

197 1319 259 1374 in
283 1334 452 1372 unum
472 1317 544 1370 ita
565 1315 808 1379 contulit,
837 1322 912 1379 ut,
938 1311 1396 1383 quemadmodum
1423 1311 1600 1378 Pater,
1635 1309 1802 1366 Filius

200 1421 267 1468 et
304 1412 532 1482 Spiritus
572 1417 785 1465 sanctus
806 1423 980 1464 unum
1025 1417 1170 1472 sunt,
1199 1407 1270 1460 ita
1303 1421 1460 1477 aqua,
1488 1403 1721 1475 Spiritus
1749 1413 1803 1459 et

200 1504 427 1576 sanguis
453 1502 561 1557 sint
606 1501 658 1556 iu
707 1517 893 1561 unum,
927 1498 1068 1570 quod
1123 1513 1315 1568 nempe
1365 1514 1528 1552 unum
1558 1497 1806 1566 idemque

205 1603 467 1668 praestent
486 1581 676 1649 omnes
697 1593 1111 1662 compleautque
1127 1589 1388 1645 ofﬁcium.
1410 1589 1486 1644 De
1502 1587 1803 1659 baptismali

1903 394 2042 445 mur,
2070 395 2129 433 ea
2157 378 2378 434 fcederis
2407 392 2528 432 esse
2549 377 2830 432 solemnia.
2863 376 2994 446 Quis
3025 385 3204 432 autem
3235 374 3364 430 illud
3395 355 3495 428 du-

1901 469 2031 525 bitet
2065 470 2317 542 baptismi
2353 484 2474 525 esse
2524 471 2795 540 proprium
2843 469 3080 525 ofﬁcium
3110 477 3169 524 ut
3216 483 3313 539 per
3341 467 3491 522 illum

1900 566 2072 621 sacris
2098 566 2515 620 Christianorum
2545 564 2842 630 initiemur,
2869 564 2991 619 etin
3025 563 3297 634 propriam
3320 561 3494 617 ascri-

1901 658 2093 713 bamur
2118 657 2538 713 christianorum
2568 657 2924 712 societatem?
2955 657 3213 711 Convenit
3237 663 3497 726 prteterea

1902 751 2047 821 quod
2093 750 2182 819 qui
2230 749 2507 806 confertur
2537 749 2589 803 in
2635 747 3053 804 Christianorum
3082 748 3353 817 baptismo
3377 743 3498 817 Spi—

1904 843 2059 907 ritus,
2094 844 2137 897 is
2167 843 2409 918 ὰρραϐὠν
2442 841 2585 913 (quae
2616 850 2670 895 et
2703 841 2863 896 arrha
2891 850 2974 896 est
3012 837 3364 907 scriptoribus
3407 852 3500 891 ro-

1906 935 2102 1008 manis)
2137 936 2186 989 in
2212 935 2362 990 Novo
2387 934 2734 990 Testamento
2776 935 3096 1004 appelletur.
3124 932 3250 986 Erat
3274 931 3414 986 enim
3447 931 3502 987 in

1901 1031 2021 1102 jure
2044 1046 2269 1087 romano
2294 1030 2453 1085 arrha
2485 1043 2759 1100 pactorum
2797 1027 3030 1098 propria,
3059 1025 3326 1097 praecipue
3352 1039 3488 1094 nup-

1909 1123 2139 1178 tialium.
2193 1123 2401 1193 Nempe
2442 1124 2722 1195 mysticam
2778 1137 2900 1176 cum
2949 1118 3191 1174 Ecclesia
3241 1117 3503 1172 unitatem

1907 1217 2291 1271 matrimoniali
2339 1213 2528 1270 unitati
2587 1212 2915 1284 respondere
2956 1227 2990 1264 v
3037 1210 3104 1264 ad
3158 1208 3296 1278 Eph.
3330 1208 3503 1263 innuit

1911 1312 2224 1382 Apostolus.
2254 1310 2476 1380 Propria
2533 1323 2696 1380 porro
2725 1307 2886 1362 arrha
2939 1315 3019 1361 est
3067 1304 3209 1359 illius
3249 1300 3505 1372 temporis

1911 1419 2017 1473 quo
2045 1403 2221 1474 primo
2269 1400 2444 1456 fwdus
2495 1400 2710 1454 inimus.
2754 1397 2886 1452 Inde
2929 1395 3173 1467 sequitur
3221 1403 3278 1448 ut
3306 1393 3376 1448 de
3405 1390 3510 1446 alia

1911 1495 2144 1565 Spiritus
2172 1495 2478 1556 collatione,
2513 1501 2868 1562 przetcrquam
2914 1488 3242 1560 baptismali,
3278 1493 3512 1556 nequeat

1913 1586 2158 1658 intelligi.
2193 1587 2536 1643 Conveniunt
2563 1585 2798 1653 denique
2821 1592 2875 1638 et
2905 1580 3160 1650 baptismi
3188 1579 3292 1634 illa:
3319 1578 3371 1633 in
3406 1577 3512 1632 Ec-

199 1705 342 1762 aqua
371 1699 427 1744 et
455 1687 660 1759 Spiritu
703 1685 1106 1757 intelligendum
1136 1684 1560 1750 observavimus,
1593 1692 1653 1738 ut
1678 1698 1803 1752 pro-
1833 1686 1881 1746 Β
1911 1679 2076 1735 clesia
2105 1679 2360 1750 primaeva
2393 1677 2602 1743 formae,
2622 1675 2851 1731 Credis?
2877 1672 3078 1740 Credo,
3105 1670 3466 1727 Abrenuntias
3490 1672 3514 1725 ἲ

201 1783 334 1842 inde
354 1781 679 1852 baptismum
701 1779 848 1834 illum
869 1777 1318 1834 sacramenlalem
1340 1777 1588 1847 supplere
1614 1775 1811 1831 debeat

201 1877 533 1948 sanguineus
565 1875 651 1930 hic
707 1873 1022 1945 baptismus.
1063 1871 1228 1940 quue
1275 1871 1447 1940 ipsum
1501 1868 1812 1924 observavit

203 1980 333 2027 ante
358 1985 458 2026 nos
483 1969 766 2040 Origenes,
788 1982 854 2022 ne
876 1965 996 2036 quis
1015 1971 1252 2019 veterum
1271 1962 1611 2034 dogmatibus
1633 1962 1810 2015 minus

207 2072 631 2120 consentaneam
683 2060 984 2130 suspicetur
1016 2067 1255 2113 nostram
1310 2055 1449 2110 hanc
1489 2055 1812 2124 interpreta-

209 2159 438 2216 tionem.
491 2157 676 2227 Neque
719 2170 852 2210 vero
879 2163 1080 2225 pugnat
1108 2150 1250 2223 quod
1280 2149 1633 2221 sanguineum
1670 2147 1814 2202 hunc
1854 2199 1859 2205 .

213 2253 549 2323 baptismum
598 2247 894 2305 secundum
922 2245 1246 2319 appellarint
1291 2243 1451 2298 iidem
1479 2251 1711 2297 veteres.
1736 2239 1814 2294 Ita

212 2344 366 2401 enim
397 2340 731 2413 intelligendi
781 2347 927 2402 sunt,
969 2337 1134 2408 quod,
1184 2351 1304 2390 cum
1337 2333 1584 2390 renovari
1637 2331 1816 2387 denuo

213 2453 324 2493 non
357 2435 528 2507 possit
553 2431 964 2488 sacramentalis
987 2430 1079 2485 ille
1112 2429 1433 2499 baptismus,
1468 2425 1521 2480 in
1551 2424 1811 2494 martyrio

215 2542 405 2590 tamen
449 2528 566 2598 ejus
608 2526 862 2582 beneficia
910 2526 1018 2579 sint
1057 2522 1124 2578 de
1146 2510 1314 2589 novo,
1344 2519 1458 2574 sine
1485 2517 1601 2588 ejus
1629 2527 1804 2570 tamen

215 2625 399 2696 ipsius
444 2620 788 2676 renovatione
839 2615 1196 2688 expectanda,
1229 2625 1283 2670 et
1325 2612 1471 2684 quod
1519 2626 1655 2664 nova
1682 2608 1808 2664 ﬁde-

218 2717 367 2775 littm
395 2713 695 2769 adultarum
735 2720 967 2783 peccata,
994 2726 1113 2782 qua:
1148 2707 1365 2779 quidem
1393 2705 1444 2760 in
1481 2719 1652 2775 aqueo
1689 2702 1823 2773 bap-

222 2813 391 2866 tismo
444 2809 665 2864 remissa
712 2822 818 2860 non
867 2812 1072 2869 essent,
1107 2801 1192 2855 hic
1221 2801 1375 2870 plene
1423 2798 1737 2869 penitusque
1769 2802 1825 2850 et

223 2919 328 2976 pro
384 2899 721 2972 baptismalis
775 2897 1112 2954 remissionis
1167 2895 1328 2950 modo
1355 2907 1713 2963 mensuraque
1740 2906 1827 2947 re-

225 2997 496 3052 mittatur.
550 2993 681 3061 ρυω
719 3006 841 3047 cum
872 2989 1108 3046 secunda
1148 2989 1218 3043 sit
1254 2988 1522 3053 remissio,
1558 3002 1664 3041 non
1724 2985 1829 3041 erit

229 3089 419 3159 utique
467 3085 662 3142 mirum
693 3086 739 3141 si
789 3084 1026 3141 secundo
1053 3083 1213 3138 etiam
1245 3080 1512 3151 baptismo
1543 3077 1825 3134 tribuenda

1919 1773 2275 1829 Abreuuntio.
2307 1771 2445 1827 Sunt
2473 1771 2614 1826 enim
2648 1779 2702 1824 et
2729 1769 2834 1823 illa:
2865 1766 2930 1822 ad
2960 1781 3306 1822 romanorum
3335 1772 3516 1835 pacto-

1921 1880 2042 1920 rum
2067 1863 2269 1919 formas
2309 1877 2602 1933 expressw,
2645 1875 2832 1916 rursus
2875 1860 3146 1930 praecipue
3172 1857 3514 1928 nuptialium,

1931 1956 2080 2012 Das?
2132 1957 2209 2012 Do
2237 1973 2252 2023 ;
2285 1955 2576 2027 Spondes?
2622 1953 2891 2025 Spondeo.
2945 1952 3101 2008 Unde
3145 1951 3275 2006 illud
3326 1952 3520 2008 saltem

1934 2052 2241 2107 necessario
2267 2049 2556 2120 colligitur,
2574 2063 2672 2120 pro
2694 2055 2851 2119 pacto
2877 2047 3200 2116 baptismum
3229 2046 3522 2116 primaevus

1921 2144 2113 2200 saltem
2144 2143 2401 2200 habuisse
2425 2142 2776 2198 christianos.

2001 2238 2028 2309 ς
2059 2236 2150 2292 22.
2179 2269 2252 2277 —
2276 2237 2409 2292 Hinc
2439 2237 2689 2306 sequitur
2717 2232 2958 2290 secundo
2987 2241 3045 2288 ut
3075 2233 3128 2287 in
3157 2232 3278 2288 aliis
3322 2232 3516 2304 pactis,

1928 2335 2002 2388 ita
2067 2343 2122 2388 et
2180 2335 2234 2386 in
2291 2342 2478 2386 nostro
2533 2339 2691 2398 pacto
2739 2342 2953 2399 quoque
3017 2326 3360 2396 haptismali,
3417 2325 3528 2381 duo

1927 2441 2051 2482 esse
2081 2442 2110 2480 a
2139 2441 2199 2480 se
2228 2424 2457 2478 invicem
2513 2420 2891 2493 distinguenda
2925 2419 3260 2475 diversarum
3292 2418 3530 2490 partium

1931 2519 2127 2583 ofﬁcia,
2157 2518 2251 2573 Dei
2278 2515 2406 2582 alia,
2433 2517 2536 2571 alia
2579 2526 2786 2571 nostra.
2813 2513 2894 2569 Ad
2930 2514 3096 2570 Deum
3127 2523 3375 2585 spectant
3402 2528 3529 2583 pro-

1933 2611 2220 2668 missiones
2271 2611 2468 2682 quibus
2518 2619 2738 2664 cavetur
2795 2607 2862 2662 de
2919 2606 3240 2676 praestandis
3277 2605 3531 2677 baptismi

1936 2703 2236 2768 beneﬁciis,
2263 2712 2368 2758 tam
2394 2701 2500 2757 illae
2517 2716 2634 2771 qua:
2662 2699 2730 2754 de
2751 2699 3006 2770 praesenti
3035 2696 3356 2769 praestanda:
3383 2709 3531 2764 sunt,

1939 2807 2283 2870 peccatorum
2340 2795 2579 2851 omnium
2607 2792 2880 2863 expiatio,
2930 2791 3164 2862 Spiritus
3209 2789 3382 2846 sancti
3431 2789 3532 2844 do-

1942 2894 2108 2958 natio,
2130 2892 2355 2962 mystica
2373 2903 2496 2944 cum
2515 2885 2730 2942 Christo
2751 2886 2900 2950 uuio,
2922 2884 3114 2940 saltem
3135 2891 3382 2946 externa,
3401 2893 3533 2949 etc.,

1940 3000 2101 3056 quam
2129 2972 2254 3053 quae
2286 2980 2352 3035 de
2403 2978 2594 3034 futuris
2648 2976 2974 3031 adhibentur
2999 2973 3162 3030 ofﬁcii
3201 2973 3369 3028 nostri
3401 2987 3539 3043 pra:-

1941 3078 2084 3132 miis.
2109 3076 2189 3132 Ad
2217 3089 2317 3130 nos
2340 3081 2585 3144 spectant
2606 3085 2727 3141 quae
2756 3086 2786 3124 a
2813 3067 2968 3124 nobis
2994 3067 3230 3122 vicissim
3257 3065 3537 3136 sponden-

227 3155 500 3238 videatur.
533 3180 664 3242 Sed,
695 3179 858 3234 misso
906 3178 1146 3250 Apostoli
1187 3175 1530 3244 testimonio,
1561 3189 1661 3245 age
1713 3186 1826 3227 rem
1857 3163 1908 3228 ϐ
1941 3179 2026 3225 tur
2069 3183 2168 3238 pro
2221 3173 2403 3222 nostra
2449 3163 2592 3234 pacti
2638 3159 2978 3231 baptismatis
3010 3169 3166 3230 parte
3208 3155 3538 3230 praestanda.

229 3275 432 3347 ipsam,
460 3290 528 3329 ex
563 3274 777 3345 propria
808 3271 964 3342 hujus
1005 3269 1416 3328 sacramentalis
1440 3264 1692 3339 baptismi
1734 3279 1832 3319 na-

233 3379 352 3424 tura
383 3368 732 3438 eXplicemus.
786 3348 789 3354 ”
1747 3427 1829 3442 ....,

312 3461 525 3533 §‘Zt.-—
544 3461 868 3516 Recolamus
898 3459 1078 3530 itaque
1108 3456 1361 3528 inprimis
1389 3468 1551 3511 omne
1579 3452 1682 3508 hoc
1708 3451 1840 3520 hap-

242 3557 396 3612 tismi
438 3556 704 3630 negotium
738 3567 955 3628 pactum
984 3567 1103 3612 esse
1131 3552 1398 3622 quoddam
1445 3547 1687 3606 ﬁdelium
1715 3561 1837 3602 cum

240 3652 386 3718 Deo,
418 3667 515 3708 nec
562 3651 782 3706 aliunde
812 3649 1014 3705 rectius
1039 3661 1200 3720 quam
1239 3661 1270 3701 e
1304 3643 1538 3714 receptis
1564 3651 1840 3713 pactorum

239 3745 487 3803 moribus
531 3745 930 3817 explicandum.
980 3742 1114 3798 Esse
1163 3742 1305 3796 enim
1355 3736 1635 3808 Evangelii
1673 3740 1845 3794 καινήν

243 3842 486 3900 διαθήκην
534 3840 602 3895 ab
642 3840 730 3894 illa
775 3838 984 3895 scilicet
1031 3836 1305 3892 diversam
1359 3849 1478 3904 qua:
1532 3831 1844 3887 Iudaeorum

241 3936 426 3993 fuerat
453 3945 611 4006 atque
641 3935 775 4005 legis
808 3931 1058 3988 mosaicae
1083 3948 1097 3996 ;
1129 3945 1251 3985 esse
1281 3927 1441 3982 etiam
1470 3926 1571 3981 sub
1596 3925 1846 3993 Evange-

245 4029 323 4083 lio
360 4043 468 4082 non
500 4025 904 4082 Testamentum
938 4023 1118 4089 modo,
1145 4021 1236 4077 sed
1273 4029 1328 4076 et
1355 4027 1590 4090 pactum,
1621 4032 1850 4087 eamque

244 4120 521 4192 duplicem
568 4117 804 4179 διαθήκης
847 4113 1297 4188 significationem
1331 4110 1658 4182 evangelicis
1687 4109 1848 4164 etiam

252 4212 589 4284 temporibus
617 4212 929 4276 convenire;
959 4225 1082 4266 esse
1111 4208 1272 4265 etiam
1298 4206 1397 4262 sub
1424 4203 1651 4278 mystico
1679 4201 1851 4259 israe-

249 4310 458 4366 litismo
496 4307 684 4364 eadem
737 4306 959 4360 omnino
999 4302 1139 4375 pacti
1194 4302 1453 4358 beneficia
1486 4315 1607 4369 qua:
1635 4295 1852 4368 propria

251 4403 384 4460 olim
430 4401 645 4458 fuerant
699 4399 1025 4456 israelitismi
1075 4395 1328 4452 litteralis
1358 4437 1373 4463 ,
1425 4403 1481 4450 ut
1530 4393 1684 4448 nobis
1715 4392 1854 4446 Deus

257 4512 510 4554 summus
561 4497 616 4550 in
651 4493 923 4565 proprium
971 4490 1270 4546 ascribatur
1322 4489 1510 4552 Deum,
1542 4501 1640 4540 nos
1666 4485 1743 4539 illi
1777 4483 1856 4536 vi-

1940 3263 2274 3331 Quamquam
2301 3259 2445 3314 enim
2479 3255 2869 3326 promissiones
2904 3252 3172 3308 fateamur
3202 3261 3354 3306 extra
3389 3257 3542 3321 pacta

1941 3355 2128 3422 factas,
2147 3354 2264 3408 sine
2292 3350 2514 3407 alterius
2545 3349 2711 3420 partis
2737 3345 3069 3417 obligatione
3095 3344 3230 3400 satis
3253 3341 3540 3399 commode

1945 3447 2166 3518 intelligi
2197 3459 2398 3517 posse;
2429 3452 2485 3496 at
2529 3457 2650 3512 qua:
2680 3440 2906 3494 alteram
2937 3438 3078 3508 pacti
3103 3445 3309 3508 partem
3339 3432 3545 3490 consti-

1950 3551 2128 3608 tuunt,
2158 3540 2264 3594 illae
2311 3545 2494 3592 mutua
2537 3533 2760 3590 omnino
2800 3531 3080 3600 utriusque
3116 3528 3284 3600 partis
3325 3526 3548 3597 exigunt

1952 3635 2151 3693 ofﬁcia.
2197 3633 2315 3704 Ipsa
2368 3633 2471 3685 hoc
2523 3628 2661 3700 pacti
2713 3627 2852 3681 ratio
2910 3622 3221 3680 necessario
3268 3618 3545 3691 supponit.

1949 3733 2097 3786 Data:
2144 3729 2290 3783 enim
2332 3725 2585 3789 fortasse,
2621 3737 2725 3776 non
2771 3729 2921 3776 certe
2964 3726 3156 3788 pactae,
3183 3715 3288 3769 illae
3319 3712 3551 3785 promis-

1951 3826 2132 3879 siones
2163 3821 2474 3876 dicerentur
2503 3831 2623 3886 quae
2664 3813 2806 3869 nulla
2841 3817 3209 3884 snpponerent
3238 3805 3415 3863 ofﬁcia
3446 3803 3550 3860 sibi

1951 3932 2016 3971 cx
2044 3914 2266 3969 adversa
2297 3918 2448 3982 parte
2482 3905 2888 3977 reSpondentia.

2025 4006 2052 4078 §
2079 4004 2510 4073 25.——Sequitur
2541 3998 2698 4053 tertio
2719 3997 2808 4066 jus
2839 3994 2968 4050 illud
2999 3991 3168 4063 legale
3194 4003 3375 4054 omne,
3403 3986 3550 4059 quod

1955 4090 2100 4176 pacti
2129 4097 2394 4158 beneﬁcio
2446 4095 2778 4156 obtinemus,
2810 4088 2876 4143 ad
2913 4087 3007 4142 Dei
3049 4083 3459 4156 promissiones,
3486 4093 3554 4136 ex

1957 4175 2119 4254 officii
2148 4194 2316 4251 nostri
2351 4187 2694 4262 pur-statione
2723 4199 2845 4240 esse
2865 4177 3264 4237 deducendum.
3287 4176 3385 4232 Est
3410 4175 3554 4230 enim

1960 4293 2089 4350 illud
2113 4289 2352 4347 omnium
2407 4292 2685 4356 pactorum
2733 4291 3025 4336 commune
3055 4284 3113 4330 ut
3140 4289 3260 4344 qua:
3289 4271 3559 4327 habentur

1962 4388 2014 4443 in
2043 4385 2152 4441 illis
2197 4377 2586 4453 promissiones
2617 4389 2696 4430 eae
2743 4370 3129 4427 conditionata:
3160 4363 3556 4435 intelligantur.

1962 4495 2064 4536 nec
2108 4483 2264 4532 antea
2292 4472 2491 4528 debita:
2516 4483 2678 4540 quam
2728 4465 2983 4537 praestita:
3010 4460 3232 4527 fuerint,
3280 4474 3343 4514 ex
3391 4457 3560 4511 altera

253 4590 443 4647 cissim
469 4589 522 4643 in
549 4586 826 4658 proprium
875 4584 1209 4639 ascribamur
1248 4579 1545 4652 populum;
1578 4593 1675 4633 nec
1727 4563 1934 4633 illudD
1963 4585 2134 4649 parte,
2179 4567 2598 4639 promissionum
2641 4560 3007 4618 conditiones.
3031 4554 3163 4618 ,Sed
3209 4553 3261 4608 in
3295 4551 3347 4658 id
3392 4564 3560 4658 genus

255 4681 446 4746 modo,
481 4681 574 4737 sed
621 4689 904 4736 externam
961 4693 1081 4734 esse
1135 4677 1274 4731 hanc
1322 4684 1562 4731 nostram
1593 4689 1713 4728 cum
1748 4673 1858 4727 Deo

257 4773 806 4836 conftnderationem,
833 4771 903 4826 ita
926 4786 1121 4841 nempe
1149 4766 1574 4840 intelligendam,
1595 4775 1652 4821 ut
1676 4775 1856 4821 exter-

257 4884 396 4926 num
446 4867 663 4936 aliquod
722 4865 1018 4921 intercedat
1062 4863 1274 4918 unionis
1319 4861 1550 4932 political:
1588 4858 1859 4915 vinculum

264 4971 388 5018 tam
411 4962 560 5020 nobis
591 4961 847 5026 invicem,
879 4975 1040 5030 quam
1068 4959 1180 5013 Deo
1218 4957 1378 5013 etiam
1409 4955 1688 5012 nobiscum
1715 4969 1862 5009 com-

260 5068 464 5121 mune,
490 5071 594 5126 quo
623 5069 724 5110 nos
750 5053 852 5124 ipsi
878 5051 1224 5122 proﬁteanmr
1250 5049 1359 5104 Deo
1384 5047 1696 5111 fmderatos,
1727 5046 1864 5102 etab

262 5149 396 5206 aliis
425 5147 588 5203 etiam
627 5145 875 5205 foederati
921 5160 1297 5217 agnoscamur,
1329 5143 1396 5199 ad
1426 5141 1672 5199 eumdem
1707 5141 1865 5212 plane

265 5239 496 5304 modum
525 5256 630 5313 quo
659 5250 713 5297 et
735 5239 901 5296 Israel
924 5238 1219 5296 secundum
1237 5253 1456 5293 carnem
1481 5251 1580 5307 pro
1605 5234 1866 5291 foederato

269 5337 370 5395 Dei
405 5333 630 5408 populo,
660 5349 771 5406 pra:
795 5332 1036 5389 universi
1068 5330 1216 5388 orbis
1246 5330 1521 5404 gentibus,
1548 5329 1675 5385 olim
1711 5335 1865 5398 pote-

268 5441 359 5492 rat
383 5429 605 5503 agnosci
649 5447 664 5483 :
699 5430 834 5498 haec,
879 5431 1118 5502 inquam,
1151 5431 1220 5485 ita
1253 5437 1378 5484 sunt
1422 5442 1484 5483 ex
1519 5425 1648 5481 Novi
1681 5425 1869 5482 Testa-

1961 4640 2137 4738 pactis
2163 4677 2308 4734 qua),
2339 4675 2406 4714 ex
2446 4657 2610 4711 altera
2646 4662 2818 4724 parte,
2847 4649 2960 4706 sola
2994 4644 3277 4702 includunt
3302 4640 3563 4697 beneﬁcia

1963 4729 2082 4818 aliis
2113 4729 2442 4830 pricstanda,
2474 4748 2623 4805 nulla
2670 4743 2910 4801 vicissim
2957 4740 3025 4796 ab
3078 4739 3199 4794 aliis
3230 4729 3559 4802 recipienda,

1963 4823 2141 4928 qualia
2173 4851 2280 4906 sint
2320 4856 2476 4919 pacta
2508 4855 2730 4899 necesse
2759 4846 2842 4894 est
2879 4851 2997 4908 qua:
3030 4834 3138 4887 Deo
3176 4834 3298 4883 sunt
3327 4823 3560 4880 homini-

1965 4918 2176 5020 busque
2230 4918 2563 5003 communia,
2597 4950 2757 4992 nemo
2784 4941 2868 4989 est
2916 4928 3044 5000 quin
3075 4937 3286 4994 aequum
3331 4918 3568 4975 fateatur

1968 5010 2174 5099 nullum
2209 5052 2329 5094 esse
2357 5047 2518 5106 posse
2554 5031 2642 5102 jus
2670 5026 2736 5082 ad
2769 5019 3050 5084 beneficia,
3088 5016 3142 5071 ni
3184 5010 3565 5106 praecesserint

1970 5133 2309 5192 conditiones
2339 5143 2403 5184 ex
2432 5125 2600 5180 altera
2631 5131 2781 5192 parte
2796 5108 3135 5188 praestandae.
3155 5107 3267 5162 Nos
3295 5115 3472 5159 tamen
3497 5098 3568 5155 de

1966 5232 2090 5303 jure
2118 5225 2274 5295 legali
2302 5220 2786 5291 impraesentiarum
2808 5210 3036 5279 agimus,
3057 5217 3163 5259 non
3182 5201 3250 5256 de
3267 5198 3379 5254 sola
3403 5193 3569 5298 aequi:

1973 5286 2103 5382 late.
2130 5286 2200 5376 Et
2226 5326 2281 5371 ut
2311 5286 2536 5385 aequitas
2559 5311 2733 5378 aliqua
2773 5302 3004 5357 fortasse
3033 5311 3154 5352 esse
3183 5292 3372 5364 possit,
3397 5297 3456 5343 ut
3475 5286 3568 5356 qui

1969 5412 2340 5473 conditionem
2371 5381 2596 5475 implere
2613 5397 2868 5462 voluerit,
2898 5388 3224 5448 conditionis
3246 5381 3568 5440 beneﬁcium

1978 5518 2384 5576 nonnumquam
2410 5473 2682 5566 impetret,
2715 5491 2840 5548 licet
2877 5486 3024 5542 illam
3053 5482 3121 5538 de
3151 5478 3296 5534 facto
3327 5473 3568 5575 nondum

1977 5564 2323 5676 impleverit,
2349 5607 2470 5650 cum
2492 5564 2665 5645 inulla
2695 5600 2790 5643 sua
2830 5580 2989 5650 culpa
3021 5594 3049 5633 a
3078 5569 3390 5676 conditione
3411 5564 3575 5668 etiam

1978 5659 2232 5760 de'facto
2271 5659 2577 5768 pimstauda
2610 5677 2935 5757 impeditur;
2966 5683 3028 5730 at
3053 5665 3216 5746 legali
3240 5659 3585 5731 saltemiam

272 5526 448 5583 menti
478 5510 784 5581 ratiociniis
810 5523 1117 5589 manifesta,
1143 5533 1201 5579 ut
1245 5522 1441 5578 mirum
1468 5521 1538 5575 sit
1567 5535 1689 5576 esse
1711 5518 1874 5575 hodie

271 5616 367 5690 qui
396 5616 466 5672 de
509 5627 692 5674 nostra
723 5616 1026 5674 assertione
1065 5616 1329 5672 dubitent.
1361 5614 1490 5670 llaec
1514 5618 1656 5669 enim
1680 5612 1725 5667 si
1748 5626 1874 5668 vera

271 5725 636 5789 agnoscztmus
657 5727 671 5764 :
695 5711 852 5786 plane
874 5711 1116 5784 sequitur
1133 5720 1355 5768 externa
1386 5726 1446 5769 ea
1470 5708 1730 5773 solemnia
1759 5707 1877 5786 qui-
