3990 6060
409 144 477 208 67
1404 134 1778 199 DODWELLI
1813 122 2270 198 nissEaTA'rto
2306 132 2730 197 CYPRIANICA

3638 132 3729 198 ες

411 280 600 327 carere
655 265 746 338 qui
780 262 1169 322 conditionem
1211 261 1281 318 de
1329 260 1470 316 facto
1513 275 1622 315 non
1669 258 2004 330 praestiterit,
2035 257 2084 319 Α
2112 257 2235 313 bola
2264 258 2571 330 sponsoria,
2593 258 2768 330 ipsum
2785 249 3073 329 praterea,
3097 267 3196 327 pro
3212 261 3401 313 mutuo
3417 256 3556 329 pacti
3567 256 3715 328 jure,

413 375 756 434 quocumque
788 358 1005 414 tandem
1049 370 1230 412 rerum
1262 363 1461 410 eventu
1506 352 1670 409 fuerit
1700 353 2009 422 impeditus,

415 462 500 509 cst
552 453 774 508 omnino
815 449 1195 507 certissimum.
1239 445 1296 501 In
1354 446 1460 501 illis
1511 445 1811 517 prmsert—im
1842 443 2013 515 pactis

415 544 592 601 adhuc
618 543 851 600 validius
877 539 1127 612 procedit
1152 547 1530 610 argumentum
1561 552 1791 609 quorum
1819 534 2011 591 condi—

418 642 596 697 tiones
635 654 741 695 non
787 643 916 691 sunt
942 634 1285 692 conditiones
1326 633 1609 689 dumtaxat
1637 631 1705 686 ad
1734 631 2012 686 arbitrium

416 733 740 804 imponentis
757 729 1051 801 requisitas,
1071 728 1165 785 sed
1188 728 1348 784 etiam
1370 725 1753 797 dispositiones
1771 740 1839 780 ex
1863 732 2016 795 parte

418 826 645 897 subjecti
674 823 1023 880 necessariae.
1057 820 1192 877 Cum
1225 821 1404 892 itaque
1447 818 1651 875 nullum
1684 817 1842 889 hujus
1870 816 2015 887 pacti

418 918 686 978 redundet
714 919 769 973 in
813 918 982 973 Deum
1010 914 1356 980 beneﬁcium,
1391 914 1632 985 sequitur
1663 926 2015 984 qurecumque

422 1016 565 1072 Deus
589 1029 619 1069 a
647 1013 802 1069 nobis
832 1012 1094 1084 postulat,
1123 1026 1187 1067 ea
1220 1008 1393 1066 nostri
1417 1023 1542 1065 esse
1568 1021 1728 1063 causa
1757 1020 2014 1063 necessa-

420 1111 519 1176 ria,
552 1116 610 1163 ut
660 1106 891 1178 proinde
922 1106 975 1160 ni
1018 1104 1288 1177 postulata
1337 1111 1683 1174 praestemus,
1729 1101 1862 1170 ipsis
1891 1112 2017 1170 pro-

420 1203 731 1258 missionem
753 1200 1031 1257 beneﬁciis
1067 1197 1379 1256 obtinendis
1418 1197 1589 1277 inepti
1615 1195 1909 1253 reddamur
1935 1203 2018 1250 at-

421 1310 524 1365 que
552 1293 881 1364 indispositi.

493 1386 917 1459 gmw—Quarto
941 1385 1122 1457 itaque
1144 1391 1202 1439 ut
1222 1382 1586 1455 intelligamus
1615 1397 1733 1454 quae
1760 1380 1915 1437 nobis
1941 1381 2019 1436 in-

421 1482 677 1539 cumbant
704 1481 756 1535 in
785 1479 891 1536 hoc
918 1479 1221 1549 baptismali
1253 1488 1408 1548 pacto
1437 1476 1778 1534 conditiones
1799 1491 1829 1530 a
1862 1474 2017 1531 nobis

423 1592 521 1648 pro
549 1585 730 1631 nostra
762 1574 899 1645 pacti
940 1582 1095 1644 parte
1143 1569 1488 1643 praestandae,
1519 1570 1907 1627 attendendum
1935 1576 2016 1624 est

2117 348 2184 404 ad
2217 350 2521 420 prmstanda
2550 365 2612 405 ea
2643 365 2763 421 quae
2801 348 3063 422 symbolis
3094 358 3553 421 repraesentantur
3577 350 3719 405 obli-

2115 443 2318 513 gantia,
2348 458 2406 498 se
2427 451 2888 513 quoque-nostras
2940 441 3216 513 passiones
3248 457 3344 512 pro
3370 442 3486 499 suis
3508 442 3718 513 agnitu-

2118 549 2258 602 rum,
2290 542 2344 589 et
2377 549 2476 589 suo
2503 534 2718 600 merito,
2748 548 2846 589 sua
2895 532 3147 590 mercede
3176 541 3677 606 compensaturum.

2192 626 2220 698 §
2252 626 2344 682 26.
2376 657 2449 669 ——
2479 627 2543 681 Et
2570 642 2700 683 vero
2725 627 3149 697 accuratissime,
3176 642 3274 700 pro
3301 629 3511 685 Domini
3542 627 3721 685 nostri

2122 730 2307 776 mente
2329 730 2491 790 atque
2520 718 2799 791 principiis
2815 731 3128 792 conceptam
3148 719 3288 776 hanc
3313 736 3527 778 omnem
3551 719 3722 778 fuisse

2119 817 2647 888 argumentationem
2677 815 2834 873 facile
2860 817 3135 874 conSIabit
3159 818 3206 874 si
3236 817 3449 874 diversa
3472 819 3722 875 diversa-

2118 923 2239 963 rum
2285 908 2689 980 Scripturarum
2712 919 2921 966 asserta
2942 910 2994 966 in
3028 925 3191 965 unum
3220 910 3537 983 colligamus
3561 910 3722 982 quasi

2121 1000 2456 1057 fasciculum.
2485 1001 2888 1072 Repraesentari
2944 1004 3189 1074 inprimis
3218 1014 3460 1061 nostram
3504 1006 3558 1060 in
3587 1005 3724 1076 bap-

2121 1094 2280 1148 tismo
2306 1109 2428 1150 cum
2458 1094 2675 1150 Christo
2705 1096 3009 1165 passionem
3033 1106 3198 1169 atque
3222 1107 3479 1166 mortem,
3507 1112 3608 1154 nec
3629 1112 3725 1153 re-

2120 1188 2434 1257 praesentari
2452 1187 2633 1255 modo,
2650 1202 2834 1244 verum
2850 1190 3010 1245 etiam
3029 1190 3098 1245 ita
3114 1191 3579 1261 repraesentarth
3592 1205 3725 1247 cum

2119 1278 2319 1335 Christi
2351 1279 2603 1351 passione
2627 1291 2843 1338 nostras
2873 1283 3026 1338 uniat
3066 1283 3466 1355 quodammodo
3490 1293 3546 1342 et
3569 1300 3729 1342 com-

2120 1387 2312 1429 munes
2338 1375 2617 1445 utriusque
2646 1375 2828 1443 faciat,
2853 1386 3007 1433 sexto
3032 1378 3098 1433 ad
3129 1378 3400 1436 Romanos
3427 1380 3606 1451 capite
3625 1394 3728 1436 sa-

2120 1467 2191 1523 tis
2212 1478 2400 1539 aperte
2421 1468 2580 1525 docet
2607 1470 2915 1541 Apostolus.
2948 1471 3121 1529 Unam
3145 1487 3267 1530 esse
3288 1482 3528 1555 nostram
3556 1474 3728 1530 Chri-

2124 1563 2301 1635 stique
2329 1566 2637 1635 passionem
2665 1580 2731 1620 ex
2764 1565 2869 1622 illis
2889 1566 3005 1637 ejus
3029 1567 3210 1624 verbis
3234 1576 3450 1624 constat
3479 1585 3493 1622 :
3524 1567 3726 1624 Hormi

421 1685 543 1741 quin
572 1668 815 1741 symbola
869 1667 977 1722 sint
1004 1680 1034 1720 a
1061 1665 1218 1721 nobis
1274 1665 1326 1720 in
1358 1664 1488 1734 ipsis
1519 1664 1657 1736 pacti
1688 1661 2021 1718 solemnibus
2049 1663 2098 1724 B
2125 1676 2302 1714 sumus
2331 1675 2447 1713 cum
2502 1660 2727 1727 Christo,
2756 1677 2808 1715 v.
2843 1660 2911 1728 8;
2951 1660 3106 1719 Vetus
3152 1664 3302 1720 homo
3354 1673 3525 1720 noster
3564 1663 3728 1720 simul

421 1759 752 1827 adhibenda,
773 1768 828 1815 et
852 1758 979 1830 quid
1003 1758 1090 1813 illa
1113 1756 1379 1829 symbols,
1404 1771 1470 1811 ex
1504 1758 1623 1826 ipso
1656 1756 1748 1810 Dei
1774 1755 2019 1810 instituto

424 1854 745 1926 significant,
777 1860 833 1909 et
862 1867 960 1924 pro
986 1850 1196 1922 legibus
1242 1849 1656 1921 signiﬁcationis
1704 1847 2019 1921 symbolice:

422 1965 542 2019 quae
571 1948 663 2004 illa
710 1947 901 2004 saltem
955 1955 1114 2001 rotate
1141 1944 1413 2015 vigebant.
1442 1944 1576 2012 Quae
1602 1944 1746 2000 enim
1774 1943 2017 2013 symbola

424 2040 477 2097 in
511 2041 654 2113 pacti
684 2039 1022 2098 solemnibus
1050 2048 1380 2109 usurpentur
1409 2052 1474 2093 ea
1522 2054 1629 2094 non
1681 2037 2019 2109 signiﬁcandi

426 2136 706 2189 dumtaxat
735 2152 748 2200 ;
782 2134 878 2189 sed
905 2132 1182 2204 obligandi
1223 2133 1385 2188 etiam
1407 2134 1578 2204 gratia
1608 2132 1848 2188 instituta
1872 2141 2019 2188 sunt.

424 2227 496 2284 Ut
525 2228 670 2285 enim
699 2236 1042 2284 sacramenta
1062 2226 1266 2294 omnia,
1285 2227 1401 2282 sive
1429 2226 1703 2298 mysteria,
1736 2242 1832 2297 pro
1852 2227 2020 2282 sacris

423 2320 699 2375 hominum
723 2335 843 2374 cum
877 2320 986 2374 Deo
1006 2319 1177 2390 pactis
1217 2317 1570 2390 intelligenda
1597 2326 1722 2373 sunt
1745 2360 1761 2387 ,
1795 2318 1865 2373 ita
1892 2326 1947 2373 et
1966 2316 2020 2373 id

422 2414 561 2470 sacri
592 2412 771 2467 omnis
810 2411 1119 2466 commercii
1150 2411 1441 2482 genuinum
1491 2422 1576 2467 est
1615 2419 1675 2466 ut
1716 2411 2019 2483 symbolice

424 2506 605 2577 potius
635 2519 795 2575 quam
829 2502 895 2558 ad
947 2503 1179 2559 litteram
1205 2543 1222 2569 ,
1268 2500 1614 2572 intelligenda
1661 2501 1788 2570 sint,
1819 2517 1919 2557 nec
1948 2503 2019 2557 ita

425 2598 625 2663 verbis,
656 2612 817 2666 quam
850 2595 1035 2664 rebus,
1067 2610 1252 2651 rerum
1279 2602 1456 2650 tamen
1479 2595 1706 2650 aliarum
1733 2595 2016 2666 symbolis,

424 2690 601 2746 officia
629 2688 720 2745 illa
748 2696 1210 2759 repraesententur
1229 2704 1348 2757 «tuae
1369 2689 1600 2759 partium
1622 2688 1764 2744 inter
1786 2704 1847 2745 se
1871 2699 2018 2745 tran-

422 2785 707 2856 sigentium
737 2783 1002 2839 habentur
1027 2781 1366 2853 obligatoria.
1396 2782 1527 2850 Quae
1554 2783 1735 2851 itaque
1760 2782 2020 2854 symbolis

422 2876 831 2949 baptismalibus
848 2876 1221 2948 signiﬁcantur
1234 2890 1297 2931 ea
1312 2889 1412 2930 nos
1424 2874 1692 2945 spondere
1709 2890 1740 2929 a
1755 2875 1912 2931 nobis
1927 2876 2018 2932 de-

422 2971 546 3025 inde
572 2967 877 3040 praestanda
895 2966 1093 3023 virtute
1110 2968 1247 3038 pacti
1265 2967 1603 3037 baptismalis
1623 2950 2015 3036 existimamur,

2122 1752 2401 1823 cruciﬁxus
2429 1765 2522 1821 est,
2564 1769 2620 1807 v.
2655 1754 2709 1809 6.
2740 1752 3041 1827 Consepulti
3093 1772 3268 1812 sumus
3316 1774 3432 1812 cum
3476 1774 3555 1827 eo,
3586 1757 3726 1813 v.4.

2124 1847 2191 1902 Et
2214 1847 2432 1917 quidem
2465 1833 2948 1919 repraesentatione
2972 1848 3204 1921 quadam
3232 1849 3299 1906 ad
3344 1850 3526 1905 vivum
3554 1858 3728 1908 totam

2123 1940 2264 1997 hanc
2286 1942 2509 2014 transigi
2544 1944 2803 1999 unionem
2833 1943 2922 1998 illa
2948 1944 3143 2000 innunt
3167 1964 3180 2001 :
3203 1941 3559 2017 Complantati
3595 1945 3729 2019 {acti

2122 2052 2296 2090 smnus
2346 2036 2668 2091 similitudini
2697 2038 2875 2092 mortis
2921 2038 3054 2110 ejus,
3095 2053 3150 2093 v.
3181 2039 3234 2095 5.
3264 2038 3376 2096 Nec
3421 2040 3529 2097 alio
3555 2055 3726 2113 quam

2123 2127 2378 2197 baptismi
2405 2127 2589 2184 ofﬁcio
2622 2147 2637 2185 :
2666 2129 2747 2184 An
2795 2130 3045 2202 ignoratis
3072 2132 3194 2203 quia
3217 2133 3522 2206 quicumque
3551 2134 3728 2205 bapti-

2123 2220 2225 2273 καιὶ
2254 2235 2429 2274 sumus
2453 2222 2507 2274 in
2537 2219 2745 2277 Christo
2768 2220 2915 2288 Jesu,
2943 2225 2998 2278 in
3042 2233 3206 2279 morte
3256 2225 3421 2296 ipsius
3476 2224 3730 2298 baptizati

2123 2315 2338 2368 sumus?
2356 2313 2651 2385 Consepulti
2673 2317 2810 2371 enim
2839 2333 3015 2374 sumus
3041 2334 3156 2373 cum
3183 2319 3274 2373 illo
3296 2336 3387 2392 per
3413 2319 3727 2391 baptismum

2124 2405 2177 2460 in
2222 2416 2453 2474 mortem,
2484 2424 2537 2462 v.
2570 2410 2621 2473 ὅ,
2652 2410 2709 2464 4.
2755 2408 2939 2481 Neque
2990 2425 3120 2467 vero
3169 2412 3297 2467 unio
3326 2413 3439 2469 sola
3469 2422 3523 2470 et
3570 2428 3726 2471 mera

2123 2499 2244 2554 haec
2272 2498 2522 2555 habenda
2565 2511 2668 2567 est,
2698 2511 2753 2557 et
2777 2518 2897 2573 qua:
2940 2511 3047 2559 tota
3076 2504 3128 2560 in
3157 2505 3433 2561 hominum
3458 2508 3728 2579 imagina-

2125 2595 2270 2651 tione
2299 2602 2457 2667 atquc
2486 2596 2846 2653 aestimatione
2887 2600 3176 2655 constituta
3207 2609 3312 2657 est.
3337 2601 3466 2657 Eam
3488 2600 3728 2660 diximus

2123 2690 2349 2762 symboli
2377 2690 2647 2761 sponsorii
2688 2706 2811 2747 esse
2838 2700 3085 2748 naturam
3118 2703 3176 2749 ut
3206 2709 3311 2751 una
3344 2693 3541 2750 inferat
3570 2695 3725 2768 lega-

2122 2782 2227 2838 lem
2253 2781 2540 2852 quamdam
2568 2783 2955 2854 obligationem
3004 2800 3109 2856 qua
3140 2795 3324 2857 partes
3367 2786 3510 2844 inter
3533 2803 3594 2844 se
3622 2803 3725 2860 pa-

2122 2872 2389 2930 ciscentes
2411 2883 2674 2945 praestare
2703 2874 2758 2931 id
2791 2885 3043 2931 tenentur
3062 2877 3207 2949 quod
3237 2880 3497 2951 symbolis
3518 2898 3726 2953 reprae-

2124 2968 2414 3024 sentarint.
2443 2968 2572 3024 Inde
2604 2968 2660 3024 ﬁt
2689 2979 2767 3036 ut,
2796 2970 2937 3041 quod
2961 2972 3075 3027 sola
3099 2973 3448 3032 similitudine
3471 2976 3586 3032 fieri
3613 2993 3725 3035 non

360 3119 367 3125 ,
423 3078 530 3119 caa
557 3062 716 3118 nobis
746 3061 985 3133 praestita
1007 3061 1096 3131 jus
1126 3060 1252 3115 inde
1274 3059 1429 3114 nobis
1454 3059 1653 3115 faciunt
1681 3071 1738 3115 ut
1756 3061 2019 3130 promissa
2045 3062 2090 3125 C
2124 3062 2317 3131 potuit,
2350 3060 2505 3116 nobis
2531 3072 2708 3118 tamen
2737 3077 2803 3118 ex
2850 3061 2952 3119 hac
2979 3064 3092 3135 ipsa
3120 3068 3596 3136 repraesentatione
3633 3069 3725 3140 jus

421 3155 602 3211 divina
651 3154 899 3225 ejusdem
929 3150 1074 3224 pacti
1103 3151 1404 3223 evangelici
1432 3152 1632 3208 virtute
1661 3153 2015 3210 vindicemus.
2060 3149 2066 3159 ’

420 3265 443 3315 ιέ,
497 3247 526 3320 §
557 3247 649 3305 25.
674 3277 747 3288 —
766 3247 965 3315 Quinto
992 3246 1046 3300 in
1074 3245 1334 3317 symbolis
1355 3244 1605 3314 baptismi
1640 3246 1811 3301 nostri
1837 3261 2020 3302 saera-

423 3331 674 3389 mentalis
695 3330 1056 3396 solemnibus,
1086 3345 1192 3385 non
1221 3345 1376 3401 aqua:
1401 3330 1569 3386 solius
1596 3329 1895 3400 baptismus
1918 3330 2017 3386 de-

422 3434 660 3492 notatur,
686 3424 785 3482 sed
816 3426 979 3480 etiam
1010 3423 1101 3479 ille
1130 3424 1431 3496 sanguinis,
1478 3439 1666 3479 verum
1700 3425 1771 3478 ita
1796 3422 2018 3479 denote-

424 3530 512 3575 tur
538 3528 595 3574 ut
610 3533 719 3574 uno
739 3517 1041 3587 eodemque
1063 3515 1333 3587 symbolo,
1351 3531 1461 3571 uno
1477 3514 1776 3587 eodemque
1796 3516 2020 3572 denote-

427 3625 513 3671 tur
542 3615 833 3681 elemento,
860 3621 918 3668 ut
946 3612 1173 3685 proinde
1196 3611 1265 3668 ad
1293 3627 1479 3680 unum,
1498 3620 1557 3668 ut
1580 3612 1839 3677 diximus,
1861 3627 2017 3669 eum-

420 3708 654 3780 demque
683 3706 1011 3778 baptismum
1039 3707 1310 3777 pertinere
1338 3705 1725 3777 intelligantur.
1755 3706 1825 3763 Ut
1850 3708 2017 3777 enim,

322 3835 335 3845 -
421 3819 543 3860 cum
569 3818 709 3874 aqua
760 3800 1068 3871 adhibetur,
1119 3808 1463 3872 peccatorum
1509 3798 1874 3855 desertioncm
1906 3800 2020 3870 pol-

426 3895 674 3960 licemur,
698 3892 1044 3963 futuramque
1069 3891 1196 3946 vitae
1216 3891 1628 3947 sanctimoniam
1648 3906 1767 3961 qua:
1795 3899 2020 3946 externo

422 4001 577 4058 aquae
622 3984 870 4058 symbolo
908 3984 1039 4039 satis
1068 3992 1193 4054 apte
1231 3990 1686 4054 repraesentetur:
1716 3983 1787 4037 ita
1810 3999 1932 4038 cum
1964 3984 2018 4040 in

420 4093 613 4149 aquam
635 4075 1015 4134 descendimus
1037 4085 1091 4133 et
1108 4076 1344 4131 vicissim
1372 4090 1439 4131 ex
1464 4074 1652 4132 eadem
1671 4077 2016 4148 emergimus,

419 4170 618 4226 Christi
671 4177 927 4237 mortem,
959 4158 1294 4240 sepulturam
1338 4169 1904 4241 resurrectionemque
1928 4185 2021 4227 re-

419 4271 831 4335 praesentamus,
860 4277 1067 4332 nosque
1094 4261 1256 4317 etiam
1306 4261 1635 4333 spondemus
1671 4263 1863 4320 horum
1894 4280 2012 4319 om-

419 4359 566 4414 nium
596 4357 907 4429 participes,
932 4363 1148 4427 paratos
1177 4355 1432 4411 nimirum
1465 4367 1522 4412 ut
1551 4373 1902 4428 quaecumque
1931 4358 2019 4414 ille

2123 3155 2394 3225 quoddam
2448 3154 2516 3209 ad
2567 3171 2683 3211 rem
2730 3157 2901 3227 ipsam
2952 3161 3271 3231 proveniat,
3312 3177 3420 3233 quo
3467 3166 3725 3224 unionem

2123 3249 2295 3319 ipsam
2346 3250 2612 3305 inteream
2662 3258 2721 3306 et
2773 3252 3054 3323 mysticam
3097 3254 3369 3314 vindicare
3398 3273 3718 3330 possumus,

2122 3343 2344 3414 ejusque
2375 3343 2657 3399 beneﬁcia.
2689 3344 2767 3399 Eo
2815 3345 2934 3415 ipso
2966 3348 3230 3419 principio
3258 3350 3501 3408 nituntur
3547 3352 3598 3408 id
3629 3367 3725 3424 ge-

2122 3452 2223 3491 nus
2254 3436 2532 3492 ratiocinia
2566 3453 2580 3490 :
2613 3436 2676 3493 Si
2692 3439 2826 3492 enim
2853 3440 3191 3511 complantati
3218 3445 3344 3514 facti
3370 3456 3544 3501 sumus
3571 3446 3722 3501 simi—

2125 3529 2328 3584 litudini
2381 3530 2561 3585 mortis
2590 3531 2745 3601 ejus;
2792 3532 2946 3587 simul
3001 3543 3047 3586 et
3099 3538 3487 3592 resurrectionis
3532 3538 3723 3595 erimus

2122 3638 2171 3677 v.
2206 3624 2240 3679 5
2269 3638 2284 3691 ;
2317 3625 2362 3678 si
2395 3634 2565 3679 autem
2595 3625 2784 3680 mortui
2828 3640 3006 3682 sumus
3049 3643 3167 3684 cum
3206 3627 3434 3698 Christo,
3464 3631 3724 3688 credimus

2122 3717 2240 3789 quia
2268 3718 2420 3773 simul
2441 3719 2594 3773 etiam
2624 3725 2848 3776 vivemus
2868 3736 2985 3775 cum
3006 3720 3234 3790 Christo,
3258 3741 3312 3783 ν.
3347 3726 3402 3781 6.
3434 3725 3544 3781 Nec
3573 3726 3722 3784 enim

2122 3810 2191 3867 de
2213 3812 2318 3866 alia
2345 3822 2521 3867 morte
2549 3813 2636 3869 hic
2659 3813 2744 3884 agi
2784 3830 2945 3887 quam
2978 3816 3153 3888 typica
3183 3816 3285 3874 hac
3314 3829 3475 3890 atque
3496 3817 3722 3891 symbo-

2124 3905 2225 3962 lica
2280 3905 2333 3961 in
2386 3907 2655 3977 baptismo
2700 3920 3086 3980 repraesentata
3114 3911 3224 3983 jam
3256 3913 3614 3970 ostendimus.
3639 3913 3716 3971 Ea

2123 4006 2299 4053 morte
2343 4000 2641 4072 symbolica
2670 4004 2953 4059 constabat
2976 4004 3087 4075 jam
3114 4004 3399 4063 defunctos
3437 4022 3558 4065 esse
3581 4005 3723 4079 apud

2123 4105 2259 4161 quos
2282 4091 2352 4148 ita
2374 4103 2782 4166 argumentatur
2804 4098 3098 4168 Apostolus
3123 4100 3215 4170 qui
3245 4100 3436 4155 mortis
3463 4100 3721 4158 nimirum

2123 4185 2384 4252 symbolis
2410 4187 2463 4241 in
2514 4186 2784 4257 baptismo
2835 4189 2916 4244 usi
2968 4189 3200 4246 fuerant.
3233 4191 3361 4249 lnde
3388 4201 3661 4263 tamquam
3688 4207 3721 4252 e

2126 4278 2388 4350 principio
2417 4280 2628 4336 notorio
2667 4282 2903 4353 legitima
2950 4284 3279 4355 procedebat
3325 4286 3721 4359 argumentatio

2125 4369 2169 4424 si
2191 4379 2248 4426 et
2270 4370 2400 4427 illud
2428 4372 2895 4446 subintelligamus
2916 4377 3159 4448 symbola
3177 4379 3314 4435 inter
3339 4379 3722 4452 paciscendum

418 4451 575 4508 nobis
602 4451 914 4519 immiserit,
932 4466 994 4505 ea
1018 4464 1140 4514 nos,
1161 4448 1308 4505 illius
1323 4465 1482 4506 causa
1498 4451 1564 4507 ad
1590 4461 1819 4507 mortem
1852 4468 2020 4525 usque
2042 4462 2098 4525 D
2126 4475 2378 4534 usurpata
2409 4479 2531 4521 esse
2575 4467 2735 4521 etiam
2767 4478 2822 4523 et
2864 4469 2978 4539 ipsa
3024 4448 3482 4542 sponsoriaINec
3506 4474 3631 4544 alia,
3664 4477 3724 4531 ut

420 4544 766 4601 toleraturos.
797 4543 1004 4599 Eodem
1034 4542 1304 4615 symbolo,
1335 4558 1438 4614 qua
1475 4542 1752 4600 Christum
1773 4547 2014 4616 respicit,

418 4638 771 4709 intelligimus
793 4636 1071 4694 Christum
1102 4636 1206 4692 sibi
1237 4638 1520 4707 passiones
1548 4649 1761 4693 nostras
1787 4641 2019 4710 imputa-

418 4741 619 4797 turum,
636 4740 692 4786 et
720 4744 883 4801 quant
909 4728 1218 4784 mercedem
1250 4728 1365 4799 ipse
1392 4744 1422 4783 a
1455 4728 1636 4797 Patre,
1654 4745 1750 4801 pro
1770 4744 1870 4786 suo
1895 4747 2016 4787 cum

418 4827 578 4884 Patre
618 4825 821 4882 fmdere
849 4823 1109 4892 vindicat,
1137 4823 1326 4879 eadem
1365 4834 1581 4899 nostras
1625 4840 1839 4897 quoque
1893 4840 2017 4897 pas-

417 4920 603 4976 siones
629 4931 753 4974 esse
790 4902 1284 4975 remuneraturum.
1312 4914 1393 4971 .lta
1448 4918 1717 4973 constabit
1766 4932 1873 4989 quo
1892 4919 2016 4989 jure

415 5012 517 5068 sibi
570 5010 826 5081 baptismi
871 5024 1069 5066 nomen
1123 5009 1399 5065 vindicent
1445 5018 1647 5065 nostrae
1694 5012 2013 5082 passiones,

416 5123 539 5165 cum
570 5105 637 5161 ad
662 5105 835 5177 ipsam
876 5104 1128 5176 baptismi
1158 5105 1567 5160 sacramentalis
1594 5106 1861 5162 rationem
1886 5122 2014 5175 spe-

416 5208 560 5257 ctent
575 5197 1081 5254 consummandam.
1098 5196 1554 5254 Constabitetiam
1581 5212 1687 5268 quo
1711 5212 1873 5268 porro
1896 5197 2016 5270 jure

416 5293 660 5365 ejusdem
694 5292 794 5347 sibi
848 5290 1127 5346 vindicent
1159 5290 1412 5361 baptismi
1442 5290 1725 5358 beneﬁcia,
1753 5307 1875 5348 cum
1908 5292 2018 5349 illis

414 5387 576 5444 etiam
631 5383 895 5457 symbolis
929 5393 1387 5453 repraesententur
1413 5397 1536 5454 quae
1565 5398 1594 5437 a
1624 5383 1738 5440 Deo
1768 5386 2012 5443 instituta

414 5489 562 5545 sunt,
593 5489 649 5536 et
675 5494 795 5551 qum
823 5476 929 5533 hoc
962 5478 1081 5549 ipso
1108 5477 1337 5534 consilio
1361 5478 1606 5535 instituta
1637 5489 1762 5537 sunt
1793 5490 1851 5537 ut
1882 5495 2014 5552 .pas-

413 5576 594 5632 siones
618 5579 832 5631 tioslras
850 5579 1246 5642 repraesentem
1272 5581 1434 5645 atque
1456 5574 1780 5647 spondeant,
1808 5583 1866 5631 et
1891 5590 2014 5647 qua:

411 5668 505 5727 Dei
555 5667 718 5726 etiam
760 5666 1048 5724 nobiscum
1080 5665 1404 5739 paciscentis
1457 5679 1583 5725 sunt
1609 5683 1824 5742 quoque
1865 5682 2012 5744 sym-

2120 4558 2396 4626 existimo,
2420 4558 2709 4630 hypothesi
2752 4560 2881 4616 illud
2910 4563 3098 4617 nititur
3116 4564 3279 4620 etiam
3312 4564 3555 4638 ejusdem
3578 4569 3721 4637 Apo-

2120 4651 2265 4717 stoli,
2299 4652 2408 4708 alio
2434 4664 2610 4709 tamen
2659 4653 2713 4708 in
2744 4655 2864 4711 loco
2891 4657 3230 4713 ratiocinium
3258 4675 3271 4712 :
3300 4658 3492 4731 Igitur,
3520 4660 3566 4714 si
3597 4675 3722 4714 can-

2120 4744 2433 4815 surrexistis,
2464 4746 2657 4817 inquit,
2681 4763 2795 4802 cum
2822 4748 3045 4816 Christo,
3075 4766 3189 4820 qua:
3207 4766 3409 4805 sursum
3433 4758 3549 4805 sunt
3578 4766 3721 4821 quae-

2120 4837 2234 4904 rite,
2266 4844 2371 4892 etc.
2401 4835 2538 4908 (Col.
2566 4853 2644 4904 ιιι,
2679 4840 2755 4911 l).
2784 4838 3098 4910 Mortiﬁcate
3127 4857 3246 4914 ergo
3272 4845 3496 4897 membra
3522 4852 3711 4911 vestra,

2120 4937 2224 4985 etc.
2257 4930 2333 5003 (v.
2359 4929 2438 5003 5).
2460 4931 2614 4998 Quod
2638 4932 2886 5002 illosjam
2912 4935 3620 5007 supponatconsurrexisse,
3646 4934 3713 4994 ad

2118 5021 2251 5078 illud
2278 5023 2467 5078 referri
2499 5038 2606 5079 non
2657 5035 2838 5095 potest
2866 5042 3025 5097 quam
3066 5028 3132 5082 ad
3165 5028 3523 5085 emersionem
3569 5030 3715 5085 illam

2122 5133 2190 5173 ex
2244 5132 2380 5188 aqua
2408 5117 2713 5188 baptismali
2742 5135 2863 5191 qua:
2911 5123 3327 5181 resurrectionis
3354 5134 3472 5181 erat
3497 5124 3715 5199 symbo-

2121 5211 2257 5277 lum,
2289 5219 2349 5265 ut
2379 5209 2635 5267 nimirum
2669 5213 2867 5269 forensi
2898 5225 3178 5286 pactorum
3199 5216 3455 5277 idiomate
3481 5230 3609 5276 tunc
3633 5232 3719 5277 rei

2117 5304 2422 5359 surrexisse
2474 5304 2916 5364 existimarentur
2944 5324 3069 5367 cum
3103 5323 3430 5384 usurparent
3474 5324 3718 5369 resurre-

2116 5395 2311 5450 ctionis
2358 5396 2687 5468 symbolum.
2724 5398 2854 5457 Inde
2881 5413 3027 5459 recte
3080 5405 3285 5478 colligit
3312 5400 3718 5464 Colossensium

2117 5485 2319 5555 ofﬁcia,
2351 5503 2414 5545 ea
2442 5489 2605 5548 modo
2643 5505 3016 5564 supponantur
3058 5513 3179 5570 qum
3218 5498 3330 5568 jam
3380 5498 3717 5556 ostendimus

2118 5582 2426 5639 necessario
2454 5599 2576 5641 esse
2625 5590 2996 5660 supponenda.
3030 5590 3162 5647 Cum
3209 5591 3354 5646 enim
3399 5594 3595 5649 mortis
3622 5592 3716 5651 illo

2115 5673 2382 5749 symbolo,
2411 5673 2761 5739 immersione
2803 5682 3075 5751 nimirum,
3099 5679 3433 5754 sponderent
3458 5698 3517 5743 se
3542 5698 3717 5743 mem~
