3990 6060
132 246 211 304 69

1160 241 1280 311 .‘DE
1319 230 1638 301 SECUNDO
1660 216 2051 296 animum
2089 228 2450 297 ntrrtsztto.
3300 288 3301 291 γ
3396 236 3469 299 το

132 366 375 421 brorum
404 375 623 420 suorum
651 358 1120 420 mortiﬁcationem
1138 370 1458 427 curaturos;
1493 368 1547 415 et
1571 372 1757 414 resur-
1782 355 1838 416 A
1864 355 2094 426 probare
2116 368 2369 427 umquam
2396 360 2654 427 poterunt
2676 353 2764 426 qui
2795 352 2998 410 nullam
3027 354 3127 412 nisi
3156 369 3220 412 ex
3244 354 3464 416 disertis

137 458 416 515 rectionis
435 457 684 529 symbolo
713 457 765 513 id
781 471 996 528 quoque
1013 452 1449 527 spopondissent,
1469 453 1535 507 ad
1566 462 1763 507 novam

144 566 208 607 se
238 551 633 622 caelestemque
655 550 819 605 vitam
846 562 968 605 esse
990 556 1395 604 resurrecturos
1423 562 1436 598 :
1460 543 1587 599 inde
1606 555 1765 598 nemo

146 658 263 699 non
297 642 445 699 videt
468 657 627 714 quam
655 643 747 697 ille
789 641 960 697 solide
990 640 1386 711 prudenterque
1415 644 1764 709 argumente-

149 749 267 805 tur,
299 750 426 793 cum
452 752 483 793 e
509 746 668 808 pacto
696 737 1074 807 promissoque
1119 735 1240 791 illos
1283 733 1528 789 hortatur
1553 747 1622 788 ne
1651 728 1767 788 ofﬁ-

149 833 241 887 cio
289 830 568 896 deessent,
599 827 829 885 ﬁdemve
860 827 1129 884 fallerent.
1180 826 1414 882 Inﬁrmze
1443 835 1622 882 autem
1673 820 1767 879 ad-

153 922 382 980 modum
412 930 470 978 et
495 922 694 993 jejunae
718 922 898 977 forent
922 920 977 977 id
1002 936 1173 992 genus
1201 919 1436 991 sequelae
1456 919 1502 975 si
1526 933 1595 974 ex
1620 917 1768 973 inani

154 1016 349 1074 mortis
375 1015 905 1087 resurrectionisQue
935 1010 1186 1087 symbolo
1233 1014 1300 1070 ad
1332 1012 1619 1087 mysticam
1645 1011 1772 1068 illos

154 1121 394 1169 mortem
418 1110 982 1181 resurrectionemquc
1009 1110 1339 1166 hortaretur.

239 1206 272 1279 ξ
306 1204 558 1263 27.—lta
589 1204 844 1260 nimirum
863 1210 1078 1259 constat
1104 1201 1171 1258 de
1188 1200 1353 1269 facto,
1381 1212 1448 1255 ex
1475 1199 1590 1271 ipsa
1610 1195 1771 1269 aquei

157 1302 426 1374 baptismi
476 1300 812 1358 institutione
862 1297 1189 1369 baptismum
1228 1292 1505 1366 sanguinis
1558 1291 1773 1349 excludi

158 1412 282 1452 non
324 1408 509 1467 posse,
537 1409 632 1451 nec
676 1394 844 1450 etiam
874 1407 906 1448 e
941 1391 1082 1462 pacti
1109 1385 1444 1461 baptismalis
1487 1385 1770 1443 beneﬁcio.

158 1496 221 1553 Si
254 1510 428 1567 porro
459 1492 582 1549 facti
604 1479 877 1548 rationem
906 1490 1222 1561 quaerimus,
1258 1504 1333 1545 ea,
1365 1494 1468 1552 est,
1500 1485 1556 1541 ni
1587 1484 1763 1551 fallor,

161 1588 329 1647 altius
350 1604 381 1645 e
402 1586 614 1643 duobus
635 1584 933 1657 przesertim
955 1583 1231 1655 principiis
1251 1580 1565 1637 deducenda
1592 1598 1605 1635 :
1631 1575 1776 1651 quod

160 1685 384 1742 scilicet
404 1682 610 1738 Christi
635 1694 780 1736 mors
801 1694 865 1736 ea
894 1678 965 1734 sit
984 1677 1156 1735 beatae
1187 1675 1602 1734 resurrectionis
1633 1688 1777 1728 mer-

1870 448 2270 518 Scripturarum
2302 447 2626 504 testimoniis
2647 447 3020 517 probationem
3051 447 3360 504 admittunt.

1942 541 1970 615 §
1995 540 2300 598 28.—Huic
2327 543 2504 611 itaque
2534 541 2741 598 caelesti
2762 550 2917 610 pacto
2943 542 3049 598 duo
3068 543 3158 597 illa
3189 543 3473 601 tribuenda

1871 644 2029 695 erant
2059 657 2071 693 :
2102 638 2277 709 primo
2307 646 2364 692 ut
2410 636 2532 708 jure
2559 636 2720 692 etiam
2751 635 2910 707 legali
2940 635 3156 693 Christo
3185 638 3468 708 prmmium

1871 744 1969 801 pro
1996 729 2109 784 suis
2150 729 2356 785 meritis
2396 727 2683 784 deberetur
2705 747 2718 792 ;
2742 726 2983 783 secundo
3010 729 3170 784 etiam
3201 728 3259 785 ut
3284 728 3475 787 ﬁdeles

1872 820 2105 878 tmiversi
2136 837 2295 876 unam
2326 820 2379 876 in
2398 818 2518 892 lege
2538 832 2661 876 cum
2702 818 2920 875 Christo
2947 830 3235 889 personam
3275 822 3476 878 consti-

1873 920 2108 969 tuerent.
2144 908 2257 967 Nec
2306 912 2448 967 enim
2502 909 2569 967 de
2614 910 2821 966 utrovis
2864 908 3059 965 horum
3109 911 3388 982 quicquam
3419 913 3473 969 in

1875 1006 2117 1064 terrestri
2164 1017 2321 1077 pacto
2359 1013 2573 1061 cautum
2604 1003 2856 1074 legimus.
2889 1001 3138 1059 Nondum
3196 1013 3373 1062 tamen
3404 1005 3473 1061 ad

1874 1099 2118 1173 singulos
2150 1100 2398 1155 homines
2442 1098 2719 1154 descendit
2750 1098 2855 1153 hoc
2899 1105 3137 1168 pactum,
3163 1106 3220 1152 ut
3249 1097 3478 1169 intelligi

1875 1195 2047 1265 possit
2080 1192 2297 1263 quinam
2342 1188 2410 1246 ad
2454 1190 2594 1247 hanc
2638 1189 2911 1260 politicam
2953 1187 3153 1243 Christi
3185 1203 3478 1259 personam

1877 1285 2123 1341 homines
2150 1284 2453 1354 pertineant
2471 1291 2530 1338 ut
2551 1281 2650 1337 sibi
2674 1282 2882 1352 possint
2903 1280 3050 1336 illius
3073 1280 3309 1336 caelestis
3334 1280 3478 1351 pacti

1877 1376 2140 1435 beneﬁcia
2170 1375 2467 1432 vindicare.
2502 1372 2736 1430 Proinde
2769 1381 2968 1443 praeter
3006 1371 3113 1427 hoc
3152 1371 3331 1428 Patris
3355 1387 3481 1428 cum

1879 1471 2093 1527 Christo
2120 1470 2343 1527 caeleste
2376 1479 2624 1541 pactum;
2656 1468 2803 1524 aliud
2831 1473 3093 1539 prteter'ea
3114 1468 3481 1524 necessarium

1879 1573 2015 1630 erat,
2055 1559 2256 1619 Christi
2303 1574 2426 1618 cum
2465 1560 2795 1627 hominibus,
2821 1569 2875 1617 et
2923 1560 3144 1632 quidem
3195 1574 3294 1632 pro
3319 1545 3482 1631 captu

1880 1655 2118 1711 humano
2144 1664 2452 1718 externum,
2502 1655 2848 1725 externisque
2896 1652 3159 1726 symbolis
3196 1651 3483 1708 celebran-

162 1776 303 1834 ccde
337 1772 651 1831 coronanda
678 1790 693 1837 ;
726 1769 871 1839 quod
921 1771 1085 1826 etiam
1139 1768 1273 1824 illud
1301 1768 1367 1824 sit
1406 1768 1459 1822 in
1491 1764 1776 1838 praecipuis
1804 1759 1854 1822 Β
1882 1748 2106 1812 dum,ut
2133 1754 2347 1803 constet
2366 1747 2582 1818 quinam
2608 1745 2687 1801 illi
2714 1748 2821 1802 sint
2843 1746 2933 1818 qui
2961 1760 2988 1799 a
3014 1743 3231 1802 Christo
3255 1760 3353 1816 pro
3374 1746 3490 1800 suis

165 1869 424 1942 baptismi
453 1867 734 1923 beneﬁciis
757 1863 1148 1920 numerandum
1170 1870 1230 1918 ut
1251 1862 1505 1917 nimirum
1528 1856 1779 1928 baptismi

164 1964 373 2019 virtute
417 1959 549 2018 illud
576 1972 970 2030 consequamur
997 1967 1055 2013 ut
1076 1964 1264 2013 nostra
1295 1968 1508 2027 quoque
1538 1966 1684 2007 mors
1709 1951 1781 2007 sit

168 2057 393 2113 Christo
419 2053 756 2126 imputanda.
781 2051 936 2120 Quod
962 2049 1202 2116 Christo,
1233 2064 1299 2106 eo
1326 2048 1445 2119 ipso
1477 2045 1666 2102 mortis
1684 2059 1782 2099 no-

168 2152 344 2218 mine,
386 2164 451 2205 ea
480 2146 794 2214 deberetur,
823 2159 982 2217 quam
1034 2144 1164 2210 dixi,
1194 2138 1610 2200 resurrectionis
1639 2150 1783 2193 mer-

168 2258 283 2309 ces,
322 2256 355 2298 e
382 2239 566 2298 Veteri
617 2254 833 2311 quoque
859 2236 1209 2294 Testamento
1257 2234 1369 2305 jam
1418 2231 1668 2303 superius
1693 2243 1786 2286 os-

172 2337 475 2393 tendimus.
502 2333 581 2388 Ex
614 2332 707 2388 illo
754 2331 1006 2387 nimirum
1043 2327 1331 2400 antiquiori
1374 2334 1536 2397 pacto
1584 2339 1689 2396 quo
1717 2323 1787 2379 de

174 2442 294 2487 toto
314 2427 703 2498 redemptionis
728 2424 943 2497 negotio
969 2421 1462 2491 inca‘rnationisque
1486 2432 1609 2474 cum
1626 2417 1787 2473 Patre

175 2522 470 2592 transegit.
514 2518 671 2588 Quod
723 2518 868 2573 enim
908 2515 1107 2571 Christi
1135 2513 1487 2579 resurrectio,
1520 2526 1627 2564 non
1678 2519 1785 2563 tam

174 2614 425 2685 propriae
453 2612 567 2682 ejus
592 2620 646 2666 et
671 2610 860 2665 nativa:
891 2606 1112 2673 Deitati,
1142 2614 1302 2677 quam
1328 2603 1473 2659 Patri
1503 2601 1786 2668 tribuitur;

175 2704 337 2779 quod
371 2706 535 2760 etiam
574 2702 733 2757 Pater
771 2714 879 2757 non
908 2698 1107 2769 Patris
1151 2706 1329 2753 tamen
1368 2696 1423 2750 in
1470 2693 1575 2750 hac
1628 2702 1789 2748 causa

176 2811 479 2873 personam
530 2795 721 2867 egerit,
763 2794 858 2851 sed
909 2792 1152 2863 iudicis;
1204 2804 1305 2847 nec
1354 2802 1467 2844 sum
1516 2788 1571 2843 in
1619 2786 1791 2842 ﬁlium

181 2903 415 2971 στοργῆς
442 2892 707 2949 rationem
730 2887 1001 2956 habuerit,
1026 2885 1122 2943 sed
1144 2880 1347 2941 Christi
1376 2883 1559 2955 potius
1587 2882 1641 2937 in
1673 2895 1795 2953 pas-

185 2989 341 3044 sione
378 2983 562 3041 meriti
596 3003 610 3040 :
640 2982 782 3054 quod
815 2981 978 3037 etiam
1008 2978 1259 3036 Christus
1289 2992 1398 3033 non
1427 2990 1526 3047 pro
1570 2989 1665 3030 sua
1706 2972 1794 3028 hic

184 3081 495 3157 aequalitate
544 3095 666 3137 cum
694 3078 878 3146 Patre,
924 3074 1019 3130 sed
1046 3074 1205 3146 plane
1232 3072 1389 3144 quasi
1430 3068 1693 3135 subditus,
1726 3066 1797 3122 sit

1881 1851 2264 1912 agnoscantur.
2301 1839 2414 1895 Hoc
2461 1848 2640 1895 autem
2683 1849 2896 1909 pactum
2927 1846 2985 1894 ut
3036 1838 3104 1894 ad
3151 1848 3490 1894 sacramenta

1882 1939 2091 2003 spectat
2131 1931 2181 1985 in
2214 1945 2436 2002 genere,
2472 1930 2543 1985 ita
2573 1930 2797 2001 propius
2834 1939 2889 1985 et
2930 1929 3203 2000 praecipue
3231 1928 3300 1984 ad
3353 1928 3489 2000 bap-

1887 2026 2101 2081 tismum
2129 2023 2269 2095 quod
2299 2025 2514 2079 unicum
2530 2022 2846 2079 initiationis
2868 2029 3271 2079 sacramentum
3300 2036 3492 2079 omnes

1884 2128 2205 2190 agnoscunt.
2235 2116 2384 2172 illud.
2401 2117 2545 2172 enim
2564 2115 2779 2188 proprie
2794 2111 3010 2187 pactum
3033 2115 3361 2187 appellamus
3385 2129 3493 2188 quo

1882 2214 1972 2285 jus
1996 2213 2142 2285 pacti
2175 2211 2529 2283 ejusdemque
2543 2210 2808 2267 beneﬁcia
2834 2209 3067 2281 primum
3084 2209 3490 2280 consequimur,

1889 2323 1994 2365 non
2023 2321 2129 2378 quo
2150 2306 2433 2363 consecuti
2456 2305 2543 2377 jus
2590 2305 2731 2362 idem
2762 2317 3024 2377 augemus
3054 2309 3214 2375 atque
3239 2317 3494 2360 consum-

1888 2416 2120 2459 mamus.
2145 2402 2258 2471 Qua
2287 2401 2469 2471 itaque
2504 2401 2716 2456 ratione
2747 2398 2814 2454 ad
2843 2398 3097 2469 baptismi
3141 2413 3493 2455 consumma-

1892 2496 2091 2552 tionem
2115 2493 2450 2550 ostendimus
2473 2492 2750 2564 pertinere
2770 2492 3113 2564 martyrium,
3133 2489 3326 2548 eadem
3350 2500 3405 2547 et
3425 2489 3495 2547 ad

1891 2597 2106 2658 pactum
2158 2587 2532 2655 evangelicum
2592 2586 2838 2656 pactique
2889 2583 3147 2640 beneiicia
3219 2584 3494 2654 pertinere

1893 2679 2222 2747 censebitur,
2256 2692 2325 2734 ne
2354 2678 2476 2749 quis
2502 2678 2740 2733 nominis
2770 2676 2959 2741 solius,
2990 2690 3095 2731 non
3125 2676 3255 2731 item
3287 2677 3364 2732 rei
3399 2691 3498 2748 per

1894 2788 2092 2829 nomen
2111 2773 2446 2845 signiﬁcatus,
2476 2773 2615 2827 hanc
2638 2769 2895 2843 baptismi
2917 2784 3036 2827 eum
3067 2770 3326 2843 martyrio
3343 2785 3497 2828 com-

1896 2865 2318 2921 municationetn
2347 2864 2756 2935 interpretetur.

1974 2957 2002 3031 ᾗ
2045 2954 2641 3015 Sil—Observandum
2670 2955 2811 3011 enim
2839 2963 2994 3014 sexto
3014 2999 3029 3025 ,
3052 2964 3160 3013 n‘o‘n
3186 2971 3249 3014 ea
3283 2963 3494 3014 tantum

1898 3052 2136 3123 generali
2167 3051 2379 3107 ratione
2418 3049 2733 3105 adumbrari
2762 3050 2814 3103 in
2844 3048 3115 3120 baptismo
3150 3051 3501 3122 martyrium,

186 3139 635 3239 coiisiderandus,
668 3181 724 3227 et
748 3168 1075 3227 obedientim
1096 3167 1296 3222 merito
1330 3163 1611 3235 praemium
1637 3158 1794 3215 exal-

1902 3160 2003 3216 qua
2036 3152 2091 3199 et
2117 3143 2326 3214 reliqua
2360 3142 2539 3198 omnia
2582 3139 2837 3212 baptizati
2866 3139 3046 3198 ofﬁcia
3072 3141 3502 3211 adumbrantur;

190 3268 412 3327 talionis
438 3284 469 3322 a
501 3265 662 3322 Patre
677 3263 978 3335 reputarit;
1005 3261 1183 3332 plane,
1211 3259 1450 3330 inquam,
1475 3255 1594 3310 haec
1615 3253 1793 3310 omnia

188 3369 426 3436 arguunt
446 3374 556 3416 non
585 3372 737 3415 suam
765 3355 877 3423 hic,
909 3353 1004 3410 sed
1029 3367 1161 3408 vero
1186 3350 1440 3416 alienam,
1476 3357 1533 3403 et
1579 3346 1797 3419 quidem

189 3471 220 3513 a
243 3471 340 3513 sua
372 3455 533 3524 longe
560 3449 982 3508 diversissimam
1017 3460 1047 3501 a
1080 3445 1294 3502 Christo
1340 3449 1648 3514 susceptam
1676 3450 1799 3496 esse

192 3561 505 3621 personam.
533 3545 600 3602 Et
619 3560 750 3600 vero
781 3543 896 3614 ipsa
919 3553 1190 3612 personm,
1211 3551 1372 3608 quam
1401 3535 1675 3601 sustinuit,
1702 3546 1799 3587 ra-

193 3646 273 3702 tio
302 3652 520 3716 pacium
545 3637 760 3711 aliquod
790 3638 1011 3693 omnino
1036 3633 1297 3706 postulat,
1323 3640 1377 3686 et
1405 3639 1648 3685 mutuum
1676 3639 1800 3682 cum

193 3737 360 3795 Patre
409 3746 752 3791 consensum.
780 3726 895 3789 Nec
920 3728 1063 3783 enim
1090 3724 1294 3781 Christi
1326 3722 1545 3778 nomine
1568 3734 1674 3774 una
1702 3718 1804 3773 ali-

194 3847 321 3903 qua,
344 3837 407 3885 ut
430 3826 633 3884 scholae
659 3825 976 3895 loquuntur,
1000 3816 1276 3875 individua
1298 3828 1531 3888 persona
1550 3811 1793 3883 intelligi-

196 3936 308 3990 tur,
341 3920 438 3977 scd
471 3919 684 3990 politica
716 3925 770 3972 ct
799 3912 1013 3987 publica
1052 3926 1172 3984 qua:
1213 3922 1312 3965 suo
1358 3907 1567 3963 ambitu
1614 3916 1804 3961 omnes

197 4017 447 4074 omnium
464 4011 780 4067 smculorum
806 4009 1162 4077 locorumque
1185 4004 1425 4059 omnium
1446 3999 1633 4055 ﬁdeles
1656 4012 1809 4053 com-

196 4109 492 4181 plectatur.
530 4103 622 4159 ﬂis
652 4103 797 4160 enim
826 4100 1083 4156 omnibus
1104 4095 1404 4153 cunven'ire
1435 4091 1807 4162 intelliguntur

199 4200 366 4271 hujus
392 4196 674 4253 beneﬁcia.
706 4196 961 4250 l'orcrant
981 4188 1211 4245 fortasse
1228 4186 1429 4244 Christi
1453 4184 1641 4240 merita
1664 4197 1809 4252 prmo

198 4294 372 4351 mium
395 4290 616 4361 aliquod
647 4303 713 4344 cx
746 4285 1010 4358 arquitatis
1034 4283 1155 4354 iure
1180 4280 1282 4336 sibi
1308 4279 1620 4349 impetrare.
1642 4271 1807 4341 Quod

210 4401 341 4444 vero
370 4398 479 4441 non
512 4396 577 4439 ex
609 4395 765 4452 aequo
802 4380 1113 4443 dumtaxat,
1132 4372 1231 4429 sed
1262 4385 1359 4444 pro
1378 4369 1598 4443 iustitia:
1626 4366 1810 4423 debito

201 4480 333 4536 ἰῆπύ
366 4477 684 4539 vindicent;
712 4471 855 4543 quod
884 4486 993 4527 non
1018 4469 1118 4526 sibi
1150 4465 1335 4532 modo,
1363 4464 1460 4521 sed
1492 4463 1604 4519 suis
1629 4458 1811 4517 omni-

1902 3237 1995 3294 sed
2036 3235 2178 3310 quod
2223 3236 2397 3307 ipSum
2445 3235 2604 3307 aquei
2643 3234 2897 3305 baptismi
2926 3234 3233 3306 symbolum
3264 3235 3338 3291 ita
3373 3248 3505 3291 nos-

1901 3341 2068 3398 trum,
2099 3346 2260 3402 quem
2283 3329 2540 3396 diximus,
2565 3327 2923 3398 sanguineum
2951 3326 3277 3397 baptismum
3307 3341 3508 3397 reprm-

1903 3433 2103 3491 sentet,
2126 3433 2187 3479 ut
2205 3424 2364 3494 plane
2392 3420 2539 3477 nulla
2567 3421 2638 3477 sit
2661 3418 2819 3492 aquei
2850 3418 3105 3490 baptismi
3129 3417 3508 3485 eiﬁcacia,nisi

1904 3516 1971 3572 ad
2009 3516 2365 3586 sanguineum
2406 3512 2734 3583 baptismum
2767 3508 3059 3566 referatur.
3085 3508 3200 3577 Qua
3230 3509 3372 3565 enim
3409 3507 3512 3577 im-

1905 3611 2104 3668 mersio
2142 3610 2197 3665 in
2228 3623 2424 3680 aquam
2448 3606 2577 3663 vita:
2605 3603 2855 3661 animalis
2877 3603 3384 3671 mortiﬁcationem,
3412 3602 3510 3659 de-

1906 3713 2073 3771 notat,
2104 3717 2208 3774 qua
2240 3699 2473 3757 cmersio
2500 3713 2568 3755 ex
2594 3698 2786 3755 eadem
2817 3712 2972 3753 nova:
2998 3697 3159 3753 etiam
3189 3695 3515 3767 spiritualis-

1906 3810 2012 3868 que
2037 3794 2157 3850 vitae
2179 3792 2555 3864 sponsionem,
2579 3804 2666 3857 ea,
2694 3805 2796 3863 qua
2821 3789 2960 3858 dixi,
2984 3788 3251 3862 sponsarii
3281 3787 3514 3861 symboli

1907 3888 2301 3960 signiﬁcatione
2324 3892 2717 3957 repraesentat;
2750 3882 2927 3939 fateor
2949 3883 3156 3939 nullum
3183 3897 3305 3940 esse
3341 3882 3516 3938 chris-

1909 3984 2070 4037 tianae
2098 3981 2219 4035 vitre
2250 3979 2489 4035 ofﬁcium
2520 3978 2649 4049 quin
2680 3976 2750 4033 ad
2781 3975 2980 4034 horum
3009 3975 3330 4033 alterutrum
3366 3975 3513 4031 refe-

1910 4085 2081 4141 ratur,
2114 4087 2237 4131 cnm
2268 4075 2515 4149 κάθαρσιν
2542 4069 2721 4128 omnia
2750 4078 2844 4126 aut
2871 4070 3128 4126 τελείωσιν
3159 4075 3425 4138 spectent,
3457 4072 3519 4123 ut

1912 4169 2195 4240 loquamur
2234 4181 2356 4223 eum
2390 4163 2782 4238 pythagormis,
2827 4160 2945 4216 haec
2976 4160 3044 4216 ad
3080 4173 3274 4216 novam
3318 4159 3517 4233 mysti-

1906 4274 2141 4331 ‘camque
2167 4260 2332 4314 vitam
2350 4299 2364 4323 ,
2391 4256 2460 4311 ad
2486 4269 2681 4312 novam
2704 4252 2794 4309 illa
2830 4253 3222 4325 mysticamque
3245 4262 3475 4310 mortem
3494 4294 3513 4322 ,

1914 4351 2163 4408 similiter
2202 4347 2509 4406 referenda.
2541 4346 2654 4403 Nec
2694 4355 2871 4401 tamen
2912 4354 3198 4417 prapterea
3227 4344 3352 4401 novi
3388 4345 3520 4416 bap-

1916 4444 2364 4503 tismibenetieia
2406 4440 2737 4515 quibuslibet
2774 4439 2902 4495 vitae
2944 4438 3255 4495 christiante
3287 4436 3516 4506 officiis,

208 4532 466 4631 Sig—“iud
499 4586 531 4626 η
560 4532 1034 4633 Ρειίαέειειιθειιιιι,
1066 4563 1185 4619 sine
1213 4568 1373 4633 pacto
1392 4571 1618 4630 prorsus
1646 4552 1810 4611 intel-
1834 4554 1891 4619 1)
1914 4540 2013 4598 sed
2039 4555 2110 4596 ne
2134 4539 2390 4633 omnibus
2433 4535 2651 4633 quidem
2693 4534 2854 4589 simul
2893 4532 3170 4599 collectis,
3201 4532 3518 4588 asserimus.

206 4668 299 4740 ligi
332 4681 441 4723 non
478 4672 663 4737 pOtest
689 4676 796 4733 quo
822 4660 987 4716 Pater
1013 4658 1177 4715 etiam
1204 4668 1455 4727 personae
1486 4651 1717 4724 politicm
1744 4647 1813 4703 il.

212 4762 318 4819 lam
346 4759 796 4818 constitutionem
828 4758 1156 4825 acceptaret.
1186 4749 1318 4805 Erat
1348 4747 1496 4821 enim
1528 4745 1633 4799 hoc
1662 4750 1815 4797 ante-

212 4854 464 4912 cedenter
487 4852 551 4908 ad
580 4859 796 4924 pactum
820 4846 896 4904 ita
924 4843 1293 4908 arbitrarium,
1320 4849 1380 4896 ut
1407 4837 1555 4894 nulla
1575 4836 1810 4900 Patrem,

210 4949 271 5005 ni
301 4948 374 5001 ita
390 4945 753 5014 convenisset,
778 4941 862 4998 rel
883 4941 1109 5011 aequitas
1134 4937 1417 5007 obligaret,
1452 4940 1510 4988 ut
1535 4945 1633 5003 pro
1655 4927 1819 4986 Citri-

213 5040 286 5097 sti
319 5038 525 5096 meritis
549 5036 856 5095 mercedem
883 5032 1130 5091 ﬁdelibus
1150 5029 1506 5102 persolveret,
1533 5038 1657 5082 cum
1680 5035 1821 5094 pra:-

210 5132 414 5192 sertim
445 5140 498 5187 et
550 5131 651 5205 ipsi
698 5130 951 5194 Christo,
982 5127 1034 5182 in
1091 5124 1308 5196 propria
1364 5121 1527 5177 etiam
1584 5124 1817 5188 persona

216 5225 596 5302 persolvisset.
642 5222 716 5281 Et
769 5221 985 5294 quidem
1037 5216 1331 5274 admodum
1395 5222 1821 5271 consentaneum

225 5330 346 5381 erat
373 5317 659 5394 platanicis
686 5317 833 5373 illius
863 5315 962 5372 εενί
991 5311 1350 5386 dogmatibus,
1377 5319 1435 5363 ut
1485 5305 1611 5361 huic
1637 5304 1823 5394 αἰωνίῳ

216 5411 508 5487 Evangelii
560 5408 768 5487 διαθήκῃ
796 5453 811 5479 ,
850 5422 969 5480 qum
997 5414 1178 5461 tamen
1231 5410 1350 5459 erat
1397 5397 1689 5463 terrestris,
1721 5393 1827 5449 alia

219 5485 772 5579 dhm—mpondemt
821 5506 1122 5582 προαιὼνιος
1161 5498 1215 5553 ἱη
1256 5494 1409 5551 cmlis
1458 5491 1610 5563 cujus
1641 5485 1828 5544 virtuti

219 5600 293 5660 sit
321 5600 487 5659 etiam
528 5594 827 5656 tribuenda
864 5580 1147 5651 terrestris
1176 5590 1412 5657 διαθήκης
1458 5583 1718 5643 efﬁcacia.
1749 5580 1829 5636 Ita

218 5692 513 5768 probarim
530 5688 794 5750 dedimus
844 5687 951 5744 hoc
979 5692 1217 5759 pactum,
1246 5680 1391 5755 quod
1418 5678 1546 5736 licet
1584 5681 1834 5734 asserant

223 5789 391 5849 etiam
420 5785 779 5857 recentiores,
833 5783 1144 5855 neutiquam
1192 5787 1374 5840 tamen
1425 5774 1679 5849 probant,
1728 5784 1834 5829 nec

1917 4634 2053 4691 Cum
2079 4634 2222 4690 enim
2247 4630 2375 4688 illud
2397 4629 2691 4686 dixerimus
2718 4628 3051 4700 praecipuum
3077 4625 3325 4697 baptismi
3351 4625 3516 4680 fuisse

1920 4726 2202 4784 consilium
2245 4733 2303 4779 ut
2340 4722 2545 4780 Christi
2583 4720 2865 4778 morientis
2894 4718 3338 4790 resurgentisque
3378 4719 3518 4771 ima-

1920 4823 2101 4893 ginem
2129 4819 2195 4874 ad
2221 4818 2403 4873 vivum
2426 4824 2907 4886 reprmsentemus,
2932 4812 3058 4869 inde
3084 4810 3244 4868 etiam
3270 4808 3521 4866 beneﬁcii

1923 4911 2261 4985 baptismalis
2286 4924 2436 4983 spem
2461 4923 2676 4966 omnem
2703 4906 2772 4962 ab
2794 4921 2868 4964 ea
2899 4908 3014 4977 ipsa
3036 4904 3521 4973 reprmsentatione

1925 5018 2297 5071 arcessamus;
2320 5001 2566 5073 sequitur
2588 4999 2815 5073 proinde
2843 5010 2899 5055 ut
2918 5013 3021 5070 qua
3040 4997 3148 5051 vita
3168 5005 3330 5068 atque
3348 5004 3526 5052 morte

1923 5101 2203 5160 Christum
2232 5098 2639 5155 accuratissime
2674 5094 3058 5166 exprimimus,
3087 5091 3140 5147 in
3188 5091 3296 5148 illis
3318 5092 3526 5162 prima-

1922 5197 2063 5255 rium
2086 5191 2640 5266 baptismi'consilium
2659 5184 3097 5246 constituendum
3126 5187 3214 5253 sit,
3238 5187 3307 5243 ab
3336 5185 3528 5242 iisdem

1918 5292 2181 5368 baptismi
2228 5288 2388 5349 etiam
2427 5288 2687 5347 beneﬁcia
2718 5287 2827 5341 sint
2862 5286 3138 5358 praecipue
3175 5283 3530 5356 expectanda.

1934 5388 2097 5460 Atqui
2143 5400 2419 5458 corporeae
2447 5391 2601 5440 erant
2640 5379 2748 5435 illae
2785 5378 2989 5436 Christi
3036 5387 3142 5435 tam
3176 5392 3331 5434 mors
3371 5390 3531 5450 quam

1932 5482 2285 5550 resurrectio,
2314 5478 2507 5552 quibus
2539 5489 2638 5531 nos
2664 5472 2985 5545 proﬁtemur
3010 5474 3067 5529 in
3095 5471 3369 5544 baptismo
3398 5485 3532 5527 con-

1936 5577 2171 5646 formes,
2208 5584 2263 5633 et
2304 5584 2529 5646 quarum
2559 5582 2660 5625 nos
2692 5566 2889 5625 ibidem
2925 5576 3206 5639 portemus
3242 5562 3536 5632 imagines,

1938 5679 1999 5727 ut
2036 5671 2089 5727 in
2118 5680 2394 5740 corporea:
2419 5661 2840 5720 resurrectionis
2869 5675 3036 5718 causa
3076 5656 3120 5730 (1
3159 5653 3306 5723 Cor.,
3333 5653 3430 5726 xv)
3456 5653 3541 5709 lo-

1938 5762 2119 5836 quitur
2148 5762 2309 5823 etiam
2334 5756 2650 5830 Aposmlus.
2684 5754 2904 5831 Mystica
2940 5753 3098 5812 enim
3132 5747 3476 5808 resurrectio
3509 5741 3560 5804 si
