3990 6060
426 195 493 253 71

1392 193 1763 258 DODWELLI
1802 191 2261 255 DISSERTATIO
2296 191 2717 252 CYPRIANICA

3663 191 3738 245 72

424 316 537 372 sola
561 313 613 370 in
637 312 908 386 baptismo
930 312 1313 385 sponderetur,
1340 320 1452 370 tota
1473 314 1561 369 illa
1587 316 1828 385 Apostoli
1856 331 2017 387 argu-
2047 319 2095 377 Α
2126 314 2270 369 illius
2299 312 2438 383 pacti
2471 311 2611 381 lege,
2641 307 2735 364 sed
2763 320 2894 362 vero
2915 318 2983 362 ex
3008 303 3250 377 ejusdem
3273 304 3435 362 etiam
3458 305 3736 375 aequitate,

422 409 683 465 mentatio
708 408 1038 465 concideret.
1063 407 1163 463 Est
1183 407 1398 479 quidem
1428 410 1877 465 verisimillimum
1901 409 2027 464 inde

423 509 602 556 ortum
630 516 754 556 esse
784 499 1238 556 resurrectionem
1273 501 1578 571 negantium
1611 516 1852 557 errorem
1884 500 2026 572 quod

421 594 875 650 resurrectionem
912 591 1058 647 illam
1087 591 1337 661 baptismi
1375 592 1730 664 symbolicam
1759 592 1827 648 de
1854 592 2025 648 solius

421 687 618 743 animae
671 686 898 758 mystica
947 685 1383 753 resurrectione,
1438 701 1544 740 non
1597 686 1726 741 item
1781 685 2026 755 corporis

421 781 808 852 intelligerent.
850 778 983 835 Cum
1025 789 1206 836 autem
1248 796 1314 835 ex
1365 778 1613 835 universa
1657 780 1747 835 illa
1797 780 2025 851 apostoli

420 874 787 945 disputatione
817 873 1164 928 manifestum
1195 873 1295 939 sit,
1328 871 1461 926 illud
1494 871 1660 928 fuisse
1696 873 2024 942 praecipuum

418 966 671 1039 baptismi
702 966 988 1021 consilium
1018 975 1108 1034 ut,
1139 966 1206 1021 de
1234 980 1341 1037 quo
1382 965 1651 1035 prmcipue
1681 964 1823 1019 illius
1848 964 2024 1019 (etatis

418 1060 555 1116 ﬁdes
590 1059 902 1126 vacillaret,
938 1059 1008 1115 de
1033 1074 1099 1115 eo
1131 1059 1612 1129 interponerentur
1640 1057 2024 1128 promi~siottes

420 1153 475 1207 in
510 1164 667 1222 pacto
710 1151 1017 1221 baptismali
1063 1152 1305 1209 omnium
1350 1151 1701 1216 certissimae;
1750 1151 1907 1220 plane
1937 1164 2025 1205 se-

420 1247 603 1316 quitur
630 1242 834 1300 Christi
866 1244 1345 1311 resnrrectionem,
1378 1258 1483 1298 non
1516 1242 1679 1296 aliam
1705 1257 1866 1313 quam
1897 1256 2022 1296 cor-

419 1353 641 1410 poream
670 1338 722 1393 in
765 1338 1034 1407 baptismo
1074 1336 1342 1399 exhiberi,
1379 1336 1465 1390 cui
1505 1344 1561 1390 et
1592 1344 1772 1389 nostra
1799 1348 2024 1402 respon-

419 1433 545 1488 deat
592 1431 922 1487 resurrectio
965 1430 1238 1501 prrecipue
1277 1442 1564 1499 corporea.
1595 1426 1748 1494 Quod
1790 1441 1920 1481 vero
1956 1425 2025 1481 ad

421 1536 655 1583 mortem
688 1526 1255 1596 resurrectionemque
1282 1525 1539 1597 mysticas
1563 1523 1787 1590 attinet,
1819 1533 2023 1577 tantum

420 1620 577 1677 abest
617 1629 675 1675 ut
705 1636 799 1690 per
841 1620 961 1676 illas
990 1621 1259 1690 possimus
1297 1616 1497 1673 Christi
1535 1626 1700 1698 φορεῖν
1730 1619 1927 1685 εἰκόνα,
1970 1625 2029 1671 ut

2132 406 2392 462 vindicari
2433 419 2592 476 posse
2632 403 2684 457 in
2714 400 3012 473 sanguineo
3051 399 3324 469 baptismo
3357 400 3540 454 omnia
3569 401 3741 456 bene-

2131 500 2251 555 ﬁcia
2276 516 2305 555 a
2333 497 2551 554 Christo
2581 511 2682 567 pro
2720 509 2818 550 sua
2860 492 3001 565 pacti
3044 491 3381 562 baptismalis
3417 501 3569 563 parte
3600 507 3743 563 pra:-

2129 593 2351 658 standa,
2393 608 2463 646 ne
2497 589 2624 660 quid
2653 601 2942 659 superesse
2971 584 3244 650 videatur,
3290 600 3389 640 cur
3431 584 3743 640 dubitemus

2130 695 2351 741 rectene
2377 683 2493 739 haec
2520 692 2576 737 et
2602 696 2698 752 pro
2719 678 2921 736 Chriin
2952 688 3131 734 mente
3155 688 3367 733 veteres
3395 677 3740 749 collegerint.

2127 779 2263 836 Cum
2294 779 2436 834 enim
2477 778 2587 848 jam
2635 773 3040 830 ostenderimus
3090 770 3461 827 conditionem
3506 786 3533 824 a
3582 770 3741 826 nobis

2129 873 2516 944 pra-standum,
2545 886 2648 940 qua
2670 869 2760 940 jus
2785 867 2917 923 illud
2945 881 3342 937 consequamur
3369 864 3436 920 ad
3466 864 3738 935 promissa

2126 965 2326 1022 Christi
2370 964 2663 1028 benelicia,
2713 962 2851 1016 hanc
2890 960 3060 1031 ipsam
3097 973 3222 1015 esse
3268 959 3513 1028 corporis
3564 957 3739 1013 n0stri

2127 1076 2226 1132 pro
2264 1060 2481 1116 Christo
2526 1057 2911 1121 devotionem;
2953 1054 3098 1126 quod
3145 1051 3496 1108 nihilominus
3544 1067 3739 1109 recens

2127 1153 2411 1225 baptizatis
2461 1153 2741 1207 incruenta
2788 1156 2962 1204 morte
2992 1146 3220 1202 sublatis
3248 1145 3515 1202 concedat
3557 1155 3736 1201 tamen

2127 1248 2376 1304 Christus
2401 1245 2655 1317 baptismi
2687 1243 2945 1300 beneﬁcia
2967 1283 2982 1306 ,
3013 1242 3152 1297 ratio
3186 1257 3292 1295 non
3319 1250 3403 1295 est
3432 1239 3574 1311 quod
3606 1254 3740 1295 con-

2127 1342 2390 1399 ditionem
2436 1340 2584 1395 illam
2636 1336 2989 1409 praestiterint
3031 1338 3117 1391 cui
3163 1335 3432 1391 debentur
3477 1350 3547 1391 ex
3596 1335 3738 1404 pacti

2132 1434 2388 1506 aequitate
2433 1431 2677 1503 ejusdem
2722 1430 3020 1499 beneﬁcia,
3068 1429 3166 1486 sed
3209 1428 3352 1499 quod
3383 1431 3554 1499 prima
3596 1429 3737 1499 pacti

2129 1525 2392 1582 beneﬁcia
2439 1523 2609 1596 gratis
2656 1524 3028 1580 concedantur
3077 1531 3133 1579 et
3177 1522 3296 1578 sine
3344 1521 3455 1577 ulla
3513 1537 3737 1594 prorsus

2131 1621 2444 1677 conditione
2463 1663 2476 1686 ,
2506 1621 2807 1691 praesertim
2839 1618 2947 1673 illis
2977 1618 3071 1689 qui
3107 1616 3345 1673 nondum
3375 1616 3572 1672 actuali
3599 1615 3739 1671 obli-

420 1730 491 1771 ne
520 1730 646 1770 vere
675 1713 890 1785 quidem
922 1712 1172 1768 Christus
1210 1728 1276 1767 eo
1306 1727 1469 1767 sensu
1492 1712 1563 1767 sit
1590 1726 1844 1781 umquam
1875 1725 2023 1764 mor-
2054 1716 2101 1776 B
2128 1713 2331 1784 gationi
2370 1720 2463 1767 aut
2505 1710 2807 1766 conditioni
2848 1709 2918 1765 de
2959 1710 3104 1766 facto
3149 1709 3470 1780 prarstandae
3509 1707 3738 1763 obnoxii

423 1817 547 1862 tuus
586 1814 680 1861 aut
722 1806 1106 1862 resurrexerit.
1148 1805 1280 1860 Mori
1322 1804 1412 1859 ille
1453 1812 1676 1874 peccato
1715 1818 1822 1858 non
1853 1804 2027 1874 potuit

421 1900 511 1972 qui
542 1915 812 1970 nunquam
840 1899 892 1955 ei
919 1899 1148 1954 vixerat.
1168 1898 1491 1953 Mortiﬁcare
1510 1913 1727 1954 carnem
1750 1912 1857 1951 non
1889 1911 2026 1966 opus

421 1993 611 2049 habuit
626 1995 717 2064 qui
746 1995 947 2049 nullam
973 2009 1227 2065 umquam
1255 1992 1623 2048 sensitcarnis
1647 1991 2023 2047 rebellionem.

421 2087 533 2143 Nec
574 2087 874 2143 resurrexit
912 2087 1004 2143 ille
1042 2087 1110 2141 ad
1149 2102 1342 2142 novam
1384 2086 1825 2157 spiritualemqne
1862 2085 2024 2140 vitam

423 2182 515 2253 qtti
546 2193 904 2252 praeterquam
943 2180 1277 2251 spiritualem
1306 2180 1468 2234 vitam
1500 2180 1660 2233 aliam
1693 2178 1895 2233 nullam
1925 2194 2029 2232 utt—

423 2288 583 2347 quam
622 2272 869 2329 duxerat.
900 2272 1119 2345 Mystica
1147 2287 1276 2343 ergo
1320 2289 1465 2328 mors
1508 2282 1672 2342 atque
1701 2272 2028 2327 resurrectio

424 2365 775 2421 secundarias
798 2364 965 2420 fuisse
984 2376 1221 2436 oportet,
1247 2382 1354 2421 non
1386 2365 1655 2436 primaria:
1674 2364 1728 2419 in
1760 2364 2029 2435 baptismo

424 2458 944 2530 reprtesentationis,
960 2466 1225 2529 quatenus
1251 2467 1305 2514 et
1335 2458 1462 2525 illae,
1481 2473 1803 2529 quamquam
1828 2457 2027 2512 nullam

426 2565 550 2607 cum
578 2549 797 2607 Christo
816 2551 1253 2607 conformitatem
1283 2552 1413 2624 ipsa:
1439 2550 1717 2615 denotent,
1743 2551 2031 2621 disllonant

426 2643 619 2701 saltem
660 2642 729 2699 ad
769 2642 918 2699 illam
965 2644 1266 2698 animarum
1305 2652 1611 2699 nostrarum
1652 2657 1772 2698 cum
1812 2642 2031 2698 Christo

427 2736 891 2801 conformitatem,
942 2751 1103 2807 quam
1136 2746 1192 2791 et
1232 2736 1406 2806 ipsam
1440 2734 1660 2792 Christo
1700 2734 1873 2790 fateor
1908 2749 2033 2790 esse

428 2827 811 2901 gratissimam.
1977 2893 1980 2896 .

506 2920 536 2992 §
576 2921 669 2978 50.
694 2919 914 2976 -—Cum
938 2921 1118 2993 itaque
1144 2922 1336 2978 mortis
1367 2920 1483 2978 hinc
1513 2922 2033 2993 resurrectionisque

430 3012 488 3070 in
526 3014 797 3084 baptismo
844 3014 1253 3085 repraesentatio
1283 3014 1351 3070 ad
1381 3029 1610 3087 corpora
1648 3022 1831 3071 nostra
1861 3014 2033 3084 primo

2127 1815 2332 1873 essent,
2383 1817 2604 1877 propter
2648 1805 3060 1876 incapacitatem
3107 1803 3358 1875 subjecti.
3413 1803 3735 1860 Adulterum

2128 1906 2233 1961 alia
2261 1916 2344 1961 est
2375 1903 2599 1959 omnino
2629 1903 2790 1959 ratio.
2819 1903 2992 1970 Quam
3022 1902 3169 1957 enim
3197 1901 3568 1958 conditionem
3597 1916 3738 1957 non-

2129 1999 2257 2054 dum
2294 2007 2555 2068 praastare
2584 2004 2845 2068 possunt,
2880 2009 3001 2051 eam
3030 1993 3171 2050 velle
3209 1993 3402 2050 saltem
3450 2003 3733 2065 poterant,

2131 2101 2189 2147 ut
2211 2092 2332 2147 facti
2367 2091 2485 2147 loco
2505 2089 2649 2161 apud
2677 2089 2846 2145 Deum
2872 2086 3136 2144 habeatur
3161 2085 3291 2142 illud
3317 2088 3490 2158 ipsum
3526 2094 3732 2141 votum.

2133 2186 2273 2242 Sunt
2302 2194 2483 2240 autem
2513 2186 2654 2239 inter
2676 2197 2737 2239 se
2762 2181 3054 2237 admodum
3081 2180 3314 2237 diversa:
3341 2180 3447 2236 illa:
3467 2179 3738 2251 aequitatis

2132 2278 2374 2334 rationes
2412 2293 2515 2346 qua
2546 2276 2669 2347 quis
2698 2286 2987 2332 excusatur
3017 2291 3049 2331 a
3082 2273 3384 2346 praestanda
3426 2273 3569 2351 pacti
3604 2288 3738 2329 con-

2133 2370 2369 2437 ditione,
2399 2378 2455 2425 et
2482 2384 2589 2440 qua
2617 2370 2743 2440 quis
2770 2367 3019 2425 eamdem
3060 2368 3196 2439 legis
3215 2356 3580 2422 conditionem
3613 2382 3739 2422 cett-

2134 2476 2287 2520 setur
2312 2464 2628 2535 implevisse
2648 2504 2663 2531 ,
2693 2464 2738 2519 si
2769 2464 2950 2518 minus
2988 2464 3055 2517 ad
3084 2462 3317 2519 litteram
3348 2462 3514 2534 legis,
3544 2471 3600 2516 at
3637 2475 3739 2533 pro

2135 2558 2468 2629 legislatoris
2518 2557 2810 2624 sententia,
2860 2557 2907 2613 si
2960 2572 3149 2628 aequus
3202 2555 3363 2611 modo
3417 2555 3739 2611 adhibeatur

2135 2652 2271 2724 legis
2294 2651 2583 2722 interpres.
2614 2651 2691 2707 Ita
2728 2652 2896 2723 igitur
2929 2652 3249 2723 martyrium
3277 2652 3330 2706 in
3362 2660 3489 2707 voto
3517 2666 3639 2707 cum
3670 2651 3741 2706 sit

2136 2759 2234 2816 pro
2268 2745 2402 2817 legis
2429 2744 2607 2801 littera
2630 2745 2810 2816 reipsa
2841 2744 2988 2800 aliud
3006 2787 3021 2813 ,
3053 2745 3192 2801 idem
3221 2755 3399 2800 tamen
3428 2745 3740 2802 censebitur

2135 2854 2257 2895 cum
2310 2840 2569 2911 martyrio
2607 2839 2676 2895 de
2729 2840 2875 2895 facto
2921 2853 3021 2908 pro
3069 2838 3530 2908 interpretationis
3567 2836 3739 2908 (equi-

2136 2940 2264 2988 tate.
2290 2929 2364 2986 Ita
2389 2932 2484 2987 ﬁet
2514 2943 2571 2986 ut
2600 2932 2780 2986 omnia
2812 2930 3066 3001 baptismi
3092 2930 3352 2988 beneﬁcia
3381 2931 3482 2986 soli
3504 2931 3742 2987 debean-

2138 3033 2225 3081 tur
2277 3026 2570 3097 martyrio,
2630 3025 2825 3080 saltem
2882 3024 2937 3079 in
2988 3033 3136 3079 voto.
3187 3023 3342 3092 Quod
3385 3024 3432 3078 si
3477 3025 3642 3079 etiam
3687 3024 3743 3079 in

429 3105 715 3162 referenda
763 3120 885 3161 esse
936 3105 1390 3176 probaverimus:
1423 3108 1671 3177 sequitur
1720 3104 2029 3176 primarium

2143 3117 2421 3190 baptizatis
2467 3134 2575 3174 non
2606 3117 2966 3189 martyribus,
3014 3117 3115 3173 soli
3157 3126 3333 3172 tamen
3382 3118 3642 3189 martyrio
3688 3118 3741 3173 in

431 3198 688 3269 baptismi
731 3199 1017 3255 consilium
1059 3214 1182 3256 esse
1222 3210 1282 3255 ut
1321 3214 1550 3270 corpora
1596 3210 1782 3255 nostra
1818 3188 2036 3254 Christo

431 3293 830 3357 devoveamus,
871 3307 1078 3364 nosque
1127 3302 1410 3364 promptos
1451 3293 1820 3363 Spondeamus
1876 3307 2036 3359 para-

435 3396 628 3458 tosque
650 3396 706 3441 ut
729 3385 927 3442 Cltristi
948 3400 1111 3442 causa
1131 3394 1361 3441 mortem
1384 3395 1726 3457 oppetamus,
1751 3399 2037 3454 corporum

431 3482 705 3538 videlicet.
728 3481 859 3536 Inde
869 3481 1200 3550 reliquorum
1218 3481 1470 3552 baptismi
1489 3480 2037 3551 beneﬁciorumispem

433 3573 770 3644 concipimus
808 3574 1214 3645 accipimusque
1254 3576 1494 3630 omnium
1527 3576 1901 3631 certissimam.
1938 3575 2043 3630 lm-

434 3666 629 3741 primis
654 3665 725 3722 de
752 3665 907 3721 beata
938 3667 1340 3722 resurrectione
1365 3669 1613 3738 corporis
1644 3667 1894 3722 nimirum
1917 3667 2005 3722 illa
2026 3707 2042 3733 ,

437 3777 561 3833 quae
601 3760 849 3832 corporis
892 3760 1235 3831 passionibus
1280 3761 1686 3818 accuratissime
1726 3761 2041 3833 rcSpondet.

437 3855 679 3925 Quaeque
710 3864 769 3909 ut
806 3855 1078 3925 praecipua
1118 3864 1239 3911 erat
1277 3855 1550 3927 plerisque
1578 3855 1714 3911 ratio
1735 3856 2051 3910 christiani-

439 3949 598 4018 tatis,
640 3964 703 4005 ea
743 3950 1044 4018 praesertim
1088 3958 1279 4016 aetate,
1312 3949 1673 4019 recipiendae,
1719 3949 1790 4003 ita
1836 3949 2045 4005 credito

438 4052 558 4100 erat
585 4043 826 4098 omnium
859 4042 1205 4109 difﬁcillima,
1248 4052 1307 4098 ut
1347 4042 1574 4114 proinde
1617 4052 2045 4098 consentaneum

437 4145 586 4191 esset
635 4150 754 4192 eam
803 4133 1177 4191 commendari
1216 4135 1550 4206 argumentis
1588 4136 1808 4191 omnino
1856 4136 2046 4191 certis-

441 4227 620 4285 simis.
644 4227 780 4283 Tum
812 4237 868 4285 et
895 4229 1177 4299 mysticam
1201 4244 1416 4301 quoque
1437 4228 1580 4284 illam
1608 4239 1839 4284 mortem
1870 4245 2049 4285 resur-

438 4322 853 4394 rectionemque
899 4322 1250 4392 pollicemur,
1300 4338 1422 4393 quae
1468 4323 1784 4378 secundaria
1832 4323 2051 4378 immero

440 4415 612 4473 sionis
629 4425 832 4470 nostra:
847 4414 1281 4485 emersionisque
1299 4415 1352 4469 in
1374 4414 1641 4485 baptismo
1659 4414 2049 4485 signiﬁcatione

443 4507 772 4564 denotantur
813 4524 829 4561 :

444 4601 649 4659 Christi
689 4601 852 4658 etiam
902 4611 1058 4674 parte
1099 4601 1446 4669 adhibentur,
1497 4602 1545 4657 is
1588 4618 1689 4658 una
1722 4603 1952 4673 spondet
1978 4619 2049 4660 ne

442 4713 598 4757 suam
640 4698 858 4769 quidem
903 4713 1126 4769 operam
1169 4698 1328 4754 nobis
1364 4698 1690 4754 defuturam.
1731 4698 1808 4754 ita
1839 4706 2052 4754 constat

444 4792 766 4865 martyrium
812 4790 866 4847 in
915 4790 1166 4863 primaria
1200 4790 1453 4863 baptismi
1492 4790 1884 4863 signiﬁcatione
1918 4807 2050 4847 con-

447 4883 631 4939 tineri.
659 4883 886 4941 Constat
915 4881 1113 4939 deinde
1140 4882 1212 4937 ita
1245 4899 1274 4937 a
1312 4883 1468 4938 nobis
1509 4884 1881 4954 interpositam
1912 4883 2050 4938 hanc

444 4977 697 5048 martyrii
732 4979 1107 5048 sponsionem,
1135 4988 1195 5033 ut
1217 4977 1290 5033 sit
1316 4977 1557 5034 conditio
1581 4994 1647 5033 ex
1684 4989 1865 5032 nostra
1901 4988 2052 5048 parte

452 5067 758 5141 prmstanda
791 5070 933 5127 unde
958 5068 1228 5142 pendeant
1250 5070 1455 5140 reliqua
1482 5070 1734 5140 baptismi
1763 5069 2050 5126 beneﬁcia.

445 5164 525 5221 lta
552 5163 797 5234 sequitur
824 5178 889 5218 ex
921 5163 1061 5234 pacti
1090 5162 1251 5233 hujus
1288 5161 1409 5232 jure
1430 5204 1446 5229 ,
1488 5164 1750 5236 martyrio
1775 5164 1969 5220 saltem
1998 5165 2054 5223 in

447 5266 578 5314 voto
626 5256 813 5312 deberi
862 5259 1044 5312 omnia
1084 5256 1339 5327 baptismi
1381 5256 1663 5313 beneﬁcia.
1698 5257 1953 5329 Sequitur
1980 5260 2052 5316 ita

448 5350 518 5406 ad
545 5350 800 5420 baptismi
828 5353 1349 5409 consummationem
1376 5362 1627 5423 spectare
1653 5356 1967 5427 martyrium
1991 5364 2052 5412 ut

448 5444 768 5516 martyrium
808 5442 878 5500 de
920 5443 1063 5500 facto
1106 5447 1407 5515 praestitum
1455 5455 1663 5514 Spectat
1691 5446 1758 5503 ad
1797 5463 2055 5505 consum-

451 5536 747 5595 mationem
778 5536 1022 5609 martyrii
1049 5535 1330 5593 dumtaxat
1359 5539 1411 5594 in
1440 5546 1589 5596 voto.

450 5633 458 5677 ἱ
529 5627 834 5697 §51.-—-Ne
859 5643 988 5686 vero
1017 5628 1216 5685 nimius
1241 5628 1426 5686 videar
1454 5631 1509 5688 in
1539 5633 1826 5706 captandis
1855 5634 2057 5707 baptis—

372 5759 381 5772 ο
453 5725 613 5789 malis
653 5726 793 5801 pacti
834 5724 1111 5799 minutiis,
1142 5724 1339 5800 colligo
1380 5728 1607 5800 septimo
1640 5746 1744 5789 nou
1790 5730 1952 5790 modo
1993 5748 2058 5795 ex

371 5852 415 5901 ιδ’

2142 3221 2272 3269 voto
2298 3211 2564 3268 debeatur
2580 3214 2667 3282 jus
2699 3210 2833 3265 illud
2863 3225 3026 3266 omne
3053 3211 3199 3282 quod
3221 3210 3500 3266 consecuti
3530 3210 3581 3265 in
3607 3210 3742 3281 bap-

2146 3308 2306 3363 tismo
2345 3313 2472 3360 sunt
2497 3304 2566 3359 ad
2598 3303 2858 3374 baptismi
2902 3303 3202 3369 beneﬁcia;
3235 3303 3354 3374 quis
3395 3312 3479 3360 est
3515 3303 3605 3374 qui
3636 3318 3744 3359 non

2144 3400 2323 3455 videat
2381 3397 2580 3469 potiori
2636 3397 2849 3452 ratione
2907 3394 3247 3452 tribuendum
3310 3411 3430 3452 esse
3484 3394 3745 3466 martyrio

2144 3491 2381 3549 actuali?
2412 3491 2510 3546 Est
2536 3490 2679 3546 enim
2705 3489 2823 3545 haec
2849 3489 2984 3561 legis
3011 3490 3122 3560 ipsa
3150 3487 3409 3557 conditio,
3434 3504 3541 3543 non
3566 3495 3745 3543 autem

2145 3586 2290 3642 aliud
2316 3585 2445 3657 quid
2471 3584 2617 3655 quod
2655 3600 2812 3656 aequo
2853 3592 3012 3656 egeat
3049 3583 3184 3654 legis
3215 3583 3511 3654 interprete
3552 3590 3611 3636 ut
3650 3594 3746 3651 pro

2148 3680 2261 3750 ipsa
2283 3677 2593 3734 conditione
2614 3685 2924 3734 censeatur.
2947 3676 3286 3747 Quamquam
3304 3676 3748 3747 igiturnos-quam

2148 3770 2366 3827 aliunde
2408 3780 2715 3839 constaret,
2753 3769 2973 3826 disertis
3018 3768 3347 3840 evangelicae
3392 3766 3527 3839 legis
3571 3765 3749 3821 verbis

2149 3864 2412 3936 martyrio
2445 3861 2634 3919 deberi
2675 3861 2929 3933 baptismi
2970 3861 3270 3925 beneficia;
3302 3858 3355 3916 id
3388 3868 3565 3915 tamen
3595 3856 3750 3914 facile

2149 3972 2218 4013 ex
2238 3958 2350 4027 ipsa
2379 3955 2622 4026 ejusdem
2654 3954 2924 4011 ratiocinii
2952 3955 3173 4027 sequela
3198 3953 3601 4025 colligeremus.

2224 4051 2252 4123 §
2291 4049 2582 4108 32.—Est
2608 4050 2754 4107 enim
2787 4066 2852 4107 ea
2900 4050 2953 4104 in
2981 4049 3161 4115 omni,
3215 4048 3449 4104 humana
3500 4061 3747 4118 quoque,

2150 4141 2537 4214 legumlatione
2555 4142 2782 4213 probata
2800 4140 3198 4213 argumentatio
3214 4155 3315 4211 qua
3334 4138 3513 4210 legum
3537 4137 3752 4194 casibus

2152 4237 2371 4292 omissis
2392 4252 2423 4292 c
2447 4235 2716 4293 ratiocinii
2745 4235 2975 4307 paritate
3007 4235 3388 4307 prospicimus.
3419 4235 3531 4291 Illis
3559 4247 3754 4304 nempe

2154 4330 2457 4386 canonibus
2484 4331 2831 4401 generalibus
2855 4331 3106 4400 oriunda,
3131 4330 3274 4401 quod
3303 4331 3484 4387 causis
3500 4330 3753 4387 omnibus

2155 4422 2465 4479 consultum
2509 4432 2776 4494 cuperent
2822 4423 3237 4493 legumlatores;
3293 4421 3439 4495 quod
3488 4423 3755 4479 rationem

875 4516 932 4563 et
975 4518 1243 4579 quatenus
1288 4507 1405 4563 haec
1430 4507 1619 4565 eadem
1659 4508 1900 4580 symbola
1949 4523 2048 4580 pro
2074 4509 2125 4570 D
2153 4513 2350 4585 ubique
2397 4513 2591 4571 ducem
2639 4516 2794 4586 sequi
2839 4515 3074 4582 vellent;
3123 4514 3266 4587 quod
3315 4515 3547 4586 denique
3591 4530 3755 4588 quam

2156 4607 2421 4664 rationem
2461 4608 2514 4665 in
2559 4624 2660 4663 una
2707 4624 2868 4664 causa
2910 4609 3264 4681 probassent,
3305 4608 3551 4665 eamdem
3573 4616 3761 4665 essent

2158 4710 2215 4756 et
2241 4702 2292 4756 in
2325 4700 2445 4756 aliis
2472 4700 2723 4757 similiter
2753 4702 3046 4772 probaturi.
3092 4700 3222 4757 Inde
3257 4700 3521 4772 contingit
3552 4706 3609 4756 ut
3634 4715 3757 4770 qua:

2158 4792 2232 4848 ita
2281 4793 2572 4850 constituta
2621 4793 2855 4863 fuerint,
2904 4810 3012 4850 non
3064 4808 3163 4865 pro
3207 4792 3548 4865 prudentium
3594 4788 3759 4847 modo

2160 4887 2405 4944 consiliis
2434 4888 2756 4957 habeantur,
2791 4888 2886 4945 sed
2919 4888 3098 4961 legum
3125 4890 3285 4945 etiam
3316 4887 3422 4942 vim
3453 4886 3758 4942 obtineant.

2158 4980 2291 5038 Inde
2320 4983 2583 5053 sequitur,
2613 4982 2658 5037 si
2685 4983 2769 5038 vel
2799 4998 2898 5054 pro
2919 4982 3101 5053 legunt
3133 4982 3486 5037 humanarum
3510 4977 3760 5048 exemplo

2159 5075 2336 5133 divina
2393 5077 2557 5132 etiam
2606 5076 2876 5148 legislatio
2925 5087 3074 5133 esset
3119 5073 3482 5139 instituenda,
3538 5071 3764 5129 rationis

2160 5170 2447 5240 paritatem
2475 5186 2574 5241 pro
2607 5169 2793 5225 divina
2832 5185 2956 5226 esse
2992 5170 3111 5243 lege
3141 5166 3573 5239 intelligendam.
3599 5162 3764 5235 Atqui

2161 5263 2335 5335 major
2359 5273 2508 5321 certe
2529 5274 2613 5321 est
2638 5265 2777 5320 ratio
2803 5280 2900 5320 cur
2925 5265 3107 5320 valere
3133 5264 3185 5319 in
3214 5263 3395 5319 divina
3427 5260 3766 5334 Iegislatione

2160 5358 2357 5415 debeat
2386 5358 2504 5415 lucc
2526 5359 2923 5432 argumentatio
2942 5374 3100 5429 quam
3127 5358 3179 5413 in
3205 5358 3460 5413 humana.
3484 5346 3767 5409 Falluntur

2160 5452 2305 5509 enim
2338 5453 2535 5519 insuis
2580 5454 2881 5509 ratiociniis
2928 5452 3147 5508 humani
3177 5454 3341 5508 etiam
3390 5448 3769 5520 legislatores,

2162 5560 2264 5602 nec
2302 5545 2553 5617 sequelas
2577 5559 2771 5601 omnes
2800 5544 3139 5617 prmvident,
3180 5546 3342 5602 etiam
3376 5540 3675 5612 legitimas;
3711 5547 3778 5596 ut

2162 5638 2395 5712 proinde
2444 5639 2606 5695 etiam
2652 5654 2776 5695 cum
2817 5649 2968 5697 recte
3009 5647 3455 5711 argumentemur
3484 5652 3550 5693 ex
3576 5648 3773 5692 eorum

2166 5729 2480 5806 principiis,
2532 5730 2709 5791 adhuc
2759 5742 2940 5793 tamen
2999 5730 3246 5791 dubitare
3302 5730 3463 5791 liceat
3494 5735 3768 5809 Pcsscntne
