3990 6060
186 197 280 254 ’1⁸5

1213 199 1303 256 DE
1341 198 1660 260 SECUNDO
1697 200 2091 259 MARTYRUM
2128 203 2491 262 BAPTISMO.
3449 213 3516 268 7i

186 323 387 371 tamen
430 313 507 368 illi
554 319 768 369 nostras
813 313 1061 384 sequelas
1103 313 1398 385 probaturi.
1448 316 1589 370 Deus
1621 324 1798 371 tamen
1828 315 1878 376 Λ
1908 315 2201 384 plenariam
2248 316 2515 386 baptismo
2545 316 2914 386 concedimus,
2948 333 3069 377 eam
3115 336 3216 378 nec
3253 324 3516 394 martyrio

186 423 306 464 nec
332 407 386 462 in
420 405 695 475 principiis
726 405 1067 474 liallucinari,
1103 421 1202 461 nec
1231 406 1285 462 in
1317 408 1572 478 sequelis,
1609 418 1806 477 potest.

185 501 275 556 Ita
305 512 518 558 certum
540 501 645 556 erit
665 516 830 571 quam
855 502 1119 556 rationem
1147 501 1198 556 in
1226 517 1331 556 una
1358 516 1516 556 causa
1547 503 1808 572 probarit,

185 595 249 651 in
284 595 410 650 aliis
444 595 608 652 etiam
635 609 762 651 esse
801 596 1127 666 agniturum.
1159 594 1381 652 Certum
1423 597 1558 662 erit,
1593 597 1636 650 si
1669 612 1808 652 mar~

187 689 325 760 tyrii
377 703 537 744 causa
590 697 737 743 tanta
783 686 1044 743 beneficia
1098 688 1150 742 in
1203 688 1472 758 baptismo
1508 689 1804 755 concedat,

183 779 298 851 ipsi
357 779 619 852 martyrio
671 780 834 851 longe
885 779 1081 848 potiori
1130 779 1342 836 ratione
1396 795 1807 836 concessurum.

187 872 418 932 Certum
445 876 492 931 si
526 874 773 946 martyrii
828 875 914 930 vel
953 883 1141 930 votum
1194 883 1340 929 tanta
1379 882 1557 930 tamen
1604 883 1660 930 et
1701 885 1808 931 tam

186 971 411 1042 copiosa
439 969 699 1026 mercede
731 977 1074 1039 compenset,
1105 969 1239 1024 nihil
1271 983 1394 1024 esse
1418 968 1562 1040 quod
1595 979 1806 1024 metua-

188 1078 314 1118 mus
341 1063 523 1118 soluto
550 1070 680 1117 voto
702 1060 948 1117 eamdem
979 1061 1288 1117 mercedem
1314 1075 1434 1116 esse
1456 1071 1799 1133 negaturum.

187 1153 418 1212 Certum
458 1154 691 1226 denique
713 1153 973 1225 proinde,
1003 1153 1049 1208 si
1078 1153 1292 1223 plenam
1319 1154 1669 1224 numerisque
1698 1154 1808 1208 suis

190 1251 455 1307 omnibus
480 1249 786 1304 absolutam
820 1256 1165 1319 peccatorum
1197 1247 1574 1303 remissionem
1614 1261 1809 1302 conse-

188 1351 436 1414 quantur
478 1341 769 1413 baptizati,
823 1340 939 1398 fore
978 1341 1198 1398 omnino
1239 1349 1299 1396 ut
1337 1340 1583 1396 eamdem
1615 1353 1810 1396 conse-

188 1443 438 1508 quantur
466 1445 748 1506 martyres.

270 1529 301 1602 §
322 1527 644 1585 35.—Addo
661 1527 806 1583 enim
825 1536 1017 1584 octavo
1040 1543 1146 1583 non
1170 1532 1239 1582 ita
1256 1541 1380 1583 esse
1401 1525 1810 1598 intelligendum

189 1620 295 1678 hoc
347 1635 638 1678 commune
685 1621 937 1692 baptismi
980 1621 1070 1692 jus
1116 1631 1281 1691 atque
1325 1621 1606 1691 martyrii,
1650 1630 1707 1674 ut
1753 1619 1807 1674 in

1916 409 2216 478 negandant
2239 411 2631 467 existimemus.

1991 501 2018 571 §
2047 502 2212 555 5i.—
2230 502 2367 569 Quid
2398 501 2540 572 quod
2573 502 2701 558 illud
2734 506 2917 571 etiam,
2957 521 3052 576 pro
3079 509 3312 580 receptis
3339 519 3522 580 pacto-

1915 607 2034 645 rum
2058 593 2320 660 moribus,
2350 609 2541 650 omnes
2565 613 2778 666 mquum
2806 611 3100 669 agnoscant
3119 644 3134 667 ,
3171 611 3230 657 ut
3256 603 3521 674 siquando

1914 683 2260 752 stipulatione
2323 687 2553 756 primum
2611 689 2924 759 interposita
2982 696 3255 750 nonnulla:
3313 698 3525 767 praemii

1915 775 2170 845 primitia:
2223 779 2527 848 stipulatori
2575 781 2626 834 in
2681 797 2872 837 manus
2917 785 3226 851 tradantur;
3275 797 3331 841 at
3371 799 3524 846 certe

1915 869 2077 926 fidem
2127 872 2494 941 stipulationis
2548 873 2866 943 liberatam,
2923 883 3330 950 prmstitamque
3382 884 3523 952 pacti

1913 965 2281 1021 conditionem
2328 978 2542 1023 maneat
2582 971 2786 1039 prmmii
2820 971 3131 1040 plenitudo,
3162 990 3227 1030 eo
3251 976 3523 1045 copiosior

1915 1073 2022 1127 quo
2065 1069 2117 1114 et
2159 1060 2265 1114 illa:
2311 1060 2513 1115 fuerint
2555 1063 2874 1134 ampliores.
2930 1065 3158 1122 Arrltam
3214 1070 3429 1125 tradunt
3470 1073 3524 1127 in

1915 1165 2106 1205 manus
2135 1160 2286 1220 pacta
2323 1153 2580 1222 nuptialia
2604 1194 2619 1217 ,
2651 1164 2707 1208 at
2737 1157 2974 1211 nondum
3017 1158 3199 1214 dotem
3249 1161 3348 1216 nisi
3393 1178 3522 1218 eon-

1913 1254 2182 1300 sutnmato
2219 1246 2583 1303 matrimonio.
2619 1247 2765 1303 Idem
2795 1260 2849 1305 et
2882 1250 2932 1305 in
2977 1252 3096 1307 aliis
3137 1269 3254 1322 qua:
3285 1253 3350 1308 ad
3384 1255 3524 1312 bona

1913 1337 2310 1409 passionesque
2350 1348 2598 1409 spectant
2638 1343 2811 1410 pactis
2838 1345 2977 1399 solet
3022 1345 3285 1401 obtinere.
3323 1347 3522 1404 Verum

1916 1431 2020 1488 hoc
2049 1432 2100 1487 in
2134 1434 2238 1488 illis
2261 1436 2533 1505 praecipue
2553 1436 2726 1505 pactis
2750 1437 2929 1492 elucet
2948 1455 3066 1508 quae
3097 1442 3334 1496 nondum
3364 1443 3522 1496 adul-

1914 1531 2092 1578 torum
2123 1525 2339 1580 nomine
2378 1526 2705 1596 stipulantur
2740 1537 2965 1584 tutores.
3001 1530 3260 1588 lnchoalo
3290 1534 3522 1604 quodam

1910 1614 2037 1685 jttre
2065 1618 2232 1671 vestit
2260 1617 2374 1688 ipsa
2403 1617 2491 1673 illa
2522 1618 2771 1675 inchoata
2802 1622 3100 1690 stipulatio.
3139 1624 3315 1682 Donec
3342 1637 3522 1685 tamen

191 1719 466 1790 baptismo
505 1719 852 1775 remittantur
895 1727 1111 1788 peccata
1153 1717 1352 1772 virtute
1395 1716 1616 1786 quidem
1665 1713 1811 1768 illius
1841 1718 1888 1777 Β
1915 1707 2083 1762 adulti
2113 1709 2346 1773 fuerint,
2375 1719 2429 1765 et
2456 1710 2523 1765 ad
2565 1727 2736 1767 annos
2772 1714 3142 1772 conditionum
3187 1723 3521 1788 praestanda-

192 1813 245 1869 in
274 1825 407 1868 voto
435 1813 682 1885 martyrii
717 1811 863 1883 quod
914 1813 1230 1882 profitemur
1275 1811 1328 1865 in
1358 1809 1626 1880 baptismo
1646 1849 1661 1871 ,
1692 1807 1807 1862 sola

193 1916 376 1962 tamen
421 1905 508 1960 illa
540 1920 662 1976 quae
708 1905 1034 1975 baptismum
1069 1902 1486 1973 praecesserint,
1518 1916 1626 1954 non
1678 1899 1806 1954 item

191 2014 257 2056 ea
295 2014 420 2069 qua
441 1998 581 2053 inter
614 1998 940 2068 baptismum
973 1995 1210 2051 admissa
1241 1994 1444 2050 fuerint
1469 2002 1630 2063 atque
1661 2007 1806 2046 mar-

194 2094 420 2166 tyrium.
452 2093 624 2148 Aliter
665 2100 876 2147 veteres
919 2090 1020 2146 hoc
1065 2092 1228 2146 etiam
1271 2091 1390 2160 ipso
1433 2087 1580 2161 paria
1628 2086 1808 2142 facere

192 2196 532 2242 censuerunt
578 2200 699 2240 cum
749 2183 1017 2254 baptismo
1060 2182 1414 2254 martyrium,
1460 2180 1603 2252 quod
1650 2190 1708 2235 ut
1754 2181 1806 2234 in

193 2276 470 2348 baptismo
511 2284 733 2348 peccata
774 2276 957 2330 omnia
993 2273 1363 2341 remittuntur,
1407 2273 1580 2343 ipsum
1613 2285 1809 2342 nempe

193 2367 530 2440 baptismum
583 2367 981 2439 praecedentia,
1039 2383 1146 2422 non
1196 2365 1462 2437 originale
1509 2364 1806 2431 duntaxat,

192 2463 558 2518 verumetiam
597 2461 863 2527 actualia,
904 2461 1048 2516 idem
1092 2461 1163 2516 sit
1203 2461 1270 2516 de
1307 2459 1568 2532 martyrio
1593 2473 1808 2530 quoque

194 2557 584 2622 sentiendum,
631 2557 813 2613 delere
853 2557 1062 2614 scilicet
1103 2558 1372 2612 universa:
1412 2556 1539 2610 vita:
1575 2554 1804 2626 flagitia,

191 2650 344 2706 nihil
371 2660 434 2705 ut
459 2659 720 2720 praeterea
745 2651 979 2722 supersit
1007 2649 1356 2720 expiandum.
1390 2649 1560 2706 Recte
1586 2647 1806 2720 quidem

194 2743 284 2799 illi
333 2759 365 2799 e
411 2743 692 2814 principiis
735 2743 895 2800 modo
939 2743 1242 2814 explicatis.
1292 2743 1348 2798 Si
1395 2743 1539 2797 enim
1588 2750 1810 2811 propter

194 2835 332 2892 illud
359 2836 607 2907 martyrii
635 2846 815 2892 votum
839 2837 1170 2893 concedatur
1193 2844 1537 2907 peccatorum
1581 2845 1805 2904 praeter-

194 2929 396 2987 itorum
448 2933 608 3002 plena
661 2931 1026 3003 indulgentia;
1069 2946 1254 3002 parem
1298 2930 1482 3000 utique
1517 2928 1806 2999 indulgen-

197 3026 326 3082 tiam
357 3026 558 3096 potius.
594 3035 651 3080 ut
687 3026 821 3094 dixi,
853 3025 1282 3097 expectahimus,
1316 3024 1507 3080 eodem
1535 3033 1664 3078 voto
1693 3024 1805 3094 jam

1913 1818 2031 1857 rum
2055 1818 2283 1874 capaces
2305 1805 2567 1874 provecti,
2601 1817 2920 1877 pactumque
2946 1824 3046 1865 suo
3066 1827 3281 1884 quoque
3305 1817 3520 1885 proprio

1911 1897 2130 1951 nomine
2161 1898 2666 1964 consummandum,
2702 1900 2938 1954 nondum
2992 1903 3152 1969 pleno
3187 1906 3308 1974 jure
3355 1921 3520 1980 atque

1910 2000 2286 2044 consummato
2323 2005 2442 2059 qua:
2468 1990 2580 2060 jam
2610 1994 2886 2048 consecuti
2918 2005 3046 2050 sunt
3077 1999 3356 2066 possidere
3386 2018 3517 2059 cen-

1911 2093 2122 2148 sentur,
2155 2083 2352 2138 nedum
2385 2095 2441 2138 ut
2466 2085 2556 2154 jus
2587 2085 2822 2142 habeant
2853 2098 2960 2143 tam
3003 2091 3215 2148 firmum
3245 2095 3312 2149 ad
3340 2095 3515 2152 futura

1912 2178 2054 2247 pacti
2103 2177 2346 2247 praemia.
2401 2179 2669 2244 Quorsum
2717 2181 2846 2236 illud
2895 2183 2948 2236 ni
3009 2185 3200 2254 majori
3247 2187 3298 2241 in
3348 2190 3521 2258 pretio

1912 2267 2245 2324 haberentur
2267 2268 2606 2325 conditiones
2623 2271 2733 2340 jam
2767 2274 3039 2341 prmstitm,
3067 2291 3228 2347 quam
3256 2289 3520 2350 suscepta:

1911 2360 2174 2417 duntaxat
2217 2371 2271 2417 et
2313 2361 2418 2416 lide
2454 2373 2950 2434 quantumcumque
2980 2366 3131 2422 firma
3163 2372 3519 2440 priestandm?

1911 2457 1989 2511 Ita
2027 2458 2191 2528 igitur
2222 2457 2588 2512 consummati
2624 2459 2676 2512 in
2719 2461 2980 2530 martyrio
3027 2461 3276 2532 baptismi
3319 2466 3524 2535 plenio-

1913 2567 2026 2607 rem
2058 2551 2177 2607 fore
2204 2567 2364 2622 quam
2399 2551 2634 2607 inchoati
2669 2551 3056 2623 indulgentiam
3093 2566 3520 2616 consentaneum

1911 2655 2014 2702 est.
2060 2645 2130 2701 Ut
2173 2643 2436 2716 proinde,
2489 2645 2533 2698 si
2588 2654 2806 2715 peccata
2855 2649 3125 2715 prmterita
3173 2651 3421 2706 cluantur
3467 2654 3522 2710 in

1911 2739 2180 2812 baptismo
2225 2757 2431 2812 aqueo,
2467 2741 2601 2797 nihil
2643 2743 2714 2798 sit
2738 2759 2834 2798 cur
2874 2743 3182 2802 dubitemus
3209 2747 3323 2804 fore
3354 2751 3516 2807 etiam

1912 2833 2143 2889 eluenda
2177 2835 2229 2888 in
2255 2834 2524 2904 baptismo
2553 2836 2870 2905 sanguineo.

1987 2928 2014 3000 §
2039 2927 2359 2996 55.-—Quod
2385 2930 2529 2985 enim
2554 2932 2729 3000 spatio
2758 2933 3018 3002 temporis
3046 2935 3364 3005 interposito
3388 2937 3516 3010 bap-

1910 3022 2128 3077 tismum
2153 3039 2384 3093 aqueum
2416 3034 2676 3095 sequatur
2702 3027 3053 3096 sanguineus.
3088 3045 3194 3084 non
3220 3041 3303 3085 est
3330 3033 3514 3103 utique

194 3118 398 3175 soluto.
433 3122 505 3174 At
551 3133 649 3190 par
692 3120 782 3174 illa
828 3120 1157 3191 indulgentia
1198 3134 1320 3174 esse
1361 3117 1548 3189 nequit
1580 3118 1625 3172 si
1669 3131 1807 3187 quo—
1834 3111 1879 3175 C
1913 3114 2057 3185 quod
2079 3130 2108 3167 a
2132 3115 2383 3185 baptismi
2413 3124 2601 3170 natura
2624 3116 2860 3172 alienum
2881 3133 3222 3176 censeamus.
3243 3122 3512 3192 Distinxit,

194 3226 434 3280 cumque
453 3211 673 3267 tandem
702 3220 946 3282 tempore
967 3221 1250 3283 susceptus
1262 3210 1564 3281 baptismus
1590 3217 1808 3280 peccata

196 3312 379 3360 tamen
412 3304 686 3374 praeterita
719 3305 967 3360 universa
1009 3304 1223 3372 deleat,
1265 3318 1369 3360 nec
1411 3313 1586 3358 tamen
1617 3301 1722 3356 alia
1754 3301 1808 3356 in

193 3396 462 3468 martyrio
510 3397 794 3453 deleantur
836 3414 997 3469 quam
1043 3413 1162 3468 quae
1206 3397 1527 3466 baptismum
1573 3409 1806 3466 praeces-

193 3493 376 3549 serint
396 3534 411 3559 ,
442 3501 593 3548 tanto
635 3494 821 3563 utique
847 3491 1131 3548 intervallo
1167 3507 1197 3546 a
1233 3507 1293 3548 se
1323 3491 1572 3546 dissitum
1592 3533 1607 3561 ,
1638 3492 1724 3547 cui
1755 3500 1811 3547 et

199 3585 501 3642 intervallo
549 3597 893 3657 peccatorum
951 3586 1190 3642 nondum
1246 3587 1597 3642 remissorum
1653 3587 1806 3657 copia

191 3681 517 3737 necessario
535 3681 897 3752 responderit.
931 3681 1035 3737 Pro
1061 3681 1200 3752 pacti
1232 3690 1381 3738 certe
1401 3682 1675 3752 (equitate,
1700 3697 1806 3752 quo

193 3773 372 3844 magis
399 3773 740 3829 conditiones
785 3785 1108 3844 praestamus
1139 3790 1237 3845 pro
1276 3783 1458 3830 nostra
1488 3777 1626 3845 pacti
1654 3783 1806 3844 parte

191 3865 575 3939 prwstandas,
614 3883 678 3923 eo
721 3869 1076 3939 consequitur
1110 3868 1479 3938 accrescitque
1522 3868 1676 3923 nobis
1715 3867 1805 3938 jus

189 3962 261 4017 ad
312 3961 622 4018 mercedem
675 3976 706 4016 a
762 3961 873 4018 Deo
930 3963 1288 4034 praestandam
1335 3962 1593 4030 validius;
1639 3977 1706 4017 eo
1751 3970 1807 4018 et

190 4054 446 4112 vicissim
472 4058 642 4125 major
667 4056 772 4112 erit
813 4054 982 4127 ipsius
1028 4056 1123 4112 Dei
1161 4055 1226 4112 ad
1273 4055 1609 4119 mercedem,
1643 4069 1802 4125 quam

190 4149 470 4222 pollicitus
527 4160 641 4216 est,
698 4150 1104 4222 praestandam,
1161 4151 1456 4222 obligatio;
1518 4166 1584 4206 eo
1639 4150 1801 4206 etiam

188 4243 443 4300 favorem
469 4244 562 4300 Dei
595 4259 908 4315 possumus,
939 4261 1039 4318 pro
1069 4245 1207 4317 pacti
1231 4245 1460 4311 ratione,
1486 4243 1801 4316 ampliorem

190 4338 356 4396 nobis
380 4339 695 4395 vendicare.
719 4341 860 4408 Quin
887 4351 961 4407 et,
991 4339 1153 4396 missa
1179 4339 1320 4410 pacti
1345 4337 1800 4403 consideratione,

191 4431 439 4490 favorem
471 4432 695 4499 saltem,
727 4449 889 4504 quem
919 4433 1064 4498 dixi,
1100 4431 1198 4488 Dei
1240 4431 1392 4485 illum
1437 4439 1585 4486 tanto
1613 4429 1803 4500 majori

1913 3215 1972 3260 ut
2003 3206 2254 3273 vidimus,
2287 3207 2584 3276 Aposmlus
2614 3219 2721 3264 tres
2758 3209 3010 3280 baptismi
3045 3225 3254 3282 partes,
3283 3233 3512 3286 aquam,

1911 3297 2170 3368 Spiritum
2213 3307 2269 3353 et
2317 3300 2657 3371 sanguinem.
2710 3301 2821 3358 Nec
2878 3313 3058 3359 tamen
3106 3307 3198 3377 qui
3248 3307 3516 3376 baptismo

1909 3404 2084 3460 aqueo
2132 3390 2516 3459 lustrarentur,
2565 3408 2782 3464 semper
2831 3406 3009 3451 tamen
3061 3415 3166 3453 uno
3215 3400 3515 3474 eodemque

1909 3492 2156 3554 tempore
2203 3484 2453 3555 Spiritum
2505 3486 2667 3541 etiam
2723 3488 3062 3558 accipiebant
3113 3491 3507 3562 baptismalem,

1910 3585 1968 3631 ut
2007 3576 2135 3632 alibi
2183 3578 2548 3647 probavimus.
2581 3579 2827 3648 Apostoli
2871 3597 3045 3652 nqueo
3075 3582 3376 3654 baptismo,
3418 3603 3511 3643 su-

1908 3670 2132 3738 perstite
2183 3669 2361 3726 adhuc
2413 3669 2643 3726 Domino
2693 3671 2896 3741 perfusi
2949 3685 3105 3744 sunt,
3163 3693 3284 3733 eum
3335 3689 3511 3736 tamen

1907 3759 2166 3830 Spiritum
2215 3776 2409 3829 nemo,
2453 3763 2553 3816 nisi
2604 3772 2725 3832 post
2763 3764 3008 3834 ejusdem
3059 3771 3510 3830 resurreCIionetn

1908 3853 2202 3924 acciperet.
2241 3854 2614 3910 Samaritanos
2653 3871 2789 3926 aqua
2821 3859 3058 3928 expiavit
3086 3861 3365 3934 Philippus
3393 3865 3512 3922 dia-

1905 3961 2105 4013 conus;
2127 3947 2390 4016 Spiritum
2415 3963 2574 4003 nemo
2598 3958 2808 4018 poterat
2827 3951 3016 4008 iisdem
3040 3957 3287 4012 conferre
3317 3972 3513 4027 prmtcr

1905 4040 2200 4110 apostolos.
2240 4039 2379 4108 Quid
2428 4041 2609 4110 igitur,
2639 4057 2864 4113 aquaeue
2907 4045 3008 4099 soli
3057 4047 3354 4103 tribuemus
3401 4052 3507 4107 vim

1905 4133 2056 4188 illam
2110 4145 2455 4204 peccatorum
2520 4133 2922 4201 praeteritorum
2975 4136 3378 4205 expiatricem?
3432 4143 3506 4198 Ita

1906 4223 2064 4281 fieret
2116 4234 2174 4278 ut
2224 4239 2361 4278 nova
2417 4237 2555 4293 opus
2605 4233 2750 4278 esset
2801 4225 3108 4295 expiatione
3165 4242 3508 4299 peccatorqu

1905 4333 2136 4388 aqueum
2185 4315 2510 4386 baptismum
2567 4325 3005 4372 consecutorum.
3065 4317 3216 4376 Sicut
3269 4326 3412 4380 enim
3453 4330 3507 4383 in

1903 4409 2183 4482 gentilium
2204 4408 2476 4481 mysteriis
2502 4406 2768 4464 elementa
2791 4413 3074 4487 καθαρτικά
3092 4413 3229 4469 viam
3249 4419 3504 4479 τελειώσει

190 4539 319 4582 cum
360 4524 554 4581 ﬁducia
604 4499 894 4597 pom—Imus
941 4534 1260 4596 ειρεςιπθ,
1310 4531 1510 4594 quanto
1559 4499 1798 4578 ηοεηζίηη
1824 4507 1878 4567 1)
1904 4517 2096 4597 parare
2121 4501 2517 4597 credebantur,
2533 4499 3060 4597 nequidsuperesset
3082 4505 3352 4577 impurum
3381 4529 3502 4569 cum

191 4632 394 4676 versus
443 4619 608 4675 Deum
667 4618 1099 4676 benevolentiam
1168 4618 1492 4672 luculentius
1551 4623 1800 4671 testatum

191 4709 443 4766 facimus.
476 4710 581 4779 Qui
615 4719 800 4766 autem
839 4709 1154 4781 sanguinem
1193 4724 1350 4765 suum
1397 4724 1494 4778 pro
1533 4707 1642 4762 Deo
1670 4721 1798 4776 pro-

192 4801 426 4869 fuderit,
457 4802 605 4857 hunc
633 4818 796 4858 nemo
826 4802 1032 4857 dubitet
1075 4803 1233 4872 longe
1280 4810 1429 4856 certe
1467 4801 1799 4856 testatiorem

190 4894 398 4952 fecisse
445 4913 596 4953 suam
649 4911 843 4953 versus
894 4897 1060 4952 Deum
1113 4893 1578 4960 benevolentiam,
1637 4909 1796 4964 quam

191 4988 291 5060 qui
327 4999 571 5059 prompto
613 4990 777 5045 luerit
831 4987 1092 5044 duntaxat
1142 4988 1500 5060 expeditoque
1552 4985 1618 5041 ad
1677 5001 1800 5054 pro-

190 5078 532 5136 fundendum
553 5083 755 5136 animo.
792 5081 1005 5137 Etcum
1043 5081 1230 5153 gratim
1254 5079 1472 5150 speciali
1503 5079 1801 5134 tribuamus

191 5175 239 5231 si
270 5173 402 5246 quis
454 5188 549 5244 pro
596 5175 738 5232 facto
791 5175 1122 5232 voluntatem
1173 5174 1336 5230 fuerit
1378 5175 1797 5242 interpretatus,

193 5266 413 5339 signum
453 5275 541 5322 est
579 5269 815 5338 profecto
842 5269 1038 5324 factum
1070 5269 1244 5340 ipsum
1276 5267 1342 5323 ad
1368 5265 1591 5338 justitite
1634 5265 1800 5321 ratio-

194 5375 321 5416 nem
360 5360 586 5433 propius
633 5361 928 5430 accedere,
974 5364 1130 5432 longe
1175 5369 1322 5416 certe
1363 5359 1539 5414 adhuc
1582 5359 1800 5430 propius

193 5454 462 5526 siquando
502 5456 645 5526 pacti
683 5457 847 5512 etiam
892 5454 1256 5511 consideratio
1285 5452 1672 5508 intercesserit.
1703 5450 1802 5505 Est

191 5545 380 5618 itaque
418 5557 623 5604 naturae
667 5543 843 5620 pacti,
876 5557 957 5604 est
1000 5555 1054 5603 et
1102 5555 1265 5602 recta:
1311 5544 1538 5610 rationi,
1582 5556 1802 5614 prorsus

190 5647 660 5708 consentaneum,
712 5649 772 5696 ut
809 5655 968 5710 quam
1023 5646 1369 5709 peccatorum
1415 5633 1800 5710 indulgentiam

718 5819 992 5884 Puncta
1041 5818 1118 5883 V.

1902 4596 2174 4653 sanctiora
2229 4593 2552 4650 commercia
2606 4594 2910 4662 ambirent;
2966 4599 3035 4651 ita
3095 4599 3316 4669 Spiritui
3374 4621 3502 4675 pro-
3593 4655 3598 4660 .

1903 4690 2161 4747 culduhio
2201 4687 2532 4744 inserviebat
2559 4703 2730 4758 aquea
2759 4688 2846 4743 illa
2879 4690 3126 4748 lustratio
3158 4709 3331 4766 nequa
3361 4700 3501 4755 vasis

1901 4788 2186 4860 impuritas
2212 4785 2458 4841 obstaret
2499 4800 2606 4854 quo
2650 4785 2828 4841 minus
2876 4797 3059 4856 posset
3104 4805 3200 4857 pro
3243 4792 3501 4862 dignitate

1903 4898 1998 4939 sua
2053 4879 2244 4950 recipi.
2295 4877 2528 4933 Prorsus
2581 4877 2763 4947 itaque
2811 4878 3042 4933 alienum
3095 4891 3209 4935 erat
3262 4891 3329 4940 ab
3381 4887 3499 4958 ejus

1901 4976 2187 5032 sanctitate
2219 4982 2275 5026 ut
2313 4972 2436 5042 quis
2483 4970 2633 5024 illum
2666 4969 2907 5038 impurus
2946 4972 3235 5038 acciperet.
3266 4975 3497 5036 Proinde

1899 5065 2267 5126 necessarium
2307 5072 2426 5118 erat
2468 5071 2525 5116 ut
2569 5061 2685 5131 ipse
2719 5061 2947 5130 Spiritus
2987 5060 3156 5116 vicem
3189 5081 3340 5136 aqua:
3367 5083 3497 5141 sup.

1899 5163 2076 5234 pleret
2122 5173 2219 5228 pro
2272 5162 2613 5227 peccatorum
2663 5153 2967 5223 expiatione
3016 5154 3282 5224 baptismo
3327 5176 3498 5231 nqueo

1903 5253 2292 5312 recentiorum.
2317 5246 2470 5316 Quod
2494 5249 2537 5300 si
2567 5244 2786 5318 Spiritui
2812 5243 2918 5298 vim
2947 5244 3090 5300 illam
3113 5251 3492 5322 concedamus,

1905 5361 2013 5402 non
2051 5342 2158 5398 erit
2201 5340 2382 5409 utique
2413 5355 2509 5394 cur
2539 5353 2566 5390 a
2595 5334 2854 5405 sanguine
2879 5336 3114 5393 alienum
3155 5355 3495 5404 censeamus.

1906 5439 2012 5493 Pro
2040 5433 2182 5507 pacti
2209 5431 2421 5487 ratione
2449 5445 2476 5482 a
2505 5427 2763 5498 sanguine
2795 5428 2972 5497 potius
3000 5433 3330 5499 expectanda
3360 5448 3496 5507 erat,

1903 5529 2049 5604 quod
2101 5528 2192 5585 ille
2249 5524 2315 5580 ad
2366 5522 2602 5579 officium
2677 5530 2917 5577 nostrum
2981 5522 3497 5599 dispositionemque

1903 5630 2114 5696 spectat
2141 5631 2370 5693 quorum
2401 5613 2574 5685 major
2606 5613 2791 5671 haberi
2821 5615 2962 5670 solet
2989 5614 3042 5672 in
3077 5626 3349 5687 pactorum
3375 5619 3498 5689 jurc

1903 5716 2042 5775 ratio
2084 5729 2244 5789 quam
2272 5710 2534 5767 donorum
2590 5707 2684 5765 Dei
2725 5707 3100 5780 gratuitorum.
3132 5707 3298 5767 Favet
3338 5728 3499 5786 porro

3027 5803 3068 5869 3
