3990 6060
444 154 515 212 75
1391 144 1761 221 DODWELLI
1802 144 2253 221 DlSSERTATlO
2292 143 2708 231 CYPBIANICA
3678 152 3768 213 76

436 269 579 344 quod
616 284 716 341 pro
755 269 898 326 illius
922 268 1023 325 aevi
1056 265 1396 340 dogmatibus
1426 265 1714 338 platonicis
1755 265 1813 337 (e
1841 265 2035 335 quibus
2065 265 2114 326 Α
2142 263 2391 333 habetur,
2422 273 2867 341 consentaneum
2886 268 2974 321 est
3009 262 3060 319 id
3090 261 3297 323 idcirco
3324 264 3442 322 ﬁeri
3472 270 3605 323 utet
3627 266 3764 337 jura

440 363 618 419 omnis
646 362 765 419 haec
808 361 1074 433 theologia
1120 358 1412 431 symbolica
1459 358 1680 413 omnino
1724 356 2035 427 explicanda

440 456 547 525 est)
597 471 717 511 cum
746 470 773 509 a
805 454 1104 528 prototypis
1152 452 1329 507 omnis
1373 451 1462 506 illa
1510 450 1881 523 symbolorum
1925 449 2039 505 sive

442 550 804 622 antityporum
832 549 1002 604 virtus
1024 545 1338 603 deducenda
1376 543 1720 609 crederetur;
1758 543 1828 599 ita
1859 550 2038 598 tamen

441 644 810 718 symbolarum
840 640 1135 697 efficaciam
1167 638 1541 709 explicabant,
1575 646 1634 693 ut
1661 636 1877 709 quidem
1924 637 2040 708 ipsa

444 752 543 809 per
572 753 631 794 se
658 735 790 790 nihil
816 734 882 789 ad
911 733 1159 789 effectum
1191 731 1501 797 conferrent
1520 773 1535 798 ,
1571 730 1870 786 indicarent
1904 728 2041 783 dun-

443 839 587 886 taxat
611 828 699 884 cui
726 836 1139 900 prototyporum
1168 825 1258 881 illa
1293 825 1470 891 nativa
1498 823 1670 879 virtus
1696 830 1844 880 esset
1863 822 2042 893 appli-

442 922 646 990 canda,
691 922 762 977 ita
802 931 861 977 ut
898 922 966 977 ab
1007 921 1138 993 ipsis
1182 921 1486 993 prototypis
1512 920 1691 974 omnis
1719 918 1810 974 illa
1836 918 2041 986 virtus,

439 1034 537 1076 seu
566 1016 822 1074 naturalis
854 1014 946 1070 illa
973 1023 1140 1081 esset,
1170 1027 1265 1068 seu
1289 1012 1427 1084 juris
1457 1012 1618 1067 etiam
1655 1011 1863 1080 legalis,
1896 1019 2044 1066 esset

442 1108 796 1184 expectanda.
826 1108 895 1164 Et
923 1123 1045 1163 cum
1079 1122 1231 1177 :cqna
1263 1120 1386 1162 esse
1423 1104 1618 1161 debeat
1653 1105 2039 1176 paciscentium

442 1204 681 1263 conditio
730 1217 834 1274 qua
874 1202 1013 1272 juris
1065 1200 1157 1255 illo
1194 1199 1596 1271 conjunguntur
1633 1198 1773 1254 inter
1803 1214 1864 1254 se
1892 1213 2043 1254 com-

443 1297 679 1363 mercio;
705 1308 1000 1365 congruum
1025 1290 1271 1365 profecto
1289 1298 1373 1347 est
1397 1301 1451 1345 ut
1474 1305 1631 1362 quam
1654 1290 1759 1345 vim
1784 1289 2042 1363 symbolis

446 1390 643 1447 divinis
700 1402 800 1459 pro
848 1386 943 1442 Dei
998 1368 1331 1455 obligatione
1379 1382 1748 1448 concedimus,
1794 1382 2041 1445 eamdem

445 1483 641 1539 nostris
670 1495 771 1553 pro
798 1486 986 1535 nostra
1017 1475 1343 1548 obligatione
1370 1475 1607 1531 vicissim
1639 1459 2036 1543 concedamus;

446 1586 500 1633 et
527 1589 636 1647 quo
660 1575 802 1645 pacti
828 1571 952 1644 jure
983 1570 1124 1627 Deus
1150 1568 1525 1639 delinquentes
1555 1564 1724 1631 afﬁcit
1751 1565 2035 1647 supplicio,

442 1668 635 1727 eodem
675 1667 797 1738 jure
829 1673 1074 1720 teneatur
1103 1662 1170 1718 ad
1202 1660 1507 1716 mercedem
1540 1659 1644 1715 illis
1666 1701 1682 1726 ,
1725 1659 1815 1731 qui
1850 1657 2040 1725 condi—

439 1764 639 1819 tionem
685 1756 1069 1831 praestiterint,
1100 1754 1525 1811 retribuendam.
1562 1751 1620 1807 Si
1670 1751 1851 1829 itaque
1895 1766 2043 1806 mar-

438 1858 559 1929 tyrii
582 1854 666 1912 vel
694 1850 980 1925 professio,
1002 1849 1240 1921 martyrii
1269 1846 1513 1903 absentis
1537 1845 1739 1902 virtute
1763 1845 2040 1900 remissio-

438 1964 564 2005 nem
612 1954 955 2020 peccatorum
988 1948 1236 2013 prtcstet.
1270 1938 1519 1996 eamdem
1558 1946 1708 1993 certe
1734 1934 2042 1992 necessario

437 2051 669 2115 oportet,
712 2042 910 2111 ipsum,
939 2037 1155 2113 quando
1182 2035 1358 2102 adest,
1400 2043 1658 2104 praestare
1698 2030 2039 2102 martyrium.

441 2135 814 2205 Convenitque
842 2130 1270 2198 accuratissime,
1303 2127 1447 2201 quod
1478 2126 1728 2198 superius
1756 2125 1861 2180 huc
1892 2132 2042 2179 retu-

440 2231 637 2294 limus,
677 2242 799 2283 cum
838 2224 1007 2281 stolas
1034 2237 1161 2278 suas
1204 2229 1471 2293 martyres
1512 2220 1565 2274 in
1603 2217 1740 2289 Agni
1783 2216 2044 2288 sanguine

441 2324 640 2380 lavisse
671 2328 978 2375 narrantur.
1020 2314 1132 2371 Nec
1168 2315 1312 2370 enim
1357 2312 1406 2367 id
1445 2311 1512 2367 de
1553 2309 1801 2383 baptismi
1827 2309 2043 2364 lavacro

441 2419 515 2473 ita
542 2413 825 2473 commode
856 2418 1064 2482 poterat
1095 2407 1338 2477 intelligi,
1368 2404 1509 2477 quod
1538 2404 1775 2459 omnium
1806 2400 2040 2456 fidelium

442 2523 729 2568 commune
750 2506 943 2567 fuerat,
971 2503 1064 2559 sed
1088 2501 1157 2557 de
1184 2486 1401 2555 lavacro
1436 2497 1752 2569 patientium
1785 2494 2040 2566 proprio;

442 2621 545 2662 nec
582 2604 651 2660 de
677 2602 888 2658 illorum
916 2597 1176 2653 duntaxat
1211 2601 1551 2673 peccatormn
1578 2588 1884 2658 expiatione
1923 2598 2044 2656 qua:

442 2706 644 2755 tantam
670 2695 817 2751 illam
838 2689 1236 2747 tribulationem
1260 2689 1684 2748 antecesserant,
1702 2680 1754 2734 in
1772 2678 2044 2749 baptismo

441 2793 647 2850 scilicet
670 2800 842 2860 aqueo
863 2784 1094 2856 expiata,
1120 2778 1213 2835 sed
1237 2779 1446 2833 illorum
1469 2789 1681 2847 quoque
1702 2787 1821 2847 quze
1847 2769 1900 2825 in
1930 2769 2045 2839 ipsa

442 2885 535 2941 illa
563 2878 915 2937 tribulatione
943 2882 1126 2930 essent
1145 2868 1433 2941 expianda.

515 2975 543 3048 §
569 2970 925 3042 36,—Nequc
946 2981 1077 3023 vero
1094 2965 1199 3020 erit
1223 2960 1366 3034 quod
1393 2960 1648 3017 miremur
1668 2965 1873 3012 tantam
1895 2961 2046 3048 vetes

2143 358 2426 439 utriusque
2465 357 2747 431 sanguinis
2780 356 2910 412 fiant
2955 355 3187 421 invicem
3228 358 3558 415 communia.
3606 357 3763 414 Nihil

2142 458 2323 505 autem
2355 459 2439 505 est
2466 450 2609 523 quod
2638 448 2950 505 dubitemus
2972 449 3202 523 quodvis
3222 448 3421 505 Christi
3448 449 3767 523 symbolum

2142 559 2171 599 a
2196 559 2325 600 vero
2363 554 2543 600 tamen
2576 542 2819 616 ejusdem
2844 552 3009 617 atque
3038 542 3283 625 originali
3314 544 3578 616 sanguine
3594 558 3768 614 supe-

2142 640 2271 696 rari.
2302 638 2508 696 Eodem
2543 649 2721 695 tamen
2749 638 3050 697 rediturum
3079 637 3317 693 diximus
3334 654 3430 694 seu
3459 646 3770 710 martyrum

2143 732 2459 803 sanguinem
2494 748 2591 804 pro
2618 746 2719 787 suo
2746 730 2997 789 Christus
3024 730 3336 802 agnoverit;
3359 745 3456 787 seu
3483 746 3580 803 per
3608 746 3769 804 mys-

2146 808 2305 878 ticam
2340 825 2622 895 utriusque
2641 824 2922 896 sanguinis
2943 823 3199 883 unionem
3227 825 3431 899 proprii
3453 825 3615 879 etiam
3637 839 3770 880 san-

2145 916 2322 988 guinis
2354 917 2606 972 virtutem
2642 931 2741 988 per
2763 915 3082 987 martyrium
3114 916 3455 988 applicuerit.
3487 915 3584 971 llla
3614 926 3770 974 certe

2147 1012 2259 1080 ipsa
2293 1010 2379 1067 vel
2439 1012 2734 1085 applicatio
2779 1020 2929 1068 tanto
2982 1011 3259 1068 efficacior
3289 1027 3414 1069 esse
3443 1012 3628 1070 debuit
3654 1027 3771 1086 quo

2144 1103 2347 1167 Christi
2387 1106 2704 1178 sanguinem
2753 1105 2975 1179 propius
3024 1106 3260 1180 attingit,
3315 1106 3599 1185 magisque
3637 1106 3768 1163 viva

2145 1202 2635 1272 repraesentatione
2664 1199 2905 1257 exhibet.

2216 1292 2637 1367 §57.-—-Estque
2664 1293 2843 1350 adhuc
2873 1309 2939 1350 eo
2971 1293 3140 1367 magis
3168 1302 3590 1365 consentaneum
3613 1302 3770 1352 recte

2144 1395 2381 1454 veteres,
2403 1396 2457 1443 et
2483 1402 2579 1457 pro
2604 1401 2784 1443 causae
2805 1387 3058 1458 aequitate
3080 1387 3166 1441 hic
3187 1401 3308 1443 esse
3332 1394 3767 1459 argumentatos,

2146 1479 2303 1548 Quod
2334 1478 2426 1537 10°
2470 1495 2579 1536 non
2617 1479 2951 1553 quibuslibet
2980 1480 3220 1535 fidelium
3262 1494 3357 1535 seu
3395 1479 3765 1551 passionibus,

2147 1588 2243 1630 seu
2292 1574 2559 1645 mortibus
2606 1585 2812 1631 tantam
2843 1576 3097 1631 virtutem
3125 1574 3476 1646 assignarint,
3521 1573 3618 1631 sed
3658 1574 3772 1629 illis

2068 1667 2118 1731 B
2146 1669 2409 1743 duntaxat
2437 1672 2634 1751 quibus
2662 1673 2730 1728 ad
2761 1672 2962 1729 Christi
2991 1673 3179 1729 mortis
3202 1672 3512 1742 exemplum
3540 1674 3771 1744 propius

2146 1765 2528 1832 accessissent,
2554 1782 2676 1822 cum
2698 1782 2893 1839 nempe
2913 1767 3127 1839 publica
3147 1766 3409 1839 Ecclesiae
3429 1767 3770 1841 fratrumque

2145 1870 2306 1911 causa
2328 1870 2451 1913 sese
2464 1857 2807 1913 obtulissent.
2834 1857 2927 1913 Est
2953 1857 3169 1931 quidem
3190 1866 3499 1913 sanctorum
3521 1860 3769 1915 omnium

2146 1948 2199 2003 in
2227 1959 2521 2025 conSpectu
2550 1949 2765 2007 Domini
2793 1964 2942 2005 mors
2970 1949 3231 2023 qutelibet
3271 1951 3534 2023 pretiosa.
3577 1951 3677 2007 Est
3711 1958 3771 2008 et:

2146 2040 2321 2097 adhuc
2347 2042 2638 2109 pretiosior
2665 2042 3061 2111 innocentium,
3082 2058 3271 2097 eorum
3294 2042 3504 2107 scilicet
3523 2058 3660 2114 quos
3682 2045 3769 2101 vis

2145 2141 2422 2211 oppressit
2455 2139 2766 2209 iniquorum
2786 2138 3089 2194 hominum.
3111 2137 3219 2193 Sed
3242 2148 3297 2193 et
3330 2138 3475 2193 illam
3499 2138 3611 2194 Deo
3643 2137 3771 2193 cha-

2148 2245 2261 2284 ram
2292 2231 2568 2288 essenihil
2595 2242 2678 2287 est
2709 2232 2850 2311 quod
2880 2231 3188 2287 dubitemus
3224 2246 3329 2302 qua
3373 2230 3705 2286 occumbunt
3731 2233 3765 2288 ii

2148 2324 2345 2393 quibus
2364 2323 2543 2380 ofﬁcia
2571 2326 2933 2398 suaqurclibet
2960 2325 3071 2382 vita
3097 2333 3225 2381 sunt
3252 2325 3367 2399 ipsa
3387 2325 3767 2399 chariora,qui

2149 2426 2379 2472 mortem
2417 2434 2525 2488 prce
2557 2430 2781 2490 peccato
2808 2418 3040 2489 eligunt.
3073 2418 3278 2497 EStque
3306 2420 3467 2475 etiam
3500 2420 3615 2475 haec
3648 2420 3767 2491 ipsa

2150 2525 2295 2565 mors
2319 2510 2621 2583 baptismali
2665 2510 2846 2567 ofﬁcio
2884 2512 3099 2585 afﬁnis,
3143 2530 3210 2569 ne
3247 2514 3315 2568 ab
3355 2514 3500 2567 illius
3528 2513 3768 2585 prmmiis

2151 2601 2581 2675 privilegiisqne,
2606 2613 2823 2674 putetur
2847 2621 3069 2677 prorsus
3088 2607 3281 2662 aliena.
3308 2606 3418 2661 Nec
3435 2607 3521 2661 illa
3555 2607 3769 2678 procul—
3794 2630 3797 2631 ν

2148 2696 2311 2750 dubio
2342 2680 2453 2751 Deo
2484 2697 2692 2771 ingrata
2724 2714 2896 2771 mors,
2928 2715 3088 2770 quam
3122 2699 3285 2755 tantis
3314 2699 3519 2754 ethnici
3540 2697 3769 2756 efferunt

2151 2788 2461 2858 praeconiis,
2483 2804 2585 2863 qua
2602 2792 2722 2863 quis
2747 2792 2935 2862 patriae
2960 2792 3124 2845 vitam
3148 2805 3299 2845 suam
3326 2790 3771 2861 impendit,mul-

2152 2891 2441 2973 torumque
2468 2896 2671 2942 mortes
2706 2903 2808 2941 una
2832 2893 3007 2941 morte
3050 2885 3305 2953 redimit,
3338 2900 3439 2942 nec
3483 2886 3571 2944 illa
3602 2886 3768 2942 etiam

2150 2994 2179 3031 a
2197 2976 2395 3034 Christi
2419 2980 2668 3052 exemplo
2695 2981 2892 3037 aliena.
2912 2980 3097 3054 Longe
3116 2990 3293 3036 tamen
3317 2983 3560 3037 omnium
3581 2981 3769 3052 proxi-

443 3086 533 3127 I‘CS
554 3067 821 3138 baptismo
846 3072 1144 3134 martyrum
1172 3056 1468 3128 εαηευίιιεο
1492 3054 1598 3109 Vim
1625 3052 1953 3143 assignass?’
2001 3047 2048 3104 Si
2075 3069 2121 3132 C
2156 3085 2242 3125 me
2260 3069 2327 3125 ad
2358 3070 2558 3127 Christi
2588 3072 2718 3127 illud
2741 3072 3164 3127 illustrissimum
3184 3071 3397 3128 accedit
3430 3073 3765 3143 exemplum,

443 3172 499 3221 et
529 3160 662 3216 illud
695 3158 1000 3215 recolamus
1029 3166 1171 3208 nono
1200 3158 1498 3221 martyrum
1529 3146 1683 3201 illum
1730 3141 2049 3213 sanguinem

443 3259 660 3315 Christo
681 3256 782 3327 ipsi
811 3270 843 3309 a
866 3250 1139 3309 veteribus
1170 3247 1334 3302 fuisse
1362 3243 1681 3299 attributum
1706 3258 1720 3294 :
1750 3249 1805 3295 et
1831 3236 2049 3308 quidem

445 3355 515 3409 ita
534 3352 749 3408 Christo
778 3358 834 3402 ut
863 3361 931 3402 ne
956 3351 1266 3414 martyrum
1300 3338 1469 3393 fuisse
1495 3334 1832 3399 crederetur,
1863 3345 1965 3385 nec
1996 3330 2051 3383 in

443 3454 743 3520 martyrum
785 3438 1002 3511 prapria
1043 3435 1303 3490 duntaxat
1340 3428 1625 3486 commoda
1670 3425 1924 3497 cessisse,
1955 3422 2051 3478 sed

441 3554 573 3595 vero
601 3541 653 3592 in
697 3534 957 3591 Ecclesia:
994 3528 1170 3601 potius
1216 3527 1503 3581 universae.
1547 3521 1674 3578 Hcce
1726 3536 1757 3575 e
1805 3527 2051 3575 veterum

443 3629 710 3689 sententia
738 3625 865 3681 alibi
913 3621 1283 3695 probavimus,
1317 3626 1372 3674 et
1400 3615 1533 3672 illud
1563 3615 1774 3693 pariter
1808 3609 2052 3668 ostendi-

445 3740 565 3779 mus
617 3736 776 3793 quam
829 3732 940 3772 non
986 3721 1175 3771 essent
1233 3727 1263 3766 a
1318 3708 1617 3779 Scripturis
1662 3717 2053 3774 sacrorumque

446 3819 781 3888 Scriptorum
806 3810 1085 3885 principiis
1106 3804 1476 3863 abhorrentia.
1500 3802 1829 3872 “accitaque
1856 3801 1901 3854 si
1924 3813 2051 3853 con-

443 3913 725 3979 cedantur,
754 3910 864 3980 jam
894 3906 1258 3978 intelligemus
1299 3916 1461 3975 quam
1501 3898 1673 3955 solide
1702 3897 1778 3951 illi
1812 3893 2053 3965 pruden-

447 4016 637 4079 terque
676 4017 895 4058 omnem
926 4000 1066 4054 hanc
1105 3996 1359 4068 baptismi
1384 3991 1663 4065 sanguinei
1696 3988 1994 4045 efficaciam
2024 4001 2055 4041 e

445 4097 725 4169 Scriptura
769 4091 1108 4167 collegerint.
1142 4088 1339 4145 Christi
1402 4085 1548 4141 enim
1597 4081 1846 4155 sanguini
1893 4093 2055 4135 nemo

447 4190 656 4247 dubitat
709 4185 1000 4243 convenire
1057 4182 1197 4237 hanc
1249 4187 1594 4253 peccatorum
1661 4173 2053 4246 expiationem.

449 4278 651 4335 Christi
696 4287 874 4332 autem
905 4290 1103 4330 nomen
1151 4287 1249 4343 pro
1299 4272 1553 4325 universo
1582 4267 1784 4324 Christi
1824 4279 2057 4336 corpore

448 4374 679 4447 mystico
703 4369 1003 4442 saepissime
1033 4348 1366 4435 intelligitur.
1397 4363 1593 4432 Quidni
1622 4362 1785 4433 igitur
1831 4361 1940 4414 vim
1988 4360 2056 4413 il-

2154 3161 2199 3216 si
2222 3172 2275 3217 et
2317 3163 2619 3219 animarum
2650 3179 2811 3219 causa
2837 3166 2977 3236 quis,
3007 3175 3062 3219 et
3097 3165 3368 3220 communi
3408 3163 3625 3239 quidem
3678 3163 3770 3219 illa

2155 3255 2735 3331 mul_torum,veletiam
2755 3258 2995 3312 omnium
3017 3256 3345 3333 ubicumque
3360 3248 3768 3324 ﬁdelium,mor-

2156 3357 2263 3405 tem
2294 3361 2546 3423 oppetat;
2583 3353 2639 3409 Si
2671 3352 2791 3424 quis
2821 3369 2918 3427 pro
2938 3354 3213 3409 communi
3245 3352 3369 3421 fide,
3401 3369 3499 3426 pro
3529 3368 3770 3411 commu-

2157 3444 2211 3498 ni
2242 3443 2476 3499 lidclium
2506 3460 2758 3515 corpore,
2788 3462 2885 3517 pro
2905 3446 3183 3503 communi
3207 3447 3411 3502 unitate
3439 3447 3771 3521 unitatisque

2155 3538 2430 3592 communi
2464 3539 2699 3605 vinculo,
2736 3549 2794 3594 ut
2825 3555 3024 3612 corpus
3046 3539 3247 3595 Christi
3280 3541 3567 3613 mysticum
3598 3540 3653 3596 in
3675 3553 3770 3595 sua

2157 3630 2465 3702 integritate
2494 3643 2803 3699 conservet,
2822 3642 2878 3688 et
2907 3650 3044 3691 nova
3074 3633 3299 3707 insuper
3337 3634 3771 3705 resipiscentium

2155 3727 2465 3785 accessione
2498 3727 2808 3797 locupletet.
2831 3726 2947 3782 Hoc
2975 3737 3060 3782 est
3090 3726 3217 3783 ferri
3240 3730 3305 3783 τὰ
3324 3729 3460 3784 αὐτά
3481 3735 3581 3783 τῶν
3607 3729 3769 3786 παθη-

2158 3821 2356 3891 μάτων,
2378 3820 2480 3875 hoc
2498 3829 2581 3874 est
2600 3817 2824 3886 Christi,
2844 3830 2897 3875 et
2918 3820 3137 3892 quidem
3161 3820 3437 3892 patientis,
3458 3821 3627 3875 εἰκὸνα
3648 3834 3776 3891 por-

2158 3920 2306 3978 tare;
2341 3911 2445 3967 hoc
2489 3921 2573 3967 est
2601 3912 2855 3983 supplere
2887 3929 3008 3984 qua:
3037 3914 3263 3968 deerant
3293 3910 3498 3969 Christi
3535 3927 3634 3985 pro
3673 3914 3774 3968 Ec-

2159 4003 2322 4059 clesia
2377 4004 2746 4075 passionibus;
2810 4004 2915 4059 hoc
2969 4020 3090 4059 cum
3149 4020 3215 4061 co
3282 4005 3441 4073 mori,
3508 4003 3771 4078 crucifigi,

2159 4097 2397 4168 sepeliri,
2436 4113 2557 4154 cum
2603 4097 2878 4154 eteadem
2927 4099 3182 4168 patimur,
3214 4108 3268 4154 et
3296 4097 3486 4154 eadem
3514 4099 3677 4154 etiam
3706 4098 3773 4155 de

2160 4206 2344 4257 causa,
2375 4204 2495 4245 cum
2520 4199 2572 4245 et
2596 4190 2904 4260 passionem
2934 4199 2988 4244 et
3032 4190 3303 4260 passionis
3343 4203 3561 4249 causam
3602 4187 3771 4245 habe-

2162 4297 2280 4335 mus
2326 4295 2446 4336 cmn
2492 4281 2710 4347 Christo
2749 4295 3117 4336 communem.
3168 4281 3337 4338 Plane
3383 4283 3614 4337 innuunt
3659 4281 3772 4336 haec

2161 4375 2342 4430 omnia
2369 4390 2492 4431 esse
2522 4376 2809 4445 mysticam
2842 4375 3157 4446 quamdam,
3184 4375 3236 4429 in
3269 4374 3370 4429 hac
3410 4373 3526 4446 ipsa
3561 4375 3771 4446 passio-

449 4473 555 4528 lam
600 4475 944 4540 peccatorum
999 4462 1357 4534 purgatricem
1400 4457 1621 4513 Christo
1662 4456 1734 4510 ita
1780 4454 2047 4509 intellecto

2162 4484 2289 4523 num
2326 4483 2486 4524 causa
2517 4483 2862 4523 communem
2897 4468 3054 4523 nobis
3083 4482 3204 4522 cum
3237 4466 3459 4522 Christo
3489 4466 3769 4536 unitatem,

450 4561 795 4622 asseramus?
830 4555 975 4613 Nihil
1020 4564 1103 4610 est
1145 4553 1413 4626 profecto,
1457 4566 1553 4607 cur
1598 4549 1812 4623 quoties
1852 4546 2055 4602 Christi

449 4660 763 4731 sanguinem
789 4664 1006 4731 peccata
1050 4658 1232 4707 nostra
1260 4649 1450 4705 lavare
1496 4636 1657 4711 atque
1684 4659 1919 4719 purgare
1948 4651 2058 4697 tra-

449 4755 582 4809 dunt
620 4768 788 4808 sacra:
818 4750 1057 4816 Litterae,
1091 4747 1159 4801 tle
1187 4743 1455 4817 personali
1494 4741 1612 4813 ejus
1649 4740 1912 4813 sanguine
1937 4738 2058 4793 illas

452 4848 713 4903 duntaxat
744 4843 1127 4913 intelligamus.
1169 4839 1235 4894 Et
1263 4852 1393 4893 vero
1422 4836 1658 4893 nominis
1696 4834 1840 4891 ratio
1864 4832 2058 4887 suadet

453 4941 632 5011 potius
663 4948 720 4994 ut
746 4940 816 5008 sit
864 4936 1037 4991 virtus
1066 4933 1180 4987 hinc
1208 4931 1427 4987 Christo
1457 4946 1581 4986 cum
1610 4928 1855 5001 ejusdem
1906 4942 2054 5001 mys-

454 5034 561 5088 tico
600 5046 849 5101 corpore,
893 5026 1213 5085 communis.
1262 5022 1416 5092 Quod
1466 5023 1611 5079 enim
1658 5037 1856 5077 nomen
1898 5034 2055 5074 suum

454 5126 737 5181 nobiscum
779 5121 1174 5187 communicet,
1221 5118 1272 5174 id
1312 5118 1406 5173 illo
1449 5132 1641 5189 nempe
1668 5115 1901 5171 consilio
1932 5113 2060 5169 fecit

454 5227 513 5272 ut
563 5226 618 5273 et
664 5217 784 5286 jura
841 5215 1046 5269 nmnini
1093 5210 1471 5284 respondentia
1528 5210 1891 5280 intelligantur
1933 5223 2059 5265 esse

454 5311 780 5368 communia.
832 5309 898 5365 Ut
934 5310 986 5363 in
1028 5305 1403 5371 matrimoni-ili
1465 5304 1671 5358 unitate
1727 5303 1911 5381 (quam
1970 5301 2058 5377 hic

454 5406 671 5462 adhibet
696 5402 984 5475 Apostolus
1011 5401 1077 5455 ad
1106 5399 1305 5456 Christi
1339 5397 1621 5473 mysticam
1656 5411 1776 5451 cum
1812 5395 2056 5451 Ecclesia

454 5501 709 5555 unitatem
742 5493 1140 5569 explicandam)
1166 5507 1454 5549 c0mmunc
1484 5491 1601 5551 viro
1631 5500 1792 5562 atque
1820 5490 2058 5565 {mutinae

453 5610 651 5650 nomen
679 5590 985 5648 comnmnia
1021 5588 1180 5661 etiam
1211 5587 1496 5658 utriusque
1531 5586 1580 5640 in
1614 5584 1732 5656 lege
1757 5585 1878 5656 jura
1907 5584 2055 5644 facit.

449 5686 526 5744 lta
561 5695 616 5745 et
652 5701 775 5742 cum
815 5692 1113 5758 martyrum
1150 5678 1372 5753 sanguis
1414 5694 1512 5750 pro
1549 5675 1751 5735 ChriSti
1794 5681 2056 5752 sanguine

2161 4570 2218 4617 ut
2249 4562 2474 4633 proinde
2505 4562 2570 4616 ad
2604 4576 2764 4615 unam
2792 4571 3036 4631 utrinque
3064 4560 3420 4633 eamdemque
3464 4561 3771 4633 passionum

2158 4636 2538 4709 collectionem
2569 4656 2845 4726 pertinere
2885 4662 3233 4711 censeantur.
3270 4654 3326 4708 ln
3368 4655 3455 4711 his
3495 4664 3673 4713 autem
3703 4653 3771 4710 de

2160 4747 2363 4803 unitate
2391 4749 2614 4819 mystica
2644 4748 2944 4804 ratiociniis
2976 4748 3025 4803 id
3069 4763 3241 4819 genus
3269 4764 3522 4815 canones,
3563 4755 3621 4804 et
3658 4752 3773 4821 qui-

2160 4840 2285 4895 dem
2315 4840 2816 4907 nniversalcsillos,
2849 4840 3095 4910 agnoscit
3122 4842 3453 4914 Apostolus:
3494 4841 3645 4909 Quod
3684 4858 3771 4896 ca-

2163 4935 2257 5006 piti
2281 4936 2534 5001 convenit,
2570 4934 2626 4987 id
2656 4945 2701 4988 et
2730 4933 2971 4990 membris
3009 4951 3117 4990 esse
3154 4951 3450 5001 commune;
3493 4935 3633 5006 quod
3670 4934 3772 5004 pri-

2165 5029 2341 5096 mitiis,
2371 5027 2425 5081 id
2465 5036 2509 5081 et
2534 5043 2717 5082 massae
2752 5027 3023 5083 universw.
3067 5027 3133 5082 Ni
3178 5026 3513 5083 universales
3551 5025 3773 5081 fuissent

2159 5121 2257 5184 illi,
2292 5120 2709 5192 quos-diximus.
2756 5135 3011 5187 canones,
3054 5122 3277 5175 omnino
3317 5119 3646 5192 subjungere
3674 5118 3768 5174 de-

2168 5214 2282 5269 buit
2310 5213 2611 5284 Apostolus
2640 5229 2739 5269 cur
2767 5213 2820 5267 in
2854 5215 2939 5269 illa
2975 5213 3154 5284 potius
3183 5228 3343 5284 quam
3383 5214 3440 5269 in
3472 5213 3574 5269 alia
3602 5211 3769 5284 quali-

2168 5308 2257 5364 bet
2297 5323 2459 5363 cansa
2504 5317 2693 5365 essent
2732 5308 3078 5377 agnoscendi.
3124 5308 3572 5381 Argumentantis
3633 5306 3770 5362 enim

2168 5419 2457 5473 personam
2505 5403 2591 5459 hic
2634 5401 2893 5459 sustinuit
2923 5402 3242 5471 Apostolus,
3288 5418 3395 5457 non
3425 5408 3605 5456 autem
3636 5399 3771 5455 illius

2166 5499 2262 5571 qui
2291 5514 2390 5571 pro
2418 5513 2514 5554 sua
2558 5498 2820 5552 duntaxat
2864 5495 3471 5557 auctoritate.dictaret.
3506 5493 3582 5547 Ita
3618 5492 3773 5563 igitur

2167 5607 2291 5662 quas
2316 5599 2664 5663 peccatorum
2702 5586 2940 5681 expiatio
2971 5589 3157 5662 capiti,
3183 5588 3370 5645 eadem
3402 5594 3459 5643 et
3485 5584 3769 5651 membris;

2166 5698 2294 5755 qua:
2315 5678 2473 5754 hujus
2496 5678 2783 5753 sanguinis
2800 5679 3082 5752 primitiis,
3112 5680 3304 5739 eadem
3334 5688 3394 5738 et
3420 5694 3617 5737 massa:
3642 5692 3769 5734 con-
