3990 6060
217 129 299 187 77
1262 125 1353 184 DE
1384 118 1703 185 SECUNDO
1739 122 2137 185 MARTYRUM
2175 124 2538 188 BAPTISMO.
3469 135 3542 197 78

222 244 434 300 veniet.
472 239 549 296 lta
599 238 805 299 scilicet
837 250 939 296 nos
969 239 1199 298 incitare
1246 240 1421 296 voluit
1470 240 1731 295 Dominus
1768 240 1833 295 ad
1863 240 1911 300 A
1939 241 2103 295 medii
2143 241 2389 311 ratione,
2435 245 2802 315 praestantius.
2849 244 2919 302 At
2948 259 2978 302 a
3015 248 3188 320 pactis
3226 249 3543 323 symbolicis

219 346 471 415 mortem
524 349 622 428 pro
680 333 938 388 fratribus
984 332 1183 388 lubenti
1236 333 1417 388 animo
1464 333 1841 403 constantique

217 412 573 505 dbeundam,
593 438 650 486 ut
679 430 733 485 in
780 430 883 486 hac
912 429 1023 501 ipsa
1048 429 1210 485 etiam
1245 445 1406 485 causa
1452 431 1628 500 ipsum
1658 430 1839 484 imita-

217 541 441 593 remur,
476 522 549 579 ἰιι
595 524 737 578 sicut
765 523 882 594 ipse
912 536 1010 593 pro
1047 520 1203 577 nobis
1230 522 1395 577 vitam
1425 523 1623 595 posuit,
1657 532 1712 576 et
1738 536 1841 577 nos

215 634 331 691 pro
354 617 611 673 fratribus
640 615 806 671 vitam
831 628 1152 687 poneremus
1177 614 1196 669 ι
1228 613 1286 670 S.
1311 614 1496 682 Joan.,
1534 630 1612 680 ιη,
1644 614 1732 670 16.
1762 612 1840 669 Ita

215 714 399 769 vitam
455 724 554 785 pro
598 707 865 781 Apostolo
910 721 1115 785 ponere
1163 708 1333 778 parati
1366 716 1523 764 erant
1564 708 1837 777 discipuli,

217 806 342 877 ipse
384 803 626 858 vicissim
675 815 773 872 pro
823 800 1124 872 discipulis.
1155 798 1229 854 [ta
1258 800 1516 871 -lgnatius
1547 801 1841 875 ἀντίψυχος

217 914 415 958 eorum
462 912 592 953 esse
622 895 791 950 voluit
831 895 920 965 qui
964 895 1237 964 episcopis
1282 894 1648 961 adhaererent,
1696 892 1841 966 quod

220 993 433 1048 scilicet
471 1004 665 1045 eorum
713 988 899 1060 ψυχὰς
940 986 1098 1059 ψυχῇ
1128 987 1419 1054 ευη,·νὶῑειε
1467 1001 1662 1055 nempe
1707 985 1838 1053 vita,

224 1084 503 1140 redimere
531 1081 786 1136 voluerit.
816 1077 947 1133 Inde
991 1087 1173 1132 tantus
1202 1078 1294 1132 ille
1323 1077 1739 1132 Christianorum
1786 1077 1841 1131 in

224 1192 289 1233 se
348 1176 579 1230 invicem
635 1186 792 1226 amor
838 1184 946 1241 quo
999 1169 1238 1224 illustres
1267 1169 1390 1224 illos
1417 1178 1473 1224 et
1516 1169 1841 1239 conspicuos

221 1272 399 1329 fuisse
424 1283 520 1327 sua
548 1266 709 1323 etiam
753 1273 912 1320 aetate
938 1272 1205 1318 memorat
1228 1261 1620 1319 Tertullianus.
1646 1262 1841 1318 Damo-

222 1366 318 1422 nis
361 1371 415 1420 et
441 1361 643 1435 Pythi-.1:
673 1360 909 1415 Historia
934 1358 1074 1428 apud
1103 1360 1481 1431 pytliagorteos
1507 1359 1667 1429 longe
1693 1359 1840 1414 cele-

219 1455 471 1537 berrirna
516 1462 621 1519 est.
655 1451 769 1531 Hqs
823 1450 1061 1531 aemulati
1099 1450 1403 1537 judzeoruin
1444 1458 1572 1525 sunt
1624 1449 1838 1531 esseni,

218 1547 354 1607 iUos
398 1545 711 1614 christiani,
747 1558 884 1615 quos
918 1550 1098 1617 tamen
1142 1557 1332 1615 omnes
1361 1541 1524 1615 longo
1554 1542 1841 1616 intervallo

1945 331 2144 404 (qualia
2200 346 2535 393 sacramenta
2566 353 2687 394 esse
2733 356 2924 397 omnes
2967 341 3291 417 agnoscunt)
3333 347 3544 417 sejungi

1945 428 2131 496 nequit
2168 429 2470 486 iStiusmodi
2501 431 2894 489 subordinatio.
2926 436 3058 491 Cum
3104 438 3249 493 enim
3298 439 3544 511 symbola

1942 518 2306 575 adhibeantur
2346 521 2415 576 ad
2443 523 2545 577 alia
2580 532 2758 579 tamen
2802 525 2977 580 ofﬁcia
3008 544 3036 581 a
3067 529 3333 601 symbolis
3359 530 3539 587 diver-

1941 613 2155 670 sissima
2182 617 2640 685 repraesentanda,
2658 618 2881 691 ipsaque
2901 620 3038 676 adeo
3063 622 3152 677 illa
3177 637 3536 698 repracsenta-

1947 709 2092 763 tione
2138 708 2478 779 spondenda,
2509 720 2571 767 ut
2596 711 2826 781 proinde
2866 714 3166 772 mediorum
3209 728 3437 790 utraque
3459 720 3545 775 vi-

1944 814 2062 855 cem
2110 800 2407 871 impleant;
2439 812 2658 859 constat
2699 813 2877 861 tamen
2907 806 3070 861 ofﬁcii
3110 824 3267 879 quam
3306 813 3544 883 symboli

1943 891 2101 964 longe
2122 894 2384 963 potiorem
2428 910 2549 950 esse
2590 897 2881 965 rationem,
2911 898 3106 969 jusque
3133 899 3201 955 ad
3238 902 3542 959 mercedem

1945 984 1975 1039 ὸ
2005 987 2115 1042 Deo
2146 989 2470 1059 promissam
2501 990 2751 1048 conferre
2781 991 2941 1063 longe
2969 994 3178 1049 auctius
3222 1004 3384 1066 atque
3413 998 3547 1054 vali-

1944 1077 2086 1134 dius.
2148 1080 2258 1134 Dici
2329 1091 2508 1137 tamen
2566 1083 2798 1154 denique
2849 1094 3031 1156 potest
3079 1097 3184 1143 tam
3234 1090 3545 1162 symbolum

1944 1182 2143 1227 nostrae
2170 1173 2223 1227 in
2262 1174 2530 1244 baptismo
2558 1178 2938 1247 professionis,
2988 1195 3147 1251 quam
3177 1184 3543 1242 conditionem

1945 1281 2104 1338 quam
2127 1283 2192 1323 eo
2211 1269 2459 1342 symbolo
2481 1272 2811 1342 spondemus
2832 1290 2862 1329 a
2883 1284 3065 1345 nostra
3094 1278 3234 1346 pacti
3254 1277 3546 1348 baptisma-

1943 1357 2010 1411 lis
2039 1368 2188 1427 parte
2220 1361 2604 1429 praestandam,
2625 1380 2949 1435 quamquam
2980 1367 3031 1420 in
3060 1378 3216 1437 pacto
3238 1385 3265 1422 a
3300 1370 3410 1425 Deo
3433 1374 3551 1441 qui-

1946 1450 2067 1507 dem
2094 1452 2345 1531 instituto
2375 1454 2755 1525 adhibeantur,
2788 1458 2855 1515 ad
2883 1457 3119 1517 humana
3144 1470 3321 1517 tamen
3345 1462 3547 1533 ofﬁcia,

1944 1553 2264 1616 partemque
2288 1547 2432 1618 pacti
2463 1548 2611 1605 illam
2636 1565 2757 1619 quae
2802 1550 3052 1608 homines
3091 1564 3320 1623 spectat,
3352 1555 3551 1612 attine-

218 1646 578 1710 superarunt.
620 1636 700 1692 Ita
739 1633 1100 1691 conveniebat
1127 1632 1459 1689 adamussim
1508 1649 1630 1689 cum
1686 1633 1837 1690 hisce
1863 1638 1916 1699 B
1944 1651 2022 1692 re.
2054 1636 2130 1692 lta
2163 1652 2273 1693 non
2313 1654 2437 1694 cum
2488 1640 2744 1696 humanis
2794 1641 2977 1697 divina
3027 1644 3402 1713 conferentur,
3454 1648 3553 1704 sed

216 1730 511 1805 principiis
559 1728 740 1799 praxis
770 1729 933 1784 etiam
977 1728 1362 1798 primtevorum
1391 1725 1839 1797 christianorum.

214 1824 302 1882 Ita
322 1822 537 1895 praxim
564 1819 712 1875 illam
730 1818 1203 1891 generosissimam
1224 1815 1659 1888 prudentissimis
1677 1817 1839 1872 etiam

216 1914 510 1991 principiis
553 1912 766 1969 fulcivit
798 1911 1061 1969 Dominus
1100 1910 1379 1982 legislator
1409 1910 1653 1966 omnium
1681 1909 1841 1983 longe

212 2010 609 2084 peritissimus.

292 2104 325 2177 §
357 2102 677 2170 58.—Qum
705 2115 826 2157 cum
860 2100 933 2155 ita
956 2114 1016 2169 se
1044 2097 1301 2165 habeant,
1319 2097 1428 2169 jam
1454 2096 1611 2157 facile
1642 2096 1841 2153 intelli-

214 2198 401 2270 gimus
458 2194 592 2251 nihil
621 2208 746 2251 esse
790 2208 890 2249 cur
932 2192 1073 2271 male
1122 2190 1365 2259 audiant,
1396 2190 1499 2247 hac
1550 2191 1602 2245 in
1651 2204 1837 2258 causa,

214 2290 472 2364 primaevi
518 2287 819 2344 christiani.
866 2284 1128 2359 Baptismi
1161 2285 1318 2339 titulo
1346 2284 1662 2356 martyrium
1705 2285 1840 2338 insi-

214 2383 497 2462 gnierttpt.
531 2379 642 2436 Nec
672 2388 881 2437 temere
908 2377 993 2444 id,
1024 2392 1125 2439 nec
1153 2391 1250 2447 pro
1274 2391 1373 2432 suo
1402 2377 1663 2432 duntaxat
1691 2377 1839 2432 arbi-

217 2476 352 2533 trio.
407 2472 680 2549 Christum
738 2472 994 2539 nimirum
1064 2471 1241 2543 ipsum
1309 2470 1615 2525 habuerunt
1678 2485 1840 2540 quem

218 2576 601 2640 sequerentur
645 2576 947 2647 auctorem.
1001 2563 1111 2621 Sed
1154 2579 1276 2620 cum
1321 2563 1473 2618 titulo
1511 2563 1631 2634 jura
1679 2563 1842 2620 etiam

216 2660 499 2731 baptismi
528 2659 780 2732 martyrio
802 2660 1129 2731 tribuerunt,
1155 2668 1210 2714 et
1230 2656 1447 2729 quidem
1467 2668 1835 2714 sacramenta-

221 2752 298 2809 lis
330 2751 585 2823 baptismi
616 2766 645 2806 a
670 2751 781 2819 Deo
810 2751 929 2822 ipso
952 2732 1205 2815 instituti.
1225 2749 1465 2805 Immane
1484 2749 1843 2835 proculdubio

217 2844 478 2914 facinus,
522 2844 568 2899 si
595 2859 717 2916 qua:
747 2858 780 2900 a
818 2843 929 2919 Deo
956 2851 1141 2911 essent
1178 2842 1231 2897 in
1264 2852 1426 2914 pacto
1457 2841 1840 2899 sacramentali

216 2936 554 3009 prastanda,
575 2951 637 2995 ea
661 2936 777 3011 suis
792 2935 1097 3007 adiurantis
1118 2941 1449 3001 assererent,
1480 2933 1630 2990 nullo
1662 2943 1839 2989 tamen

1943 1742 2064 1783 cum
2087 1730 2339 1787 humanis
2365 1729 2561 1787 ofﬁciis
2582 1734 2687 1788 alia
2709 1734 2883 1790 ofﬁcia
2901 1745 2957 1791 et
2988 1736 3077 1792 illa
3109 1753 3323 1810 quoque
3344 1740 3550 1809 pariter

1942 1819 2201 1888 humana,
2234 1832 2294 1879 ut
2320 1824 2424 1879 alia
2453 1826 2572 1881 aliis
2593 1827 2816 1883 meliora
2847 1828 3166 1896 habeantur,
3194 1842 3249 1888 et
3278 1833 3390 1889 Deo
3419 1850 3548 1906 gra-

1942 1916 2101 1970 tiora.
2126 1916 2324 1972 Fateor
2348 1918 2598 1987 equidem
2626 1919 2819 1975 horum
2850 1920 3154 1977 ofﬁciorum
3179 1924 3268 1994 jus
3297 1925 3364 1980 ad
3397 1941 3551 1982 mer.-

1944 2007 2132 2064 cedem
2158 2017 2316 2078 pacto
2349 2010 2782 2083 institutionique
2822 2013 3019 2069 divinae
3054 2023 3225 2070 totum
3269 2029 3549 2089 acceptum

1942 2117 2064 2158 esse
2108 2103 2475 2160 referendum.
2517 2103 2575 2159 Id
2618 2114 2802 2161 tamen
2832 2106 2905 2161 ita
2929 2122 3117 2163 verum
3147 2118 3318 2165 estut
3358 2127 3553 2182 quam-

1944 2210 2104 2266 quam
2143 2210 2251 2250 non
2282 2206 2507 2269 propter
2534 2212 2701 2269 opera
2746 2199 2890 2253 Deus
2919 2200 3225 2256 mercedem
3259 2204 3548 2274 retribuat,

1944 2297 2001 2344 at
2029 2290 2326 2346 secundum
2372 2305 2538 2360 opera
2569 2290 2661 2345 ﬁat
2691 2290 2780 2346 illa
2808 2291 3117 2360 retributio,
3156 2303 3215 2348 ut
3243 2295 3471 2367 proinde
3494 2297 3552 2353 in

1944 2381 2137 2437 ofﬁciis
2163 2383 2362 2438 nostris
2379 2397 2487 2453 quo
2514 2393 2640 2438 sunt
2668 2399 2893 2455 quaeque
2922 2384 2975 2439 in
3008 2400 3067 2440 se
3095 2389 3467 2457 praestantiora
3501 2398 3558 2449 et

1946 2472 2056 2528 Deo
2070 2475 2304 2545 gratiora
2321 2489 2387 2529 eo
2414 2475 2735 2546 exigantura
2758 2477 2869 2532 Deo
2887 2478 3192 2547 paciscente
3218 2479 3550 2552 diligentius,

1945 2576 1999 2623 et
2024 2568 2275 2625 mercede
2302 2571 2591 2638 copiosiori
2626 2582 2974 2627 coronentur.

2018 2661 2045 2733 §
2072 2661 2578 2733 39.—Quamquam
2609 2675 2789 2719 autem
2810 2666 3061 2735 baptismi
3090 2667 3259 2723 solius
3281 2669 3552 2727 rationem

1947 2753 2001 2809 in
2025 2752 2126 2809 hac
2150 2763 2335 2810 nostra
2369 2754 2757 2811 dissertatione
2794 2756 3170 2825 habuerimus;
3199 2760 3342 2831 quod
3367 2769 3550 2820 tamen

1945 2846 2013 2903 de
2040 2848 2309 2920 baptismo
2335 2850 2688 2918 asseruimus,
2723 2851 2863 2906 idem
2895 2851 2963 2907 de
2991 2853 3163 2908 altero
3195 2854 3550 2913 Eucharistite

1946 2951 2287 2996 sacramento
2318 2956 2566 2998 asserere
2597 2951 2930 3012 poteramus,
2964 2958 3359 3016 repraesentare
3389 2950 3551 3005 nimi-

218 3030 345 3097 nixi
390 3028 490 3085 Dei
518 3028 815 3107 promisso,
874 3028 1026 3085 nullo
1080 3028 1175 3097 Dei
1228 3027 1467 3098 legitimo
1497 3026 1700 3082 vicario
1745 3026 1837 3099 qui
1863 3033 1909 3098 C
1942 3047 2061 3087 rum
2092 3031 2211 3099 hic,
2244 3040 2406 3104 atque
2432 3033 2570 3089 adeo
2598 3034 2891 3104 Sponderi,
2923 3046 3168 3092 nostrum
3205 3055 3302 3108 pro
3328 3040 3544 3096 Christo

218 3123 323 3185 Dei
339 3137 629 3194 personam
659 3138 823 3193 agere
852 3122 1046 3199 saltem
1080 3129 1284 3191 posset,
1316 3130 1371 3175 et
1402 3120 1496 3175 Dei
1526 3121 1748 3175 nomine
1775 3134 1840 3175 ea

218 3216 469 3290 polliceri
504 3232 626 3293 qua:
667 3216 810 3295 Deus
838 3215 988 3287 ipse,
1031 3223 1256 3287 prepter
1289 3214 1584 3285 legitimam
1624 3212 1840 3285 delega-

220 3310 431 3366 tionem
459 3318 721 3380 praestare
752 3316 1050 3375 teneretur.
1093 3305 1203 3363 Sed
1229 3305 1386 3378 longe
1414 3305 1643 3361 aberant
1669 3306 1737 3362 ab
1771 3320 1839 3361 eo

217 3403 435 3465 scelere
454 3414 669 3460 veteres
698 3411 755 3460 ut
789 3402 886 3459 Dei
917 3416 1148 3471 nomen,
1174 3402 1296 3457 sine
1325 3400 1504 3456 divina
1533 3410 1708 3456 tamen
1737 3416 1837 3456 au-

217 3497 504 3564 ctoritate,
527 3497 639 3552 suis
665 3496 930 3563 institutis
954 3502 1337 3567 praetexerent.
1371 3495 1440 3547 At
1468 3493 1688 3563 impium
1714 3508 1839 3564 pro-

217 3588 374 3667 fecto
400 3602 509 3647 non
554 3587 657 3644 fuit
681 3588 726 3644 si
755 3587 1097 3647 conditiones
1122 3602 1154 3643 a
1184 3588 1295 3642 Deo
1339 3586 1457 3658 ipso
1502 3586 1837 3658 praestandus

214 3688 577 3755 expectarent
602 3682 657 3745 in
684 3689 846 3755 pacto
867 3680 1173 3752 baptismali
1196 3680 1264 3734 ab
1290 3678 1410 3749 ipso
1442 3678 1707 3734 instituto.
1735 3680 1837 3734 lm-

216 3758 377 3853 pium
406 3760 513 3833 non
536 3773 641 3833 fuit
662 3774 963 3853 ebaptismi
982 3771 1391 3853 sacramentalis
1423 3771 1651 3828 consilio
1677 3772 1834 3827 colli-

214 3885 357 3944 gere
377 3870 425 3935 si
446 3869 573 3943 quid
593 3885 756 3943 porro
777 3870 831 3925 in
848 3878 1008 3942 pacto
1029 3868 1338 3940 baptismali
1363 3868 1639 3929 videretur
1662 3869 1837 3925 inclu-

217 3980 368 4021 sum.
399 3965 629 4035 lmpium
651 3981 757 4021 non
790 3965 891 4025 fuit
908 3964 1197 4036 hocipsum
1220 3963 1289 4021 de
1304 3964 1564 4036 martyrio
1580 3962 1835 4033 colligere

216 4058 267 4125 si
304 4069 417 4137 qua
463 4065 686 4128 possent
729 4057 970 4133 legitima
1015 4065 1591 4128 sacramentorumque
1618 4055 1836 4126 propria

217 4149 721 4229 argumentatione.
746 4150 976 4221 lmpium
999 4149 1233 4221 denique
1260 4164 1367 4205 non
1391 4147 1512 4214 fuit,
1537 4148 1580 4203 si
1613 4154 1668 4202 ct
1691 4161 1836 4201 mar-

219 4246 396 4320 tyrio,
428 4245 519 4303 ubi
561 4246 618 4302 id
643 4247 985 4318 probassent,
1015 4257 1069 4303 et
1092 4247 1215 4319 jura
1242 4260 1457 4318 quoque
1495 4245 1832 4316 baptismalia

215 4348 558 4411 assererem.
586 4341 750 4413 Atqui
774 4340 1041 4413 baptismo
1069 4341 1389 4413 martyrium
1417 4354 1524 4394 non
1551 4338 1835 4395 conferunt

1944 3128 2297 3197 martyrium,
2359 3137 2416 3182 ut
2467 3127 2695 3199 proinde
2759 3129 2920 3200 hujus
2982 3131 3146 3187 etiam
3205 3133 3546 3191 Eucharistia

1942 3220 2083 3290 pacti
2101 3220 2320 3290 praemia
2342 3221 2550 3290 possint
2565 3237 2595 3276 a
2610 3224 2942 3295 martyribus
2964 3224 3260 3281 vendicari.
3277 3226 3385 3283 Nec
3401 3229 3547 3283 enim

1890 3348 1893 3351 ‹
1940 3311 2097 3367 aliter
2117 3310 2172 3366 in
2202 3326 2339 3382 pane
2367 3311 2747 3369 Eucharistico
2774 3313 2948 3371 fracto
2984 3326 3409 3389 reprzesentatur
3428 3335 3552 3375 cor-

1939 3417 2040 3475 pus
2067 3403 2281 3460 Domini
2328 3420 2489 3477 quam
2521 3414 2580 3460 ut
2619 3420 2869 3476 passum,
2911 3406 3170 3476 fractum,
3196 3410 3544 3479 cruciﬁxum;

1940 3512 2042 3554 nec
2085 3497 2247 3555 aliter
2273 3500 2327 3555 in
2358 3498 2528 3556 effuso
2554 3499 2681 3555 vino
2709 3502 2928 3571 sanguis
2949 3517 3110 3572 quam
3142 3514 3200 3559 ut
3226 3505 3340 3574 ipse
3379 3505 3542 3561 etiam

1938 3588 2159 3646 effusus.
2196 3590 2327 3660 Quis
2352 3601 2436 3647 est
2476 3592 2566 3664 qui
2598 3608 2705 3648 non
2738 3592 2914 3649 videat
2940 3608 3102 3665 quam
3140 3595 3249 3650 sint
3280 3595 3394 3653 htcc
3423 3612 3543 3654 ma-

1938 3685 2136 3741 nifesto
2154 3684 2219 3741 ad
2240 3686 2520 3755 passiones
2539 3685 2739 3741 Christi
2756 3686 3036 3743 referenda
3056 3688 3080 3742 ’ἔ
3098 3687 3229 3745 Cum
3249 3688 3430 3760 itaque
3447 3706 3550 3761 per

1938 3795 2107 3835 unum
2131 3780 2284 3837 illum
2300 3794 2495 3850 panem
2517 3795 2682 3836 unum
2708 3795 2809 3836 nos
2831 3796 2952 3836 cum
2969 3780 3187 3839 Christo
3202 3798 3401 3854 corpus
3418 3800 3547 3855 pro-

1937 3863 2210 3931 ﬁteamur,
2240 3864 2435 3932 lCor.,
2466 3882 2525 3933 x,
2554 3866 2643 3932 17,
2672 3865 2724 3922 id
2755 3866 2909 3938 plane
2931 3882 3029 3939 pro
3054 3868 3355 3940 symbolico
3376 3884 3547 3941 spon-

1937 3957 2097 4015 dendi
2136 3960 2262 4024 ritu,
2314 3960 2669 4031 spondemus,
2699 3974 2807 4016 non
2846 3961 2901 4015 in
2951 3976 3179 4032 corpore
3224 3963 3386 4019 modo
3415 3978 3538 4027 nos,

1938 4052 2033 4108 sed
2060 4051 2114 4108 in
2144 4053 2276 4124 ipsis
2295 4068 2514 4125 quoque
2540 4053 2787 4122 corporis
2812 4052 3156 4124 passionihus
3172 4069 3293 4109 cum
3316 4052 3537 4113 Christo

1938 4143 2055 4200 fore
2084 4146 2605 4210 communicaturos,
2639 4154 2700 4200 ut
2723 4151 2777 4201 et
2804 4144 2905 4214 ipsi
2938 4159 3038 4200 nos
3070 4154 3284 4214 paratos
3310 4159 3539 4217 praeste-

1936 4251 2058 4291 mus
2099 4244 2156 4292 ut
2202 4252 2323 4292 curn
2365 4251 2431 4291 eo
2454 4235 2721 4309 patiamur
2751 4246 2913 4308 atque
2959 4236 3357 4308 cruciﬁgamur.
3400 4240 3538 4297 Cum

1935 4331 2096 4385 etiam
2124 4329 2322 4386 dicitur
2347 4328 2434 4386 hic
2454 4329 2672 4400 sanguis
2703 4344 2802 4400 pro
2831 4330 3016 4385 multis
3046 4329 3264 4395 effusus,
3291 4333 3344 4387 id
3373 4348 3539 4405 porro

219 4433 407 4502 modo,
437 4431 537 4489 sed
559 4433 725 4488 etiam
766 4432 1094 4489 anteferunt.
1125 4433 1263 4487 Male
1298 4430 1515 4503 quidem
1547 4431 1623 4495 id,
1653 4431 1699 4486 si
1722 4431 1831 4501 jam
1858 4431 1913 4491 D
1940 4424 2295 4495 pollicemur,
2353 4439 2452 4479 nos
2505 4423 2692 4489 etiam,
2749 4437 2847 4492 pro
2890 4421 3095 4477 Christi
3147 4425 3420 4495 exemplo,
3472 4442 3539 4481 eo

218 4527 565 4584 constitisset
587 4541 684 4581 sua
703 4526 955 4591 nimirum
983 4525 1216 4582 humana
1239 4525 1480 4580 instituta
1495 4538 1616 4579 cum
1641 4522 1835 4578 divinis

219 4638 393 4680 ausos
419 4639 542 4680 esse
566 4621 923 4679 contendere.
948 4622 1057 4678 Sed
1083 4637 1207 4678 vero
1225 4621 1381 4676 aliter
1410 4635 1469 4675 se
1492 4636 1605 4675 rem
1635 4619 1834 4674 habere

222 4732 292 4774 ex
328 4717 496 4773 dictis
542 4725 779 4772 constat.
810 4716 945 4789 cum
993 4718 1046 4771 in
1088 4724 1245 4787 pacto
1290 4714 1601 4795 baptismali
1632 4713 1832 4768 includi

223 4814 545 4885 martyrium
581 4813 862 4883 probarint
912 4820 1153 4878 veteres,
1183 4812 1453 4867 immerito
1478 4825 1607 4865 sane
1633 4820 1835 4877 marty-

224 4906 377 4983 rium
416 4905 665 4983 humanis
721 4904 978 4960 institutis
1020 4913 1312 4981 accensent
1358 4902 1674 4959 adversarii.
1714 4901 1832 4958 Jam

222 4976 345 5071 non
393 4976 620 5053 humana
649 5013 775 5054 cum
816 4997 1016 5071 divinis
1060 4976 1305 5052 instituta
1345 4995 1701 5062 contendunt,
1736 4992 1835 5049 sed

222 5074 425 5161 divina
466 5104 585 5163 cum
629 5092 846 5160 divinis,
877 5091 963 5148 vel
1012 5106 1171 5147 unam
1203 5089 1433 5146 fortasse
1464 5091 1640 5161 potius
1666 5086 1837 5143 divini

223 5183 472 5242 instituti
513 5194 714 5255 partem
765 5199 891 5239 cum
935 5184 1042 5240 alia
1092 5182 1336 5254 ejusdem
1388 5182 1617 5237 instituti
1662 5187 1833 5251 parte.

223 5277 374 5355 Nihil
399 5285 592 5333 autem
610 5285 750 5334 vetat
786 5291 894 5351 quo
922 5279 1100 5355 minus
1125 5276 1431 5333 divinorum
1470 5276 1837 5331 institutorum

224 5350 461 5453 altérum
524 5354 719 5429 alterni
756 5372 928 5444 possit
981 5352 1104 5428 esse
1156 5370 1500 5441 prrcstantius
1544 5385 1556 5423 :
1605 5369 1733 5440 quin
1792 5367 1844 5423 id

224 5463 416 5538 potius
446 5478 678 5521 necesse
702 5471 789 5520 est
809 5463 1020 5534 quoties
1039 5462 1104 5517 ad
1132 5462 1387 5519 eumdem
1410 5460 1570 5516 ﬁnem
1598 5458 1847 5516 referun-

228 5542 345 5625 tur,
388 5571 517 5641 cum
554 5556 741 5645 aliqua
770 5563 951 5637 tamen
980 5554 1442 5639 subordinatione.
1495 5551 1651 5620 Quod
1701 5552 1847 5639 enim

234 5650 409 5709 ﬁnem
438 5643 592 5708 illum
635 5649 859 5724 propius
909 5647 1144 5721 attingit,
1178 5647 1231 5707 id
1280 5646 1592 5731 necessario
1637 5644 1762 5715 erit,
1796 5643 1851 5701 in

1939 4515 2259 4589 promptiori
2292 4516 2474 4569 animo
2498 4513 2562 4567 ad
2589 4512 2901 4585 patiendum
2934 4528 3251 4571 accessuros
3284 4532 3392 4584 quo
3421 4518 3541 4587 plu-

1938 4611 2076 4666 rium
2128 4610 2356 4665 salutem
2415 4607 2763 4678 intelligimus
2809 4614 2995 4663 nostra
3050 4607 3166 4663 fore
3196 4620 3372 4664 morte
3409 4624 3537 4680 pro.-

1938 4704 2279 4762 movendam.
2310 4702 2384 4757 Ita
2421 4702 2564 4757 enim
2593 4699 2709 4755 fore
2736 4708 2793 4755 ut
2822 4699 3023 4757 Christi
3065 4703 3319 4773 patientis
3350 4718 3535 4758 exem-

1937 4798 2083 4875 plum
2149 4793 2321 4865 magis
2381 4792 2449 4848 ad
2515 4793 2695 4848 vivum
2763 4803 3239 4864 reprtesentemus.
3305 4793 3538 4852 Proinde

1934 4890 2251 4948 verisimilia
2282 4897 2444 4953 sunt,
2474 4895 2529 4942 et
2555 4887 2738 4942 divino
2768 4887 2993 4942 consilio
3039 4901 3259 4956 prorsus
3303 4902 3535 4946 consen-

1938 4996 2115 5050 tanea,
2162 5000 2281 5055 quae
2310 4981 2379 5037 de
2409 4979 2656 5052 martyrii
2701 4978 2936 5049 praemiis
2975 4977 3255 5049 hucusque
3294 4980 3538 5052 disputa-

1936 5081 2132 5145 vimus,
2165 5091 2287 5131 cum
2312 5088 2377 5131 eo
2405 5071 2647 5144 utrisque
2694 5069 3015 5127 sacramenti
3046 5060 3200 5140 pacta
3230 5071 3528 5128 collineare

1937 5174 2240 5230 videamus.

2020 5261 2563 5340 §40.——Quamqnam
2578 5257 2737 5313 etiam
2755 5251 2968 5308 unicum
2984 5253 3112 5310 illud
3126 5254 3388 5313 hactenus
3406 5266 3544 5313 trac-

1948 5358 2241 5417 taverimus
2290 5353 2538 5425 baptismi
2584 5347 2905 5405 beneﬁcium
2947 5346 3114 5421 (quod
3164 5350 3327 5405 etiam
3366 5351 3544 5420 ipsum

1948 5451 2273 5524 privativum
2287 5443 2393 5518 est)
2411 5450 2750 5516 peccatorum
2770 5439 2971 5495 scilicet
2988 5439 3388 5505 remissionem,
3407 5440 3549 5496 unde

1952 5546 2112 5601 etiam
2146 5540 2387 5614 sequitur
2440 5532 2762 5605 impunitas,
2808 5539 2865 5588 et
2913 5532 3034 5603 ipsa
3062 5532 3223 5588 etiam
3256 5531 3554 5602 privativa;

1954 5653 2063 5694 non
2089 5644 2174 5694 est
2218 5643 2394 5691 tamen
2423 5627 2550 5685 inde
2571 5634 2631 5684 ut
2682 5633 2971 5701 propterea
3020 5625 3278 5697 negemus
3321 5620 3417 5694 jus
3444 5635 3566 5681 esse
