3990 6060
415 196 487 256 79
1414 192 1503 255 DE
1540 192 1744 257 SIXTO
1772 196 1838 254 ll.
1880 192 2045 254 ROM.
2089 194 2450 258 PONTIFICE
2488 193 2656 258 XXIII
3646 202 3718 260 80

411 312 737 385 martyribus
772 312 838 369 ad
867 311 1096 386 positivo
1145 311 1398 385 baptismi
1428 312 1713 370 beneﬁcia.
1761 312 1817 368 Si
1860 315 2007 368 enim
2035 315 2086 377 Α
2114 315 2232 387 ipso
2258 317 2624 374 sustineamus
2650 315 2877 374 consilio
2901 316 3226 390 utquaejura
3255 318 3471 377 Christo
3486 319 3715 393 patienti

413 420 536 460 eum
554 405 774 461 Christo
803 407 1057 477 patimur,
1092 421 1214 461 cum
1238 405 1431 461 eodem
1452 406 1615 462 etiam
1647 405 2011 473 regnabimns.

2121 424 2217 478 pro
2245 419 2399 480 pacto
2426 410 2610 465 divino
2635 411 3039 479 accrescebant,
3071 421 3126 467 et
3153 412 3311 468 nobis
3330 429 3544 486 quoque
3565 412 3720 467 simi-

414 497 492 554 lta
518 507 924 570 argumentatur
949 499 1242 569 Apostolus
1268 514 1524 555 ecanone
1544 499 1735 554 harum
1761 499 2017 571 mystica-
2118 499 2245 556 liter
2300 502 2625 571 patientibus
2691 513 3100 571 accrescerent;
3157 507 3401 576 sequitur
3457 520 3514 563 et
3563 505 3719 575 nobis

411 607 535 648 rum
564 594 1088 665 argumentationum
1124 594 1359 664 proprio.
1391 593 1466 648 lta
1495 594 1654 649 etiam
1702 604 1756 648 et
1796 604 2011 650 veteres

409 697 534 739 cum
565 684 874 755 primarium
903 683 1255 755 martyribus,
1282 692 1339 738 ut
1368 684 1703 740 ostendimus
1722 727 1736 749 ,
1763 684 1815 739 in
1849 699 2014 755 regno

412 774 631 838 Christi,
657 790 973 832 consessum
996 787 1324 832 assererent.
1359 778 1424 831 Et
1457 779 1651 833 merito
1669 776 1886 846 quidem
1913 778 2009 832 illi.

409 867 473 924 Si
495 868 637 923 enim
658 868 875 924 Christo
896 884 1121 939 passuro
1139 884 1346 925 merces
1366 872 1634 940 proposita
1656 878 1755 935 est;
1779 870 2014 926 debeba-

410 971 498 1018 tur
523 972 671 1019 certe
698 963 796 1029 illi,
815 965 1047 1033 praaslila
1069 963 1208 1034 pacti
1237 964 1566 1029 conditione,
1593 972 1735 1019 tanta
1758 964 1845 1019 illa
1872 980 2016 1020 mer-

411 1067 525 1110 ces.
556 1054 612 1110 Si
642 1064 694 1109 et
725 1070 821 1109 nos
853 1054 1097 1109 eamdem
1128 1054 1325 1110 Christi
1357 1054 1610 1125 patientis
1638 1071 1924 1126 personam
1960 1056 2015 1110 in

410 1155 595 1202 nostra
624 1161 838 1218 quoque
864 1147 1119 1218 passione
1158 1148 1555 1213 sustineamus,
1607 1157 1662 1202 et
1705 1147 1921 1217 quidem
1948 1162 2015 1205 eo

457 1369 934 1376 Ἦ

2120 595 2737 667 patientibusiugentem
2756 598 2898 653 illam
2923 599 3215 670 repositam
3240 614 3363 657 esse
3384 599 3717 665 mercedem,

2119 697 2319 743 tantam
2356 689 2567 745 scilicet
2594 700 2792 761 quanta
2819 691 3057 759 Christo,
3103 708 3201 764 pro
3239 694 3395 764 hujus
3426 695 3562 764 pacti
3587 696 3709 766 jure

2117 780 2434 847 debebatur,
2461 791 2515 837 et
2535 782 2751 853 quidem
2777 800 2842 839 ex
2875 784 3116 854 ejusdem
3154 785 3294 855 pacti
3327 786 3516 842 eodem
3548 786 3712 843 etiam

2111 871 2258 942 jure.
2302 872 2373 928 Ita
2425 875 2516 929 ﬁet
2564 885 2622 930 ut
2675 875 2921 930 universa
2965 876 3214 947 baptismi
3257 876 3559 946 beneﬁcia,
3608 888 3717 934 tam

2119 967 2362 1037 negativa
2389 1007 2405 1034 ,
2445 982 2604 1036 quam
2635 968 2797 1023 etiam
2822 969 3057 1039 positiva
3079 1011 3094 1039 ,
3133 969 3460 1042 martyribus
3484 969 3721 1027 debean-

2120 1069 2225 1115 llll‘.

2383 1373 2718 1380 :ﬁm

415 1520 662 1645 DE
743 1516 1285 1650 SIXTO
1352 1524 1553 1685 11.)
1596 1520 2052 1651 ROM.
2125 1454 3125 1655 PONTIFICE
3190 1508 3729 1666 iXXIII.

1496 1786 1571 1869 Ν
1581 1785 1977 1870 ΟΤΙΤΙΑ
2044 1784 2727 1870 HISTORICA.

1856 1995 2333 2053 ἠθοποιῶν

416 2183 423 2189 ’
492 2175 567 2235 De
591 2178 727 2236 Sixti
753 2173 818 2230 ll
845 2174 1170 2247 pontiﬁcatus
1191 2172 1440 2227 annis.—
1465 2170 1524 2226 ln
1558 2168 1817 2240 Stephani
1835 2168 2015 2224 locum
2056 2170 2105 2230 B
2141 2167 2271 2235 bus,
2318 2167 2677 2241 lacrymisque
2717 2168 2830 2225 suis
2878 2176 3276 2225 sacramentum
3319 2168 3748 2240 regenerationis

415 2275 485 2331 2i
517 2270 726 2343 augusti
745 2283 886 2323 anno
915 2266 1046 2333 257,
1081 2264 1265 2321 Sixtus
1290 2273 1370 2319 est
1396 2262 1700 2325 ordinatus.
1727 2277 1885 2331 quem
1918 2276 2015 2315 nao

418 2367 566 2421 tione
613 2377 869 2435 graecum,
917 2368 970 2414 et
1017 2358 1391 2413 atheniensem
1424 2354 1805 2425 philosophum
1851 2354 2018 2408 fuisse

419 2458 602 2513 ferunt
656 2467 1000 2509 romanorum
1034 2450 1347 2521 pontilicum
1376 2449 1623 2519 catalogi.
1654 2447 1796 2516 Quot
1837 2456 2017 2502 autem

416 2552 575 2607 annis
604 2548 973 2620 pontiﬁcatum
1005 2544 1273 2610 tenuerit,
1310 2543 1522 2599 deliniri
1556 2543 1776 2613 nequit;
1805 2542 1857 2596 in
1885 2555 2020 2597 con-

420 2645 584 2700 traria
609 2642 751 2698 enim
783 2650 1019 2702 veteres,
1052 2638 1495 2704 recentioresque
1525 2636 1843 2691 scinduntur
1868 2636 2024 2689 chro-

421 2736 625 2807 nologi.
654 2732 929 2804 Siquidem
958 2730 1222 2785 Eusebius
1264 2730 1378 2799 ipse
1405 2743 1574 2783 annos
1610 2738 1733 2783 octo
1765 2727 1817 2781 in
1846 2727 2022 2782 Chro-

422 2833 566 2895 nico,
596 2829 649 2882 in
671 2826 905 2882 Historia
950 2840 1081 2878 vero
1108 2839 1280 2878 annos
1312 2821 1561 2878 undecim
1603 2821 1783 2876 cidem
1814 2819 2023 2875 adscri-

423 2923 502 2979 bit
532 2920 631 2995 (l).
656 2919 846 2975 Creteri
868 2928 1088 2973 econtra
1125 2916 1438 2986 pontilicum
1468 2914 1697 2985 catalogi
1726 2914 1813 2967 vix
1842 2911 1982 2967 duos
2011 2953 2025 2977 ,

425 3022 518 3068 aut
587 3025 754 3066 unum
826 3009 981 3065 Sixto
1008 3006 1314 3062 concedunt
1368 3004 1489 3077 (2),
1541 3020 1699 3072 quem
1756 3004 2031 3076 Cypriane

425 3116 567 3163 teste
597 3102 701 3175 (3),
734 3117 877 3157 anno
902 3099 1171 3171 sequenti,
1198 3097 1458 3168 martyrio
1486 3106 1806 3153 coronatum
1840 3095 2027 3161 luisse,

422 3206 758 3268 compertum
790 3205 873 3250 est
898 3211 913 3249 :
939 3208 1129 3264 quare,
1158 3207 1280 3246 cum
1306 3189 1676 3262 pontiﬁcatum
1705 3205 1849 3244 anno
1874 3188 1981 3244 237
2012 3230 2029 3255 ,

431 3307 621 3347 mense
644 3297 870 3360 augusto
898 3285 1216 3356 susceperit,
1253 3299 1469 3339 menses
1487 3284 1759 3344 undecim.
1794 3282 1913 3337 dies
1934 3282 2033 3336 ali-

429 3393 559 3457 quot
589 3395 867 3438 romanam
890 3377 1073 3434 sedem
1099 3375 1339 3432 tenuisse
1360 3375 1604 3443 sequitur
1633 3416 1647 3439 ,
1706 3381 1767 3430 ut
1785 3374 2031 3431 erudito-

429 3494 550 3535 rum
578 3474 790 3547 plurimi
821 3515 835 3535 .
880 3471 1058 3527 invitis
1083 3471 1245 3526 etiam
1273 3469 1585 3539 pontiﬁcum
1618 3468 1897 3539 catalogis,
1930 3467 2032 3524 de-

2137 2260 2436 2332 ﬁagitabat,
2462 2261 2742 2317 afﬁrmans
2797 2262 3175 2316 haereticorum
3203 2260 3466 2330 baptisma
3505 2274 3626 2316 cum
3656 2274 3751 2315 ccc

2134 2354 2442 2411 clesiastico
2496 2355 2572 2410 nil
2618 2368 2913 2410 commune
2955 2353 3180 2409 habere.
3237 2352 3408 2409 Verba
3460 2362 3585 2408 sunt
3620 2353 3749 2408 Dio-

2132 2449 2272 2519 nysii
2291 2447 2373 2517 (l)
2408 2465 2421 2501 :
2451 2446 2593 2519 Opus
2629 2446 2789 2501 habeo
2808 2489 2824 2512 ,
2855 2449 3037 2518 frater,
3065 2444 3278 2500 consilio
3299 2455 3385 2500 tuo
3410 2486 3425 2511 ,
3458 2452 3509 2498 et
3535 2454 3749 2500 senten-

2133 2542 2257 2595 tiam
2287 2549 2428 2594 tuam
2449 2550 2650 2610 expeto,
2682 2557 2745 2594 ne
2768 2544 2897 2610 forte
2916 2540 3024 2607 ipse
3047 2537 3351 2593 halluciner.
3380 2536 3612 2592 Durasse
3648 2536 3752 2592 sub

2134 2631 2287 2686 Sixto
2331 2631 2586 2701 pontiﬁce
2632 2631 3058 2687 controversiam
3079 2630 3149 2687 de
3169 2628 3444 2701 baptismo
3470 2670 3485 2694 ,
3516 2628 3617 2683 sub
3645 2626 3747 2683 de-

2134 2736 2353 2778 cessore
2383 2722 2500 2793 ejus
2530 2721 2826 2792 disceptari
2856 2731 3089 2793 emptam
3111 2763 3125 2787 ,
3150 2720 3417 2792 colligunt
3441 2720 3637 2775 eruditi
3667 2718 3746 2793 (2)

2137 2831 2206 2871 ex
2250 2817 2422 2873 tribus
2470 2815 2751 2886 epistolis,
2794 2815 2862 2870 ah
2906 2815 3098 2870 eodem
3127 2814 3185 2870 S.
3210 2813 3468 2886 Dionysio
3499 2814 3738 2868 Alexan-

2136 2905 2294 2962 drino
2323 2906 2392 2962 ad
2418 2921 2542 2963 eum
2565 2907 2725 2973 datis,
2756 2920 2984 2977 quarum
3013 2904 3311 2977 fragmenta
3339 2903 3532 2959 recitat
3563 2902 3745 2959 Euse-

2139 3000 2262 3056 bius
2291 2999 2392 3073 (5).
2417 2999 2601 3071 Neque
2628 2998 2687 3056 S.
2714 2999 2870 3055 Sixto
2893 2998 3161 3069 placuisse
3188 3011 3460 3053 morosam
3485 2996 3753 3052 decesso-

2137 3096 2214 3151 ris
2259 3094 2343 3149 sui
2399 3092 2745 3164 asperitatem
2776 3134 2791 3158 ,
2840 3091 3135 3147 ostendunt
3183 3089 3348 3146 verba
3407 3089 3581 3145 Pontii
3628 3087 3757 3143 Dia-

2141 3187 2265 3242 coni
2296 3186 2399 3261 (4),
2430 3186 2516 3241 cui
2549 3185 2729 3241 Sixtus
2758 3183 2909 3239 audit
2929 3182 3105 3238 Bonus
3125 3192 3172 3238 et
3192 3180 3452 3251 Paciﬁcas
3471 3178 3752 3235 Sacerdos.

2142 3278 2317 3349 Atque
2356 3276 2553 3333 exinde
2595 3276 2801 3347 colligit
2845 3275 3134 3346 perdoctus
3190 3273 3571 3330 Tillemontius
3610 3271 3736 3343 (5),

2151 3372 2466 3443 praedictam
2500 3369 2647 3425 litem
2675 3385 2771 3425 sua
2800 3368 3102 3425 incredibili
3131 3368 3373 3435 lenitate,
3403 3376 3567 3437 atque.
3592 3365 3751 3421 inde-

2148 3463 2291 3519 l‘esso
2340 3461 2519 3518 studio
2558 3462 2956 3517 sanctissimum
3001 3459 3307 3530 pontiﬁcem
3344 3458 3744 3529 composuisse.

439 3575 745 3623 monstrant
778 3562 878 3636 (4).
908 3561 1162 3617 Fortasse
1183 3559 1344 3615 etiam
1380 3559 1645 3614 Eusebius
1690 3558 1743 3613 in
1797 3559 2031 3615 llistoria
2060 3564 2104 3627 C
2139 3560 2516 3630 Reliquorum,
2549 3574 2671 3630 qua:
2733 3561 2787 3614 in
2832 3559 3149 3629 pontilicatu
3204 3573 3303 3613 suo
3350 3557 3561 3629 gessit,
3631 3554 3747 3612 fere

433 3674 651 3715 menses
698 3655 945 3711 undecim
976 3651 1259 3723 prmfuisse
1302 3653 1615 3722 scripserat,
1695 3652 1784 3721 qui
1818 3666 2034 3707 menses

434 3748 781 3821 postmodum
830 3746 1006 3801 aliena
1050 3759 1213 3799 manu
1244 3743 1297 3797 in
1326 3756 1497 3798 annos
1521 3742 1835 3798 commutati
1864 3750 1990 3798 sunt
2019 3759 2032 3809 ;

438 3857 564 3898 nam
613 3839 682 3895 ah
705 3836 923 3895 Eusebii
951 3836 1225 3907 diligentia
1252 3850 1478 3907 prorsus
1516 3835 1750 3890 alienum
1775 3836 1990 3891 videtur
2017 3878 2033 3902 ,

437 3944 547 3990 tam
590 3930 817 4003 turpiter
863 3930 917 3985 in
959 3928 1271 3999 pontiﬁcum
1317 3928 1664 3998 chronologia
1695 3943 1907 3984 errasse
1933 3929 2034 4001 (ὅ).

439 4028 515 4083 lis
534 4042 684 4089 vero,
725 4039 846 4094 quae
894 4024 946 4078 in
998 4023 1267 4079 Chronico
1310 4022 1559 4092 leguntur
1582 4066 1596 4088 ,
1632 4023 1722 4078 ubi
1755 4023 1882 4077 anni
1917 4032 2039 4079 octo

444 4119 597 4175 Sixto
618 4116 951 4183 tribuuntur,
983 4130 1089 4170 non
1123 4115 1492 4179 immoramur,
1523 4128 1644 4168 cum
1672 4114 1905 4169 sciamus
1933 4114 2039 4168 Eu-

446 4210 580 4268 sebii
605 4209 912 4264 Cbronicon
944 4207 1184 4271 undique
1209 4206 1589 4275 interpolatum
1613 4220 1751 4261 esse.

518 4300 620 4357 Ubi
652 4298 948 4353 Ecclesiam
972 4312 1249 4350 romanam
1291 4296 1670 4353 administrare
1695 4297 1905 4353 Sixtum
1941 4312 2039 4353 au-

448 4392 620 4448 ditum
654 4388 912 4461 Dionysio
962 4386 1328 4443 Alexandrino
1353 4429 1368 4455 ,
1403 4388 1577 4458 ipsum
1610 4388 1740 4443 adiit
1766 4389 1992 4458 cpistola
2028 4407 2040 4444 :

457 4504 476 4537 ι
512 4484 645 4551 Qua:
672 4481 739 4537 de
766 4480 1034 4550 baptismo
1058 4478 1290 4535 secunda
1318 4487 1423 4545 est,
1458 4480 1510 4533 in
1540 4495 1646 4550 qua
1674 4480 1934 4552 Stephani
1966 4482 2045 4536 si-

450 4574 566 4632 mul
593 4587 658 4629 ac
685 4573 1011 4643 reliquorum
1058 4571 1433 4642 episcoporum
1461 4564 1793 4629 sententiam
1818 4590 1881 4629 ac
1902 4575 2048 4645 judi-

452 4670 597 4727 cium
624 4665 864 4736 exponit.
902 4683 919 4715 ι
966 4664 1151 4718 Virum
1168 4664 1644 4732 prudentissimum
1676 4666 1859 4733 fuisse,
1888 4665 2051 4723 docet

453 4763 625 4818 altera
644 4756 886 4830 Dionysii
914 4756 1160 4826 epistola,
1189 4772 1292 4826 qua
1320 4757 1454 4813 Sixti
1485 4758 1769 4814 consilium
1801 4759 1954 4829 petit,
1982 4758 2053 4815 de

458 4854 621 4918 Sene,
651 4852 742 4924 qui
786 4849 853 4907 ab
893 4848 1158 4905 haereticis
1198 4850 1499 4921 baptizatus
1524 4852 1847 4907 catholicum
1879 4852 2054 4923 preci-

535 4987 613 5060 (l)
642 4986 864 5051 Euseb.,
886 4984 1166 5060 ᾖῃϐΙη-οηη
1193 5003 1244 5058 p.
1277 4987 1384 5043 752
1404 5004 1418 5052 ;
1442 4987 1665 5058 Enseb.,
1687 4988 1822 5045 Hist.
1848 4991 2051 5060 eccles.,
2076 4964 2132 5024 D

463 5057 559 5116 lib.
596 5057 691 5123 vn,
731 5072 849 5127 cap.
879 5057 967 5114 27.

531 5128 615 5200 (2)
638 5134 883 5200 Anastas.
913 5127 1188 5194 Biblioth.,
1223 5140 1261 5184 ι.
1290 5131 1331 5184 1.

458 5208 465 5239 ι
535 5198 617 5273 (5)
646 5198 925 5273 Cyprianl,
954 5215 1039 5273 ep.
1067 5216 1224 5273 uxr.

458 5273 481 5305 ε
537 5269 774 5342 ('4)Pag.,
805 5271 857 5324 in
880 5269 1091 5342 Critad
1122 5269 1465 5342 annum257.
1499 5287 1651 5330 nttm.
1676 5275 1734 5341 2,
1756 5276 1889 5331 etad
1920 5292 2046 5333 ann.

456 5340 778 5419 g§8.'hniim.
817 5345 871 5408 5;
917 5341 1250 5419 Tillemo‘nt”
1282 5340 1584 5411 Mentoires,
1630 5354 1769 5419 tum.
1805 5364 1855 5402 tv
1880 5390 1893 5409 ,
1925 5364 2044 5419 pag.

460 5416 570 5475 16;
598 5411 851 5493 gignunt.
882 5453 896 5478 ,
936 5409 1231 5493 .Epistolar.
1264 5430 1394 5493 rain.
1458 5409 1798 5493 pontiﬁcum”
1827 5409 1957 5493 tom.
1986 5409 2041 5485 tu,

459 5484 712 5555 pag.258
734 5482 973 5555 ;_bl:nn_si.
995 5482 1047 5536 in
1072 5493 1183 5537 not.
1213 5484 1278 5539 ad
1308 5482 1545 5541 Annales
1577 5482 1793 5543 Baronii
1820 5492 1885 5544 ad
1912 5482 2041 5545 ann.

458 5553 584 5621 26l,
617 5553 825 5629 pag.92
845 5553 1151 5629 ;Al§_:i_snage,
1180 5555 1248 5610 ad
1274 5571 1401 5611 ann.
1433 5558 1564 5629 258,
1602 5575 1748 5616 num.
1783 5560 1849 5629 6;
1885 5561 2045 5618 Ρεειι.

456 5642 601 5689 son.,
619 5623 842 5680 ad'ann.
871 5623 999 5680 257.

537 5695 614 5769 (5)
643 5695 862 5765 Euseb.,
901 5693 1037 5752 Hist.
1061 5696 1263 5766 eccles.,
1294 5696 1389 5757 lib.
1425 5716 1517 5772 vn,
1545 5717 1663 5777 cap.

2141 3654 2382 3709 omnium
2409 3653 2545 3708 abiit
2573 3654 2859 3709 memoria.
2884 3652 3018 3708 Illud
3046 3668 3111 3708 ex
3134 3651 3375 3707 lndiculo
3392 3650 3751 3721 depositionis

2142 3752 2438 3818 martyrum
2480 3744 2644 3800 tradit
2674 3744 2999 3800 Pearsonius
3044 3742 3125 3816 (6)
3149 3785 3164 3810 ,
3198 3759 3321 3799 eum
3348 3742 3493 3799 Petri
3520 3753 3575 3798 et
3591 3742 3743 3797 Pauli

2141 3838 2509 3909 apostolorum
2555 3852 2785 3908 corpora
2828 3855 2847 3889 ι
2883 3836 2951 3891 ad
2977 3835 3333 3892 Catacumbas
3362 3835 3702 3891 transtulisse
3729 3875 3748 3901 ,

2142 3923 2323 3999 magis
2349 3930 2403 3984 in
2425 3928 2546 3985 dies
2574 3929 2835 3985 saeviente
2876 3928 3272 3998 persecutionis
3299 3928 3498 3984 ardore
3522 3968 3539 3995 ,
3572 3935 3632 3983 ut
3674 3926 3749 3984 ibi

2143 4022 2405 4079 stationes
2430 4023 2600 4078 tutius
2622 4022 2811 4077 haberi
2845 4032 3065 4091 possent
3093 4020 3195 4093 (7).
3220 4040 3237 4074 ι

2218 4116 2280 4172 S.
2313 4115 2494 4172 Sixtus
2533 4114 2619 4170 II.
2650 4116 2898 4186 martyrio
2923 4124 3198 4170 coronatur
3227 4130 3260 4169 v
3290 4114 3498 4185 augusti
3518 4114 3646 4172 258.
3676 4144 3751 4157 -—-

2146 4206 2414 4263 Czeterum
2446 4207 2864 4279 praeclarissimo
2882 4206 3123 4262 omnium
3144 4205 3389 4261 facinore
3409 4206 3647 4262 nominis
3661 4206 3747 4262 sui

2147 4299 2464 4356 memoriam
2493 4297 2675 4353 Sixtus
2705 4295 3063 4365 consecravit,
3083 4296 3219 4352 inito
3247 4312 3347 4368 pro
3377 4298 3480 4353 ﬁde
3507 4297 3750 4369 martyrii

2148 4392 2462 4448 certamine.
2505 4390 2657 4446 Diem
2703 4400 2759 4446 et
2782 4390 2961 4446 locum
2989 4390 3234 4461 martyrii
3286 4388 3345 4446 S.
3364 4387 3665 4462 Cyprianus
3692 4389 3748 4445 in

2228 4572 2304 4654 (1)
2327 4572 2480 4654 Apud
2507 4572 2728 4654 Euseb?
2762 4572 3024 4654 locoeitg,
3053 4571 3251 4654 cap..9.

2228 4644 2307 4716 (Ξ)
2337 4643 2672 4716 Tillemont.,
2695 4644 2944 4716 loc._cit.,
2973 4643 3194 4700 Sandini
3223 4643 3346 4700 vita:
3370 4643 3533 4701 Rom.
3556 4644 3746 4701 Ponti-

2154 4714 2336 4770 ﬁcum.
2368 4715 2528 4780 p.47.
2550 4714 2679 4770 edit.
2705 4714 2869 4770 in4°.

2255 4785 2311 4852 5)
2334 4787 2558 4851 Euseh.,
2585 4787 2711 4841 loco
2737 4787 2855 4852 eit.,
2886 4800 3005 4854 cap.
3029 4784 3064 4842 5
3088 4793 3144 4841 et
3170 4785 3225 4841 9.

2251 4854 2307 4929 4)
2329 4857 2509 4929 Eant"
2537 4859 2590 4911 in
2625 4857 2740 4929 Vita
2766 4855 2824 4913 S.
2854 4854 3126 4929 Cypriani.

2254 4926 2311 4995 5)
2336 4927 2668 4995 Tillemont.,
2705 4928 2807 4983 loc.
2842 4926 2932 4983 cit.

2253 5000 2284 5052 6
2337 5000 2618 5063 Pearson.,
2649 4999 2839 5054 Annal.
2870 4998 3163 5071 Cyprianic.
3184 5041 3199 5064 ,
3228 4998 3295 5055 ad
3318 5013 3446 5055 ann.
3473 4998 3601 5062 258,
3684 4998 3739 5054 2.

2255 4998 2309 5125 Ἱζ
2340 5070 2621 5125 Stationem
2670 5071 2962 5125 arbitratur
2997 5070 3245 5125 Petavius
3275 5072 3326 5123 in
3355 5075 3498 5125 notis
3522 5071 3587 5125 ad
3618 4998 3739 5125 Igni-

2255 5070 2309 5139 7)
2340 5070 2621 5125 Stationem
2670 5070 2962 5126 arbitratur
2997 5070 3245 5126 Petavius
3275 5072 3326 5123 in
3355 5075 3498 5126 notis
3522 5071 3587 5126 ad
3618 5070 3714 5139 Epi

2156 5139 2433 5213 pltanium,
2468 5158 2588 5211 pag.
2621 5142 2747 5207 556,
2783 5142 3089 5211 religiosum
3118 5141 3247 5213 illud
3275 5141 3537 5208 ofﬁcium,
3563 5141 3744 5213 quoli-

2155 5211 2306 5267 deles
2337 5213 2491 5268 statis
2517 5213 2704 5269 diebus
2731 5212 2796 5266 ad
2823 5216 3064 5285 synaxim
3092 5212 3431 5280 accedentes,
3454 5215 3519 5266 ad
3547 5211 3742 5268 nonam

2157 5297 2325 5352 usque
2351 5285 2770 5353 perseverabant
2795 5284 2968 5339 :unde
3004 5292 3059 5339 et
3088 5297 3185 5353 pro
3211 5285 3555 5339 multitudine
3582 5284 3692 5350 ipsa
3721 5323 3739 5347 ,

2156 5366 2532 5427 conve‘ntuque
2581 5370 2982 5425 nonnumquam
3027 5355 3165 5409 solet
3212 5357 3406 5427 accipi.
3460 5355 3743 5427 Stationem

2156 5424 2237 5479 Du
2306 5424 2537 5495 Congius
2585 5424 2987 5489 cremm,sive
3057 5424 3380 5482 conventuin
3461 5424 3738 5490 ﬁdelium,

2155 5496 2385 5567 maxime
2424 5513 2546 5565 eum
2588 5497 2754 5552 fuisse
2785 5495 2935 5558 dicit,
2975 5497 3065 5567 qui
3094 5499 3359 5553 dominica
3406 5495 3566 5552 ﬁebat
3606 5496 3694 5567 die
3726 5511 3741 5547 :

2150 5564 2555 5637 jndicatautem
2586 5568 2870 5623 stationem
2902 5564 3099 5624 diciam
3132 5583 3162 5623 a
3190 5567 3502 5635 metaphora
3527 5608 3544 5634 ,
3577 5564 3740 5637 petita

2155 5653 2185 5691 a
2211 5637 2489 5710 militibus,
2513 5639 2622 5710 qui,
2654 5638 2780 5694 dum
2805 5639 3112 5709 praasidium
3132 5647 3282 5695 certo
3306 5638 3428 5695 loco
3448 5639 3738 5707 collocant,

2157 5709 2424 5766 stationem
2448 5709 2615 5782 facere
2633 5710 2903 5768 dicuntur.
