3990 6060
264 177 333 238 81
1528 179 1799 238 ΝΟΤΙΤΙΑ
1843 181 1880 237 11

1988 181 2228 240 'ORICA.
3505 190 3579 248 82

259 296 497 369 epistola
535 296 606 354 ad
631 296 955 354 Successum
980 295 1066 353 his
1094 296 1291 352 indicat
1318 296 1499 354 verbis

260 401 449 446 autem
488 391 543 445 in
594 389 890 447 Caemetrio
946 391 1380 447 animadversum
1417 389 1598 446 sciatis
1626 433 1641 458 ,
1684 400 1876 447 octavo

260 481 458 538 iduum
487 491 834 553 augustarutn
858 482 966 547 die,
1011 492 1066 537 et
1113 499 1234 538 cum
1264 498 1331 537 eo
1379 482 1660 552 Quartum.
1704 502 1723 536 ›
1749 482 1877 551 Qui-

269 576 387 633 bus
431 577 609 632 verbis
656 576 798 647 apud
849 576 1069 631 Latinos
1122 576 1381 647 qua-libet
1433 576 1679 647 punitio,
1734 575 1875 646 apud

255 668 607 725 Brissonium
636 684 770 725 vero
796 680 846 725 et
869 667 1175 733 Calvinum,
1208 670 1453 740 aliosque
1482 669 1625 725 Iclos
1656 683 1877 739 percus-

255 764 345 819 sio
368 763 532 834 gladii
563 778 660 819 seu
684 762 971 818 decollatio
996 762 1383 832 signiﬁcantur.
1409 762 1485 817 De
1501 776 1643 817 anno
1663 776 1877 832 quoque

255 854 518 927 plerique
548 854 635 924 (1)
660 857 714 909 ιιι
744 854 1063 908 sententiam
1089 852 1234 924 Pagii
1268 853 1491 922 abeunt,
1526 853 1731 907 scilicet
1757 867 1878 922 pas-

257 961 383 1004 sum
412 961 538 1003 esse
570 960 716 1002 anno
746 945 957 1001 Domini
979 947 1111 1013 258,
1141 945 1333 1001 eodem
1361 956 1413 1001 et
1436 927 1543 1016 quo
1568 943 1626 1000 S.
1658 942 1880 1016 Cypria-

258 1054 387 1108 nus,
433 1047 495 1095 ut
513 1038 742 1094 Pontius
768 1040 820 1094 in
867 1037 991 1093 Vita
1019 1037 1298 1111 Cypriani.
1326 1037 1646 1093 Coutantius
1669 1037 1745 1111 (‘2)
1770 1038 1877 1092 Βιιο

262 1134 508 1191 eheriani
558 1131 787 1202 catalogi
828 1131 1002 1187 locum
1034 1131 1282 1187 mutilum
1316 1132 1627 1199 reStituens,
1656 1139 1876 1186 senten-

266 1232 402 1284 tiam
449 1227 595 1298 Pagii
637 1225 944 1282 conﬁrmat.
978 1225 1345 1281 Bucherianus
1386 1226 1533 1281 enim
1590 1224 1878 1296 Catalogus

263 1318 481 1377 habet:
512 1338 532 1371 ι
566 1318 764 1374 Passus
790 1327 871 1373 est
898 1316 1129 1391 (Sixtus)
1157 1333 1254 1371 vtu
1295 1316 1414 1372 idus
1446 1320 1655 1388 auguSti
1683 1333 1713 1372 a
1740 1332 1876 1373 con-

266 1415 449 1470 sulatu
474 1413 628 1470 Tusci
675 1423 729 1469 et
776 1412 925 1468 Bassi
956 1427 1124 1483 usque
1148 1412 1202 1466 in
1226 1412 1314 1467 die
1361 1427 1433 1467 xu
1476 1412 1587 1467 kal.
1634 1412 1872 1482 augusti,

265 1507 568 1564 Emiliano
592 1516 648 1564 et
676 1507 845 1563 Basso
871 1504 1027 1562 Coss.
1058 1525 1077 1558 ι
1122 1505 1191 1563 Ut
1224 1506 1461 1563 tenebrae
1492 1506 1559 1561 ab
1614 1506 1715 1561 hoc
1759 1505 1880 1562 loco

263 1602 649 1674 dispellantur,
673 1616 740 1657 ex
769 1600 962 1657 codice
989 1599 1321 1667 Fossatensi,
1354 1608 1480 1654 ante
1509 1599 1671 1655 verba
1691 1614 1721 1654 a
1744 1613 1873 1655 con-

1545 317 1558 353 :
1599 317 1617 350 ι
1651 297 1865 354 Sixtum
1894 299 1947 360 Λ
1973 298 2246 354 Potuisset
2267 297 2485 369 quidem
2509 313 2651 354 anno
2678 300 2975 369 superiore,
3008 309 3063 357 at
3086 301 3418 373 impossibile
3441 313 3526 359 est
3556 345 3573 371 ,

1977 390 2194 445 dedisse
2234 390 2300 444 ad
2342 389 2609 461 Hispanus
2647 390 2945 462 Epistulam
2975 392 3101 449 Julii
3135 394 3226 459 16,
3254 409 3398 449 anno
3423 393 3529 449 257
3560 437 3576 463 ,

1979 499 2087 554 quo
2134 483 2507 554 pontiﬁcatum
2553 484 2790 539 nondum
2834 487 3049 541 inierat.
3082 488 3286 543 Deinde
3312 502 3431 543 cum
3465 497 3577 542 tuto

1980 575 2115 631 Sixti
2166 577 2479 647 episcopatu
2517 577 2830 647 gravissima
2877 580 3178 646 persecutio
3225 594 3463 634 romanae
3496 580 3579 634 in-

1980 670 2227 725 cubuerit
2253 670 2546 735 Ecclesim,
2588 678 2674 725 est
2726 671 2884 740 longe
2941 671 3408 738 absurdissimum,
3458 672 3576 743 epi-

1980 762 2147 816 stolas
2200 762 2318 832 ejus
2363 762 2571 817 teuoris
2624 761 2833 817 Sixtum
2881 761 3219 827 condidisse,
3277 764 3328 817 in
3378 765 3575 834 quibus

1982 856 2129 911 nulla
2174 856 2479 911 altlictionis
2525 857 2782 913 Ecclesia:
2833 859 3035 913 mentio
3090 858 3230 913 nulla
3271 859 3338 914 ad
3390 875 3584 915 cruces

1984 949 2205 1018 patienti
2240 949 2421 1004 animo
2450 948 2667 1005 ferenda
2723 951 3016 1021 instigatio.
3036 950 3206 1006 Priori
3235 952 3459 1022 epistola
3483 953 3583 1007 itn-

1983 1052 2169 1112 poster
2189 1045 2436 1114 paginam
2466 1044 2690 1099 includit
2722 1045 2983 1115 integram
3013 1060 3080 1100 ex
3110 1045 3287 1101 ldacio
3304 1045 3463 1101 Claro
3488 1047 3582 1100 ad-

1984 1154 2169 1194 versus
2211 1139 2551 1195 Varimadum
2584 1140 2825 1209 petitam.
2874 1138 3240 1210 Compunatur
3288 1156 3409 1196 cum
3450 1155 3578 1211 pag.

1983 1232 2088 1287 730
2167 1231 2422 1287 Biblioth.
2476 1232 2694 1288 maxim.
2730 1242 2989 1302 patrum,
3038 1243 3169 1287 tom.
3212 1250 3262 1286 v.
3312 1233 3590 1288 Posterior

1986 1339 2119 1380 veto
2158 1324 2621 1398 quinquagesima:
2651 1336 2856 1395 quartae
2883 1324 3084 1379 Leonis
3113 1323 3286 1395 Magni
3330 1324 3585 1394 Epistula:

1983 1415 2273 1472 suﬂuratur
2332 1417 2542 1472 initium
2592 1435 2605 1472 :
2639 1437 2657 1469 ι
2691 1417 2883 1487 Magno
2946 1432 3168 1472 munere
3200 1416 3584 1473 misericordia:

1985 1508 2119 1577 Dei,
2178 1510 2344 1565 totius
2407 1508 2666 1566 Ecclesia:
2710 1509 2990 1566 catholica:
3052 1510 3401 1580 multiplicata
3465 1521 3589 1564 sunt

1982 1603 2199 1676 gaudia.
2236 1624 2255 1656 ι

265 1694 450 1751 sulatu
487 1693 653 1750 Tusci
689 1702 746 1749 et
772 1692 945 1759 Bassi,
979 1692 1338 1764 supplendum
1378 1702 1561 1748 monet
1598 1713 1609 1749 :
1641 1692 1871 1767 Presby-
1899 1700 1948 1761 B
2047 1693 2129 1749 De
2177 1694 2334 1765 Χειδιὶ
2359 1695 2659 1762 sententiis;
2689 1712 2813 1750 num
2837 1696 2938 1750 sint
2980 1711 3130 1766 papa:
3170 1695 3327 1750 Sixti.
3358 1695 3590 1765 —Qtta~

264 1787 373 1844 teri
396 1785 764 1859 prmfuerunt;
793 1785 949 1857 cujus
974 1786 1335 1857 supplementi
1360 1800 1463 1855 ope
1488 1785 1871 1856 comperimus,

262 1880 475 1935 clerum
505 1893 788 1935 romanum
816 1894 847 1933 a
874 1892 1062 1934 mense
1109 1888 1337 1949 augusto
1367 1881 1493 1933 anni
1524 1877 1631 1933 9.58
1658 1920 1673 1945 ,
1708 1892 1878 1949 usque

265 1973 339 2029 ad
369 1958 478 2028 ἰιι
507 1971 635 2028 Julii
662 1973 787 2028 anni
812 1970 920 2029 259
945 2016 959 2040 ,
993 1987 1099 2043 quo
1124 1973 1459 2028 consulatum
1498 1975 1759 2041 gerebant
1781 1971 1878 2027 1E-

263 2066 523 2121 milianus
570 2075 627 2121 et
675 2065 876 2121 Bassus
906 2109 922 2132 ,
964 2065 1260 2121 Romanam
1290 2065 1585 2121 Ecclesium
1616 2066 1878 2122 adminis-

266 2168 468 2213 trasse.
506 2157 643 2212 Hinc
683 2157 775 2212 lux
824 2156 1058 2213 affertur
1084 2156 1354 2227 Catalogis
1373 2155 1690 2213 Corbeiensi
1717 2168 1878 2228 atque

266 2248 607 2317 Fossatensi,
638 2252 690 2306 in
717 2250 914 2320 quibus
940 2250 1094 2307 Sixto
1124 2249 1372 2306 tribuitur
1397 2265 1569 2306 annus
1599 2266 1636 2315 ι,
1664 2265 1879 2307 menses

265 2358 328 2409 Χ,
364 2342 477 2397 dies
502 2358 636 2397 xxut
662 2351 755 2398 aut
780 2358 908 2397 xxtv
937 2385 952 2409 ,
983 2342 1163 2398 habita
1195 2343 1421 2398 fortasse
1447 2343 1657 2398 ratione
1683 2358 1713 2395 a
1744 2341 1880 2398 Sixti

265 2433 617 2491 ordinatione
630 2435 697 2491 ad
716 2435 835 2505 ejus
857 2437 1188 2491 successoris
1204 2436 1443 2506 Dionysii
1467 2435 1785 2491 electionem
1797 2433 1878 2490 .In

268 2527 591 2583 Fossatensi
631 2538 685 2583 et
722 2527 923 2600 regina:
969 2529 1264 2585 Succorum
1297 2528 1551 2598 Catalogo
1592 2529 1733 2598 apud
1759 2527 1881 2583 Bol~

274 2622 509 2676 landum
551 2636 789 2678 cessasse
827 2622 1024 2676 dicitur
1052 2619 1394 2692 pontiﬁcatus
1425 2636 1595 2675 annos
1615 2620 1774 2690 duos,
1801 2621 1881 2675 iu-

268 2712 463 2784 tellige
505 2723 710 2784 partem
755 2714 1041 2781 anni258,
1086 2724 1140 2769 et
1170 2714 1329 2768 aliam
1376 2714 1709 2783 insequentis
1753 2714 1882 2768 anni

266 2817 501 2879 partem.
548 2807 607 2862 ln
655 2808 795 2863 libro
846 2806 1148 2862 Pontiﬁcali
1180 2849 1194 2870 ,
1230 2806 1316 2860 ubi
1361 2806 1428 2860 de
1458 2808 1618 2860 annis
1647 2805 1792 2861 sedis
1818 2805 1877 2861 S.

265 2901 403 2958 Sixti
457 2902 671 2972 agitur,
703 2902 838 2956 mira
868 2901 1159 2957 oscitantia
1187 2899 1459 2971 detegitur
1487 2942 1501 2965 ,
1542 2907 1599 2953 ιιι
1631 2898 1883 2954 observat

268 2995 521 3050 laudatus
547 2993 894 3052 Coutantius.

1983 1788 2282 1860 dringentm
2334 1797 2389 1844 et
2435 1788 2652 1859 triginta
2709 1788 2997 1845 sententia:
3040 1799 3165 1843 sunt
3212 1788 3348 1845 Sixti
3389 1788 3590 1843 ethnici

1984 1882 2312 1954 philosophi,
2336 1898 2456 1954 quae
2484 1883 2534 1937 in
2561 1882 2810 1938 Latinum
2842 1899 2873 1937 a
2898 1882 3096 1937 Ruﬁno
3125 1883 3421 1948 trauslata:,
3451 1898 3589 1938 nou-

1982 1990 2274 2045 numquam
2307 1974 2460 2029 Sixto
2489 1974 2649 2045 Papa:
2677 1974 2964 2045 adscripta:
2991 1974 3225 2029 fuerunt.
3260 1973 3432 2041 Quem
3462 1989 3585 2029 cum

1982 2068 2319 2140 Augustinus
2346 2079 2584 2124 errasset
2630 2083 2893 2131 errorem,
2942 2068 3082 2124 libro
3111 2068 3350 2124 secundo
3379 2067 3593 2123 Retmr~

1984 2162 2253 2226 talionum,
2289 2176 2409 2230 cap.
2443 2159 2532 2229 42,
2564 2159 2684 2215 haec
2715 2160 2920 2215 chartis
2948 2161 3223 2215 mandavit
3257 2178 3270 2213 :
3311 2179 3329 2212 ε
3365 2158 3422 2215 in
3456 2159 3591 2215 libro

1983 2254 2051 2309 de
2073 2263 2261 2309 natura
2292 2263 2346 2309 et
2369 2255 2539 2324 gratia
2564 2296 2579 2319 ,
2612 2254 2777 2309 verba
2809 2253 3057 2324 quoniam
3087 2297 3101 2321 ,
3133 2270 3254 2325 qua:
3283 2255 3429 2309 velut
3449 2253 3588 2310 Sixti

1984 2345 2211 2401 Romani
2237 2346 2505 2417 pontilicis
2528 2354 2582 2399 et
2606 2346 2857 2417 martyris
2881 2345 3132 2415 Pelagius
3157 2346 3356 2414 posuit,
3387 2345 3458 2399 ita
3486 2344 3586 2399 de-

1985 2439 2153 2506 fendi,
2194 2449 2444 2511 tanquam
2479 2454 2666 2495 revera
2698 2439 2940 2509 ejusdem
2969 2438 3103 2495 Sixti
3129 2448 3342 2504 essent;
3375 2438 3426 2493 id
3444 2438 3588 2494 enim

1986 2538 2321 2600 putaveram,
2355 2529 2449 2584 sed
2482 2539 2669 2601 postea
2700 2530 2802 2599 legi
2831 2530 2985 2601 Xyin
3013 2530 3317 2600 philosophi
3349 2544 3493 2596 esse,
3527 2538 3584 2583 et

1987 2638 2092 2677 non
2125 2622 2260 2678 Sixti
2293 2620 2597 2676 christiani.
2639 2638 2658 2671 ι
2708 2620 3075 2675 Christianum
3108 2636 3240 2675 sane
3280 2638 3383 2675 non
3430 2629 3591 2677 sonat

1984 2716 2251 2772 sententia
2296 2714 2404 2771 120
2432 2735 2444 2770 :
2478 2733 2495 2764 ‹
2528 2713 2644 2769 Νοη
2676 2724 2828 2783 petas
2856 2729 2887 2767 a
2917 2714 3027 2768 Deo
3063 2713 3137 2777 id,
3167 2713 3453 2783 quodcum
3488 2714 3586 2767 ha-

1987 2808 2187 2872 bueris,
2218 2821 2325 2862 non
2359 2816 2621 2876 perpetuo
2646 2805 2935 2860 obtinebis.
2977 2824 2994 2856 ι
3027 2804 3141 2859 Non
3174 2805 3335 2876 igitur
3364 2814 3583 2876 autpax

1986 2900 2172 2962 animi,
2204 2908 2297 2954 aut
2319 2898 2677 2968 tranquillitas
2692 2897 2972 2963 Ecclesiae,
3006 2897 3359 2966 auteorporis
3379 2896 3581 2951 sanitas

1987 3003 2131 3047 esset
2161 2992 2410 3061 precibus
2458 2989 2812 3058 impetranda.
2857 2990 3130 3045 Abhorret
3169 3000 3224 3045 et
3254 3007 3281 3043 a
3326 2991 3432 3045 ﬁde
3462 3004 3590 3045 sen-

340 3088 598 3145 Geminas
665 3088 820 3143 Sixto
867 3103 903 3143 tt
958 3087 1217 3158 epistulas
1274 3084 1514 3141 lsidorus
1598 3083 1875 3139 adscribit.
1907 3096 1952 3159 ρ
1988 3086 2152 3138 tentia
2205 3083 2311 3138 125
2344 3101 2357 3137 :
2393 3102 2412 3135 ι
2450 3081 2717 3152 Quidquid
2750 3099 2856 3136 llOll
2893 3083 3150 3137 convenit
3194 3082 3259 3137 ad
3299 3081 3591 3137 beatitudi-

265 3181 431 3239 Prior
456 3181 527 3235 ad
552 3179 779 3236 Gratum
805 3179 1094 3251 quemdam
1123 3179 1440 3249 episcopum
1468 3219 1484 3243 ,
1531 3192 1692 3248 quam
1721 3190 1882 3231 occa-

269 3272 429 3330 sione
463 3272 710 3339 Sabellii,
756 3272 931 3338 Noeti,
975 3270 1222 3337 Ebionis,
1254 3280 1308 3325 et
1346 3268 1589 3325 Cerinthi
1626 3268 1883 3339 scriptam

266 3367 550 3424 contendit
588 3365 836 3422 Binnius.
888 3365 1139 3421 Ostendit
1192 3377 1372 3419 autem
1421 3363 1684 3434 epistola,
1718 3361 1883 3417 licere

272 3460 545 3515 damnatis
576 3458 849 3531 episcopis
895 3457 1046 3513 adire
1089 3456 1272 3512 sedem
1324 3455 1706 3525 apostolicam;
1758 3453 1883 3508 data

270 3562 361 3610 est
416 3550 525 3607 kal.
575 3550 905 3623 septembris
950 3550 1235 3606 Valeriano
1282 3559 1337 3605 et
1388 3549 1551 3604 Decio
1583 3549 1709 3603 viris
1746 3547 1879 3602 clar.

272 3660 421 3700 coss.
457 3644 729 3701 Posterior
763 3643 927 3700 missa
968 3655 1052 3700 est
1079 3644 1347 3713 episcopis
1373 3658 1469 3714 per
1502 3642 1879 3712 Hispaniarum

273 3738 582 3811 provincias
628 3737 960 3793 constitutis.
1008 3738 1064 3792 lu
1105 3752 1169 3792 ea
1220 3747 1398 3792 autem
1438 3738 1610 3807 capita
1643 3735 1881 3805 quinque

271 3830 642 3888 continentur.
672 3830 914 3884 Primum
932 3871 946 3895 ,
981 3830 1024 3882 si
1058 3830 1179 3897 quis
1199 3828 1465 3883 adversus
1487 3829 1771 3897 episcopos
1797 3825 1880 3879 vei

269 3936 490 3979 actores
529 3922 784 3977 Ecclesia:
819 3936 1039 3975 causam
1066 3920 1336 3983 habuerit,
1377 3921 1548 3990 quise
1573 3917 1762 3990 geret?
1785 3916 1881 3972 Se-

270 4016 517 4072 cundum
541 4056 557 4081 ,
610 4016 675 4071 de
712 4016 983 4086 episcopis
1021 4014 1183 4069 rebus
1204 4015 1513 4084 expoliatis,
1576 4024 1719 4066 auta
1745 4011 1878 4067 sede

271 4108 474 4180 pulsis.
508 4107 745 4163 Tertium
772 4152 786 4176 ,
832 4116 891 4161 ut.
931 4106 1108 4161 nullus
1137 4107 1422 4179 episcopus
1459 4106 1683 4161 alterius
1723 4119 1881 4173 paro-

274 4201 537 4255 chianum
567 4200 817 4265 retineat,
846 4198 1061 4255 ordinet
1093 4240 1107 4265 ,
1138 4202 1223 4254 vel
1246 4198 1470 4268 judieet.
1503 4197 1786 4265 Quartum,
1816 4196 1883 4251 de

275 4291 555 4363 episcopis
584 4292 781 4361 injuste
811 4290 1077 4346 damnatis
1103 4332 1118 4357 ,
1158 4301 1212 4347 et
1246 4290 1538 4360 apostolica
1565 4288 1884 4344 auctoritate

274 4385 564 4441 restitutis.
593 4384 849 4452 Quintum
878 4425 892 4449 ,
940 4384 1082 4454 quod
1115 4382 1564 4439 cxcommunieati
1596 4382 1883 4452 episcopos

1988 3193 2109 3233 nem
2144 3177 2261 3243 Dei,
2296 3190 2401 3232 non
2432 3176 2723 3232 conveniat
2771 3176 2975 3231 homini
3028 3176 3143 3232 Dei.
3178 3196 3197 3228 ι
3258 3174 3375 3230 Non
3426 3176 3589 3247 igitur

1988 3270 2315 3327 resurrectio
2344 3269 2589 3339 corporis
2617 3283 2741 3339 pars
2766 3270 2871 3325 erit
2908 3268 3180 3325 felicitatis
3225 3281 3535 3326 sanctorum
3572 3315 3585 3335 ,

1987 3373 2173 3435 utpote
2199 3379 2318 3434 qua:
2345 3363 2534 3435 gloria:
2564 3363 2660 3418 Dei
2692 3362 3010 3418 immortalis
3031 3373 3250 3434 pugnet.
3296 3363 3481 3434 Neque
3506 3378 3593 3419 sa-

1988 3457 2056 3513 tis
2084 3458 2170 3528 pia
2211 3457 2327 3511 hate
2355 3464 2440 3511 est
2466 3454 2731 3511 sententia
2762 3456 2866 3511 184
2913 3475 2926 3511 :
2960 3454 3219 3527 Derogare
3248 3457 3353 3510 viro
3377 3456 3593 3525 sapienti

1986 3565 2049 3602 ac
2106 3547 2233 3609 Deo,
2295 3547 2495 3616 wquale
2543 3548 2716 3601 ducito
2768 3558 3052 3618 peccatum.
3097 3547 3231 3603 Cum
3271 3547 3593 3619 splendente

1988 3642 2111 3698 fnco
2142 3641 2367 3697 Ruﬁnus
2412 3641 2572 3714 Xyin
2614 3641 2923 3711 philosophi
2953 3641 3237 3698 sententiis
3268 3641 3404 3697 Sixti
3438 3657 3589 3712 papa:

1988 3734 2240 3806 martyris
2281 3748 2478 3788 nomen
2541 3733 2929 3804 imposuisset,
2985 3735 3208 3788 meritas
3259 3734 3592 3806 llieronytno

1988 3841 2177 3899 poenas
2208 3824 2377 3881 dedit.
2407 3824 2521 3892 Qua
2551 3823 2619 3879 de
2667 3840 2725 3879 re
2775 3824 2998 3894 insignis
3040 3833 3122 3879 est
3152 3824 3302 3880 locus
3332 3825 3383 3878 in
3430 3824 3591 3894 Epis-

1988 3921 2094 3977 tola
2145 3917 2403 3973 adversus
2453 3915 2734 3987 Pelagium
2768 3915 2833 3969 ad
2859 3914 3265 3986 Ctesiphontem
3302 3914 3381 3985 (l)
3420 3932 3433 3968 :
3468 3933 3488 3965 ‹
3527 3912 3593 3967 ll-

1989 4009 2093 4064 lam
2124 4020 2304 4062 autem
2353 4007 2710 4062 temeritatem
2731 4047 2747 4071 ,
2800 4007 2909 4060 imo
2937 4006 3195 4060 insaniam
3224 4005 3339 4074 ejus
3362 4004 3589 4076 (Ruﬁni)

1987 4104 2108 4172 quis
2155 4102 2318 4172 digno
2358 4101 2530 4172 possit
2581 4101 2856 4170 explicare
2887 4114 3178 4163 sermone,
3220 4099 3361 4170 qttod
3393 4098 3590 4153 librum

1987 4194 2140 4261 Xysti
2182 4192 2495 4264 pythagorei
2522 4234 2536 4258 ,
2594 4191 2828 4246 hominis
2876 4192 3079 4261 absque
3128 4188 3343 4246 Christo
3372 4232 3387 4255 ,
3433 4200 3593 4261 atque

1987 4285 2209 4351 ethnici,
2235 4285 2517 4338 immolato
2548 4285 2788 4349 nomine,
2823 4284 2958 4340 Sixti
3001 4283 3251 4354 martyris
3281 4326 3295 4349 ,
3330 4292 3386 4338 et
3411 4297 3589 4338 roma-

1989 4396 2070 4434 na:
2114 4378 2372 4435 Ecclesia:
2418 4378 2661 4450 episcopi
2716 4377 3075 4449 prtcttotavit?
3122 4377 3178 4431 In
3234 4392 3374 4448 quo,
3427 4376 3583 4447 juxta

275 4491 539 4532 accusare
569 4489 679 4529 non
695 4485 939 4545 possunt.
974 4476 1102 4530 Data
1134 4482 1218 4529 est
1242 4489 1351 4528 xvu
1364 4471 1624 4528 kalendas
1648 4473 1880 4541 augusti,
1910 4492 1962 4552 D
1989 4472 2183 4544 dogma
2208 4472 2701 4544 pythagoricorum,
2723 4471 2812 4542 qui
2845 4470 3118 4525 hominem
3147 4478 3433 4538 exzeqttant
3460 4470 3591 4534 Deo,

278 4568 570 4625 Valeriano
602 4577 658 4623 et
693 4567 854 4623 Decio
881 4567 1008 4622 viris
1035 4567 1245 4622 clariss.
1279 4581 1419 4622 coss.
1454 4564 1620 4620 Nobis
1649 4564 1700 4618 in
1728 4563 1887 4618 silen-

278 4665 414 4718 tium
461 4660 920 4717 descendentibus
947 4702 961 4725 ,
988 4660 1169 4731 quivis
1199 4660 1293 4713 has
1336 4658 1489 4714 Sixto
1517 4657 1773 4726 epistolas
1802 4656 1888 4710 de-

280 4759 501 4815 trahere
520 4766 603 4813 est
630 4757 877 4833 idoneus.
911 4755 1147 4810 Primum
1175 4752 1460 4810 falsissitua
1484 4762 1567 4809 est
1601 4754 1885 4807 consulum

284 4851 583 4906 annotatio.
619 4849 908 4905 Valeriano
939 4864 1044 4902 non
1076 4847 1269 4902 Decius
1292 4889 1306 4912 ,
1350 4847 1443 4902 sed
1474 4846 1751 4902 Gallienus
1777 4844 1891 4901 col-

286 4945 409 5012 lega
435 4942 530 4998 luit
560 4945 615 4998 in
645 4943 955 5009 consulatu,
985 4941 1211 4997 sedente
1239 4941 1409 4994 Sixto.
1443 4938 1667 5008 insuper
1697 4937 1889 4993 eodem

286 5049 440 5089 anno
495 5037 721 5104 scriptas
782 5048 904 5088 esse
962 5030 1262 5087 decretales
1306 5030 1543 5085 ostendit
1588 5028 1887 5097 inscriptio.

285 5129 459 5183 Anno
498 5140 621 5181 vero
642 5124 775 5194 258,
800 5127 985 5182 Sixtus
1014 5124 1103 5195 qui
1136 5131 1291 5178 sexto
1314 5122 1525 5193 augusti
1555 5135 1742 5192 passus
1764 5129 1846 5175 est
1873 5161 1888 5185 ,

283 5216 547 5275 kalendis
574 5218 891 5291 septentbris
920 5217 988 5272 ad
1047 5216 1269 5273 Gratum
1310 5215 1548 5270 scribere
1567 5229 1671 5269 non
1694 5211 1889 5284 petuit.

364 5424 444 5499 (1)
472 5423 778 5499 Bianchini,
808 5423 866 5499 in
883 5420 1154 5499 Anastasio
1181 5460 1194 5481 ,
1223 5424 1277 5499 et
1314 5415 1569 5499 dominus
1595 5415 1644 5470 le
1664 5412 1812 5499 Bent:
1834 5414 1887 5499 in

289 5485 527 5553 Historia
557 5485 807 5551 Ecclesia:
834 5489 1287 5552 Antisiodorensis,
1318 5487 1634 5553 martyrium
1664 5486 1722 5541 S.
1754 5485 1888 5539 Sixti

284 5569 334 5626 ll
362 5583 509 5624 anno
525 5570 703 5624 serius
742 5563 999 5633 adﬁgunt,
1033 5575 1227 5632 nempe
1252 5574 1393 5616 anno
1420 5557 1552 5633 259ἷ

362 5641 449 5711 (2)
492 5636 745 5711 Coutant.
765 5681 779 5704 ,
798 5709 808 5711 μ
827 5627 1113 5707 Epistolar.
1143 5627 1344 5688 roman.
1371 5630 1625 5704 ponti/ia,
1661 5638 1793 5684 tom.
1824 5627 1844 5681 Ι
1873 5668 1889 5697 ,

288 5709 415 5786 pag.
433 5709 574 5779 7158,
602 5725 752 5765 num.
781 5709 839 5762 4.

1991 4575 2048 4621 ει
2069 4564 2137 4620 de
2180 4564 2299 4634 ejus
2329 4563 2517 4618 dicunt
2540 4577 2662 4618 esse
2692 4562 3036 4625 substantiae,
3083 4561 3247 4614 multa
3282 4560 3351 4615 de
3380 4557 3590 4629 perfec-

1994 4659 2138 4712 tione
2174 4657 2446 4723 dicuntttr,
2470 4666 2525 4710 ut
2550 4656 2639 4725 qtti
2664 4653 2919 4709 volumen
2956 4651 3260 4724 philosophi
3290 4650 3539 4706 nesciunt
3573 4692 3592 4713 ,

1993 4751 2093 4804 sub
2121 4749 2373 4820 martyris
2401 4748 2621 4802 nomine
2651 4748 2835 4801 bibant
2871 4747 2936 4800 de
2970 4761 3136 4802 aureo
3167 4744 3331 4799 calice
3357 4739 3592 4812 Babylo-

1994 4841 2099 4896 nis.
2134 4840 2378 4910 Denique
2415 4839 2466 4893 itt
2505 4839 2624 4909 ipso
2650 4837 2923 4893 volumine
2968 4837 3111 4891 nulla
3161 4832 3542 4905 prophetarum
3574 4875 3591 4899 ,

1996 4934 2140 4990 nulla
2199 4933 2672 5005 patriarcharum,
2748 4931 2893 4986 nulla
2964 4927 3372 4998 apostolorum,
3447 4924 3593 4979 nulla

1994 5026 2195 5082 Christi
2230 5028 2287 5081 ﬁt
2315 5026 2519 5082 mentio
2550 5068 2565 5094 ,
2616 5028 3005 5096 utepiscopum
3057 5030 3112 5075 et
3158 5032 3447 5092 martyrem
3476 5019 3596 5073 sine

1995 5120 2194 5176 Christi
2227 5121 2333 5176 ﬁde
2376 5120 2542 5176 fuisse
2565 5119 2872 5175 contendat.
2911 5136 2928 5167 ι
2988 5113 3351 5187 inspiciuntur
3378 5124 3597 5167 sentcn-

1998 5215 2107 5278 tiae,
2140 5223 2195 5269 et
2241 5213 2367 5279 248,
2399 5228 2520 5279 quae
2562 5226 2755 5284 purum
2800 5216 3102 5279 potumque
3154 5206 3595 5277 pelagianismum

1998 5307 2344 5373 olet,et265,
2375 5322 2496 5379 qua:
2520 5305 2726 5361 facinus
2747 5302 2947 5374 probat
2975 5300 3250 5372 Origenis,
3283 5300 3459 5354 virilia
3488 5315 3603 5355 am-

2000 5400 2235 5473 putantis
2268 5399 2638 5471 temperantia:
2683 5410 2866 5452 causa.
2907 5424 2977 5436 ——
3022 5394 3270 5452 Gelasius
3307 5392 3451 5464 Papa
3482 5392 3585 5447 hoc

2075 5559 2154 5629 (1)
2180 5559 2515 5629 llieronym.,
2550 5554 2721 5629 Epist,
2748 5556 2815 5629 ad
2841 5553 3214 5629 Ctesiphontem
3238 5561 3428 5629 xxsttt,
3457 5564 3576 5629 pag.

2003 5619 2294 5694 47ῧξιοιη.
2325 5619 2400 5693 tv:
2431 5625 2561 5680 edit.
2596 5619 2924 5685 Benedictiu.
2953 5619 2985 5690 ,⁷
3012 5634 3065 5683 et
3092 5623 3146 5677 Ῑη
3175 5627 3333 5691 ειιιδιιι
3354 5631 3468 5677 xx“
3493 5619 3585 5676 η’

1998 5717 2157 5769 rcm.,
2187 5714 2240 5760 et
2260 5714 2393 5756 xvut
2424 5697 2695 5756 Ezechiel.
