3990 6060
411 291 481 348 8‘5
1632 347 1634 350 ,
1809 281 1993 340 SIXTI
2026 279 2111 340 PA
2120 279 2230 338 PE
2260 278 2305 337 ll
3649 274 3720 335 84

411 421 549 480 Opus
570 407 705 463 falso
727 406 785 463 S.
812 406 966 464 Sixto
992 416 1146 476 papa:
1176 415 1240 457 ac
1269 399 1492 472 martyri
1533 399 1846 456 attributum
1876 400 2017 455 inter
2042 405 2094 464 Α
2120 396 2448 470 mythologis
2476 438 2490 465 ,
2522 395 2762 470 physicis
2791 404 2847 452 et
2868 380 3163 451 moralibus
3193 376 3422 480 'l‘homae
3455 389 3610 461 Gate,
3633 390 3722 448 Li-

412 499 723 572 apocrypha
754 497 1037 555 collocavit
1072 492 1171 568 (1),
1199 494 1280 550 vel
1306 508 1443 563 Opus
1473 488 1541 548 ab
1567 492 1836 549 luereticis
1859 507 2009 547 cont-

406 595 666 666 positum.
713 592 997 663 Impressm
1030 588 1245 645 fuerunt
1280 587 1365 642 hee
1412 585 1548 643 Sixti
1594 587 1648 642 in
1680 586 2009 642 Bibliotheca:

406 697 612 760 patrum
639 696 785 744 tomo
812 700 891 749 nt,
924 693 978 739 et
1005 683 1294 753 separatim
1326 697 1447 737 cum
1473 680 1792 753 praefatione
1827 682 2007 737 Ruﬁni

406 781 476 837 ad
505 780 895 851 Apronianum,
926 776 1175 842 Basileac,
1203 774 1376 841 £520;
1404 774 1665 843 Coloniae,
1693 774 1868 840 1522;
1900 773 2008 829 Lo-

413 875 560 931 vanii
591 916 605 942 ,
658 872 836 940 l1618;
883 868 1304 938 Amstelodami,
1362 867 1546 937 1688;
1600 870 1653 924 in
1722 867 2008 940 Opusculis

396 1038 401 1041 ι
470 1013 551 1087 (1)
574 1011 728 1084 Apud
754 1010 946 1079 Mansi,
976 1019 1107 1066 tom.
1131 1023 1226 1064 vm
1252 1006 1478 1075 Concil.,
1504 1018 1557 1079 p.
1591 1006 1716 1062 151.

2111 490 2243 563 psite
2267 533 2282 559 ,
2316 490 2482 559 ἰπὶ-4⁸,
2537 490 2675 546 1725
2703 532 2718 557 ,
2749 505 2845 560 per
2876 486 3156 544 Sieberum
3186 474 3544 543 Alemannum
3572 528 3588 553 ,
3631 487 3724 556 qui

2112 585 2277 639 etiam
2298 582 2584 653 praetendit
2608 581 2707 637 has
2729 580 3027 637 sententias
3054 595 3239 635 revera
3263 594 3385 635 esse
3402 576 3537 634 Sixti
3565 592 3719 647 papa:

2112 687 2167 735 et
2188 679 2460 749 martyris.
2495 678 2609 733 Duo
2639 677 2801 732 etiam
2832 690 3068 732 canones
3122 672 3223 730 sub
3250 672 3394 730 Sixti
3427 666 3469 726 il
3506 671 3726 727 nomine

2110 792 2140 830 a
2169 772 2447 831 Gratianio
2477 787 2705 829 erronee
2732 770 2968 827 citantur
2989 768 3093 842 (2).

2185 931 2264 1059 (19.7)
2286 930 2497 987 Decret.
2532 928 2850 1000 Gratiauiﬂ
2875 927 3171 998 Qumstion.
3198 943 3247 985 c.
3271 925 3327 995 6,
3358 927 3477 984 et'5.
3502 926 3711 997 Quaest.
3774 916 3780 922 ’

2117 1018 2283 1060 (λυ,

416 1180 3727 1223 W

549 1410 1003 1541 SIXTI
1099 1403 1634 1539 PAP/E
1699 1404 1817 1532 11
1888 1400 2825 1533 EPISTOL/E
2888 1382 3544 1533 DUBI/E.

1909 1655 2396 1737 -τυκοθοκκ-

906 1845 1245 1905 EPISTOLA
1280 1845 1516 1904 PRIMA.

717 2002 785 2041 AD
826 2000 1042 2041 GRATUM
1080 1999 1336 2049 QUEMDAM
1367 1997 1682 2040 Ειηεοοιδωι.

407 2121 587 2179 Licere
620 2121 871 2176 accusatis
897 2121 975 2174 vel
1002 2117 1259 2173 damnatis
1288 2118 1542 2188 episcOpis
1587 2116 1883 2188 appellare,
1908 2116 2013 2173 sive

479 2216 624 2271 adire
645 2215 814 2271 sedem
837 2212 1194 2284 apostolicam,
1214 2213 1322 2266 sine
1342 2212 1491 2282 cujus
1520 2211 1820 2265 auctoritate
1843 2226 2014 2265 causa:

394 2312 397 2315 ’
479 2325 657 2367 eorum
684 2307 947 2362 terminari
977 2320 1078 2360 non
1105 2303 1309 2360 debent.

516 2444 809 2516 Episcopus
868 2442 1049 2498 Sixtus
1090 2439 1251 2495 Grato
1300 2439 1604 2511 coepiscOpo
1662 2438 1901 2493 salutem.

402 2545 409 2551 ’
480 2540 677 2599 Laztari
703 2549 757 2596 et
782 2537 1019 2610 gaudere
1041 2552 1127 2591 me
1154 2535 1303 2606 (Leo,
1333 2535 1481 2605 epist.
1515 2531 1607 2603 3i)
1642 2533 1930 2603 plurimum
1959 2533 2013 2588 in

409 2634 629 2693 Christo
655 2632 783 2689 Jesu
828 2631 1052 2686 Domino
1084 2638 1270 2684 nostro
1315 2625 1622 2682 dilectionis
1666 2635 1773 2681 tuae
1813 2626 2014 2697 scripta

406 2730 679 2796 fecerunt,
708 2725 903 2798 quibus
931 2723 1213 2780 evidenter
1247 2718 1570 2787 ostenditur,
1616 2724 1875 2789 quantum
1918 2733 2013 2772 ca-

409 2827 669 2884 tholicam
699 2823 879 2894 diligis
909 2821 1103 2884 ﬁdem,
1131 2826 1187 2874 et
1212 2826 1473 2889 quantum
1516 2831 1799 2886 pravorum
1840 2814 2016 2869 homi-

410 2936 543 2975 num
572 2915 860 2974 detestaris
905 2926 1169 2967 errorem.
1202 2908 1389 2965 Omnis
1430 2908 1574 2963 enim
1608 2906 1830 2962 haeresis
1856 2905 2016 2960 nimis

415 3022 501 3069 est
523 3011 708 3082 impia,
740 3016 796 3065 et
821 3004 1146 3074 evangelica:
1172 3001 1417 3058 veritatis
1448 3000 1662 3056 inimica
1686 3042 1701 3068 ,
1747 3015 1868 3069 quae
1908 3015 2015 3053 non

347 3079 356 3089 .
417 3079 724 3179 portionem
747 3102 979 3172 aliquam
1013 3097 1245 3163 laedere,
1273 3094 1367 3151 sed
1400 3094 1514 3166 ipsa
1547 3095 1853 3150 Christianae
1894 3094 2019 3149 reli-

418 3203 594 3276 gionis
637 3209 866 3257 conatur
904 3195 1251 3251 fundamenta
1282 3192 1609 3247 convellere.
1643 3190 1844 3245 Memor
1870 3189 2015 3245 enim

420 3309 564 3360 sum,
591 3307 676 3347 me
707 3290 806 3344 sub
831 3288 973 3342 illius
1001 3285 1218 3340 nomine
1245 3284 1487 3339 ecclesia:
1519 3282 1841 3351 pra-sidere;
1869 3280 2021 3349 cujus

421 3405 452 3445 a
482 3385 709 3443 Domino
742 3393 928 3437 nostro
958 3379 1086 3434 .lesu
1121 3378 1339 3432 Christo
1368 3387 1449 3429 est
1474 3374 1773 3445 gloriﬁcata
1803 3374 2021 3428 confes-

425 3482 529 3545 sio,
555 3486 609 3533 et
640 3475 727 3549 (S.
756 3473 879 3539 Leo,
909 3472 1057 3543 epist.
1090 3469 1180 3539 51)
1210 3467 1364 3536 cujus
1396 3465 1529 3520 ﬁdes
1559 3464 1760 3520 nullum
1792 3480 2023 3534 unquam

421 3573 585 3639 fallit,
612 3570 708 3627 sed
740 3583 927 3622 omnes
961 3563 1176 3635 quidem
1225 3561 1463 3616 hmreses
1489 3559 1739 3614 destruit.
1776 3558 2026 3627 Intelligo

422 3675 602 3721 autem
634 3662 764 3717 mihi
796 3659 952 3714 aliter
984 3672 1090 3711 non
1116 3654 1302 3717 licere.
1333 3669 1493 3724 quam
1524 3661 1583 3706 ut
1629 3666 1821 3706 omnes
1872 3668 2027 3706 cona-

421 3766 510 3813 tus
540 3770 690 3811 meos
721 3754 770 3809 ei
792 3751 1005 3818 causm},
1042 3751 1092 3803 in
1123 3762 1225 3818 qua
1256 3742 1580 3800 universalis
1610 3743 1852 3799 ecclesia:
1883 3745 2028 3799 salus

426 3851 730 3914 infestatur,
804 3844 1133 3916 impendam.
1211 3843 1490 3912 Agnosce,
1570 3838 1643 3894 ﬁli
1710 3836 2030 3895 charissime

426 3944 712 4018 (Itltacius,
741 3940 873 3994 Adv.
914 3935 1267 3998 Varimadum,
1294 3950 1410 4005 cap.
1444 3932 1556 4005 12),
1588 3948 1693 3986 non
1722 3947 1788 3987 ex
1817 3940 2030 4001 tempo-

426 4056 513 4109 re,
545 4054 722 4109 neque
768 4045 890 4108 post
930 4042 1174 4102 tempora
1200 4028 1394 4084 Filium
1424 4020 1518 4083 Dei
1549 4038 1751 4093 natum,
1784 4026 1881 4082 sed
1907 4038 2031 4081 ante

427 4135 609 4190 omnia
637 4141 882 4201 tempora
914 4127 982 4183 de
1033 4134 1257 4196 paterno
1286 4132 1441 4178 utero
1480 4119 1916 4176 inenarrabiliter
1941 4134 2033 4191 ge-

432 4236 713 4286 neratum,
743 4225 860 4292 ipso
901 4220 1014 4275 Deo
1062 4227 1217 4287 patre
1270 4230 1365 4287 per
1407 4215 1729 4285 pr0pbetam
1773 4211 2029 4268 dicente:

432 4317 502 4371 In
548 4312 905 4386 splendoribus
952 4318 1246 4362 sanctorum
1285 4322 1348 4361 ea:
1384 4316 1527 4359 utero
1573 4314 1691 4358 ante
1737 4300 2036 4373 Luciferum

437 4409 590 4482 genui
636 4416 683 4460 te
739 4402 966 4477 (Psalm.
1015 4400 1146 4469 cxx).
1194 4397 1362 4464 Quam
1404 4397 1723 4451 sententiam
1773 4406 1827 4450 et
1873 4390 2037 4463 Isaias

438 4499 703 4575 propheta
727 4496 904 4552 dubiis
927 4503 1089 4562 atque
1117 4487 1404 4545 incredulis
1428 4488 1705 4544 evidenter
1730 4488 2032 4558 expressit,

438 4592 570 4649 dum
595 4604 702 4646 non
723 4584 937 4643 aliunde
966 4585 1153 4651 tilium,
1176 4599 1335 4655 quam
1363 4581 1431 4639 de
1456 4582 1616 4638 Patre
1642 4593 1826 4638 natum
1848 4581 2037 4639 ineﬁ‘a-

508 4795 591 4867 (ι)
630 4790 888 4867 Epistola.
944 4786 1097 4867 Hanc
1137 4784 1439 4867 epistolam
1469 4783 1755 4863 occasione
1784 4780 2034 4849 Sabellii,

434 4855 610 4933 Nocti,
644 4855 867 4919 Ebiouis
898 4868 951 4913 et
980 4856 1218 4933 Cerintui
1248 4855 1605 4933 seetariorum
1636 4856 1903 4933 scriptam
1916 4868 2039 4933 esse

432 4937 500 4992 ad
529 4924 749 4991 Gratum
778 4924 1091 5003 episcopum
1117 4969 1132 4995 ,
1177 4927 1349 5003 ipsum
1382 4926 1591 5003 initium
1623 4924 1867 5003 epistola:
1888 4924 2038 5003 iudi-

430 5016 538 5063 cat.
564 4996 829 5061 Sabullius
854 4996 998 5058 enim
1032 4999 1386 5052 lneresiarclia
1423 5000 1523 5051 hoc
1569 4997 1825 5066 pontiﬁce
1850 4996 1918 5050 ab
1952 4997 2037 5051 in-

429 5081 563 5133 teris
591 5089 907 5145 progressus
929 5115 941 5137 ,
971 5084 1188 5145 omnem
1234 5084 1585 5145 personarum
1627 5067 2037 5145 distinctionem

430 5152 485 5205 in
517 5136 625 5203 Deo
646 5136 858 5200 suvstulit
893 5164 905 5197 :
934 5141 1124 5211 reliqui
1156 5136 1283 5193 vero
1310 5136 1581 5211 Qltristum
1625 5151 1752 5195 ante
1782 5141 2029 5193 incarna-

433 5223 635 5275 tionem
667 5218 797 5271 nihil
822 5214 984 5268 fuissc
1018 5207 1294 5268 dicebant.
1326 5207 1394 5265 Ut
1441 5209 1632 5265 horum
1663 5226 1793 5279 ergo
1819 5224 2034 5264 errores

430 5292 603 5347 solide
630 5286 870 5351 refellat,
905 5292 959 5339 et
987 5284 1363 5339 consulentem
1412 5281 1512 5335 hac
1541 5282 1608 5337 de
1634 5297 1692 5337 re
1719 5282 2032 5352 episcopum

429 5364 681 5425 instruat,
739 5359 878 5412 hanc
920 5354 987 5409 ad
1031 5356 1177 5408 illum
1233 5352 1516 5425 epistolam
1562 5353 1772 5416 scribit,
1830 5353 2033 5425 apertis

432 5421 756 5489 testimoniis
785 5428 1066 5496 scripturze
1093 5421 1345 5493 probans,
1368 5421 1639 5496 Christum
1651 5464 1674 5496 ,ί
1675 5423 1865 5496 quoad
1890 5425 2031 5476 divi-

432 5521 558 5560 nam
609 5511 876 5564 naturam,
902 5493 1181 5552 aeternum
1226 5497 1413 5549 interni
1454 5493 1629 5549 Patris
1664 5494 1855 5548 Filium
1884 5508 2039 5559 esse,

433 5586 488 5631 et
515 5592 546 5631 a
584 5575 741 5629 Patre
776 5570 1079 5625 distinctam
1132 5567 1184 5620 in
1236 5566 1514 5619 divinitate
1553 5581 1836 5635 personam
1881 5579 2034 5629 esse;

435 5662 500 5701 ac
527 5660 740 5715 semper
765 5643 879 5697 sine
909 5639 1018 5694 ullo
1048 5637 1305 5715 temporis
1331 5638 1599 5715 principio
1629 5637 1897 5715 extitisse.
1935 5635 2038 5689 [le-

436 5718 606 5788 liqua,
636 5705 779 5788 Aquae
821 5726 875 5768 et
918 5705 1170 5788 sequenti
1216 5706 1443 5788 epistola
1474 5705 1712 5788 notanda
1761 5705 2034 5788 videntur,

437 5776 868 5860 praecedentibus
911 5776 1336 5858 praecedentium
1404 5780 1722 5852 pontiﬁcum
1795 5776 2038 5850 epistolis

432 5877 461 5915 3
480 5868 699 5915 nnotata
731 5866 873 5915 ειιηῑ.

2039 1851 2089 1911 Β
2116 1848 2298 1905 biliter
2324 1849 2561 1931 ostendit
2590 1865 2605 1904 :
2634 1848 2703 1905 In
2750 1850 3057 1920 humilitate,
3087 1852 3282 1923 inquit,
3322 1852 3580 1923 judicium
3621 1857 3734 1928 ejus

2119 1941 2384 1997 sublatum
2433 1951 2524 1997 est.
2560 1941 2896 1997 Nativitatem
2948 1945 3060 2013 ejus
3104 1944 3217 2012 quis
3256 1946 3513 2001 enarrabit
3542 1946 3727 2018 (lsai.,

2119 2036 2317 2107 thu)?
2369 2034 2437 2090 Et
2484 2035 2539 2089 in
2573 2035 2713 2090 libro
2743 2034 2847 2091 J'ob
2882 2052 2896 2090 :
2946 2036 3271 2108 Sapientiam
3319 2036 3436 2104 Dei,
3469 2038 3568 2104 ait,
3601 2038 3736 2096 unde

2116 2129 2381 2183 invenies?
2404 2126 2551 2182 Latet
2572 2129 2705 2181 enim
2727 2128 2790 2181 ab
2807 2128 2969 2182 oculis
2997 2128 3280 2195 hominum,
3303 2139 3348 2184 et
3377 2144 3408 2184 a
3437 2129 3732 2189 volucribus

2117 2221 2231 2276 cteli
2256 2221 2505 2275 absconsa
2530 2230 2603 2274 est
2630 2217 2777 2292 (Job,
2792 2221 3007 2291 xxvm).
3023 2220 3411 2293 Expergiscerc
3426 2223 3726 2293 paululum,

2117 2323 2173 2369 et
2202 2314 2245 2368 si
2275 2315 2456 2369 lumen
2509 2313 2751 2369 scientim
2791 2312 2844 2367 in
2888 2315 3117 2384 teipsum
3156 2314 3488 2386 aliquantum
3524 2317 3690 2372 babes
3713 2359 3729 2385 ,

2119 2406 2390 2471 invenies,
2417 2404 2571 2473 cujus
2607 2403 2859 2459 nativitas
2881 2419 2908 2458 a
2935 2406 3199 2477 pr0plteta
3224 2420 3328 2462 non
3360 2408 3531 2477 potuit
3565 2424 3733 2463 enar-

2119 2499 2231 2553 rari
2260 2513 2328 2553 ex
2356 2505 2620 2569 tempore,
2651 2497 2738 2552 vel
2766 2507 2825 2553 ut
2871 2498 3151 2554 adstruere
3181 2500 3297 2570 ipse
3326 2500 3536 2555 conaris
3561 2541 3577 2568 ,
3612 2514 3730 2556 non

2119 2591 2294 2661 potuit
2320 2590 2587 2662 generari.
2627 2588 2693 2644 In
2722 2591 2997 2661 principio,
3029 2591 3203 2663 inquit
3232 2590 3470 2647 Joannes
3496 2605 3733 2663 evange-

2119 2683 2262 2749 lista,
2286 2693 2393 2737 erat
2431 2682 2672 2749 Verbum,
2691 2693 2737 2738 et
2777 2683 2994 2738 Verbum
3017 2695 3126 2739 erat
3152 2686 3295 2755 apud
3317 2685 3505 2753 Deum,
3525 2694 3570 2740 et
3591 2685 3735 2740 Deus

2122 2789 2229 2833 erat
2257 2778 2512 2834 Verbum:
2543 2781 2638 2834 hoc
2660 2788 2768 2835 erat
2799 2781 2852 2834 in
2880 2780 3133 2850 principio
3152 2780 3294 2851 apud
3319 2778 3509 2835 Deum.
3547 2777 3736 2835 Omnia

2121 2888 2213 2945 per
2238 2875 2407 2944 ipsum
2460 2876 2599 2945 facta
2640 2885 2781 2941 sunt,
2826 2885 2873 2929 et
2919 2875 3029 2929 sine
3071 2875 3185 2944 ipso
3230 2878 3423 2946 factum
3478 2883 3552 2929 est
3607 2874 3739 2929 nihil

2122 2967 2326 3038 (Joan.,
2357 2968 2421 3040 1).
2470 2970 2535 3024 Et
2575 2968 2769 3024 iterum
2806 2967 2977 3022 :Erat
3023 2969 3112 3022 lux
3150 2984 3301 3035 vera,
3330 2982 3444 3036 qum
3470 2967 3738 3037 illuminat

2121 3079 2320 3118 omnem
2351 3062 2606 3116 hominem
2646 3062 2925 3116 venientem
2969 3062 3021 3115 in
3053 3061 3186 3114 hunc
3221 3060 3470 3114 mundum
3503 3057 3727 3131 (Idem).

2123 3156 2183 3212 In
2215 3155 2320 3209 isto
2353 3155 2512 3225 igitur
2534 3154 2674 3225 quod
2700 3152 2915 3218 dicitur,
2943 3152 3092 3218 Erat,
3140 3153 3183 3209 si
3227 3161 3443 3224 tempus
3493 3168 3741 3223 qumrere

2048 3252 2093 3314 C
2130 3249 2365 3306 volueris
2390 3290 2403 3313 ,
2441 3262 2546 3302 non
2579 3248 2827 3304 invenies
2857 3264 2869 3300 :
2901 3248 3156 3318 Quoniam
3199 3262 3267 3303 ex
3312 3252 3418 3317 qtio
3459 3246 3639 3315 Pater,
3673 3263 3739 3304 ex

2129 3341 2221 3395 illo
2247 3348 2302 3396 et
2324 3340 2489 3395 Filius
2521 3357 2533 3392 ε
2571 3350 2626 3395 et
2662 3339 2805 3410 quod
2834 3339 2997 3394 Pater
3025 3347 3130 3404 est,
3160 3338 3212 3393 id
3237 3349 3319 3394 est
3346 3340 3510 3394 etiam
3543 3338 3737 3405 Filius,

2128 3432 2420 3487 Salomone
2443 3432 2657 3488 dicente
2683 3447 2698 3487 :
2732 3430 2841 3503 Ego
2870 3447 2933 3485 ex
2953 3446 3039 3486 ore
3064 3430 3314 3486 Altissinii
3335 3432 3525 3502 prodii,
3552 3432 3743 3502 primo-

2132 3528 2302 3598 genita
2332 3536 2449 3581 ante
2472 3542 2672 3581 onmem
2695 3536 3006 3580 creaturam.
3042 3523 3153 3596 Ego
3172 3526 3288 3594 feci,
3318 3526 3372 3578 ut
3398 3526 3453 3579 in
3482 3525 3608 3580 caelo
3639 3525 3744 3580 ori-

2132 3626 2271 3673 retur
2298 3620 2464 3673 lninen
2507 3618 2839 3687 inde/ieiens,
2888 3626 2935 3671 et
2988 3617 3123 3671 sicut
3167 3617 3355 3671 nebula
3402 3617 3501 3671 texi
3547 3631 3745 3670 omnem

2136 3722 2343 3766 terram.
2370 3710 2481 3782 Ego
2508 3712 2560 3763 in
2588 3710 2849 3764 altissimis
2877 3708 3070 3772 habito,
3093 3718 3141 3762 et
3165 3709 3381 3763 thronus
3406 3725 3547 3763 meus
3575 3710 3630 3762 in
3669 3725 3746 3763 co-

2136 3804 2311 3857 lunma
2338 3802 2504 3856 nubis.
2541 3800 2735 3872 Cyrum
2765 3799 2878 3855 caeli
2905 3800 3113 3854 circuivi
3152 3800 3263 3855 sola
3283 3843 3298 3868 ,
3328 3810 3374 3854 et
3418 3800 3738 3871 profundum

2136 3896 2305 3967 abyssi
2336 3896 2609 3964 penetravi.
2640 3893 2707 3947 In
2751 3909 2947 3949 onmem
3002 3902 3189 3948 ten-am
3229 3894 3365 3959 steti,
3395 3904 3441 3949 et
3468 3895 3522 3948 in
3549 3895 3741 3966 papula

2140 3991 2416 4060 primatum
2446 3988 2600 4043 habui
2645 3986 2998 4061 (Ecclesiast.,
3042 3986 3219 4060 xstv).
3252 3988 3383 4043 item
3429 3987 3502 4043 ibi
3552 4007 3566 4043 :
3621 3987 3750 4043 Cum

2140 4094 2455 4159 prtrpararet
2489 4083 2691 4149 caelum,
2724 4083 2933 4137 aderam
2985 4081 3086 4147 illi,
3131 4092 3178 4137 et
3220 4099 3335 4137 cum
3388 4082 3559 4137 sedem
3604 4098 3751 4137 suam

2140 4190 2438 4237 secerneret.
2502 4177 2721 4246 Quando
2768 4196 2919 4249 super
2976 4189 3147 4233 ventos
3206 4182 3361 4251 fortes
3420 4178 3638 4250 faciebat
3694 4179 3751 4233 in

2142 4292 2340 4330 summa
2362 4275 2541 4339 nubes,
2584 4281 2630 4328 et
2660 4289 2773 4327 cum
2821 4283 2981 4327 certos
3021 4272 3237 4342 ponebat
3270 4276 3434 4344 fontes
3464 4270 3556 4327 sub
3600 4272 3748 4340 caelo,

2144 4380 2257 4423 cum
2298 4368 2453 4438 fortia
2484 4366 2701 4439 faciebat
2741 4365 3074 4436 fundamenta
3105 4375 3283 4432 terra,
3314 4380 3405 4435 ego
3436 4379 3597 4429 eram,
3632 4380 3751 4417 cum

2144 4463 2236 4520 illo
2263 4477 2590 4533 componens,
2622 4471 2668 4515 et
2695 4476 2786 4532 ego
2817 4473 2977 4525 erant,
3000 4458 3083 4512 cui
3111 4456 3432 4527 adaugebat,
3463 4472 3576 4510 cum
3606 4457 3753 4511 laua-

2148 4567 2288 4612 retur
2315 4556 2434 4610 orbe
2461 4557 2681 4627 perfecto
2715 4550 3008 4624 (Proverb.,
3037 4548 3175 4622 vui).
3208 4548 3275 4604 Et
3302 4550 3356 4604 in
3387 4549 3596 4620 psalmo
3624 4564 3752 4605 cen-

2060 4651 2114 4711 D
2142 4651 2333 4705 tesimo
2364 4648 2535 4718 primo
2565 4665 2577 4701 :
2614 4646 2711 4711 Tu,
2768 4644 3009 4711 Domine,
3042 4644 3095 4697 in
3130 4643 3381 4713 principio
3406 4652 3596 4697 terram
3627 4646 3748 4712 fun-

2142 4744 2292 4808 dasti,
2322 4752 2367 4796 et
2394 4758 2548 4812 opera
2571 4754 2813 4793 manuum
2840 4747 3041 4792 tuarum
3057 4745 3174 4789 sunt
3202 4734 3336 4789 coeli.
3357 4731 3467 4803 Ipsi
3493 4732 3751 4802 peribunt,

2144 4849 2199 4894 tu
2229 4848 2395 4893 autem
2428 4814 2691 4909 permanes
2709 4878 2722 4899 ,
2750 4843 2794 4886 et
2823 4832 2952 4887 sicut
2979 4828 3293 4900 opertorium
3322 4826 3540 4882 mutabis
3566 4842 3673 4892 eos,
3703 4836 3751 4880 et

2144 4935 2475 4988 mutabuntur
2503 4946 2519 4983 :
2552 4940 2605 4984 tu
2635 4938 2803 4981 autem
2846 4926 2981 4980 idem
3007 4925 3118 4994 ipse
3162 4938 3235 4988 es,
3267 4931 3314 4975 et
3355 4920 3477 4974 anni
3521 4919 3594 4973 tui
3646 4934 3748 4974 non

2145 5029 2401 5099 deficient.
2433 5026 2549 5082 Non
2598 5025 2741 5081 enim
2773 5024 2889 5077 erat
2937 5028 3087 5087 tetas,
3119 5028 3212 5073 aut
3248 5016 3467 5089 aliquod
3510 5026 3745 5088 tempus,

2144 5133 2433 5192 antequam
2464 5118 2531 5174 de
2571 5118 2729 5174 Patre
2760 5114 2931 5172 Filius
2966 5123 3307 5179 nasceretur;
3364 5112 3617 5183 quoniam
3665 5110 3754 5180 qui

2145 5226 2386 5285 tempora
2442 5212 2691 5268 universa
2738 5209 2955 5282 propria
3010 5212 3273 5276 potestate
3326 5203 3633 5267 Constituit,
3684 5217 3752 5258 cx

2140 5318 2384 5379 tempore
2431 5307 2516 5363 vel
2552 5314 2672 5377 post
2700 5316 2940 5374 tempora
2970 5303 3117 5357 nasci
3157 5308 3263 5356 non
3306 5303 3482 5372 potuit
3509 5298 3611 5370 (Ι).
3652 5297 3754 5354 His

2142 5400 2330 5472 pauzis
2376 5399 2685 5463 sententiis,
2731 5396 2967 5451 breviter
3008 5393 3272 5449 consultis
3319 5394 3423 5449 tuis
3470 5389 3753 5460 respondi,

2143 5492 2310 5547 frater
2340 5491 2677 5547 charissime.
2729 5488 2803 5542 De
2852 5495 3050 5542 caetero
3089 5497 3235 5542 tuam
3274 5499 3476 5541 moneo
3501 5480 3751 5539 dilectio-

2145 5600 2288 5651 nem,
2317 5595 2370 5638 ut
2392 5590 2618 5638 cunctos
2637 5625 2653 5651 ,
2684 5596 2818 5651 quos
2845 5595 3031 5636 errare
3058 5577 3402 5651 cognoveris,
3437 5574 3505 5631 ad
3528 5575 3757 5632 catholi-

2143 5690 2259 5731 cam
2293 5674 2475 5739 ﬁdem,
2501 5686 2555 5729 et
2576 5673 2643 5728 ad
2672 5673 2933 5730 unitatem
2974 5683 3124 5729 recte
3154 5668 3487 5726 credentium
3515 5684 3750 5724 conver-

2219 5786 2297 5859 (1)
2331 5786 2601 5843 Hactenus
2646 5788 2830 5845 Ithacii
2857 5790 3017 5848 verba
3043 5828 3057 5857 ,
3091 5783 3234 5846 unde
3289 5783 3433 5843 fraus
3475 5781 3761 5853 Mangonis

2147 5858 2418 5930 detegitur
2456 5860 2875 5917 evidentissima.
