3990 6060
233 255 319 316 ss
1520 232 1843 311 Eptsrou

1953 249 2181 310 tUBhE.
3479 253 3553 311 86

230 378 359 429 tere
404 367 643 436 studeas,
683 374 739 426 et
766 373 823 424 tu
867 381 1157 440 numquam
1199 366 1267 423 ab
1302 367 1599 440 apostolico
1626 369 1843 426 tramite
1870 370 1925 430 A
1948 367 2140 435 hostis,
2168 369 2316 439 cujus
2341 368 2539 425 invidia
2563 386 2705 427 mors
2738 371 2964 429 introivit
3003 376 3058 429 in
3085 374 3258 432 orbem
3301 384 3553 435 terrarum

232 463 486 523 recedas.
517 463 574 519 Si
599 470 779 518 autem
812 470 863 517 te
886 477 990 517 non
1020 460 1307 529 audierint,
1331 469 1643 518 etcrrantes
1674 461 1843 535 (quod

232 555 408 630 absit)
441 555 875 630 permanserint,
918 554 1075 610 nobis
1129 570 1224 611 eos
1272 555 1651 622 manifestare,
1682 570 1843 626 quam

237 652 409 707 cilius
435 654 675 722 poteris:
709 663 819 703 non
862 647 1071 711 tardes,
1104 658 1162 704 ιιι
1192 648 1486 720 apostolica
1526 648 1849 704 auctoritate

236 753 335 800 aut
367 742 479 799 cito
505 741 571 796 ad
603 736 904 796 Ecciesiam
935 749 1343 807 convertantur,
1391 749 1483 795 aut
1514 740 1582 796 ab
1604 740 1845 796 Ecclesia

237 844 588 907 separentur.
628 834 951 890 Audivimns
996 835 1158 889 etiam
1200 834 1342 907 quod
1368 834 1582 906 quidam
1608 836 1847 902 erronei,

238 942 294 989 et
312 930 722 987 consentientes
750 929 851 996 eis,
879 939 930 984 te
949 937 1005 984 et
1032 929 1270 999 reliquos
1295 929 1554 986 infestent
1576 929 1851 999 coepisco-

241 1040 342 1097 pos
370 1031 425 1080 et
451 1024 741 1093 episcopos
776 1023 986 1092 aliquos
1012 1022 1496 1093 comprovinciaies
1525 1022 1591 1078 ad
1616 1032 1850 1079 vestram

240 1115 652 1172 infamationem
684 1123 847 1186 atque
873 1113 1275 1171 damnationem
1305 1130 1489 1172 secum
1520 1116 1756 1171 trahant.

319 1208 661 1279 Quapropter
706 1207 759 1263 in
811 1207 911 1265 bac
959 1218 1144 1263 sancta
1187 1208 1317 1265 sede
1358 1207 1562 1265 dudum
1609 1226 1641 1265 a
1668 1210 1853 1267 multis

245 1301 524 1372 episcOpis
561 1300 912 1355 consumtum
959 1308 1110 1368 erat,
1139 1308 1193 1356 et
1225 1300 1385 1356 modo
1415 1300 1483 1356 ad
1523 1310 1765 1357 vestrum
1794 1309 1849 1357 et

242 1405 574 1449 exterarum
601 1391 827 1448 fratrum
857 1392 1117 1448 auxilium
1166 1402 1250 1447 est
1292 1392 1473 1448 denuo
1514 1392 1851 1457 roboratum,

240 1496 307 1543 ut
344 1501 535 1542 omnes
583 1487 844 1557 episcopi,
896 1486 987 1558 qui
1041 1487 1093 1541 in
1144 1485 1466 1557 quibusdam
1515 1486 1854 1557 gravioribus

238 1578 532 1649 pulsantur
557 1578 644 1635 vel
665 1579 1020 1634 criminantur
1042 1570 1238 1644 causis,
1258 1579 1466 1649 quoties
1492 1594 1717 1636 necesse
1737 1578 1853 1635 fue-

242 1671 339 1736 rit,
370 1668 547 1728 libere
591 1671 944 1742 apostolicam
994 1670 1267 1742 appellent
1314 1670 1519 1739 sedem,
1578 1681 1740 1743 atque
1784 1671 1851 1727 ad

242 1780 369 1821 eam
410 1764 566 1835 quasi
602 1763 670 1818 ad
715 1771 940 1818 matrem
992 1761 1324 1831 confugiant,
1368 1771 1423 1818 ut
1467 1762 1535 1818 ab
1580 1778 1643 1818 ea
1688 1761 1851 1836 (sicut
1881 1774 1927 1833 Β

241 1871 463 1926 semper
492 1853 612 1922 fuit)
639 1855 725 1925 pie
750 1854 1058 1919 fniciantur,
1078 1851 1438 1910 defendantur
1456 1863 1510 1909 et
1530 1854 1848 1910 liberentur.

235 1947 410 2020 Cujus
436 1946 777 2019 dispositioni
805 1960 994 2002 omnes
1035 1946 1268 2017 majores
1296 1947 1693 2003 ecclesiasticas
1724 1962 1851 2004 cau-

235 2055 334 2098 sas
387 2051 442 2096 et
491 2041 871 2112 episcoporum
914 2039 1137 2109 judicia,
1195 2040 1420 2110 antiqua
1480 2041 1851 2112 apostolorum

235 2149 538 2205 eorumque
593 2147 968 2189 successorum
1028 2140 1191 2203 atque
1240 2147 1507 2188 canonum
1556 2134 1851 2191 auctoritas

236 2227 575 2292 reservavit,
611 2226 864 2296 quoniam
894 2225 1109 2295 quando
1138 2226 1423 2296 culpantur
1450 2227 1725 2299 episcopi,
1758 2228 1851 2299 qui

235 2321 402 2376 aliter
422 2334 549 2391 erga
574 2319 769 2375 fratres
795 2320 1036 2389 egerint,
1067 2333 1229 2389 quam
1257 2318 1497 2389 ejusdem
1527 2320 1674 2374 sedis
1696 2335 1850 2391 papa:

232 2412 358 2469 ﬁeri
377 2410 653 2483 placuerit.
677 2410 829 2468 Unde
847 2411 1133 2481 placuit,ut
1155 2422 1437 2467 accusatus
1454 2413 1539 2469 vel
1565 2414 1841 2484 judicatus

233 2524 263 2562 a
293 2507 844 2580 comprovinciaiibus
866 2507 917 2561 in
942 2507 1118 2577 aliqua
1149 2522 1307 2562 causa
1340 2509 1649 2579 episcopus,
1682 2510 1848 2565 licen-

232 2613 328 2658 ter
365 2601 602 2673 appellet
632 2612 684 2657 et
713 2601 872 2657 adeat
902 2599 1216 2673 apostolica:
1243 2601 1388 2657 sedis
1440 2601 1624 2669 (Cone.
1658 2601 1843 2671 Sard.,

230 2712 363 2749 can.
391 2694 451 2758 4,
482 2695 538 2762 ὅ,
568 2692 639 2765 7)
685 2695 1012 2766 pontiﬁcem.
1056 2695 1157 2763 Qui
1205 2705 1299 2750 aut
1344 2710 1440 2765 per
1482 2711 1579 2764 se,
1629 2707 1722 2752 aut
1753 2712 1848 2768 per

230 2788 475 2844 vicarios
499 2803 645 2856 suos,
675 2789 919 2858 ejusdem
949 2790 1227 2845 retractari
1254 2791 1527 2861 negotium
1561 2801 1836 2862 procuret.

231 2880 310 2937 Et
344 2881 472 2937 dum
516 2880 709 2939 iterato
734 2882 938 2952 judicio
980 2883 1221 2953 pontifex
1257 2898 1473 2939 causam
1523 2899 1674 2939 suam
1713 2885 1843 2957 agit,

232 2978 419 3036 nullus
456 2980 595 3035 alius
634 2981 689 3036 in
744 2981 860 3052 ejus
908 2981 1023 3037 loco
1056 2992 1284 3053 ponatur
1310 2992 1403 3037 aut
1428 2983 1707 3040 ordinetur
1732 2985 1848 3056 epi-

230 3089 432 3145 scopus
472 3093 487 3133 :
532 3076 784 3147 quoniam
834 3092 1160 3147 quamquam
1213 3092 1240 3131 a
1301 3079 1844 3148 comprovincialibus

1952 461 2134 535 (Sap.,
2167 461 2253 535 n),
2281 472 2408 518 sunt
2432 479 2646 535 semper
2666 466 2806 521 oculi
2840 467 3029 537 vigiles
3056 467 3121 523 ad
3151 468 3360 527 animas
3381 470 3560 529 homi—

1951 570 2077 609 num
2103 554 2527 626 illaqueandum,
2560 557 2866 629 multosque
2912 574 3007 613 sua
3049 560 3317 631 pravitate
3370 577 3556 619 secum

1952 648 2005 702 in
2036 648 2393 722 perditionem
2425 650 2641 706 trahere
2686 653 2869 722 cupit,
2916 653 3005 723 qui
3051 665 3243 725 suapte
3278 656 3481 713 malitia
3525 674 3557 715 ιι

1950 745 2119 816 gloria
2167 745 2353 816 lapsus
2378 755 2461 802 cst
2484 747 2536 801 in
2572 747 2869 801 miseriam.
2903 748 2957 802 In
2982 748 3094 802 sola
3125 764 3257 820 ergo
3285 750 3559 809 Creatoris

1953 836 2124 891 nostri
2157 839 2490 907 protectione
2528 837 2799 893 ﬁdendnm
2830 847 2932 906 est,
2961 840 3046 893 cui
3076 854 3143 894 ex
3172 840 3365 898 intimo
3390 843 3556 901 corde

1953 930 2246 987 clametnns
2279 951 2291 986 :
2338 932 2459 987 Esto
2491 933 2612 987 nti/ti
2644 934 2697 987 in
2724 933 2891 988 Deum
2930 944 3262 1002 protectorem
3291 946 3335 992 et
3375 938 3430 992 in
3476 939 3556 994 lo-

1954 1040 2069 1078 cum
2096 1026 2364 1087 munitum,
2401 1034 2456 1078 ut
2492 1025 2688 1079 salvum
2718 1043 2796 1079 me
2822 1027 2985 1097 facias
3006 1026 3177 1098 (Psal.
3196 1044 3304 1083 xxx
3330 1038 3378 1085 et
3403 1032 3557 1102 Lxx).

1956 1118 2087 1171 Data
2133 1114 2241 1170 kal.
2284 1117 2609 1188 scptembris
2656 1117 2734 1191 (l)
2779 1117 3065 1174 Valeriano
3111 1128 3166 1177 et
3213 1121 3395 1191 Decio,
3429 1123 3559 1179 viris

1955 1209 2269 1266 clarissimis
2291 1211 2626 1267 consulibus.

2536 1393 2874 1451 EPISTOLA
2915 1394 2977 1453 ii.

1957 1536 2345 1591 ARGUMENTUM.
2374 1562 2447 1573 —
2467 1532 2509 1587 1.
2543 1531 2606 1587 Si
2630 1534 2744 1604 quis
2770 1532 3011 1589 adversus
3035 1534 3299 1607 episcopos
3324 1535 3403 1591 uel
3423 1546 3562 1591 acto-

2026 1640 2108 1683 res
2138 1624 2383 1682 Ecclesia:
2401 1640 2608 1681 causam
2633 1624 2886 1692 habuerit,
2913 1626 3026 1696 quis
3047 1642 3099 1680 se
3119 1636 3274 1697 geret.

1956 1721 2021 1779 ll.
2052 1720 2129 1779 De
2147 1724 2400 1796 episcopis
2417 1722 2566 1778 rebus
2588 1724 2881 1793 expotiatis,
2912 1730 3000 1776 aut
3027 1736 3058 1776 α
3087 1720 3207 1777 sede
3234 1723 3415 1793 pulsis.

1955 1812 2041 1875 ill.
2069 1817 2138 1875 Ut
2165 1820 2336 1875 nullus
2366 1819 2637 1891 episcopus
2661 1814 2872 1873 alterius
2914 1816 3286 1889 parochianum
3328 1817 3561 1886 retineat,

2027 1914 2247 1978 ordinet,
2266 1913 2346 1969 uel
2358 1911 2577 1986 judicet.

1953 1996 2048 2064 Ν.
2074 2007 2151 2063 De
2179 2008 2431 2081 episcopis
2458 2008 2649 2078 injuste
2679 2005 2959 2075 damnatis,
2998 2014 3046 2060 et
3074 2005 3359 2076 apostolica
3386 2005 3563 2061 ducto-

2026 2101 2180 2155 ritate
2200 2101 2464 2155 restitutis.
2830 2093 2845 2106 ’

1954 2195 2021 2253 ν.
2044 2196 2196 2265 Quod
2218 2194 2643 2251 excommunicati
2664 2196 2929 2264 episcopos
2946 2208 3189 2248 accusare
3210 2206 3312 2247 non
3330 2201 3560 2265 possunt,

2026 2306 2118 2346 nec
2142 2290 2223 2345 illi
2249 2289 2338 2361 qui
2365 2304 2447 2344 eos
2477 2289 2531 2343 in
2554 2296 2648 2344 sua
2676 2303 2776 2341 non
2805 2286 3054 2353 recipiunt
3084 2285 3424 2353 accusatione,
3470 2296 3562 2339 nec

2024 2384 2191 2451 major
2222 2399 2254 2436 a
2280 2381 2465 2435 minori
2485 2379 2735 2451 judicari,
2763 2378 2842 2433 vel
2871 2376 3127 2431 damnari.

1953 2537 2314 2593 Dilectissimis
2344 2536 2591 2607 fratribus
2620 2552 2712 2608 per
2730 2534 3106 2607 Hispaniarum
3136 2537 3559 2607 provinciascon-

2025 2631 2233 2698 stitutis,
2268 2629 2452 2687 Sixtus
2493 2631 2766 2701 episcopus
2803 2630 2859 2683 in
2900 2627 3121 2684 Domino
3158 2631 3395 2686 salutem.

2023 2791 2217 2863 Magno
2267 2805 2492 2847 munere
2542 2790 2630 2862 (ς.
2671 2788 2798 2858 Leo,
2842 2788 3012 2860 Epist.
3045 2788 3141 2860 54)
3169 2787 3560 2847 misericordiae

1954 2887 2071 2954 Dei,
2104 2886 2268 2941 totius
2299 2884 2557 2941 Ecclesia:
2577 2883 2874 2939 Catholicae
2901 2883 3254 2953 multiplicata
3280 2891 3408 2938 sunt
3426 2898 3560 2953 gau-

1950 2978 2060 3045 dia,
2104 2993 2226 3033 cttm
2276 2977 2631 3033 ecclesiarum
2679 2984 2851 3030 status
2893 2989 2960 3031 co
3004 2976 3148 3047 viget
3189 2974 3402 3041 ordine,
3451 2990 3559 3045 quo

1949 3071 2207 3143 apostoli,
2241 3084 2919 3141 eorumquesuccessores
2947 3064 3098 3124 illum
3129 3077 3454 3125 statuerunt.
3491 3070 3559 3124 Et

231 3166 505 3236 episcopis
546 3168 783 3222 accusati
836 3182 1052 3223 causam
1095 3169 1365 3238 pontificis
1395 3171 1621 3224 serutari
1659 3170 1839 3238 liceat,
1870 3169 1915 3232 C
1948 3182 2071 3222 cum
2105 3165 2311 3235 antiqui
2342 3164 2513 3219 hostis
2540 3163 2739 3218 astutia
2767 3177 2889 3217 eum
2921 3162 3122 3218 turbari
3153 3162 3553 3233 cognoscimus,

230 3274 345 3315 non
397 3269 574 3315 tamen
620 3259 869 3325 definiri,
926 3261 1228 3317 inconsulto
1289 3278 1513 3318 romano
1554 3263 1839 3334 pontifice,

230 3353 557 3425 permissum
582 3363 688 3420 est,
721 3370 842 3409 cum
864 3353 1025 3410 beato
1062 3354 1221 3410 Petro
1246 3356 1492 3425 apostolo
1518 3373 1621 3410 non
1650 3357 1717 3412 ab
1739 3356 1844 3414 aiio

233 3462 398 3517 quam
438 3448 505 3502 ab
535 3448 655 3518 ipso
688 3447 892 3503 dictum
924 3448 991 3502 sit
1024 3449 1249 3502 Domino
1280 3466 1293 3502 :
1328 3449 1673 3522 Qumuntque
1713 3451 1845 3521 liga-

231 3542 369 3596 veris
395 3558 547 3612 super
573 3552 781 3606 terram,
802 3553 948 3596 erunt
979 3543 1139 3615 ligata
1164 3554 1211 3597 et
1238 3544 1289 3597 in
1312 3545 1439 3599 caelo
1472 3561 1489 3598 :
1516 3556 1564 3598 et
1586 3561 1841 3614 quaecum-

232 3650 336 3705 que
386 3635 592 3688 solveris
647 3651 802 3706 super
848 3646 1057 3702 terram,
1118 3645 1265 3690 erunt
1318 3637 1486 3691 soluta
1529 3646 1576 3691 et
1619 3638 1673 3692 in
1718 3638 1845 3693 ccelo

234 3723 485 3798 (Μαιιιιη
515 3739 598 3782 xvt
630 3736 677 3782 et
706 3727 882 3801 xvnt).
940 3727 1008 3783 Et
1038 3729 1081 3783 si
1111 3730 1232 3800 quis
1265 3731 1533 3799 putaverit
1562 3745 1622 3786 se
1648 3747 1679 3786 a
1712 3746 1841 3801 pro-

228 3820 356 3892 prio
379 3822 795 3892 metropolitano
813 3823 1048 3893 gravari,
1074 3821 1214 3893 apud
1239 3822 1522 3894 primatem
1544 3823 1844 3881 dimceseos

232 3914 465 3988 (Hadr.,
498 3916 644 3982 coll.,
667 3935 714 3973 c.
746 3916 824 3988 6),
856 3926 946 3971 aut
974 3932 1142 3988 penes
1184 3917 1499 3973 universalis
1531 3918 1843 3989 apostolicae

226 4007 486 4066 ecclesiae
504 4024 690 4080 papam
704 4003 995 4080 judicé’tnr.
1014 4009 1100 4063 Ait
1122 4010 1261 4064 enim
1279 4009 1512 4065 Jacobus
1532 4010 1838 4079 apostolus:

226 4101 511 4155 Judicium
537 4101 641 4154 sine
663 4100 1008 4155 misericordia
1036 4102 1115 4156 illi
1140 4102 1246 4171 ﬁet,
1274 4101 1360 4170 qui
1395 4118 1496 4156 non
1527 4103 1648 4173 fecit
1686 4102 1839 4156 mise-

228 4193 535 4248 ricordiam.
593 4192 961 4265 Superextollit
993 4204 1162 4247 autem
1205 4194 1606 4248 misericordiam
1640 4193 1843 4263 judicio

232 4284 430 4342 Iacob.
484 4286 542 4340 ln
589 4286 841 4341 omnibus
892 4303 1019 4358 ergo
1064 4287 1150 4358 (S.
1197 4286 1377 4359 Greg.,
1429 4287 1577 4359 epist.
1624 4286 1718 4353 43,
1752 4284 1838 4339 lib.

229 4375 387 4449 vni),
450 4377 525 4431 fili
568 4377 906 4442 charissime,
960 4394 1055 4433 cor
1105 4378 1336 4445 custodi,
1394 4379 1536 4433 sicut
1582 4379 1841 4449 scriptum

229 4486 309 4530 est
341 4491 356 4528 :
393 4473 549 4528 Omni
576 4475 807 4528 custodia
835 4474 1033 4528 custodi
1060 4491 1150 4529 cor
1181 4476 1482 4541 tuum,quia
1509 4491 1573 4528 ea:
1600 4475 1714 4544 ipso
1744 4474 1845 4527 vita

1949 3273 2057 3314 non
2092 3257 2306 3313 modico
2326 3260 2711 3313 contristamur
2733 3270 2989 3313 nitnrorc.
3017 3258 3190 3324 Quam
3218 3254 3289 3310 ob
3312 3268 3555 3323 causam,

1947 3354 2167 3419 fratres,
2201 3352 2482 3408 hortamur
2510 3366 2627 3418 vos,
2659 3365 2943 3406 monemus
2988 3358 3044 3405 et
3082 3348 3408 3420 ﬂagitamus,
3442 3356 3558 3405 uta

1951 3446 2166 3502 tramite
2188 3443 2503 3515 apostolica:
2520 3443 2882 3499 institutionis
2904 3458 3239 3514 nequaquam
3264 3443 3554 3514 recedatis,

1948 3555 2050 3596 nec
2075 3555 2105 3594 a
2131 3540 2313 3609 capite
2343 3539 2670 3606 dissideatis,
2701 3538 2799 3595 sed
2831 3539 2995 3595 fidem
3014 3548 3070 3595 et
3098 3538 3366 3607 ordinem,
3393 3551 3557 3608 quem

1947 3634 2182 3706 apostoli
2209 3644 2264 3690 et
2298 3634 2581 3706 apostolici
2613 3633 2713 3689 viri
2743 3640 3047 3688 statuerunt
3083 3631 3290 3703 absque
3344 3630 3558 3687 ltmsita-

1950 3731 2097 3787 tione
2126 3731 2377 3786 teneatis.
2422 3728 2558 3784 Nam
2588 3729 2633 3785 si
2664 3729 2928 3783 columnae
2959 3726 3188 3798 alicujus
3216 3740 3423 3797 magna:
3460 3724 3557 3781 do-

1947 3839 2071 3879 mus
2096 3824 2425 3891 eorruerint,
2478 3821 2594 3894 ipsa
2640 3832 2828 3893 postea
2878 3821 3073 3877 domus
3106 3820 3327 3876 minime
3366 3819 3553 3876 stabit.

1950 3918 2040 3974 Sic
2068 3926 2123 3973 et
2148 3932 2267 3985 vos,
2298 3918 2389 3988 qui
2417 3916 2687 3971 columnae
2716 3914 2966 3971 ecclesia:
2991 3913 3140 3978 estis,
3173 3913 3219 3968 si
3244 3911 3556 3969 labefactari

1948 4010 2246 4081 cmperilis,
2295 4018 2481 4067 sancta
2513 4008 2778 4076 Ecclesia,
2811 4022 2933 4080 quae
2961 4022 3057 4077 per
3095 4021 3193 4062 vos
3219 4007 3441 4077 regitur,
3471 4014 3552 4060 ta-

1948 4104 2138 4161 bescet
2180 4115 2236 4162 et
2276 4106 2513 4163 labetur.
2543 4105 2690 4173 Haec,
2734 4104 2950 4170 fratres,
2992 4118 3110 4174 quae
3137 4100 3266 4168 duo,
3299 4099 3457 4155 valde
3488 4099 3555 4154 ti-

1947 4202 2144 4259 menda
2173 4212 2320 4271 sunt,
2344 4210 2401 4257 et
2426 4214 2639 4257 summo
2667 4198 3037 4255 moderamine
3064 4192 3362 4267 pensanda,
3393 4202 3554 4265 atque

1948 4314 2018 4354 ne
2068 4298 2220 4359 liant,
2252 4294 2517 4352 cavenda.
2573 4293 2696 4365 ipsa
2740 4292 2881 4349 enim
2927 4291 3131 4347 veritas
3159 4305 3257 4362 per
3286 4305 3348 4345 se
3373 4287 3553 4344 dixit:

1957 4390 2060 4446 Vos
2083 4390 2204 4445 estis
2223 4389 2302 4445 sal
2329 4398 2478 4444 teme
2502 4402 2514 4439 :
2545 4385 2683 4458 quod
2713 4386 2758 4440 si
2782 4384 2862 4440 sal
2891 4384 3171 4450 evanuerit,
3203 4383 3259 4437 in
3284 4399 3383 4453 quo
3403 4382 3556 4437 salie-

1950 4484 2072 4539 tur?
2113 4491 2216 4539 etc.
2247 4479 2487 4554 (Manta,
2522 4494 2591 4544 v;
2623 4478 2801 4547 Rom,
2834 4476 2906 4547 ι).
2933 4475 3056 4532 ideo
3084 4489 3202 4542 vos,
3230 4474 3552 4542 charissimi,

231 4569 463 4637 procedit
507 4566 778 4640 (Proverb.
812 4569 910 4638 tv).
943 4567 1068 4623 Haec
1116 4566 1354 4622 breviter
1384 4574 1482 4637 pro
1507 4581 1839 4622 commetno-
1868 4564 1921 4623 D
1948 4591 2166 4639 moneo,
2194 4575 2319 4645 quia
2348 4572 2502 4630 vobis
2532 4572 2748 4629 debitor
2772 4587 2913 4637 sum,
2964 4580 3020 4627 et
3053 4569 3213 4626 valde
3241 4584 3339 4626 vos
3365 4569 3556 4640 diligo.

232 4660 448 4715 ratione
472 4659 727 4729 rescripsi
762 4675 774 4711 :
818 4660 911 4715 sed
947 4668 1069 4729 peto
1101 4667 1157 4712 ut
1186 4673 1281 4728 pro
1307 4673 1393 4712 me
1423 4673 1581 4713 orare
1605 4657 1839 4725 debeas,

233 4763 500 4825 quatenus
537 4754 880 4824 omnipotens
916 4753 1057 4808 Dens
1100 4763 1154 4808 et
1180 4768 1208 4804 ιι
1240 4752 1490 4822 malignis
1522 4765 1608 4804 me
1637 4750 1851 4821 Spiriti-

235 4846 359 4912 bus,
386 4857 441 4902 et
493 4860 522 4900 a
565 4845 840 4916 perversis
887 4843 1195 4899 hominibus
1243 4841 1518 4898 custodire
1562 4841 1838 4911 dignetur;

235 4942 367 5013 quia
393 4942 443 4996 itt
471 4941 572 4996 hac
600 4942 727 4996 vitae
757 4955 892 4995 mem
921 4940 1352 5011 peregrinatione
1377 4939 1517 4995 mala
1557 4953 1644 4993 me
1682 4938 1844 4993 simul

236 5041 295 5089 et
321 5031 848 5095 mnitacircntndant,
873 5031 941 5085 ita
968 5040 1025 5085 ut
1046 5047 1166 5086 eum
1197 5031 1477 5085 Psalmista
1497 5030 1617 5100 jure
1630 5029 1839 5084 dicam:

236 5124 309 5180 In
341 5140 425 5178 me
458 5126 761 5180 transierunt
803 5126 895 5179 ἕνας
925 5135 1054 5190 tum,
1086 5133 1133 5177 et
1164 5134 1378 5177 terrores
1408 5123 1483 5176 tui
1510 5120 1844 5176 conturbave-

236 5227 360 5273 rurtl
386 5232 491 5272 me.
536 5215 984 5273 Circumdederunt
1031 5233 1109 5270 me
1133 5217 1261 5271 sicut
1311 5233 1444 5287 aqua
1472 5226 1576 5270 tota
1618 5216 1718 5282 die,
1745 5216 1848 5269 cir-

237 5309 613 5366 cumdederunt
653 5327 731 5366 me
783 5310 941 5365 simul
995 5309 1219 5383 (l’salm.
1278 5309 1541 5381 vaxvn).
1595 5308 1845 5367 leestis

236 5405 408 5476 gratia
437 5412 495 5460 et
520 5417 620 5459 nos
650 5404 701 5458 in
734 5402 979 5468 urbibus,
1007 5414 1061 5460 et
1081 5419 1179 5461 vos
1199 5403 1400 5475 ubique
1425 5412 1687 5475 protegat,
1718 5404 1842 5475 quia

238 5496 497 5567 antiquus
518 5494 696 5552 hostis
720 5504 985 5550 terrarum
1008 5495 1139 5551 locis
1158 5510 1188 5550 a
1210 5495 1501 5551 tentatione
1531 5512 1636 5552 non
1664 5494 1843 5550 exclu-

235 5589 430 5643 ditur:
459 5589 585 5659 quia
621 5589 669 5643 si
704 5589 759 5643 in
793 5587 1042 5659 paradiso
1068 5587 1340 5643 hominem
1391 5586 1580 5642 stravit
1609 5587 1842 5659 (lienes,

237 5684 343 5753 ιιι),
371 5680 497 5751 quis
520 5680 670 5737 locus
699 5690 852 5737 extra
896 5680 1201 5750 paradisum
1250 5695 1374 5736 esse
1420 5689 1627 5749 potest,
1659 5681 1710 5736 in
1740 5696 1846 5751 quo

239 5786 460 5835 mentes
490 5774 769 5834 hominum
797 5783 1081 5848 penetrare
1097 5788 1201 5832 non
1227 5772 1434 5833 valeat?
1456 5775 1676 5847 Antiqui
1704 5774 1846 5835 enim

1949 4670 2018 4727 Et
2046 4670 2262 4741 quando
2294 4667 2433 4725 bona
2480 4666 2642 4723 audio
2673 4666 2740 4723 de
2768 4665 2946 4732 vobis,
2997 4664 3344 4736 congratulor
3372 4662 3504 4718 satis
3538 4676 3551 4715 :

1949 4774 2003 4822 et
2032 4772 2286 4831 econtra,
2314 4761 2530 4835 quando
2577 4760 2832 4827 adversa,
2868 4760 3031 4816 nimis
3076 4759 3393 4815 conturbor.
3441 4757 3555 4827 Ego

1949 4875 2079 4916 vero
2104 4858 2349 4931 quamvis
2397 4872 2429 4911 a
2477 4855 2628 4913 vobis
2659 4871 2755 4927 per
2786 4855 2943 4926 longa
2974 4863 3239 4911 terrarum
3271 4851 3555 4909 intervalla

1948 4951 2255 5023 disjunctus
2283 4951 2409 5019 sim,
2452 4965 2571 5006 sum
2602 4957 2785 5005 tamen
2815 4948 3038 5004 omnino
3070 4946 3345 5001 vobiscum
3387 4944 3554 5001 corde

1946 5046 2264 5117 conjunctus
2282 5044 2372 5118 (S.
2391 5043 2548 5115 Greg.
2562 5045 2712 5114 epist.
2736 5042 2829 5111 56,
2854 5042 2971 5098 libri
2989 5040 3085 5109 tv).
3104 5036 3341 5111 ideoque
3368 5039 3434 5094 de
3454 5052 3551 5094 ve-

1949 5149 2061 5197 stra
2090 5138 2422 5196 beatitudine
2440 5153 2567 5208 erga
2589 5152 2677 5194 me
2692 5136 2868 5193 modis
2897 5133 3147 5190 omnibus
3173 5132 3410 5199 confido,
3427 5131 3555 5201 quia

1949 5250 2072 5291 cum
2094 5249 2183 5290 me
2205 5233 2442 5289 vicissim
2466 5232 2707 5304 diligitis,
2739 5247 2771 5286 a
2792 5244 2878 5285 me
2906 5228 3063 5300 longe
3083 5244 3191 5284 non
3218 5228 3369 5284 estis.
3403 5224 3555 5282 Unde

1953 5327 2125 5398 magis
2166 5327 2369 5398 gratias
2415 5326 2699 5382 referimus
2729 5323 2807 5378 illi
2847 5336 3016 5395 grano
3042 5322 3246 5393 sinapis
3299 5320 3553 5394 (Matth,

1948 5436 2079 5487 xm;
2111 5418 2305 5489 Mam,
2338 5434 2426 5486 tv;
2460 5418 2615 5485 Luc.,
2649 5417 2790 5489 χιιι),
2822 5417 2966 5488 quod
2992 5431 3058 5473 ex
3084 5416 3283 5472 modici
3308 5414 3557 5486 despica-

1948 5513 2182 5584 biiisque
2228 5512 2454 5568 seminis
2498 5512 2702 5581 specie,
2750 5510 2823 5567 ita
2865 5510 3031 5567 ramis
3056 5526 3123 5566 ex
3154 5508 3343 5566 eadem
3370 5508 3552 5564 radice

1950 5609 2313 5683 surgentibus,
2363 5615 2525 5679 atque
2569 5621 2631 5664 se
2668 5605 3121 5673 distendentibus,
3168 5614 3552 5675 usquequaque

2045 5760 2123 5844 (ἰ)
2150 5760 2312 5827 Falsa
2339 5762 2671 5838 temporibus
2689 5774 2835 5828 nota.
