3990 6060
450 183 522 242 87
1486 183 1666 241 SlX'l'l
1705 184 1912 243 PAP/E
1951 184 1996 242 Il
2040 183 2400 245 EPISTOLAB
2438 188 2688 249 DUBUE.
3686 191 3769 251 88

394 368 395 371 η
449 303 707 361 ditl‘usum
730 313 836 373 εει,
866 312 924 362 ιιι
950 304 1002 361 in
1030 303 1111 361 eis
1136 301 1379 359 volatilia
1405 302 1738 360 cmlieuneta
1768 303 2047 361 nidiﬁcent
2073 307 2127 368 Α
2150 307 2287 361 venit
2317 305 2560 376 (Mallia,
2587 305 2765 381 xvm).
2817 305 2888 363 Et
2928 318 3254 379 quamquam
3285 305 3432 379 juxta
3459 303 3765 365 Salvatoris

453 395 697 469 (Matth,
724 397 843 471 xm)
868 418 882 453 :
910 397 1187 469 gratiaque
1204 395 1277 452 sit
1299 396 1562 452 fermento
1590 397 1685 463 illi,
1713 395 1858 468 quod
1887 396 2058 455 tribus

446 488 639 544 farina:
663 491 795 545 satis
822 489 997 562 (an,
1031 490 1171 559 xm),
1220 489 1382 544 totius
1408 487 1631 545 humani
1660 489 1876 560 generis
1910 505 2055 547 mas-

447 596 566 637 sam
598 583 649 637 in
681 584 886 639 unitate
913 583 1217 655 conspersit
1270 602 1282 637 :
1330 593 1491 655 atque
1528 600 1696 654 parvo
1743 584 1931 655 lapidi,
1964 584 2058 656 qui

450 675 694 732 abscisus
713 677 781 733 de
803 688 984 732 monte
1007 678 1125 732 sine
1148 676 1416 742 manibus,
1439 679 1723 749 occupavit
1751 678 2054 734 universam

444 769 639 826 faciem
681 769 830 825 orbis
877 778 1035 825 terra:
1087 768 1278 843 (Dan.,
1327 767 1410 840 ιι).
1445 770 1546 839 Qui
1576 770 1642 825 ad
1674 770 1776 827 hoc
1806 780 2052 826 naturam

446 876 650 920 nostrae
693 866 895 929 carnis,
944 873 1000 920 et
1028 873 1200 920 status
1238 864 1452 920 servilis
1478 863 1707 920 formam
1749 879 2052 933 assumens,

446 957 726 1013 humiliter
755 972 814 1013 se
842 973 1229 1029 usquequaque
1253 956 1529 1021 distendit,
1559 967 1618 1012 ut
1646 959 1791 1012 omni
1817 958 2054 1024 humano

443 1066 643 1124 genere
693 1051 746 1106 in
793 1050 1050 1107 unitatem
1098 1050 1341 1113 redacto,
1377 1050 1540 1104 totius
1589 1062 1788 1119 corpus
1841 1048 2052 1104 unitum

442 1144 730 1216 perliceret
777 1142 1026 1198 ecclesiae
1081 1159 1095 1196 :
1145 1150 1307 1212 atque
1334 1142 1405 1196 ita
1436 1140 1503 1195 ad
1534 1141 1690 1195 istius
1718 1141 2053 1212 compaginis

444 1238 742 1312 pertineret
765 1235 1133 1304 commodum,
1160 1236 1527 1292 membrorum
1556 1235 1797 1306 partialis
1825 1235 1923 1289 ista
1941 1234 2053 1291 dis-

442 1331 654 1387 tinctio.
690 1330 843 1386 Unde
873 1344 972 1385 nos
1000 1344 1214 1400 quoque
1241 1345 1269 1381 a
1304 1328 1459 1383 vobis
1501 1328 1662 1399 longe
1703 1342 1811 1382 non
1839 1341 2047 1394 sumus,

441 1423 565 1493 quia
598 1423 648 1477 in
682 1423 795 1487 illo,
843 1423 931 1491 qui
966 1421 1162 1491 ubique
1198 1429 1300 1486 est,
1349 1435 1513 1474 unum
1554 1434 1763 1475 sumus.
1814 1420 2051 1491 Agamus

437 1533 568 1588 ergo
595 1518 643 1571 ei
675 1505 896 1587 gratias,
929 1515 1019 1586 qui
1053 1514 1246 1570 solutis
1275 1513 1572 1571 inimicitiis
1612 1514 1665 1568 in
1714 1527 1882 1569 carne
1926 1528 2046 1583 sua,

436 1612 565 1669 fecit
618 1623 675 1666 ut
722 1612 773 1666 in
820 1612 965 1665 omni
1013 1612 1145 1666 orbe
1174 1620 1439 1667 terrarum
1474 1626 1611 1666 unus
1640 1620 1788 1667 esset
1810 1625 1963 1682 grex,
1995 1618 2050 1666 et

2160 403 2504 468 sententiam,
2540 417 2740 458 necesse
2763 402 2830 457 sit
2854 402 3023 457 venire
3046 401 3294 458 scandala
3320 419 3340 457 :
3366 418 3443 458 va:
3465 411 3633 457 tamen
3670 419 3763 474 per

2158 507 2307 560 quem
2327 492 2555 546 veniunt.
2588 492 2663 549 De
2691 492 2918 549 occultis
2938 493 3082 549 enint
3109 493 3291 550 cordis
3319 493 3590 566 (Prosperi
3624 505 3758 550 sent.

2157 583 2250 648 21,
2283 594 2333 639 et
2361 584 2423 640 S.
2455 584 2671 657 August.
2702 585 2756 640 in
2784 587 3018 642 eumdem
3048 585 3339 659 Psalmum)
3368 588 3527 644 alieni
3555 597 3762 646 temere

2155 676 2421 746 judicare,
2456 689 2736 749 peccatum
2763 689 2847 736 εει
2876 697 2890 735 :
2919 689 2976 738 et
3022 697 3147 737 eum
3193 682 3348 752 cujus
3373 696 3479 738 non
3512 680 3764 737 videntur

2160 786 2328 843 opera
2357 772 2462 828 nisi
2488 771 2650 840 bona,
2676 773 2918 845 iniquum
2947 783 3030 830 est
3046 789 3112 830 ex
3133 775 3441 846 suspicione
3463 773 3761 847 reprehen-

2157 864 2309 934 dere,
2334 880 2457 922 cum
2501 882 2713 935 eorum,
2744 883 2864 939 quat
2896 867 3099 924 homini
3133 878 3259 925 sunt
3287 869 3579 940 incognita,
3610 869 3760 925 solus

2159 955 2302 1012 Deus
2344 957 2513 1026 judex
2543 959 2613 1013 sit
2638 958 2836 1029 justus,
2868 960 2957 1032 qui
2989 948 3264 1031 inspector
3287 970 3371 1018 est
3397 976 3575 1017 verus.
3609 959 3761 1018 Unde

2156 1049 2418 1120 scriptum
2451 1060 2535 1107 est
2567 1069 2581 1107 :
2615 1051 2823 1109 Incerta
2853 1070 2956 1108 non
2976 1054 3291 1126 judieemus,
3321 1071 3582 1127 quousque
3598 1055 3760 1111 adve-

2156 1142 2266 1197 niat
2296 1141 2569 1212 Dominus,
2599 1145 2686 1215 qui
2711 1155 2758 1200 et
2780 1146 3090 1201 illuminabit
3111 1146 3410 1203 abscondita
3437 1147 3762 1202 tenebrarum

2155 1244 2202 1291 el
2230 1238 2578 1309 manifestabil
2607 1240 2823 1294 consilia
2847 1240 3080 1295 cordium
3108 1241 3151 1310 (l
3181 1240 3325 1308 Cor.,
3357 1241 3415 1311 4)
3443 1240 3535 1312 (In
3564 1240 3755 1297 decret.

2136 1328 2353 1397 .Ivonis,
2382 1331 2500 1387 libri
2525 1332 2627 1402 tv).
2661 1333 2730 1388 Et
2757 1335 3003 1405 quamvis
3028 1350 3158 1391 vera
3184 1336 3294 1391 sint
3339 1334 3426 1408 (S.
3466 1335 3600 1390 Isid.
3650 1335 3760 1407 Sy—

2152 1438 2276 1477 non.
2311 1439 2371 1491 ιι,
2404 1440 2451 1478 c.
2484 1423 2599 1495 16),
2627 1439 2732 1480 non
2766 1434 2946 1481 tamen
2974 1425 3245 1482 credenda
3274 1435 3419 1492 sunt,
3449 1427 3553 1482 nisi
3595 1425 3761 1482 certis

2153 1515 2370 1573 indiciis
2395 1518 2837 1589 comprobentur,
2895 1520 2998 1575 nisi
3059 1535 3181 1591 quae
3232 1521 3516 1577 manifesto
3558 1521 3765 1592 judicio

2152 1609 2572 1677 convincuntur,
2601 1612 2704 1666 nisi
2732 1626 2854 1682 qua:
2878 1611 3166 1683 judiciario
3186 1613 3377 1670 ordine
3399 1614 3764 1685 publicantur.

433 1719 598 1761 unum
622 1704 761 1759 ovile
778 1704 879 1759 sub
906 1719 1014 1759 ttno
1044 1713 1295 1775 pastore;
1325 1717 1543 1774 semper
1569 1717 1860 1769 memores,
1889 1702 2035 1773 quod
2067 1706 2114 1767 B
2143 1699 2331 1758 Nullus
2379 1716 2509 1773 ergo
2560 1711 2738 1773 potest
2792 1703 3028 1759 humano
3079 1703 3430 1761 condemnari
3484 1707 3763 1775 examine,

435 1810 533 1854 vos
564 1796 802 1853 veritatis
843 1796 1167 1867 praedicator
1209 1795 1520 1863 admoneat,
1554 1796 1742 1852 dicens
1776 1813 1789 1849 :
1822 1795 2048 1851 Solliciti

434 1899 630 1945 servate
654 1890 900 1944 unitatem
928 1890 1139 1959 spiritus
1169 1890 1224 1945 in
1271 1889 1473 1944 vinculo
1502 1891 1643 1962 pacis
1670 1889 1915 1961 (Ep/tes.,
1948 1890 2046 1963 tv).

436 1983 726 2040 Vinculum
755 1984 902 2039 enim
932 1983 1081 2054 pacis
1112 1998 1275 2039 nemo
1306 1992 1509 2044 servat.
1559 1983 1687 2039 dum
1716 1982 1883 2039 alium
1912 1981 2052 2038 infe-

435 2086 544 2134 stat
571 2086 665 2131 aut
695 2077 899 2143 verbis,
931 2086 1023 2131 aut
1054 2076 1208 2131 lactis
1238 2078 1599 2148 persequitur.
1648 2076 1798 2142 Ideo,
1831 2079 2047 2145 fratres,

436 2170 537 2226 ista
561 2170 918 2241 przctulimus,
935 2169 1056 2239 quia
1078 2168 1384 2223 audivimus
1402 2170 1542 2225 inter.
1558 2184 1656 2224 vos
1677 2170 2050 2226 accusationes

434 2267 701 2331 exerceri,
725 2272 784 2321 et
808 2265 992 2333 pulsos
1009 2280 1039 2320 a
1062 2264 1283 2320 sedibus
1305 2263 1611 2335 episcOpos,
1639 2272 1734 2319 aut
1750 2264 1861 2320 suis
1887 2263 2050 2321 rebus

436 2360 743 2431 expoliatos
770 2360 1027 2429 judicari.

508 2452 972 2522 l.—-Qu:tpropter
1001 2460 1263 2507 statutum
1291 2462 1396 2517 est,
1417 2461 1473 2508 ιιι
1493 2453 1537 2507 si
1571 2454 1691 2524 quis
1716 2463 1906 2512 contra
1936 2456 2050 2527 epi-

432 2559 655 2616 sc0pnm
685 2545 769 2599 vel
799 2554 1011 2600 actores
1043 2545 1318 2611 Ecclesiae,
1346 2560 1406 2600 se
1436 2546 1713 2615 proprium
1755 2548 2052 2605 crediderit

436 2637 643 2694 habere
662 2638 935 2709 negotium
961 2635 1185 2709 (Hadr.,
1203 2637 1351 2701 coll.,
1377 2654 1424 2692 c.
1447 2638 1504 2704 2,
1533 2654 1596 2692 ex
1616 2636 1774 2693 Cone.
1793 2640 1970 2695 Aurel.
1996 2657 2049 2709 v,

435 2756 554 2795 can.
614 2738 756 2812 17),
807 2755 913 2793 non
964 2740 1115 2809 prius
1163 2740 1322 2796 adeat
1368 2740 1597 2809 iudices,
1648 2754 1807 2810 quam
1838 2737 1905 2791 ad
1956 2750 2054 2792 eos

438 2840 688 2890 recurrat
747 2832 1269 2899 cltaritatisstudio,
1337 2842 1394 2886 ιιι
1450 2832 1700 2887 familiari
1785 2831 2055 2901 colloquio

438 2926 780 2992 commoniti,
831 2941 895 2980 ea
946 2940 1144 2981 sanare
1193 2924 1446 2991 debeant,
1507 2940 1626 2995 quae
1680 2924 1733 2980 in
1785 2924 2056 2995 querimo-

443 3018 587 3073 niam
613 3017 972 3073 deducuntnr.
1005 3017 1163 3084 Quod
1191 3018 1236 3072 si
1267 3018 1424 3073 aliter
1450 3018 1644 3088 egerit,
1676 3017 2056 3073 communione

444 3106 708 3183 privetur.

519 3203 864 3260 ll.-—Nemo
895 3205 1212 3275 pontiﬁcum
1263 3204 1522 3274 deinceps
1567 3205 1800 3276 aliquem
1849 3206 2063 3276 episco-

450 3311 581 3367 pum
626 3297 739 3351 snis
775 3298 1102 3366 expoliatum
1130 3299 1324 3361 rebus,
1353 3308 1445 3352 aut
1473 3313 1501 3351 a
1531 3298 1661 3353 sede
1693 3299 1929 3366 pulsum,
1960 3315 2057 3352 cx-

452 3387 857 3443 communicare
878 3398 971 3443 aut
996 3388 1244 3458 judicare
1270 3399 1580 3458 praesumat,
1609 3390 1730 3460 quia
1760 3405 1865 3444 non
1897 3389 2061 3458 privi-

452 3484 686 3556 legium,
715 3500 821 3554 quo
851 3485 1109 3554 expoliari
1152 3485 1321 3554 possit
1359 3484 1470 3555 jam
1518 3483 1748 3540 nudatus
1793 3484 1967 3558 (Idem
2008 3487 2061 3539 in

454 3578 645 3633 decret.
675 3578 961 3633 Alexandri
991 3594 1159 3650 papte,
1190 3587 1236 3633 et
1263 3580 1316 3633 in
1346 3579 1533 3635 decret.
1561 3577 1694 3633 Julii
1725 3580 1914 3651 papte).

529 3671 613 3727 Ill.
638 3672 912 3727 —-anlns
939 3674 1226 3743 episcopus
1259 3672 1477 3728 alterius
1507 3673 1888 3743 parocltianum
1917 3689 2051 3745 pra:-

460 3774 640 3821 sumat
678 3765 933 3829 retinere,
977 3774 1071 3819 aut
1107 3766 1358 3822 ordinare
1383 3767 1588 3838 absque
1613 3767 1729 3839 ejus
1759 3769 2060 3836 voluntate,

461 3857 550 3914 vel
570 3856 814 3927 judicare
840 3875 853 3911 :
885 3857 1007 3928 quia
1038 3858 1176 3914 sicut
1205 3859 1358 3914 irrita
1387 3859 1504 3931 ejus
1546 3861 1650 3914 erit
1671 3860 1959 3926 ordinatio,
1990 3861 2063 3915 ita

463 3959 520 4006 et
538 3948 886 4022 dijudicatiox
897 3948 1065 4004 Hadr.
1096 3952 1220 4007 coll.
1243 3968 1288 4005 c.
1323 3951 1446 4022 l6);
1477 3951 1728 4023 quoniam
1751 3968 2060 4021 censemus,

462 4041 670 4098 nullum
724 4043 947 4099 alterius
994 4044 1213 4113 judicis,
1274 4045 1373 4100 nisi
1418 4048 1525 4114 sui,
1576 4048 1841 4102 sententia
1895 4049 2063 4103 teneri

465 4137 725 4206 (Arrianus
744 4137 812 4191 ad
830 4148 992 4193 const.
1012 4138 1220 4192 unicum
1247 4139 1325 4193 tit.
1350 4138 1436 4205 16,
1464 4139 1554 4195 lib.
1572 4155 1645 4206 tv,
1674 4141 1790 4195 cod.
1815 4139 2060 4211 Tlteod.).

464 4229 599 4286 Nam
654 4232 746 4301 qui
793 4246 917 4288 eum
961 4232 1213 4287 ordinare
1266 4248 1372 4287 non
1429 4234 1622 4304 potuit,
1674 4250 1776 4289 nec
1820 4233 2066 4304 judicare

461 4321 734 4377 ullatenus
798 4324 1017 4390 poterit.
1084 4322 1188 4377 lsta
1248 4323 1392 4378 enim
1449 4325 1603 4379 vobis
1669 4324 1926 4396 deinceps
1979 4334 2064 4382 te-

462 4413 682 4481 nenda,
747 4422 803 4469 et
850 4412 1057 4485 fratres
1120 4413 1354 4468 vicissim
1420 4413 1675 4484 adjuvare
1748 4415 2065 4473 mandamus

2148 1808 2310 1866 quem
2355 1794 2494 1851 Deus
2522 1809 2620 1850 suo
2668 1794 2872 1866 judicio
2914 1796 3208 1852 reservavit
3251 1796 3461 1871 (Hadr.
3489 1798 3613 1854 coll.
3642 1815 3763 1869 cap.

2150 1886 2212 1943 51
2246 1896 2292 1943 et
2323 1886 2427 1954 67;
2459 1896 2507 1942 et
2530 1888 2706 1945 Const.
2740 1887 2968 1961 Magnus
2997 1890 3066 1943 ad
3099 1889 3281 1945 Patres
3313 1888 3601 1964 Nicatnos).
3637 1891 3766 1948 Haec

2152 1979 2334 2034 omnia
2352 1993 2699 2049 summepere
2718 1987 2846 2035 sunt
2864 1980 3236 2052 praecavenda,
3256 1997 3324 2038 ne
3346 1992 3768 2054 prmsumptores

2151 2085 2274 2128 esse
2306 2071 2602 2127 videamur.
2628 2070 2699 2128 Et
2722 2074 2995 2129 aecuSatio
3035 2073 3411 2146 episcoporum
3440 2089 3546 2130 non
3574 2084 3662 2131 est
3690 2075 3770 2130 la-

2151 2164 2256 2220 cile
2282 2163 2610 2234 recipienda,
2643 2164 2856 2220 dicente
2877 2165 3103 2221 Domino
3128 2185 3140 2220 :
3174 2165 3295 2221 Non
3320 2167 3568 2236 suspicies
3593 2184 3770 2223 vocem

2151 2256 2404 2310 mendacii
2433 2254 2632 2325 (Exod.
2664 2255 2782 2324 25).
2815 2256 2884 2312 Et
2912 2256 3207 2328 Apostolus
3234 2258 3291 2329 (Ι
3322 2258 3550 2314 Timotlt.
3581 2258 3654 2331 5)
3687 2261 3766 2317 in-

2151 2350 2288 2421 quit,
2330 2349 2594 2406 adversus
2621 2352 2999 2423 presbyterum
3044 2352 3457 2425 inscriptionem
3488 2370 3594 2411 non
3622 2358 3769 2412 reei-

2155 2443 2404 2514 piendam
2436 2444 2643 2513 absque
2670 2444 2882 2500 duobus
2923 2446 3010 2501 vel
3057 2446 3227 2501 tribus
3278 2447 3490 2504 idoneis
3540 2449 3773 2504 testibus

2154 2536 2319 2611 (Vide
2344 2539 2614 2608 epistolam
2646 2554 2701 2606 tt,
2737 2539 2871 2593 Julii
2900 2556 3070 2613 papas,
3115 2542 3290 2596 eadem
3316 2544 3506 2605 νοθείας
3533 2542 3651 2597 labe
3679 2547 3774 2614 fa:-

2155 2632 2378 2705 datam).
2411 2631 2467 2688 Si
2516 2632 2631 2687 hsce
2658 2632 2726 2688 de
2758 2633 3093 2706 presbyteris
3125 2635 3205 2690 vel
3255 2636 3467 2691 cmteris
3520 2634 3772 2691 ﬁdelibus

2155 2735 2279 2780 sunt
2311 2726 2684 2797 prmcavenda,
2709 2736 2912 2797 quanto
2934 2729 3103 2798 magis
3130 2727 3199 2783 de
3227 2728 3537 2798 episcopis?
3563 2728 3771 2798 Quibus

2155 2821 2409 2891 cognitis,
2458 2822 2628 2891 magis
2658 2835 2756 2875 vos
2800 2821 3066 2876 dominari
3109 2820 3249 2875 velle
3288 2820 3637 2876 manifestum
3665 2833 3769 2891 est,

2158 2929 2318 2984 quam
2349 2913 2639 2970 consulere
2671 2912 2946 2982 fratribus,
2996 2922 3087 2968 aut
3121 2923 3428 2968 sustentare
3476 2928 3594 2981 eos,
3645 2915 3772 2986 quia

2161 3008 2338 3064 honor
2368 3008 2517 3063 inllat
2569 3008 2880 3079 superbiam
2918 3025 2931 3063 :
2965 3017 3021 3062 et
3062 3007 3204 3079 quod
3253 3010 3526 3079 provisum
3571 3018 3660 3069 est
3707 3010 3772 3065 ad

2083 3103 2127 3167 C
2161 3102 2532 3167 concordiam,
2591 3101 2763 3158 tendit
2812 3100 2879 3157 ad
2929 3115 3148 3157 noxam.
3207 3102 3469 3157 Decnerat
3518 3117 3769 3174 namque,

2157 3195 2312 3267 juxta
2343 3194 2595 3267 praelatus
2636 3194 2871 3264 regulas,
2922 3202 2979 3247 ut
3007 3194 3053 3248 si
3085 3193 3285 3264 aliquid
3316 3194 3554 3265 egissent
3582 3203 3772 3249 contra

2162 3306 2320 3346 suum
2350 3288 2618 3355 ordinem,
2649 3285 2909 3342 mandare
2931 3286 3108 3351 nobis,
3135 3296 3190 3342 et
3215 3297 3523 3358 expectare,
3554 3288 3685 3358 quid
3706 3285 3772 3340 ad

2165 3391 2346 3438 vestra
2380 3379 2628 3437 consulta
2657 3378 3103 3445 reseriberemus,
3134 3379 3420 3445 intantum,
3448 3386 3508 3434 ut
3531 3378 3578 3433 si
3611 3379 3771 3435 etiam

2163 3476 2456 3549 quidquam
2531 3490 2695 3546 grave
2764 3472 3268 3543 intolerandumque
3334 3473 3767 3537 committerent,

2165 3578 2350 3624 nostra
2380 3567 2790 3637 praestolaretur
2820 3579 3070 3631 censura,
3104 3575 3161 3620 ut
3206 3565 3339 3619 nihil
3374 3565 3523 3635 prius
3551 3576 3646 3620 aut
3672 3563 3772 3618 ali-

2164 3659 2294 3731 quid
2344 3658 2490 3715 aliud
2541 3659 2931 3725 decerneretis,
2984 3674 3142 3728 quam
3195 3656 3338 3727 quod
3372 3658 3526 3713 nobis
3560 3659 3772 3730 placere
3838 3698 3841 3703 .

2164 3750 2549 3822 cegnoveritis,
2579 3760 2633 3805 et
2657 3765 2687 3805 a
2719 3750 2922 3821 regulis
2951 3749 3264 3820 praestitutis
3291 3749 3459 3815 nulla,
3494 3759 3587 3804 aut
3610 3749 3774 3819 negli-

2164 3845 2369 3915 gentia,
2424 3853 2518 3898 aut
2564 3845 2984 3915 praesumptione
3034 3844 3384 3901 recederetis.
3436 3844 3625 3901 Cesset
3672 3843 3773 3898 bu-

2162 3923 2422 4000 lusmodi,
2440 3950 2539 3991 nec
2555 3935 2732 4007 illiqui
2755 3951 2855 3990 nos
2879 3936 2933 3990 in
2964 3953 3060 3991 sua
3089 3937 3279 3991 nolunt
3299 3938 3540 4007 recipere
3556 3936 3773 4008 querela

2166 4029 2248 4084 vel
2262 4032 2625 4096 accusatione,
2644 4039 2987 4092 nocumenta.
3017 4030 3140 4101 quia
3169 4046 3503 4102 nequaquam
3536 4032 3657 4086 talia
3683 4044 3775 4101 pa-

2170 4122 2364 4178 tienter
2394 4122 2536 4178 ferre
2565 4137 2850 4192 possumus
2880 4122 3333 4188 machinamenta,
3363 4124 3617 4194 quoniam
3648 4137 3769 4177 con-

2168 4214 2313 4269 venit
2336 4214 2491 4269 nobis
2510 4226 2850 4285 paternarum
2865 4215 3201 4270 sanctionum
3216 4214 3501 4286 diligenter
3516 4231 3637 4271 esse
3654 4230 3775 4269 cns-

2168 4305 2340 4362 todes.
2370 4307 2558 4363 Merito
2590 4322 2817 4378 namque
2848 4322 3006 4363 causa
3053 4322 3150 4363 nos
3191 4310 3431 4379 rcSpicit,
3478 4311 3521 4365 si
3565 4309 3774 4366 silentio

2169 4398 2442 4456 faveamus
2466 4402 2658 4457 errori.

466 4504 643 4579 (Idem
671 4507 724 4561 in
753 4506 969 4560 decretis
998 4503 1136 4560 Sixti
1165 4504 1206 4567 Ι,
1237 4515 1287 4560 et
1334 4504 1573 4561 similiter
1598 4506 1653 4560 in
1679 4507 1893 4562 decretis
1932 4507 2055 4563 Julii

2243 4490 2304 4547 V.
2324 4522 2394 4532 —-
2410 4492 2508 4549 Est
2535 4494 2752 4564 insuper
2772 4509 2801 4549 a
2824 4498 3024 4551 sanctis
3052 4495 3542 4566 prtedeeessoribus
3574 4505 3771 4553 nostris

462 4598 661 4671 ram)-

538 4691 954 4748 lV.—Fratres
1000 4706 1148 4763 vero,
1182 4707 1317 4763 quos
1364 4693 1556 4749 timore
1601 4702 1818 4749 terreno
1864 4692 2062 4764 injuste

462 4786 782 4855 damnastis,
811 4787 1003 4842 scitote
1032 4803 1059 4840 a
1093 4787 1249 4842 nobis
1281 4787 1423 4855 jnste
1449 4802 1570 4843 esse
1601 4788 1898 4842 restitutos.
1931 4787 2060 4855 Qui-

462 4880 585 4945 bus,
614 4895 684 4934 ex
716 4878 885 4935 sancti
916 4879 1059 4933 Petri
1087 4889 1142 4934 et
1169 4880 1466 4949 apostolica
1511 4883 1830 4936 auctoritate
1855 4880 2057 4949 omnia,

458 4987 582 5043 qum
624 4972 703 5027 eis
731 4974 909 5028 ablata
938 4980 1081 5038 sttnt,
1132 4972 1479 5042 integerrime
1517 4972 1665 5027 reddi
1696 4973 2057 5043 pra-cipimus,

460 5064 510 5120 si
538 5078 643 5119 non
675 5064 838 5120 vultis
861 5079 957 5120 vos
984 5072 1041 5120 et
1072 5063 1342 5133 principes
1365 5064 1529 5119 vestri
1559 5080 1588 5118 a
1615 5066 1845 5135 collegio
1876 5074 2064 5120 nostro

456 5166 513 5215 et
560 5156 817 5213 membris
859 5159 1107 5214 ecclesia:
1156 5160 1419 5228 separari.
1467 5158 1621 5213 Justo
1665 5159 1809 5213 enint
1856 5159 2062 5228 judicio

455 5250 555 5305 Dei
584 5249 741 5304 datbr
770 5248 1086 5321 plerumque
1113 5249 1486 5321 peccatoribus
1518 5259 1776 5319 potestas,
1809 5267 1913 5320 qua
1938 5266 2062 5308 san-

449 5350 572 5399 ctos
597 5343 769 5413 ipsius
799 5356 1194 5414 persequantur
1219 5344 1490 5415 (Prosperi
1514 5356 1645 5401 sent.
1665 5345 1757 5409 25,
1790 5356 1837 5401 et
1865 5347 1928 5403 S.
1956 5349 2065 5402 Au-

447 5444 585 5506 gust.
615 5436 671 5490 in
705 5433 795 5490 Ps.
831 5436 1049 5506 cxvut);
1098 5447 1157 5491 ut
1205 5439 1293 5508 qui
1336 5436 1530 5508 spiritu
1580 5437 1671 5493 Dei
1716 5437 1973 5508 juvautur
2001 5449 2057 5495 et

451 5537 705 5600 aguntur,
738 5527 867 5583 ﬁant
910 5543 1007 5599 per
1054 5528 1297 5585 laborum
1346 5530 1602 5587 exercitia
1646 5530 1925 5587 clariores.
1974 5531 2060 5589 Illi

453 5629 633 5677 tamen
662 5623 753 5694 qui
795 5622 896 5678 hoc
939 5632 1123 5693 agunt,
1173 5625 1477 5681 nullatenus
1522 5625 1755 5682 evadent
1796 5640 2052 5695 poenam:

445 5713 591 5784 quia,
636 5726 693 5771 ut
718 5716 793 5772 ait
821 5716 1123 5773 Dominus:
1169 5715 1258 5772 Vte
1300 5717 1379 5773 illi
1424 5734 1514 5788 per
1556 5735 1705 5791 quem
1743 5719 2053 5777 scandalum

2163 4585 2482 4658 plerumque
2502 4587 2611 4658 jam
2627 4596 2910 4650 statutum,
2937 4599 2994 4644 ut
3017 4605 3175 4644 nemo
3196 4590 3484 4647 anathema
3513 4593 3567 4647 in
3589 4599 3771 4646 nostra

2160 4678 2487 4748 suspiciatur
2509 4681 2850 4736 accusatione
2866 4696 3049 4751 pressa
3064 4691 3245 4737 nostra
3258 4684 3599 4750 auctoritate,
3636 4694 3772 4751 pra:-

2157 4766 2996 4836 sumptio;citenturltujusmodi,
3025 4783 3146 4824 cum
3174 4782 3270 4823 nos
3298 4784 3461 4840 super
3482 4769 3599 4824 illos
3636 4764 3772 4820 scia-

2160 4872 2311 4913 musa
2352 4858 2577 4914 Domino
2617 4860 2957 4927 constitutos,
2983 4875 3088 4915 non
3120 4857 3771 4931 illossuperttos.Etsicut

2154 4953 2331 5023 major
2353 4967 2458 5007 non
2487 4963 2709 5025 potesta
2735 4954 2943 5009 minore
2965 4952 3218 5023 judicari,
3249 4954 3319 5008 ita
3348 4967 3447 5008 nec
3472 4950 3713 5022 colligari
3739 4965 3754 5013 ;

2167 5046 2298 5117 quia
2342 5061 2522 5102 rarum
2567 5055 2651 5101 est
2694 5060 2854 5102 omne
2879 5046 3023 5118 quod
3049 5061 3299 5118 magnum
3340 5055 3442 5102 est.
3490 5045 3768 5104 Portemns

2164 5152 2330 5194 onera
2361 5139 2601 5194 omnium
2630 5139 2719 5209 qui
2759 5148 3071 5209 gravantur,
3114 5141 3378 5211 quinimo,
3432 5140 3548 5196 haec
3595 5142 3767 5209 portat

2164 5231 2220 5285 in
2245 5230 2401 5285 nobis
2420 5231 2611 5286 beatus
2631 5233 2907 5301 apostolus
2939 5231 3150 5297 Petrus,
3175 5231 3332 5301 cujus
3359 5232 3475 5290 vice
3504 5228 3767 5301 fringimur

2164 5321 2457 5393 legatione,
2490 5331 2546 5378 et
2569 5323 2727 5393 cujus
2753 5322 2936 5392 regula
2966 5321 3343 5390 iul‘urmamur,
3375 5333 3637 5395 quatenus
3652 5315 3766 5387 ejus

2169 5417 2289 5472 l'ulti
2315 5417 2533 5483 auxilio,
2568 5417 2636 5472 ab
2661 5417 2913 5473 omnibus
2943 5431 3084 5473 nunc
3111 5426 3167 5473 et
3198 5418 3251 5473 in
3273 5428 3590 5489 perpetuum
3623 5422 3767 5468 tuea-

2167 5528 2289 5567 tnur
2327 5513 2588 5568 adversis.
2642 5514 2769 5567 Data
2799 5528 2907 5566 xvu
2936 5511 3197 5568 kalendas
3232 5512 3441 5583 augusti
3479 5508 3580 5584 (1),
3616 5502 3765 5561 Valc-

2166 5605 2321 5662 riano
2346 5614 2401 5661 et
2432 5606 2617 5673 Decio,
2649 5603 2780 5660 viris
2806 5604 3148 5674 clarissimis,
3181 5601 3513 5661 consulibus.

2155 5744 2234 5820 (1)
2253 5743 2538 5801 Adnotatio
2558 5742 2715 5799 falsa.
