3990 6060
318 165 393 229 89
697 200 705 209 -
1130 166 1483 225 EPISTOLAE
1520 167 1681 239 QUxE
1718 168 1811 227 AD
1851 170 2111 230 SIXTUM
2152 172 2380 230 ΡΑΡΑΜ
2421 174 2788 235 ATTINENT.
3559 183 3631 245 90

690 280 1010 340 DECRETA
1051 280 1231 340 SlXTl
1270 280 1560 339 SECUNDI

362 526 389 534 -
575 480 654 537 Ex
700 479 984 538 Gaurano
1022 480 1099 553 (2
1136 497 1189 553 q.
1236 481 1269 536 6
1308 492 1362 538 et
1401 483 1435 537 5
1473 498 1526 555 q.
1570 484 1649 556 6).

394 682 453 739 Si
484 682 606 754 quis
639 680 911 753 putaverit
937 694 999 735 se
1024 693 1052 733 a
1087 680 1306 750 proprio
1337 683 1755 753 metropolitano
1801 699 1926 755 gra-

308 775 429 830 vari
459 773 603 845 apud
634 774 915 845 primatem
942 772 1264 837 diteceseos,
1289 782 1380 828 aut
1413 789 1580 845 penes
1607 777 1928 832 universalis

307 867 631 940 apostolica:
658 865 912 922 Ecclesia:
941 880 1133 937 papam
1157 864 1451 937 judicetur.

1948 288 2000 348 Α
2491 289 2571 345 Ex
2610 306 2788 348 sonuit
2829 307 2898 349 ur
2935 305 3120 351 SUPRA.

2029 397 2200 470 Super
2228 401 2586 472 appellatione,
2634 405 2845 460 alterius
2884 409 3161 477 provinciis
3194 409 3402 481 judices
3450 411 3633 469 audire

2648 512 2749 551 non
2778 506 2993 567 oportet.

2103 604 2158 660 Si
2183 606 2302 674 quis
2327 607 2558 663 clericus
2582 623 2744 679 super
2769 610 3095 680 quibuslibet
3124 613 3446 670 criminibus
3473 629 3634 672 accu-

2032 707 2182 754 satus
2213 698 2392 765 luerit,
2422 700 2474 755 in
2506 702 2799 771 provincia,
2854 703 2908 756 in
2968 718 3072 772 qua
3121 706 3371 761 consistit
3413 706 3505 763 ille
3543 709 3635 779 qui

2028 793 2292 863 pulsatur,
2324 808 2449 848 suas
2479 805 2734 852 exerceat
2760 796 3001 852 actiones
3031 814 3043 851 :
3079 813 3179 853 nec
3204 800 3479 856 existimet
3503 816 3630 857 eum

2028 896 2313 942 accusator
2337 902 2465 943 suus
2494 888 2643 957 alibi,
2677 901 2767 944 aut
2797 890 3008 961 longius
3042 890 3109 946 ad
3136 890 3393 961 judicium
3425 904 3637 965 protra-

2032 978 2292 1034 hendum.

314 1154 3615 1182 mm

1527 1278 2467 1412 EPISTOLKE

469 1533 707 1623 QUAE
741 1533 894 1608 AD
945 1532 1352 1609 SIXTUM
1404 1533 1533 1625 II,
1582 1534 1975 1611 PAPAM
2030 1538 2172 1610 ET
2222 1539 2868 1615 MABTYBEM
2922 1541 3510 1623 ATTINENT.

1718 1723 2238 1781 amabam

576 1890 939 1949 EPISTULA:
976 1891 1019 1946 Ι.
1061 1890 1355 1950 DIONYSII
1396 1891 1870 1949 ALEXANDRINI
1907 1892 2218 1951 EPISCOPI
2256 1895 2351 1952 AD
2391 1896 2651 1954 SIXTUM
2692 1898 2925 1955 PAPAM
2968 1899 3421 1960 FRAGMENTA.

301 2056 577 2124 Dionysius
599 2057 832 2122 epistolas
847 2065 1130 2109 memorata
1154 2070 1210 2108 se
1232 2059 1442 2121 scriptas
1471 2065 1574 2106 tum
1601 2056 1661 2105 ad
1692 2056 1998 2120 Stephanum
2020 2069 2214 2122 papam,
2234 2060 2341 2106 tum
2365 2057 2425 2107 ad
2448 2056 2733 2122 Dionysium
2760 2066 2812 2110 et
2834 2059 3179 2112 Philemonem
3201 2063 3541 2130 presbyteros,
3567 2065 3635 2117 de

1327 2142 1571 2205 baptismo
1594 2141 1942 2193 haereticorum
1967 2150 2021 2194 et
2038 2142 2103 2193 de
2123 2142 2305 2192 haeresi
2337 2140 2641 2192 Sabelliaua.

385 2295 433 2351 ι.
485 2297 651 2350 Antea
691 2293 912 2365 quidem
958 2294 1168 2349 litteras
1218 2293 1509 2363 scripserat
1554 2293 1915 2365 (Stephanus)
1944 2302 1993 2360 Β

307 2368 384 2446 de
416 2389 621 2445 Heleno
665 2398 720 2445 et
767 2387 835 2444 de
867 2387 1214 2455 Firmiliauo,
1273 2403 1339 2443 ac
1385 2387 1455 2444 de
1516 2388 1766 2444 omnibus
1820 2403 1917 2458 per

306 2479 565 2538 Ciliciam
589 2490 644 2538 et
666 2480 1067 2552 Cappadociam
1118 2490 1451 2551 cunctasque
1499 2481 1754 2535 ﬁnitimas
1784 2494 1913 2550 pro-

311 2574 528 2630 vincias
552 2574 878 2640 constitutis,
934 2583 1140 2629 testans
1167 2590 1291 2629 sese
1348 2574 1419 2628 ob
1471 2573 1716 2629 eamdem
1768 2575 1913 2629 illam

313 2682 543 2725 causam
571 2668 639 2721 ab
667 2667 876 2723 illorum
903 2670 1285 2722 communione
1318 2665 1684 2722 discessurum
1704 2709 1719 2731 ,
1771 2666 1915 2737 quod

312 2760 605 2817 haereticos
626 2760 1043 2831 rebaptizareut.
1089 2764 1166 2815 Ac
1195 2760 1317 2816 vide
1344 2760 1544 2831 negotii
1574 2761 1912 2830 gravitatem.

307 2854 391 2913 Re
419 2859 565 2912 enim
610 2870 739 2911 vera
778 2855 832 2910 in
860 2856 1146 2923 maximis,
1200 2865 1260 2910 ut
1308 2856 1502 2920 audio,
1533 2856 1912 2925 episcoporum

308 2950 557 3006 conciliis
594 2948 873 3006 decretum
901 2957 1019 3013 est,
1072 2957 1130 3002 ut
1169 2949 1261 3018 qui
1308 2949 1374 3002 ab
1407 2948 1598 3003 haeresi
1648 2948 1912 3014 veniunt,

309 3043 547 3114 primum
572 3041 822 3098 doctrina
840 3041 1066 3097 instituti
1082 3039 1388 3115 [catholica]
1412 3057 1474 3096 ac
1494 3041 1690 3097 deinde
1718 3042 1915 3097 veteris

308 3145 366 3194 et
396 3136 596 3206 impuri
620 3135 877 3193 l‘ermenti
905 3136 1156 3192 sordibus
1202 3152 1298 3207 per
1345 3137 1669 3207 baptismum
1724 3152 1915 3208 purga-

308 3239 521 3285 rentur.
569 3229 645 3285 De
683 3227 771 3285 his
815 3229 1068 3285 omnibus
1109 3228 1257 3284 illum
1288 3243 1485 3300 rogans
1537 3238 1590 3285 et
1636 3230 1915 3287 obtestans

309 3324 525 3382 litteras
547 3322 695 3380 misi.

2090 2294 2419 2351 Ἐπεστάλκει
2466 2297 2557 2368 μέν
2596 2292 2683 2350 οὖν
2738 2299 2990 2374 πρότερον
3021 2299 3351 2376 (Στέφανος)
3388 2308 3476 2362 καὶ
3516 2311 3640 2385 περί

2016 2389 2219 2445 Ἐλένου
2248 2393 2334 2444 καὶ
2353 2384 2474 2465 περὶ
2492 2390 2840 2464 Φιρμιλιανοῦ,
2870 2397 2958 2447 καὶ
2985 2395 3188 2450 πάντων
3213 2404 3314 2451 τῶν
3342 2419 3396 2453 τε
3420 2400 3523 2454 ἀπὸ
3543 2410 3637 2462 m";

2018 2485 2237 2545 Κιλικίας
2276 2489 2365 2539 καὶ
2412 2483 2784 2547 Καππαδοκίας
2830 2492 2918 2541 καὶ
2968 2489 3246 2555 Γαλατίας,
3296 2496 3385 2546 καὶ
3428 2495 3635 2549 πάντων

2017 2586 2115 2632 τῶν
2146 2578 2258 2642 ἑξῆς
2289 2577 2609 2653 ὁμορούντων
2637 2578 2805 2635 ἐθνῶν.
2838 2582 2906 2639 ὡς
2933 2578 3049 2635 οὐδέ
3078 2583 3284 2643 ἐκείνοις
3314 2590 3633 2645 κοινωνήσων

2017 2667 2103 2724 διὰ
2145 2674 2234 2729 τήν
2276 2671 2435 2727 αὐτὴν
2477 2672 2668 2728 ταύτην
2712 2672 2899 2736 αἰτίαν,
2933 2671 3100 2727 ἐπειδέ
3151 2678 3272 2735 τοὺς
3321 2678 3630 2752 αἰρετικούς,

2019 2766 2189 2838 φησὶν,
2221 2763 2654 2826 ἀναϐαπτίζουσι.
2689 2767 2777 2817 καὶ
2807 2764 2991 2819 σκόπει
3020 2767 3078 2818 τὸ
3107 2768 3315 2839 μέγεθος
3341 2774 3432 2822 τοῦ
3460 2772 3631 2845 πράγ-

2019 2878 2204 2927 ματος.
2238 2853 2395 2917 ὅντως
2424 2859 2526 2933 γὰρ
2563 2855 2802 2930 δόγματα
2838 2861 2959 2932 περὶ
2985 2859 3173 2912 τούτου
3199 2862 3397 2933 γέγονεν
3427 2862 3477 2915 ἐν
3514 2871 3631 2924 ταῖς

2018 2952 2288 3023 μεγίσταις
2313 2955 2412 3003 τῶν
2433 2950 2730 3004 ἐπισκόπων
2755 2946 3009 3013 συνόδοις,
3035 2946 3104 3011 ὧς
3127 2952 3469 3024 πυνθάνομαι⁶
3492 2955 3628 3009 ὥστε

2018 3048 2139 3103 τοὺς
2165 3044 2478 3119 προσίοντας
2525 3041 2934 3117 ἀπὸςαὲρέσεως,
2969 3045 3484 3118 προκατηχηθέντας,
3516 3041 3627 3101 εἶτα

2017 3136 2430 3202 ἀπολούσασθαι,
2458 3138 2546 3190 καί
2591 3136 3027 3211 ἀνακαθαίρεσθαι
3056 3137 3144 3191 τὸν
3171 3146 3263 3197 τῆς
3288 3138 3513 3199 παλαίας
3541 3145 3628 3195 καὶ

2018 3232 2310 3307 ἀκαθάρτου
2333 3233 2496 3303 ζύμης
2532 3231 2715 3305 ῥύπον.
2750 3235 2837 3286 καί
2862 3234 2982 3307 περὶ
3008 3234 3203 3287 τούτων
3232 3234 3392 3288 αὐτοῦ
3418 3236 3623 3291 πάντων

2018 3324 2253 3398 δεόμενος
2280 3326 2573 3381 ἐπέστειλα.

1399 3438 1462 3489 Ει
1482 3438 1731 3503 aliquanto
1756 3444 1866 3503 post
1890 3441 2209 3504 prosequitur
2222 3437 2508 3504 Dionysius.

384 3544 440 3600 2.
472 3545 575 3602 Sed
604 3553 660 3601 et
684 3544 899 3602 dilectis
925 3545 1376 3619 compresbyteris
1403 3548 1604 3605 nostris
1650 3548 1906 3622 Dionysio

311 3650 370 3697 et
417 3640 750 3707 Philemoni,
796 3642 885 3712 qui
932 3642 1079 3711 prius
1115 3658 1236 3697 cum
1279 3642 1556 3714 Stephano
1599 3644 1904 3701 consentie-

306 3734 463 3802 bant,
489 3735 664 3807 deque
699 3736 891 3793 iisdem
922 3737 988 3792 ad
1020 3753 1107 3793 me
1127 3740 1477 3810 scripserant,
1510 3749 1663 3797 antea
1695 3740 1911 3811 quidem

307 3828 522 3902 paucis,
545 3846 688 3888 nunc
713 3846 842 3888 vero
864 3831 1106 3903 pluribus
1128 3832 1403 3904 rescripsi.

2083 3553 2176 3605 Καὶ
2218 3558 2324 3612 τοῖς
2377 3553 2662 3625 ἀγαπητοῖς
2709 3549 2764 3606 δὲ
2812 3552 2953 3624 ἡμῶν
2992 3553 3080 3606 καὶ
3125 3553 3621 3632 συμπρεσϐυτέροις

2012 3648 2255 3718 Διονυσίῳ
2284 3648 2371 3700 καὶ
2394 3646 2645 3719 Φιλήμονι,
2680 3645 2977 3719 συμψήφοις
3005 3646 3255 3723 πρότερον
3285 3650 3512 3723 Στεφάνῳ
3534 3671 3618 3724 γε·

2013 3742 2259 3812 νομὲνοις,
2290 3744 2375 3793 καὶ
2418 3743 2537 3815 περὶ
2589 3746 2688 3793 τῶν
2729 3740 2897 3794 αὐτῶν
2947 3760 3032 3812 μοι
3061 3740 3317 3815 ’γράφουσι
3368 3743 3619 3820 πρότερον

1938 3820 1982 3882 C
2016 3837 2106 3909 μὲν
2133 3834 2293 3907 ὀλίγα,
2320 3836 2407 3887 καὶ
2434 3839 2522 3886 νῦν
2547 3830 2600 3887 δὲ
2627 3831 2711 3887 διὰ
2730 3832 2979 3888 πλετόνων
3008 3833 3299 3889 ἐπέστειλα.

1664 3969 2021 4028 VARIORUM
2057 3968 2283 4026 NOT/E.

383 4108 551 4181 Antea
601 4110 804 4180 quidem
850 4111 1062 4167 litteras.
1130 4111 1223 4166 His
1278 4111 1556 4181 praemittit
1613 4110 1892 4166 Eusebius.

311 4200 346 4255 c
375 4179 459 4236 Ad
509 4179 649 4255 hunc
677 4179 1590 4255 Xystum7(Dionysius)spcundam
1635 4182 1703 4236 de
1756 4182 1897 4255 Bap-

311 4253 478 4325 tismo
508 4253 722 4321 scripsit
747 4254 1031 4324 epistolam
1052 4294 1068 4319 ,
1106 4253 1168 4308 in
1218 4270 1320 4325 qua
1348 4253 1606 4323 Stephani
1638 4253 1797 4325 simul
1836 4268 1901 4309 ac

304 4323 647 4393 reliquorum
708 4323 1082 4394 episcoporum
1134 4323 1454 4379 sententiam
1513 4340 1576 4378 ac
1639 4324 1897 4391 judicium

306 4394 560 4462 espmtit,
594 4396 663 4448 ita
691 4396 757 4451 de
803 4397 1080 4467 Stephano
1126 4396 1387 4467 scribens.
1423 4415 1441 4447 ι
1480 4395 1576 4450 Ubi
1618 4395 1734 4449 lucc
1781 4396 1898 4465 epi-

306 4467 449 4539 stnla
481 4480 590 4539 non
620 4468 856 4524 secunda
905 4466 972 4524 ad
1002 4467 1249 4539 Xystum,
1284 4466 1390 4539 sed
1417 4467 1650 4521 secunda
1675 4467 1742 4520 de
1773 4467 1901 4539 bap-

310 4538 478 4610 tismo
526 4537 918 4610 dicitur:quia
976 4537 1249 4610 nimirum,
1278 4538 1543 4610 Eusebius
1593 4538 1662 4593 ab
1707 4538 1899 4592 eodem

309 4607 575 4681 Dionysio
606 4608 674 4665 de
704 4607 890 4666 eadem
917 4626 975 4666 re
1003 4627 1162 4665 unam
1191 4609 1257 4665 ad
1285 4609 1617 4680 Stephanum
1645 4612 1900 4680 scriptam

306 4688 438 4736 ante
460 4693 804 4737 memor-arat.
835 4682 1138 4738 Cousnx'r.

386 4749 466 4806 De
495 4750 694 4806 Helena
716 4764 760 4807 et
788 4754 851 4807 de
880 4753 1202 4808 Firmiliano.
1233 4753 1460 4808 Ruﬁnus
1482 4750 1576 4806 lib.
1607 4768 1675 4806 vu
1695 4793 1707 4813 ,
1740 4767 1790 4807 c.
1832 4755 1900 4820 4,

313 4825 497 4888 vertit,
529 4826 600 4877 ad
626 4822 994 4879 Firmilianum
1025 4837 1071 4880 et
1100 4824 1378 4885 Helenum.
1411 4833 1541 4886 elc.,
1573 4839 1637 4878 ac
1663 4824 1902 4879 subnexa

319 4894 563 4966 epistola;
592 4894 748 4965 hujus
773 4897 935 4952 verba
960 4895 1713 4966 praetermittit.Firmilianus,
1739 4896 1900 4962 epist.

322 4962 418 5029 75,
438 4965 501 5019 ad
525 4962 851 5036 Cyprianum
872 5009 885 5029 ,
917 4962 1292 5037 phedictarum
1336 4966 1729 5036 provinciarum
1755 4967 1904 5036 cpis-

320 5048 491 5107 copus
537 5053 642 5091 uno
694 5037 1035 5092 Orientalium
1089 5039 1306 5094 nomine
1366 5038 1765 5107 complectens,
1830 5037 1906 5092 ait

314 5104 647 5180 Stephanum
677 5110 838 5164 modo
878 5126 1000 5164 cum
1050 5111 1190 5164 Afris
1232 5110 1319 5180 qui
1364 5109 1415 5162 in
1466 5104 1692 5180 meridie
1740 5118 1900 5177 sunt,

314 5176 493 5249 modo
515 5194 625 5233 cum
646 5179 989 5237 Orientalibus
1022 5197 1205 5249 pacem
1237 5176 1466 5247 ropisse.
1498 5179 1804 5236 Cousrau'r.

389 5247 661 5321 Decretum
682 5253 953 5311 est.lcouii
982 5247 1230 5307 videlicet
1249 5267 1311 5305 ac
1329 5248 1578 5321 Syuadaz.
1606 5260 1661 5305 ut
1681 5251 1903 5306 interius

311 5319 645 5394 expliCatur,
676 5324 902 5386 habitis.
937 5334 1132 5394 praeter
1171 5340 1231 5379 ea
1261 5319 1381 5393 quae
1422 5323 1473 5376 in
1530 5320 1708 5377 Africa
1761 5323 1900 5378 cele-

313 5391 471 5447 brata
501 5402 645 5448 sunt.
671 5391 969 5451 Consum}

391 5460 631 5518 Primum
662 5467 897 5521 doctrina
946 5467 1184 5521 instituti.
1238 5467 1613 5535 lnterpretatio
1664 5464 1899 5533 Valesii,

315 5535 546 5607 primum
574 5538 919 5593 catechumeni
946 5540 1159 5607 ﬁerent,
1193 5538 1313 5594 ideo
1356 5555 1460 5592 tttm
1514 5539 1718 5607 placet,
1777 5539 1900 5607 quia

313 5606 447 5680 hinc
477 5606 747 5680 inducitur
774 5606 966 5673 lector,
1008 5617 1067 5664 ut
1101 5606 1540 5680 rebaptimntiutn
1567 5606 1807 5677 judicio,
1833 5608 1902 5664 ab

316 5677 517 5734 hteresi
588 5680 866 5738 venientes
928 5677 1441 5738 catechumeuorum
1505 5681 1685 5737 munia
1753 5682 1900 5751 prius

2002 4111 2153 4165 obire
2176 4109 2478 4171 debuerint,
2508 4123 2668 4178 quam
2697 4108 3021 4177 baptismum
3055 4111 3426 4180 perciperent.
3456 4111 3618 4170 Certe

2006 4183 2057 4237 in
2090 4181 2320 4235 concilio
2349 4180 2761 4249 Carthagincusi
2790 4196 2843 4234 ιιι
2866 4222 2879 4241 ,
2905 4184 2988 4235 cui
3016 4180 3321 4251 Cyprianus
3351 4183 3563 4251 praefuit
3584 4228 3598 4251 ,

2004 4254 2380 4322 episcoporum
2409 4250 2500 4311 86.
2530 4252 2829 4305 sententias
2857 4251 3117 4305 habemus
3154 4268 3166 4303 :
3204 4254 3297 4307 sed
3329 4250 3451 4310 cum
3475 4250 3606 4321 eos,

2004 4326 2092 4395 qui
2123 4325 2191 4377 ab
2226 4323 2419 4376 haeresi
2460 4323 2710 4395 veniunt,
2746 4322 3094 4395 baptizandus
3133 4338 3255 4381 esse
3295 4342 3488 4382 omnes
3516 4329 3612 4383 de-

2005 4393 2976 4469 cernant;_ut_prius_catecbumeni
3010 4394 3173 4469 ﬁant,
3226 4398 3408 4451 nullus
3454 4400 3612 4469 petit.

2006 4466 2236 4522 Tantum
2269 4463 2466 4520 Lucius
2491 4480 2521 4518 a
2558 4463 2828 4520 'l‘habestc
2852 4464 3020 4521 dixit:
3061 4486 3080 4518 (
3119 4466 3414 4523 Ηιιξνθιίοος
3440 4463 3603 4525 exse-

2006 4538 2238 4594 crandos
2260 4551 2489 4600 censeo,
2522 4546 2575 4610 et
2597 4536 2718 4610 ideo
2747 4536 3134 4610 exorciznndos
3165 4549 3220 4594 et
3248 4540 3604 4610 baptizandus

2006 4624 2129 4665 esse
2163 4626 2176 4662 :
2215 4629 2234 4660 ι
2271 4617 2328 4663 et
2374 4623 2492 4675 cap.
2523 4608 2613 4673 57,
2670 4606 2980 4662 Vincentius
3017 4625 3044 4661 a
3073 4606 3333 4664 Tbibarii
3373 4630 3392 4663 ι
3427 4612 3606 4665 l’rimu

2009 4697 2105 4748 per
2128 4694 2317 4735 manus
2349 4678 2747 4748 impositionem
2778 4679 2828 4733 in
2856 4681 3159 4735 exorcismo
3181 4724 3195 4747 ,
3241 4681 3481 4735 secundo
3509 4696 3607 4751 per

2009 4752 2259 4819 baptismi
2315 4752 2778 4815 regenerationem
2830 4759 2955 4804 tunc
3012 4763 3237 4817 passuut
3288 4752 3354 4805 ad
3399 4751 3603 4806 Christi

2008 4822 2450 4894 pollicitationem
2476 4821 2689 4881 venire.
2733 4840 2751 4872 ι
2784 4838 2978 4894 matms
3009 4822 3411 4894 impositionetn
3438 4864 3451 4885 ,
3479 4837 3602 4892 qua:

2012 4880 2129 4964 ipso
2155 4880 2411 4963 Stephani
2443 4880 2710 4946 consensu
2746 4891 2864 4964 illis
2900 4880 3203 4946 adhibenda
3234 4903 3388 4957 erat,
3439 4880 3604 4949 ex'or-

2010 4963 2237 5020 cismum
2289 4965 2692 5032 interpretatus.
2742 4963 2832 5018 Isti
2864 4964 3075 5032 quidem
3107 4964 3217 5016 Alri
3252 4964 3318 5017 de
3359 4966 3603 5020 doctrina

2012 5036 2268 5092 tradenda
2330 5035 2529 5103 pariter
2574 5035 2774 5089 silent:
2803 5035 2897 5087 sed
2930 5036 3059 5086 nihil
3102 5048 3239 5102 Opus
3267 5045 3383 5090 erat
3416 5047 3472 5089 ut
3502 5035 3603 5091 hac

2008 5107 2078 5162 de
2105 5125 2161 5163 re
2191 5106 2483 5176 quidquam
2528 5107 2927 5173 prmciperetur,
2963 5120 3084 5158 cum
3115 5106 3427 5162 bzercticutn
3456 5149 3470 5171 ,
3501 5109 3600 5161 nisi

2008 5174 2672 5246 catholicamproﬁteatur
2701 5176 2859 5229 litlem
2882 5216 2896 5238 ,
2945 5178 3319 5248 recipiendum
3347 5194 3453 5232 non
3483 5194 3602 5233 esse
3649 5174 3662 5185 ’

2008 5250 2155 5321 leges
2174 5251 2295 5304 alia:
2322 5248 2572 5303 ducemt.
2598 5248 2894 5321 Ctms'raufr.

2085 5322 2160 5375 De
2188 5323 2266 5375 Itis
2292 5321 2618 5374 omnibus....
2664 5316 2977 5372 Firmiliauo
3024 5320 3233 5374 scilicet
3280 5320 3488 5374 Heleno
3538 5336 3602 5376 ac

2007 5395 2199 5460 sociis,
2244 5402 2301 5446 ut.
2326 5406 2421 5445 eus
2452 5390 2755 5456 Stephanus
2777 5405 2804 5440 ιι
2842 5392 3226 5447 cmnmuuiune
3253 5408 3347 5447 sua
3375 5393 3600 5447 minime

2007 5474 2335 5535 segregaret.
2366 5461 2673 5535 Cousraur.

2082 5531 2254 5607 Deqtte
2282 5535 2459 5588 iisdem
2485 5532 2551 5607 ad
2580 5548 2662 5607 me
2683 5531 3010 5602 scripserant.
3056 5533 3324 5607 Valesius
3357 5534 3443 5587 hic
3497 5533 3599 5587 ad-

2005 5608 2141 5663 tlidit
2166 5602 2338 5669 rebus,
2382 5602 2523 5674 quod
2554 5603 2776 5659 verbum
2802 5619 2921 5659 cum
2944 5613 2983 5675 ia’
3011 5619 3188 5675 graeco
3214 5605 3349 5657 absit
3375 5644 3389 5667 ,
3424 5619 3599 5674 neque

2006 5680 2169 5735 latine
2197 5677 2410 5732 videtur
2445 5675 2875 5746 exprimendum.
2926 5674 3223 5731 Commode
3253 5685 3432 5731 autem
3468 5676 3600 5731 illud
