  <div class='ocr_page' id='page_1' title='image "/cluster/home/n/w/nwhite01/storage/ocr_20150623/5/hvd.32044073505083/051.png"; bbox 0 0 3990 6060; ppageno 0'>
   <div class='ocr_carea' id='block_1_1' title="bbox 351 224 3656 314">
    <p class='ocr_par' dir='ltr' id='par_1_1' title="bbox 351 224 3656 314">
     <span class='ocr_line' id='line_1_1' title="bbox 351 224 3656 314; baseline -0.003 -6"><span class='ocrx_word' id='word_1_1' title='bbox 351 239 419 308; x_wconf 77' lang='lat'><strong>91</strong></span> <span class='ocrx_word' id='word_1_2' title='bbox 1140 230 1615 305; x_wconf 76' lang='lat' dir='ltr'><strong>EPISTULARUM</strong></span> <span class='ocrx_word' id='word_1_3' title='bbox 1650 242 1818 314; x_wconf 62' lang='lat' dir='ltr'><strong>oua:</strong></span> <span class='ocrx_word' id='word_1_4' title='bbox 1858 234 1951 301; x_wconf 73' lang='lat' dir='ltr'><strong>AD</strong></span> <span class='ocrx_word' id='word_1_5' title='bbox 1988 224 2250 303; x_wconf 76' lang='lat' dir='ltr'><strong>sixruu</strong></span> <span class='ocrx_word' id='word_1_6' title='bbox 2290 234 2527 300; x_wconf 76' lang='lat' dir='ltr'><strong>PAPAM</strong></span> <span class='ocrx_word' id='word_1_7' title='bbox 2567 234 2939 299; x_wconf 80' lang='lat' dir='ltr'><strong>ATTINENT.</strong></span> <span class='ocrx_word' id='word_1_8' title='bbox 3585 242 3656 300; x_wconf 73' lang='lat'>92</span> 
     </span>
    </p>
   </div>
   <div class='ocr_carea' id='block_1_2' title="bbox 352 376 3656 447">
    <p class='ocr_par' dir='ltr' id='par_1_2' title="bbox 352 376 3656 447">
     <span class='ocr_line' id='line_1_2' title="bbox 352 376 3656 447; baseline 0 -16"><span class='ocrx_word' id='word_1_9' title='bbox 352 376 410 431; x_wconf 87' lang='lat' dir='ltr'><strong>In</strong></span> <span class='ocrx_word' id='word_1_10' title='bbox 453 380 627 432; x_wconf 86' lang='lat' dir='ltr'><strong>eadem</strong></span> <span class='ocrx_word' id='word_1_11' title='bbox 668 379 880 447; x_wconf 85' lang='lat' dir='ltr'><strong>epistola</strong></span> <span class='ocrx_word' id='word_1_12' title='bbox 909 378 974 433; x_wconf 88' lang='lat' dir='ltr'><strong>de</strong></span> <span class='ocrx_word' id='word_1_13' title='bbox 1012 378 1310 433; x_wconf 84' lang='lat' dir='ltr'><strong>Sabellianis</strong></span> <span class='ocrx_word' id='word_1_14' title='bbox 1337 376 1617 442; x_wconf 66' lang='lat' dir='ltr'><strong>haereticis,</strong></span> <span class='ocrx_word' id='word_1_15' title='bbox 1660 382 1821 445; x_wconf 79' lang='lat' dir='ltr'><strong>inquit</strong></span> <span class='ocrx_word' id='word_1_16' title='bbox 1841 380 2108 442; x_wconf 90' lang='lat' dir='ltr'><strong>Eusebius,</strong></span> <span class='ocrx_word' id='word_1_17' title='bbox 2150 379 2359 443; x_wconf 90' lang='lat' dir='ltr'><strong>Histor.,</strong></span> <span class='ocrx_word' id='word_1_18' title='bbox 2395 378 2697 445; x_wconf 65' lang='lat' dir='ltr'><strong>lib.Vll,:c.</strong></span> <span class='ocrx_word' id='word_1_19' title='bbox 2724 380 2773 442; x_wconf 85' lang='lat'><strong>6,</strong></span> <span class='ocrx_word' id='word_1_20' title='bbox 2815 386 2871 431; x_wconf 92' lang='lat' dir='ltr'><strong>ut</strong></span> <span class='ocrx_word' id='word_1_21' title='bbox 2892 385 3009 445; x_wconf 90' lang='lat' dir='ltr'><strong>pote</strong></span> <span class='ocrx_word' id='word_1_22' title='bbox 3038 382 3127 445; x_wconf 86' lang='lat' dir='ltr'><strong>qui</strong></span> <span class='ocrx_word' id='word_1_23' title='bbox 3149 388 3267 433; x_wconf 90' lang='lat' dir='ltr'><strong>tunc</strong></span> <span class='ocrx_word' id='word_1_24' title='bbox 3290 382 3656 444; x_wconf 82' lang='lat' dir='ltr'><strong>increbescant,</strong></span> 
     </span>
    </p>
   </div>
   <div class='ocr_carea' id='block_1_3' title="bbox 1498 462 2468 517">
    <p class='ocr_par' dir='ltr' id='par_1_3' title="bbox 1498 462 2468 517">
     <span class='ocr_line' id='line_1_3' title="bbox 1498 462 2468 517; baseline 0 -2"><span class='ocrx_word' id='word_1_25' title='bbox 1498 463 1687 515; x_wconf 79' lang='lat' dir='ltr'><strong>Xistum</strong></span> <span class='ocrx_word' id='word_1_26' title='bbox 1712 467 1982 517; x_wconf 85' lang='lat' dir='ltr'><strong>certiorem</strong></span> <span class='ocrx_word' id='word_1_27' title='bbox 1997 464 2113 515; x_wconf 87' lang='lat' dir='ltr'><strong>facit</strong></span> <span class='ocrx_word' id='word_1_28' title='bbox 2131 465 2210 515; x_wconf 86' lang='lat' dir='ltr'><strong>bis</strong></span> <span class='ocrx_word' id='word_1_29' title='bbox 2236 465 2418 516; x_wconf 80' lang='lat' dir='ltr'><strong>verbis.</strong></span> <span class='ocrx_word' id='word_1_30' title='bbox 2460 462 2468 469; x_wconf 84' lang='grc'><strong>’</strong></span> 
     </span>
    </p>
   </div>
   <div class='ocr_carea' id='block_1_4' title="bbox 429 598 1984 678">
    <p class='ocr_par' dir='ltr' id='par_1_4' title="bbox 429 598 1984 670">
     <span class='ocr_line' id='line_1_4' title="bbox 429 598 1984 670; baseline -0.001 -15"><span class='ocrx_word' id='word_1_31' title='bbox 429 599 483 655; x_wconf 74' lang='grc'><strong>5.</strong></span> <span class='ocrx_word' id='word_1_32' title='bbox 509 598 640 655; x_wconf 88' lang='lat' dir='ltr'><strong>Nam</strong></span> <span class='ocrx_word' id='word_1_33' title='bbox 669 615 788 656; x_wconf 92' lang='lat' dir='ltr'><strong>cum</strong></span> <span class='ocrx_word' id='word_1_34' title='bbox 819 600 886 655; x_wconf 90' lang='lat' dir='ltr'><strong>de</strong></span> <span class='ocrx_word' id='word_1_35' title='bbox 912 598 1152 654; x_wconf 77' lang='lat' dir='ltr'><strong>doctrina</strong></span> <span class='ocrx_word' id='word_1_36' title='bbox 1173 642 1187 665; x_wconf 96' lang='lat'><strong>,</strong></span> <span class='ocrx_word' id='word_1_37' title='bbox 1232 614 1352 669; x_wconf 66' lang='lat' dir='ltr'><strong>quae</strong></span> <span class='ocrx_word' id='word_1_38' title='bbox 1381 614 1552 669; x_wconf 84' lang='lat' dir='ltr'><strong>nuper</strong></span> <span class='ocrx_word' id='word_1_39' title='bbox 1580 600 1721 670; x_wconf 90' lang='lat' dir='ltr'><strong>apud</strong></span> <span class='ocrx_word' id='word_1_40' title='bbox 1762 599 1946 655; x_wconf 88' lang='lat' dir='ltr'><strong>Ptole-</strong></span> <span class='ocrx_word' id='word_1_41' title='bbox 1978 652 1984 663; x_wconf 46' lang='grc' dir='ltr'><strong>η</strong></span> 
     </span>
    </p>
   </div>
   <div class='ocr_carea' id='block_1_5' title="bbox 2092 598 3661 678">
    <p class='ocr_par' dir='ltr' id='par_1_5' title="bbox 2126 598 3661 678">
     <span class='ocr_line' id='line_1_5' title="bbox 2126 598 3661 678; baseline 0 -24"><span class='ocrx_word' id='word_1_42' title='bbox 2126 604 2243 677; x_wconf 85' lang='grc' dir='ltr'>Περί</span> <span class='ocrx_word' id='word_1_43' title='bbox 2264 603 2365 677; x_wconf 86' lang='grc' dir='ltr'>γὰρ</span> <span class='ocrx_word' id='word_1_44' title='bbox 2394 606 2483 655; x_wconf 91' lang='grc' dir='ltr'><strong>τοῦ</strong></span> <span class='ocrx_word' id='word_1_45' title='bbox 2512 606 2597 654; x_wconf 90' lang='grc' dir='ltr'><strong>νῦν</strong></span> <span class='ocrx_word' id='word_1_46' title='bbox 2626 602 2905 661; x_wconf 81' lang='grc' dir='ltr'><strong>κινηθέντος</strong></span> <span class='ocrx_word' id='word_1_47' title='bbox 2933 603 2983 655; x_wconf 87' lang='grc' dir='ltr'><strong>έν</strong></span> <span class='ocrx_word' id='word_1_48' title='bbox 3010 607 3071 678; x_wconf 78' lang='grc' dir='ltr'>τῇ</span> <span class='ocrx_word' id='word_1_49' title='bbox 3093 598 3394 674; x_wconf 77' lang='grc' dir='ltr'><strong>Πτολεμαΐδι</strong></span> <span class='ocrx_word' id='word_1_50' title='bbox 3420 609 3512 661; x_wconf 83' lang='grc' dir='ltr'>τῆς</span> <span class='ocrx_word' id='word_1_51' title='bbox 3542 611 3661 655; x_wconf 85' lang='grc' dir='ltr'>Πεν-</span> 
     </span>
    </p>
   </div>
   <div class='ocr_carea' id='block_1_6' title="bbox 360 678 1951 762">
    <p class='ocr_par' dir='ltr' id='par_1_6' title="bbox 360 678 1951 762">
     <span class='ocr_line' id='line_1_6' title="bbox 360 678 1951 762; baseline 0.001 -15"><span class='ocrx_word' id='word_1_52' title='bbox 360 678 590 749; x_wconf 85' lang='lat' dir='ltr'><strong>maidetn</strong></span> <span class='ocrx_word' id='word_1_53' title='bbox 641 693 826 748; x_wconf 87' lang='lat' dir='ltr'>urbem</span> <span class='ocrx_word' id='word_1_54' title='bbox 886 688 1239 762; x_wconf 72' lang='lat' dir='ltr'><strong>Pentapoleos</strong></span> <span class='ocrx_word' id='word_1_55' title='bbox 1280 700 1421 745; x_wconf 78' lang='lat' dir='ltr'><strong>mota</strong></span> <span class='ocrx_word' id='word_1_56' title='bbox 1473 701 1588 757; x_wconf 89' lang='lat' dir='ltr'><strong>cst,</strong></span> <span class='ocrx_word' id='word_1_57' title='bbox 1662 692 1823 762; x_wconf 89' lang='lat' dir='ltr'><strong>impia</strong></span> <span class='ocrx_word' id='word_1_58' title='bbox 1898 702 1951 748; x_wconf 85' lang='lat' dir='ltr'><strong>et</strong></span> 
     </span>
    </p>
   </div>
   <div class='ocr_carea' id='block_1_7' title="bbox 360 782 1950 854">
    <p class='ocr_par' dir='ltr' id='par_1_7' title="bbox 360 782 1950 854">
     <span class='ocr_line' id='line_1_7' title="bbox 360 782 1950 854; baseline -0.001 -16"><span class='ocrx_word' id='word_1_59' title='bbox 360 783 518 854; x_wconf 81' lang='lat' dir='ltr'><strong>plena</strong></span> <span class='ocrx_word' id='word_1_60' title='bbox 544 782 890 853; x_wconf 72' lang='lat' dir='ltr'><strong>lilaSpltemitc</strong></span> <span class='ocrx_word' id='word_1_61' title='bbox 920 783 973 837; x_wconf 93' lang='lat' dir='ltr'><strong>in</strong></span> <span class='ocrx_word' id='word_1_62' title='bbox 999 783 1163 838; x_wconf 90' lang='lat' dir='ltr'><strong>Deum</strong></span> <span class='ocrx_word' id='word_1_63' title='bbox 1193 784 1617 852; x_wconf 76' lang='lat' dir='ltr'><strong>omnipotentem</strong></span> <span class='ocrx_word' id='word_1_64' title='bbox 1658 795 1713 839; x_wconf 89' lang='lat' dir='ltr'><strong>et</strong></span> <span class='ocrx_word' id='word_1_65' title='bbox 1746 795 1950 854; x_wconf 87' lang='lat' dir='ltr'><strong>patrem</strong></span> 
     </span>
    </p>
   </div>
   <div class='ocr_carea' id='block_1_8' title="bbox 363 874 1956 946">
    <p class='ocr_par' dir='ltr' id='par_1_8' title="bbox 363 874 1956 946">
     <span class='ocr_line' id='line_1_8' title="bbox 363 874 1956 946; baseline 0.001 -14"><span class='ocrx_word' id='word_1_66' title='bbox 363 874 572 932; x_wconf 85' lang='lat' dir='ltr'><strong>Domini</strong></span> <span class='ocrx_word' id='word_1_67' title='bbox 629 878 801 931; x_wconf 78' lang='lat' dir='ltr'><strong>nostri</strong></span> <span class='ocrx_word' id='word_1_68' title='bbox 851 874 977 931; x_wconf 83' lang='lat' dir='ltr'><strong>Jesu</strong></span> <span class='ocrx_word' id='word_1_69' title='bbox 1008 875 1231 941; x_wconf 83' lang='lat' dir='ltr'><strong>Christi,</strong></span> <span class='ocrx_word' id='word_1_70' title='bbox 1275 876 1430 946; x_wconf 89' lang='lat' dir='ltr'><strong>plena</strong></span> <span class='ocrx_word' id='word_1_71' title='bbox 1466 877 1855 932; x_wconf 75' lang='lat' dir='ltr'><strong>incredulitatis</strong></span> <span class='ocrx_word' id='word_1_72' title='bbox 1902 886 1956 933; x_wconf 88' lang='lat' dir='ltr'><strong>ct</strong></span> 
     </span>
    </p>
   </div>
   <div class='ocr_carea' id='block_1_9' title="bbox 362 962 1954 1041">
    <p class='ocr_par' dir='ltr' id='par_1_9' title="bbox 362 962 1954 1041">
     <span class='ocr_line' id='line_1_9' title="bbox 362 962 1954 1041; baseline 0.003 -18"><span class='ocrx_word' id='word_1_73' title='bbox 362 962 600 1041; x_wconf 73' lang='lat' dir='ltr'><strong>perfidiae</strong></span> <span class='ocrx_word' id='word_1_74' title='bbox 621 984 747 1040; x_wconf 88' lang='lat' dir='ltr'><strong>erga</strong></span> <span class='ocrx_word' id='word_1_75' title='bbox 768 969 933 1026; x_wconf 86' lang='lat' dir='ltr'><strong>filium</strong></span> <span class='ocrx_word' id='word_1_76' title='bbox 962 970 1078 1041; x_wconf 83' lang='lat' dir='ltr'><strong>ejus</strong></span> <span class='ocrx_word' id='word_1_77' title='bbox 1102 970 1431 1040; x_wconf 81' lang='lat' dir='ltr'><strong>unigenitum</strong></span> <span class='ocrx_word' id='word_1_78' title='bbox 1459 982 1513 1027; x_wconf 91' lang='lat' dir='ltr'><strong>et</strong></span> <span class='ocrx_word' id='word_1_79' title='bbox 1542 971 1954 1041; x_wconf 73' lang='lat' dir='ltr'><strong>primogenitum</strong></span> 
     </span>
    </p>
   </div>
   <div class='ocr_carea' id='block_1_10' title="bbox 364 1061 1959 1134">
    <p class='ocr_par' dir='ltr' id='par_1_10' title="bbox 364 1061 1959 1134">
     <span class='ocr_line' id='line_1_10' title="bbox 364 1061 1959 1134; baseline 0.002 -18"><span class='ocrx_word' id='word_1_80' title='bbox 364 1062 541 1116; x_wconf 91' lang='lat' dir='ltr'><strong>omnis</strong></span> <span class='ocrx_word' id='word_1_81' title='bbox 566 1071 829 1117; x_wconf 68' lang='lat' dir='ltr'><strong>creatura:</strong></span> <span class='ocrx_word' id='word_1_82' title='bbox 859 1061 1091 1117; x_wconf 86' lang='lat' dir='ltr'><strong>Verbum</strong></span> <span class='ocrx_word' id='word_1_83' title='bbox 1134 1062 1403 1118; x_wconf 86' lang='lat' dir='ltr'><strong>hominem</strong></span> <span class='ocrx_word' id='word_1_84' title='bbox 1451 1064 1682 1128; x_wconf 90' lang='lat' dir='ltr'><strong>factum,</strong></span> <span class='ocrx_word' id='word_1_85' title='bbox 1736 1077 1789 1119; x_wconf 90' lang='lat' dir='ltr'><strong>et</strong></span> <span class='ocrx_word' id='word_1_86' title='bbox 1838 1081 1959 1134; x_wconf 65' lang='lat' dir='ltr'><strong>qua:</strong></span> 
     </span>
    </p>
   </div>
   <div class='ocr_carea' id='block_1_11' title="bbox 367 1154 1953 1227">
    <p class='ocr_par' dir='ltr' id='par_1_11' title="bbox 367 1154 1953 1227">
     <span class='ocr_line' id='line_1_11' title="bbox 367 1154 1953 1227; baseline 0.002 -17"><span class='ocrx_word' id='word_1_87' title='bbox 367 1154 599 1225; x_wconf 85' lang='lat' dir='ltr'><strong>Spiritus</strong></span> <span class='ocrx_word' id='word_1_88' title='bbox 652 1156 824 1211; x_wconf 84' lang='lat' dir='ltr'><strong>sancti</strong></span> <span class='ocrx_word' id='word_1_89' title='bbox 870 1156 1043 1212; x_wconf 79' lang='lat' dir='ltr'><strong>aufert</strong></span> <span class='ocrx_word' id='word_1_90' title='bbox 1075 1156 1480 1227; x_wconf 86' lang='lat' dir='ltr'><strong>intelligentiam</strong></span> <span class='ocrx_word' id='word_1_91' title='bbox 1509 1178 1520 1213; x_wconf 94' lang='lat'>:</span> <span class='ocrx_word' id='word_1_92' title='bbox 1555 1174 1675 1213; x_wconf 93' lang='lat' dir='ltr'><strong>cum</strong></span> <span class='ocrx_word' id='word_1_93' title='bbox 1713 1159 1781 1213; x_wconf 86' lang='lat' dir='ltr'><strong>ab</strong></span> <span class='ocrx_word' id='word_1_94' title='bbox 1808 1169 1953 1213; x_wconf 89' lang='lat' dir='ltr'><strong>utra-</strong></span> 
     </span>
    </p>
   </div>
   <div class='ocr_carea' id='block_1_12' title="bbox 366 1248 1959 1318">
    <p class='ocr_par' dir='ltr' id='par_1_12' title="bbox 366 1248 1959 1318">
     <span class='ocr_line' id='line_1_12' title="bbox 366 1248 1959 1318; baseline 0.004 -17"><span class='ocrx_word' id='word_1_95' title='bbox 366 1262 469 1318; x_wconf 86' lang='lat' dir='ltr'><strong>que</strong></span> <span class='ocrx_word' id='word_1_96' title='bbox 496 1258 648 1317; x_wconf 89' lang='lat' dir='ltr'><strong>parte</strong></span> <span class='ocrx_word' id='word_1_97' title='bbox 692 1257 747 1303; x_wconf 91' lang='lat' dir='ltr'><strong>et</strong></span> <span class='ocrx_word' id='word_1_98' title='bbox 771 1248 966 1304; x_wconf 80' lang='lat' dir='ltr'><strong>litterae</strong></span> <span class='ocrx_word' id='word_1_99' title='bbox 996 1248 1063 1305; x_wconf 89' lang='lat' dir='ltr'><strong>ad</strong></span> <span class='ocrx_word' id='word_1_100' title='bbox 1096 1265 1181 1305; x_wconf 91' lang='lat' dir='ltr'><strong>me</strong></span> <span class='ocrx_word' id='word_1_101' title='bbox 1210 1250 1387 1305; x_wconf 74' lang='lat' dir='ltr'><strong>allata:</strong></span> <span class='ocrx_word' id='word_1_102' title='bbox 1412 1262 1594 1306; x_wconf 88' lang='lat' dir='ltr'><strong>essent</strong></span> <span class='ocrx_word' id='word_1_103' title='bbox 1616 1294 1629 1315; x_wconf 92' lang='lat'><strong>,</strong></span> <span class='ocrx_word' id='word_1_104' title='bbox 1670 1262 1723 1307; x_wconf 91' lang='lat' dir='ltr'><strong>et</strong></span> <span class='ocrx_word' id='word_1_105' title='bbox 1765 1252 1959 1308; x_wconf 91' lang='lat' dir='ltr'><strong>fratres</strong></span> 
     </span>
    </p>
   </div>
   <div class='ocr_carea' id='block_1_13' title="bbox 368 1328 1958 1417">
    <p class='ocr_par' dir='ltr' id='par_1_13' title="bbox 368 1328 1958 1417">
     <span class='ocr_line' id='line_1_13' title="bbox 368 1328 1958 1417; baseline 0.005 -24"><span class='ocrx_word' id='word_1_106' title='bbox 368 1338 716 1409; x_wconf 73' lang='lat' dir='ltr'><strong>disceptaturi</strong></span> <span class='ocrx_word' id='word_1_107' title='bbox 742 1342 1046 1410; x_wconf 90' lang='lat' dir='ltr'><strong>venissent,</strong></span> <span class='ocrx_word' id='word_1_108' title='bbox 1089 1353 1346 1413; x_wconf 88' lang='lat' dir='ltr'><strong>quantum</strong></span> <span class='ocrx_word' id='word_1_109' title='bbox 1382 1344 1495 1400; x_wconf 91' lang='lat' dir='ltr'><strong>Deo</strong></span> <span class='ocrx_word' id='word_1_110' title='bbox 1519 1328 1752 1400; x_wconf 81' lang='lat' dir='ltr'><strong>donante</strong></span> <span class='ocrx_word' id='word_1_111' title='bbox 1776 1344 1958 1417; x_wconf 88' lang='lat' dir='ltr'><strong>potui,</strong></span> 
     </span>
    </p>
   </div>
   <div class='ocr_carea' id='block_1_14' title="bbox 371 1432 1960 1509">
    <p class='ocr_par' dir='ltr' id='par_1_14' title="bbox 371 1432 1960 1509">
     <span class='ocr_line' id='line_1_14' title="bbox 371 1432 1960 1509; baseline 0.004 -23"><span class='ocrx_word' id='word_1_112' title='bbox 371 1432 577 1503; x_wconf 86' lang='lat' dir='ltr'><strong>planius</strong></span> <span class='ocrx_word' id='word_1_113' title='bbox 605 1434 931 1500; x_wconf 88' lang='lat' dir='ltr'><strong>edisserens,</strong></span> <span class='ocrx_word' id='word_1_114' title='bbox 963 1436 1223 1506; x_wconf 88' lang='lat' dir='ltr'><strong>quasdam</strong></span> <span class='ocrx_word' id='word_1_115' title='bbox 1247 1437 1435 1508; x_wconf 85' lang='lat' dir='ltr'><strong>scripsi</strong></span> <span class='ocrx_word' id='word_1_116' title='bbox 1467 1432 1703 1504; x_wconf 80' lang='lat' dir='ltr'><strong>litteras;</strong></span> <span class='ocrx_word' id='word_1_117' title='bbox 1735 1454 1960 1509; x_wconf 87' lang='lat' dir='ltr'><strong>quarum</strong></span> 
     </span>
    </p>
   </div>
   <div class='ocr_carea' id='block_1_15' title="bbox 371 1525 961 1597">
    <p class='ocr_par' dir='ltr' id='par_1_15' title="bbox 371 1525 961 1597">
     <span class='ocr_line' id='line_1_15' title="bbox 371 1525 961 1597; baseline 0 -17"><span class='ocrx_word' id='word_1_118' title='bbox 371 1525 616 1597; x_wconf 82' lang='lat' dir='ltr'><strong>exempla</strong></span> <span class='ocrx_word' id='word_1_119' title='bbox 640 1526 705 1581; x_wconf 87' lang='lat' dir='ltr'><strong>ad</strong></span> <span class='ocrx_word' id='word_1_120' title='bbox 739 1537 789 1581; x_wconf 92' lang='lat' dir='ltr'><strong>te</strong></span> <span class='ocrx_word' id='word_1_121' title='bbox 818 1528 961 1581; x_wconf 84' lang='lat' dir='ltr'><strong>misi.</strong></span> 
     </span>
    </p>
   </div>
   <div class='ocr_carea' id='block_1_16' title="bbox 2052 691 3664 769">
    <p class='ocr_par' dir='ltr' id='par_1_16' title="bbox 2052 691 3664 769">
     <span class='ocr_line' id='line_1_16' title="bbox 2052 691 3664 769; baseline -0.003 -18"><span class='ocrx_word' id='word_1_122' title='bbox 2052 696 2315 755; x_wconf 70' lang='grc' dir='ltr'>ταπόλεως</span> <span class='ocrx_word' id='word_1_123' title='bbox 2345 693 2623 769; x_wconf 79' lang='grc' dir='ltr'>δόγματος,</span> <span class='ocrx_word' id='word_1_124' title='bbox 2653 691 2795 756; x_wconf 79' lang='grc' dir='ltr'>ὄντος</span> <span class='ocrx_word' id='word_1_125' title='bbox 2822 694 3046 755; x_wconf 82' lang='grc' dir='ltr'>ἀσεϐοῦς</span> <span class='ocrx_word' id='word_1_126' title='bbox 3075 698 3163 749; x_wconf 83' lang='grc' dir='ltr'><strong>καί</strong></span> <span class='ocrx_word' id='word_1_127' title='bbox 3186 694 3516 767; x_wconf 74' lang='grc' dir='ltr'><strong>βλασφημίαν</strong></span> <span class='ocrx_word' id='word_1_128' title='bbox 3541 694 3664 749; x_wconf 88' lang='grc' dir='ltr'>πολ-</span> 
     </span>
    </p>
   </div>
   <div class='ocr_carea' id='block_1_17' title="bbox 2054 786 3667 863">
    <p class='ocr_par' dir='ltr' id='par_1_17' title="bbox 2054 786 3667 863">
     <span class='ocr_line' id='line_1_17' title="bbox 2054 786 3667 863; baseline -0.002 -21"><span class='ocrx_word' id='word_1_129' title='bbox 2054 788 2140 848; x_wconf 78' lang='grc' dir='ltr'>λήν</span> <span class='ocrx_word' id='word_1_130' title='bbox 2186 786 2403 858; x_wconf 73' lang='grc' dir='ltr'>ἔχοντος</span> <span class='ocrx_word' id='word_1_131' title='bbox 2450 790 2571 863; x_wconf 84' lang='grc' dir='ltr'>περὶ</span> <span class='ocrx_word' id='word_1_132' title='bbox 2610 792 2701 842; x_wconf 89' lang='grc' dir='ltr'><strong>τοῦ</strong></span> <span class='ocrx_word' id='word_1_133' title='bbox 2748 788 3169 863; x_wconf 75' lang='grc' dir='ltr'><strong>παντοκράτορος</strong></span> <span class='ocrx_word' id='word_1_134' title='bbox 3193 792 3320 841; x_wconf 77' lang='grc' dir='ltr'>Θεοῦ</span> <span class='ocrx_word' id='word_1_135' title='bbox 3354 789 3443 840; x_wconf 84' lang='grc' dir='ltr'>καὶ</span> <span class='ocrx_word' id='word_1_136' title='bbox 3470 786 3667 860; x_wconf 77' lang='grc' dir='ltr'>πατρὸς</span> 
     </span>
    </p>
   </div>
   <div class='ocr_carea' id='block_1_18' title="bbox 2055 881 3665 957">
    <p class='ocr_par' dir='ltr' id='par_1_18' title="bbox 2055 881 3665 957">
     <span class='ocr_line' id='line_1_18' title="bbox 2055 881 3665 957; baseline -0.002 -20"><span class='ocrx_word' id='word_1_137' title='bbox 2055 888 2145 937; x_wconf 90' lang='grc' dir='ltr'><strong>τοῦ</strong></span> <span class='ocrx_word' id='word_1_138' title='bbox 2177 885 2355 956; x_wconf 86' lang='grc' dir='ltr'>κυρίου</span> <span class='ocrx_word' id='word_1_139' title='bbox 2406 883 2545 953; x_wconf 78' lang='grc' dir='ltr'>ἡμῶν</span> <span class='ocrx_word' id='word_1_140' title='bbox 2574 881 2734 941; x_wconf 82' lang='grc' dir='ltr'><strong>Ἰησοῦ</strong></span> <span class='ocrx_word' id='word_1_141' title='bbox 2778 889 3042 957; x_wconf 78' lang='grc' dir='ltr'><strong>Χριστοῦ,</strong></span> <span class='ocrx_word' id='word_1_142' title='bbox 3072 884 3322 939; x_wconf 77' lang='grc' dir='ltr'>ἀπιστίαν</span> <span class='ocrx_word' id='word_1_143' title='bbox 3371 902 3425 936; x_wconf 77' lang='grc' dir='ltr'><strong>τι</strong></span> <span class='ocrx_word' id='word_1_144' title='bbox 3481 881 3665 940; x_wconf 82' lang='grc' dir='ltr'>πολλὴν</span> 
     </span>
    </p>
   </div>
   <div class='ocr_carea' id='block_1_19' title="bbox 2060 972 3669 1050">
    <p class='ocr_par' dir='ltr' id='par_1_19' title="bbox 2060 972 3669 1050">
     <span class='ocr_line' id='line_1_19' title="bbox 2060 972 3669 1050; baseline 0 -22"><span class='ocrx_word' id='word_1_145' title='bbox 2060 972 2276 1045; x_wconf 77' lang='grc' dir='ltr'>ἔχοντος</span> <span class='ocrx_word' id='word_1_146' title='bbox 2300 978 2420 1049; x_wconf 85' lang='grc' dir='ltr'><strong>περί</strong></span> <span class='ocrx_word' id='word_1_147' title='bbox 2443 981 2533 1028; x_wconf 91' lang='grc' dir='ltr'><strong>τοῦ</strong></span> <span class='ocrx_word' id='word_1_148' title='bbox 2565 981 2865 1048; x_wconf 73' lang='grc' dir='ltr'>μονογενοῦς</span> <span class='ocrx_word' id='word_1_149' title='bbox 2891 973 3076 1035; x_wconf 84' lang='grc' dir='ltr'>παιδός</span> <span class='ocrx_word' id='word_1_150' title='bbox 3103 977 3262 1030; x_wconf 79' lang='grc' dir='ltr'>αὐτοῦ</span> <span class='ocrx_word' id='word_1_151' title='bbox 3306 978 3394 1029; x_wconf 86' lang='grc' dir='ltr'><strong>καί</strong></span> <span class='ocrx_word' id='word_1_152' title='bbox 3419 974 3669 1050; x_wconf 89' lang='grc' dir='ltr'>προτοτό-</span> 
     </span>
    </p>
   </div>
   <div class='ocr_carea' id='block_1_20' title="bbox 2060 1068 3671 1143">
    <p class='ocr_par' dir='ltr' id='par_1_20' title="bbox 2060 1068 3671 1143">
     <span class='ocr_line' id='line_1_20' title="bbox 2060 1068 3671 1143; baseline 0.001 -22"><span class='ocrx_word' id='word_1_153' title='bbox 2060 1089 2153 1121; x_wconf 83' lang='grc' dir='ltr'><strong>κου</strong></span> <span class='ocrx_word' id='word_1_154' title='bbox 2180 1068 2355 1126; x_wconf 81' lang='grc' dir='ltr'><strong>πάσης</strong></span> <span class='ocrx_word' id='word_1_155' title='bbox 2382 1070 2618 1130; x_wconf 76' lang='grc' dir='ltr'><strong>κτίσεως,</strong></span> <span class='ocrx_word' id='word_1_156' title='bbox 2649 1074 2738 1122; x_wconf 86' lang='grc' dir='ltr'><strong>τοῦ</strong></span> <span class='ocrx_word' id='word_1_157' title='bbox 2766 1070 3253 1143; x_wconf 83' lang='grc' dir='ltr'>ἐνανθρωπάσαντος</span> <span class='ocrx_word' id='word_1_158' title='bbox 3281 1069 3460 1141; x_wconf 88' lang='grc' dir='ltr'>λόγου,</span> <span class='ocrx_word' id='word_1_159' title='bbox 3484 1070 3671 1123; x_wconf 80' lang='grc' dir='ltr'>ἀναισ-</span> 
     </span>
    </p>
   </div>
   <div class='ocr_carea' id='block_1_21' title="bbox 2063 1158 3674 1234">
    <p class='ocr_par' dir='ltr' id='par_1_21' title="bbox 2063 1158 3674 1234">
     <span class='ocr_line' id='line_1_21' title="bbox 2063 1158 3674 1234; baseline -0.001 -22"><span class='ocrx_word' id='word_1_160' title='bbox 2063 1160 2246 1218; x_wconf 88' lang='grc' dir='ltr'>θησίαν</span> <span class='ocrx_word' id='word_1_161' title='bbox 2286 1158 2340 1214; x_wconf 86' lang='grc' dir='ltr'>δὲ</span> <span class='ocrx_word' id='word_1_162' title='bbox 2384 1165 2475 1214; x_wconf 91' lang='grc' dir='ltr'><strong>τοῦ</strong></span> <span class='ocrx_word' id='word_1_163' title='bbox 2525 1159 2671 1231; x_wconf 83' lang='grc' dir='ltr'>ἁγίου</span> <span class='ocrx_word' id='word_1_164' title='bbox 2716 1162 3010 1231; x_wconf 81' lang='grc' dir='ltr'>πνεύματος</span> <span class='ocrx_word' id='word_1_165' title='bbox 3036 1175 3049 1189; x_wconf 86' lang='grc'><strong><em>⁸</em></strong></span> <span class='ocrx_word' id='word_1_166' title='bbox 3079 1160 3316 1214; x_wconf 76' lang='grc' dir='ltr'><strong>ἐλθόντων</strong></span> <span class='ocrx_word' id='word_1_167' title='bbox 3366 1159 3674 1234; x_wconf 79' lang='grc' dir='ltr'>ἑκατέρωθεν</span> 
     </span>
    </p>
   </div>
   <div class='ocr_carea' id='block_1_22' title="bbox 2063 1248 3676 1330">
    <p class='ocr_par' dir='ltr' id='par_1_22' title="bbox 2063 1248 3676 1330">
     <span class='ocr_line' id='line_1_22' title="bbox 2063 1248 3676 1330; baseline -0.004 -21"><span class='ocrx_word' id='word_1_168' title='bbox 2063 1254 2193 1330; x_wconf 83' lang='grc' dir='ltr'>πρὸς</span> <span class='ocrx_word' id='word_1_169' title='bbox 2240 1255 2327 1323; x_wconf 84' lang='grc' dir='ltr'><strong>ἐμὲ</strong></span> <span class='ocrx_word' id='word_1_170' title='bbox 2377 1256 2462 1306; x_wconf 81' lang='grc' dir='ltr'><strong>καί</strong></span> <span class='ocrx_word' id='word_1_171' title='bbox 2502 1254 2605 1328; x_wconf 87' lang='grc' dir='ltr'>πρό</span> <span class='ocrx_word' id='word_1_172' title='bbox 2650 1253 2989 1327; x_wconf 84' lang='grc' dir='ltr'>γραμμάτων,</span> <span class='ocrx_word' id='word_1_173' title='bbox 3040 1255 3127 1305; x_wconf 88' lang='grc' dir='ltr'><strong>καί</strong></span> <span class='ocrx_word' id='word_1_174' title='bbox 3165 1259 3265 1306; x_wconf 80' lang='grc' dir='ltr'>τῶν</span> <span class='ocrx_word' id='word_1_175' title='bbox 3317 1248 3676 1322; x_wconf 77' lang='grc' dir='ltr'>διαλεξομένων</span> 
     </span>
    </p>
   </div>
   <div class='ocr_carea' id='block_1_23' title="bbox 2065 1336 3674 1427">
    <p class='ocr_par' dir='ltr' id='par_1_23' title="bbox 2065 1336 3674 1427">
     <span class='ocr_line' id='line_1_23' title="bbox 2065 1336 3674 1427; baseline -0.004 -25"><span class='ocrx_word' id='word_1_176' title='bbox 2065 1344 2317 1427; x_wconf 48' lang='grc' dir='ltr'>ἀδελφῶνξ</span> <span class='ocrx_word' id='word_1_177' title='bbox 2342 1336 2612 1400; x_wconf 68' lang='grc' dir='ltr'>ἐπέστειλα</span> <span class='ocrx_word' id='word_1_178' title='bbox 2651 1336 2785 1399; x_wconf 45' lang='grc' dir='ltr'>τινα¹</span> <span class='ocrx_word' id='word_1_179' title='bbox 2808 1350 2875 1403; x_wconf 79' lang='grc' dir='ltr'>ὡς</span> <span class='ocrx_word' id='word_1_180' title='bbox 2912 1342 3150 1403; x_wconf 73' lang='grc' dir='ltr'><strong>ἐδυνήθην</strong></span> <span class='ocrx_word' id='word_1_181' title='bbox 3178 1344 3557 1419; x_wconf 77' lang='grc' dir='ltr'><strong>παρασχόντος</strong></span> <span class='ocrx_word' id='word_1_182' title='bbox 3584 1348 3674 1396; x_wconf 90' lang='grc' dir='ltr'><strong>τοῦ</strong></span> 
     </span>
    </p>
   </div>
   <div class='ocr_carea' id='block_1_24' title="bbox 2068 1436 3678 1513">
    <p class='ocr_par' dir='ltr' id='par_1_24' title="bbox 2068 1436 3678 1513">
     <span class='ocr_line' id='line_1_24' title="bbox 2068 1436 3678 1513; baseline -0.003 -19"><span class='ocrx_word' id='word_1_183' title='bbox 2068 1445 2218 1504; x_wconf 85' lang='grc' dir='ltr'>Θεοῦ,</span> <span class='ocrx_word' id='word_1_184' title='bbox 2247 1436 2739 1513; x_wconf 74' lang='grc' dir='ltr'>διδασκαλικώτερον</span> <span class='ocrx_word' id='word_1_185' title='bbox 2780 1438 3125 1511; x_wconf 65' lang='grc' dir='ltr'>ὑφηγούμενος</span> <span class='ocrx_word' id='word_1_186' title='bbox 3148 1450 3159 1463; x_wconf 88' lang='lat'><strong><em>‘</em></strong></span> <span class='ocrx_word' id='word_1_187' title='bbox 3190 1439 3257 1496; x_wconf 87' lang='grc' dir='ltr'>ὡς</span> <span class='ocrx_word' id='word_1_188' title='bbox 3296 1438 3362 1490; x_wconf 84' lang='grc' dir='ltr'>τὰ</span> <span class='ocrx_word' id='word_1_189' title='bbox 3392 1436 3678 1510; x_wconf 72' lang='grc' dir='ltr'>ἀντίγραφα</span> 
     </span>
    </p>
   </div>
   <div class='ocr_carea' id='block_1_25' title="bbox 2069 1532 2418 1606">
    <p class='ocr_par' dir='ltr' id='par_1_25' title="bbox 2069 1532 2418 1606">
     <span class='ocr_line' id='line_1_25' title="bbox 2069 1532 2418 1606; baseline -0.006 -18"><span class='ocrx_word' id='word_1_190' title='bbox 2069 1532 2281 1606; x_wconf 72' lang='grc' dir='ltr'>ἔπεμψά</span> <span class='ocrx_word' id='word_1_191' title='bbox 2315 1553 2418 1589; x_wconf 83' lang='grc' dir='ltr'>σοι.</span> 
     </span>
    </p>
   </div>
   <div class='ocr_carea' id='block_1_26' title="bbox 736 1683 3302 1764">
    <p class='ocr_par' dir='ltr' id='par_1_26' title="bbox 736 1683 3302 1764">
     <span class='ocr_line' id='line_1_26' title="bbox 736 1683 3302 1764; baseline 0.003 -9"><span class='ocrx_word' id='word_1_192' title='bbox 736 1683 1282 1758; x_wconf 72' lang='grc' dir='ltr'><strong>ΕΡΙΞΤΟΕᾹΞ</strong></span> <span class='ocrx_word' id='word_1_193' title='bbox 1329 1686 1409 1759; x_wconf 92' lang='lat' dir='ltr'>II</span> <span class='ocrx_word' id='word_1_194' title='bbox 1456 1686 1947 1762; x_wconf 82' lang='lat' dir='ltr'><strong>DIONYSII</strong></span> <span class='ocrx_word' id='word_1_195' title='bbox 1986 1688 2752 1764; x_wconf 79' lang='lat' dir='ltr'><strong>ALEXANDle</strong></span> <span class='ocrx_word' id='word_1_196' title='bbox 2805 1688 3302 1763; x_wconf 85' lang='lat' dir='ltr'><strong>EPISCOPI</strong></span> 
     </span>
    </p>
   </div>
   <div class='ocr_carea' id='block_1_27' title="bbox 1091 1840 2940 1903">
    <p class='ocr_par' dir='ltr' id='par_1_27' title="bbox 1091 1840 2940 1903">
     <span class='ocr_line' id='line_1_27' title="bbox 1091 1840 2940 1903; baseline 0.003 -9"><span class='ocrx_word' id='word_1_197' title='bbox 1091 1841 1183 1895; x_wconf 85' lang='lat' dir='ltr'><strong>AD</strong></span> <span class='ocrx_word' id='word_1_198' title='bbox 1223 1840 1671 1898; x_wconf 76' lang='lat' dir='ltr'><strong>PlllLEMUNEM</strong></span> <span class='ocrx_word' id='word_1_199' title='bbox 1712 1842 1892 1898; x_wconf 80' lang='lat' dir='ltr'><strong>SIXTI</strong></span> <span class='ocrx_word' id='word_1_200' title='bbox 1933 1843 2450 1903; x_wconf 81' lang='lat' dir='ltr'><strong>PRESBYTERUM</strong></span> <span class='ocrx_word' id='word_1_201' title='bbox 2490 1845 2940 1903; x_wconf 79' lang='lat' dir='ltr'><strong>FRAGMENTA.</strong></span> 
     </span>
    </p>
   </div>
   <div class='ocr_carea' id='block_1_28' title="bbox 447 1998 2045 2074">
    <p class='ocr_par' dir='ltr' id='par_1_28' title="bbox 447 1998 2045 2074">
     <span class='ocr_line' id='line_1_28' title="bbox 447 1998 2045 2074; baseline 0.003 -19"><span class='ocrx_word' id='word_1_202' title='bbox 447 2000 561 2071; x_wconf 86' lang='lat' dir='ltr'><strong>Ego</strong></span> <span class='ocrx_word' id='word_1_203' title='bbox 579 2014 711 2056; x_wconf 90' lang='lat' dir='ltr'><strong>vero</strong></span> <span class='ocrx_word' id='word_1_204' title='bbox 751 1998 1126 2056; x_wconf 62' lang='lat' dir='ltr'><strong>hiereticorum</strong></span> <span class='ocrx_word' id='word_1_205' title='bbox 1162 2002 1313 2057; x_wconf 91' lang='lat' dir='ltr'><strong>libris</strong></span> <span class='ocrx_word' id='word_1_206' title='bbox 1344 2002 1585 2074; x_wconf 82' lang='lat' dir='ltr'><strong>legendis</strong></span> <span class='ocrx_word' id='word_1_207' title='bbox 1610 2018 1673 2057; x_wconf 93' lang='lat' dir='ltr'><strong>ac</strong></span> <span class='ocrx_word' id='word_1_208' title='bbox 1722 2004 1967 2059; x_wconf 91' lang='lat' dir='ltr'><strong>traditio-</strong></span> <span class='ocrx_word' id='word_1_209' title='bbox 1996 2012 2045 2071; x_wconf 87' lang='lat' dir='ltr'><strong>B</strong></span> 
     </span>
    </p>
   </div>
   <div class='ocr_carea' id='block_1_29' title="bbox 375 2089 1973 2165">
    <p class='ocr_par' dir='ltr' id='par_1_29' title="bbox 375 2089 1973 2165">
     <span class='ocr_line' id='line_1_29' title="bbox 375 2089 1973 2165; baseline 0.002 -19"><span class='ocrx_word' id='word_1_210' title='bbox 375 2089 533 2148; x_wconf 88' lang='lat' dir='ltr'><strong>nibus</strong></span> <span class='ocrx_word' id='word_1_211' title='bbox 555 2091 860 2147; x_wconf 84' lang='lat' dir='ltr'><strong>ediscendis</strong></span> <span class='ocrx_word' id='word_1_212' title='bbox 888 2106 1109 2162; x_wconf 88' lang='lat' dir='ltr'><strong>operam</strong></span> <span class='ocrx_word' id='word_1_213' title='bbox 1137 2093 1363 2161; x_wconf 81' lang='lat' dir='ltr'><strong>dabam,</strong></span> <span class='ocrx_word' id='word_1_214' title='bbox 1410 2094 1476 2148; x_wconf 89' lang='lat' dir='ltr'><strong>ad</strong></span> <span class='ocrx_word' id='word_1_215' title='bbox 1526 2093 1715 2150; x_wconf 86' lang='lat' dir='ltr'><strong>horam</strong></span> <span class='ocrx_word' id='word_1_216' title='bbox 1756 2096 1973 2165; x_wconf 85' lang='lat' dir='ltr'><strong>quidem</strong></span> 
     </span>
    </p>
   </div>
   <div class='ocr_carea' id='block_1_30' title="bbox 377 2188 1978 2249">
    <p class='ocr_par' dir='ltr' id='par_1_30' title="bbox 377 2188 1978 2249">
     <span class='ocr_line' id='line_1_30' title="bbox 377 2188 1978 2249; baseline 0.004 -6"><span class='ocrx_word' id='word_1_217' title='bbox 377 2188 729 2244; x_wconf 81' lang='lat' dir='ltr'><strong>exsecrandis</strong></span> <span class='ocrx_word' id='word_1_218' title='bbox 761 2190 973 2245; x_wconf 86' lang='lat' dir='ltr'><strong>illorum</strong></span> <span class='ocrx_word' id='word_1_219' title='bbox 1002 2192 1288 2248; x_wconf 89' lang='lat' dir='ltr'><strong>sententiis</strong></span> <span class='ocrx_word' id='word_1_220' title='bbox 1313 2191 1551 2246; x_wconf 87' lang='lat' dir='ltr'><strong>animum</strong></span> <span class='ocrx_word' id='word_1_221' title='bbox 1599 2202 1777 2247; x_wconf 86' lang='lat' dir='ltr'><strong>meum</strong></span> <span class='ocrx_word' id='word_1_222' title='bbox 1826 2194 1978 2249; x_wconf 85' lang='lat' dir='ltr'><strong>cuin-</strong></span> 
     </span>
    </p>
   </div>
   <div class='ocr_carea' id='block_1_31' title="bbox 378 2282 1976 2356">
    <p class='ocr_par' dir='ltr' id='par_1_31' title="bbox 378 2282 1976 2356">
     <span class='ocr_line' id='line_1_31' title="bbox 378 2282 1976 2356; baseline 0.003 -20"><span class='ocrx_word' id='word_1_223' title='bbox 378 2284 637 2353; x_wconf 72' lang='lat' dir='ltr'><strong>quinans,</strong></span> <span class='ocrx_word' id='word_1_224' title='bbox 692 2282 834 2337; x_wconf 86' lang='lat' dir='ltr'><strong>hanc</strong></span> <span class='ocrx_word' id='word_1_225' title='bbox 866 2294 1043 2339; x_wconf 88' lang='lat' dir='ltr'><strong>tamen</strong></span> <span class='ocrx_word' id='word_1_226' title='bbox 1085 2284 1245 2339; x_wconf 81' lang='lat' dir='ltr'><strong>exiis</strong></span> <span class='ocrx_word' id='word_1_227' title='bbox 1297 2284 1581 2339; x_wconf 88' lang='lat' dir='ltr'><strong>utilitatem</strong></span> <span class='ocrx_word' id='word_1_228' title='bbox 1634 2286 1976 2356; x_wconf 84' lang='lat' dir='ltr'><strong>percipiens,</strong></span> 
     </span>
    </p>
   </div>
   <div class='ocr_carea' id='block_1_32' title="bbox 379 2372 1981 2448">
    <p class='ocr_par' dir='ltr' id='par_1_32' title="bbox 379 2372 1981 2448">
     <span class='ocr_line' id='line_1_32' title="bbox 379 2372 1981 2448; baseline 0.002 -18"><span class='ocrx_word' id='word_1_229' title='bbox 379 2374 437 2430; x_wconf 83' lang='lat' dir='ltr'><strong>ut</strong></span> <span class='ocrx_word' id='word_1_230' title='bbox 465 2389 560 2431; x_wconf 88' lang='lat' dir='ltr'><strong>eos</strong></span> <span class='ocrx_word' id='word_1_231' title='bbox 588 2372 727 2446; x_wconf 89' lang='lat' dir='ltr'><strong>apud</strong></span> <span class='ocrx_word' id='word_1_232' title='bbox 770 2390 856 2431; x_wconf 92' lang='lat' dir='ltr'><strong>me</strong></span> <span class='ocrx_word' id='word_1_233' title='bbox 901 2376 1233 2442; x_wconf 85' lang='lat' dir='ltr'><strong>refutarem,</strong></span> <span class='ocrx_word' id='word_1_234' title='bbox 1287 2389 1342 2433; x_wconf 91' lang='lat' dir='ltr'><strong>et</strong></span> <span class='ocrx_word' id='word_1_235' title='bbox 1387 2376 1555 2432; x_wconf 91' lang='lat' dir='ltr'><strong>multo</strong></span> <span class='ocrx_word' id='word_1_236' title='bbox 1601 2372 1832 2448; x_wconf 81' lang='lat' dir='ltr'><strong>amplius</strong></span> <span class='ocrx_word' id='word_1_237' title='bbox 1888 2379 1981 2433; x_wconf 89' lang='lat' dir='ltr'><strong>de-</strong></span> 
     </span>
    </p>
   </div>
   <div class='ocr_carea' id='block_1_33' title="bbox 379 2467 1982 2543">
    <p class='ocr_par' dir='ltr' id='par_1_33' title="bbox 379 2467 1982 2543">
     <span class='ocr_line' id='line_1_33' title="bbox 379 2467 1982 2543; baseline 0.001 -18"><span class='ocrx_word' id='word_1_238' title='bbox 379 2476 635 2525; x_wconf 88' lang='lat' dir='ltr'><strong>testarer.</strong></span> <span class='ocrx_word' id='word_1_239' title='bbox 672 2467 739 2524; x_wconf 86' lang='lat' dir='ltr'><strong>Et</strong></span> <span class='ocrx_word' id='word_1_240' title='bbox 764 2484 887 2525; x_wconf 91' lang='lat' dir='ltr'><strong>cum</strong></span> <span class='ocrx_word' id='word_1_241' title='bbox 912 2470 1074 2525; x_wconf 81' lang='lat' dir='ltr'><strong>frater</strong></span> <span class='ocrx_word' id='word_1_242' title='bbox 1100 2468 1315 2541; x_wconf 87' lang='lat' dir='ltr'><strong>quidam</strong></span> <span class='ocrx_word' id='word_1_243' title='bbox 1363 2486 1430 2525; x_wconf 85' lang='lat' dir='ltr'><strong>ex</strong></span> <span class='ocrx_word' id='word_1_244' title='bbox 1465 2469 1655 2527; x_wconf 92' lang='lat' dir='ltr'><strong>ordine</strong></span> <span class='ocrx_word' id='word_1_245' title='bbox 1703 2472 1982 2543; x_wconf 84' lang='lat' dir='ltr'><strong>presbyte-</strong></span> 
     </span>
    </p>
   </div>
   <div class='ocr_carea' id='block_1_34' title="bbox 381 2562 1980 2634">
    <p class='ocr_par' dir='ltr' id='par_1_34' title="bbox 381 2562 1980 2634">
     <span class='ocr_line' id='line_1_34' title="bbox 381 2562 1980 2634; baseline 0 -17"><span class='ocrx_word' id='word_1_246' title='bbox 381 2564 566 2618; x_wconf 83' lang='lat' dir='ltr'><strong>rorum</strong></span> <span class='ocrx_word' id='word_1_247' title='bbox 587 2576 674 2617; x_wconf 86' lang='lat' dir='ltr'><strong>me</strong></span> <span class='ocrx_word' id='word_1_248' title='bbox 696 2562 1017 2630; x_wconf 80' lang='lat' dir='ltr'><strong>deterreret,</strong></span> <span class='ocrx_word' id='word_1_249' title='bbox 1043 2578 1106 2619; x_wconf 88' lang='lat' dir='ltr'><strong>ac</strong></span> <span class='ocrx_word' id='word_1_250' title='bbox 1130 2568 1413 2619; x_wconf 82' lang='lat' dir='ltr'><strong>vereretur</strong></span> <span class='ocrx_word' id='word_1_251' title='bbox 1440 2577 1508 2619; x_wconf 78' lang='lat' dir='ltr'><strong>ne</strong></span> <span class='ocrx_word' id='word_1_252' title='bbox 1530 2563 1704 2619; x_wconf 89' lang='lat' dir='ltr'><strong>eidem</strong></span> <span class='ocrx_word' id='word_1_253' title='bbox 1727 2563 1980 2634; x_wconf 70' lang='lat' dir='ltr'><strong>nequitia:</strong></span> 
     </span>
    </p>
   </div>
   <div class='ocr_carea' id='block_1_35' title="bbox 382 2655 1985 2726">
    <p class='ocr_par' dir='ltr' id='par_1_35' title="bbox 382 2655 1985 2726">
     <span class='ocr_line' id='line_1_35' title="bbox 382 2655 1985 2726; baseline -0.001 -16"><span class='ocrx_word' id='word_1_254' title='bbox 382 2662 541 2710; x_wconf 78' lang='lat' dir='ltr'><strong>coeno</strong></span> <span class='ocrx_word' id='word_1_255' title='bbox 572 2655 993 2721; x_wconf 85' lang='lat' dir='ltr'><strong>cummiscerer;</strong></span> <span class='ocrx_word' id='word_1_256' title='bbox 1045 2655 1246 2726; x_wconf 87' lang='lat' dir='ltr'><strong>quippe</strong></span> <span class='ocrx_word' id='word_1_257' title='bbox 1293 2656 1531 2709; x_wconf 86' lang='lat' dir='ltr'><strong>animum</strong></span> <span class='ocrx_word' id='word_1_258' title='bbox 1574 2671 1753 2711; x_wconf 89' lang='lat' dir='ltr'><strong>meum</strong></span> <span class='ocrx_word' id='word_1_259' title='bbox 1798 2666 1985 2710; x_wconf 83' lang='lat' dir='ltr'><strong>conta-</strong></span> 
     </span>
    </p>
   </div>
   <div class='ocr_carea' id='block_1_36' title="bbox 384 2744 1986 2819">
    <p class='ocr_par' dir='ltr' id='par_1_36' title="bbox 384 2744 1986 2819">
     <span class='ocr_line' id='line_1_36' title="bbox 384 2744 1986 2819; baseline 0.002 -18"><span class='ocrx_word' id='word_1_260' title='bbox 384 2747 648 2802; x_wconf 77' lang='lat' dir='ltr'><strong>minatum</strong></span> <span class='ocrx_word' id='word_1_261' title='bbox 679 2744 775 2813; x_wconf 87' lang='lat' dir='ltr'><strong>iri,</strong></span> <span class='ocrx_word' id='word_1_262' title='bbox 826 2747 1006 2802; x_wconf 87' lang='lat' dir='ltr'><strong>aiebat</strong></span> <span class='ocrx_word' id='word_1_263' title='bbox 1048 2758 1103 2803; x_wconf 91' lang='lat' dir='ltr'><strong>et</strong></span> <span class='ocrx_word' id='word_1_264' title='bbox 1130 2747 1347 2819; x_wconf 85' lang='lat' dir='ltr'><strong>&#39;quidem</strong></span> <span class='ocrx_word' id='word_1_265' title='bbox 1397 2763 1545 2815; x_wconf 87' lang='lat' dir='ltr'><strong>vere,</strong></span> <span class='ocrx_word' id='word_1_266' title='bbox 1597 2757 1654 2802; x_wconf 92' lang='lat' dir='ltr'><strong>ut</strong></span> <span class='ocrx_word' id='word_1_267' title='bbox 1705 2748 1819 2819; x_wconf 85' lang='lat' dir='ltr'><strong>ipse</strong></span> <span class='ocrx_word' id='word_1_268' title='bbox 1862 2764 1986 2804; x_wconf 87' lang='lat' dir='ltr'><strong>sen-</strong></span> 
     </span>
    </p>
   </div>
   <div class='ocr_carea' id='block_1_37' title="bbox 382 2836 1979 2906">
    <p class='ocr_par' dir='ltr' id='par_1_37' title="bbox 382 2836 1979 2906">
     <span class='ocr_line' id='line_1_37' title="bbox 382 2836 1979 2906; baseline 0 -13"><span class='ocrx_word' id='word_1_269' title='bbox 382 2837 578 2893; x_wconf 88' lang='lat' dir='ltr'><strong>tiebam</strong></span> <span class='ocrx_word' id='word_1_270' title='bbox 610 2853 624 2890; x_wconf 90' lang='lat'><strong>:</strong></span> <span class='ocrx_word' id='word_1_271' title='bbox 654 2836 861 2893; x_wconf 85' lang='lat' dir='ltr'><strong>visione</strong></span> <span class='ocrx_word' id='word_1_272' title='bbox 910 2837 1169 2893; x_wconf 85' lang='lat' dir='ltr'><strong>divinitus</strong></span> <span class='ocrx_word' id='word_1_273' title='bbox 1215 2841 1378 2895; x_wconf 89' lang='lat' dir='ltr'><strong>missa</strong></span> <span class='ocrx_word' id='word_1_274' title='bbox 1431 2838 1781 2895; x_wconf 81' lang='lat' dir='ltr'><strong>euttﬁrniatus</strong></span> <span class='ocrx_word' id='word_1_275' title='bbox 1826 2855 1979 2906; x_wconf 92' lang='lat' dir='ltr'><strong>sum,</strong></span> 
     </span>
    </p>
   </div>
   <div class='ocr_carea' id='block_1_38' title="bbox 383 2928 1978 3002">
    <p class='ocr_par' dir='ltr' id='par_1_38' title="bbox 383 2928 1978 3002">
     <span class='ocr_line' id='line_1_38' title="bbox 383 2928 1978 3002; baseline 0.001 -17"><span class='ocrx_word' id='word_1_276' title='bbox 383 2940 437 2986; x_wconf 92' lang='lat' dir='ltr'><strong>et</strong></span> <span class='ocrx_word' id='word_1_277' title='bbox 463 2938 647 2986; x_wconf 81' lang='lat' dir='ltr'><strong>sermo</strong></span> <span class='ocrx_word' id='word_1_278' title='bbox 674 2928 741 2986; x_wconf 89' lang='lat' dir='ltr'><strong>ad</strong></span> <span class='ocrx_word' id='word_1_279' title='bbox 774 2940 859 2985; x_wconf 83' lang='lat' dir='ltr'><strong>ine</strong></span> <span class='ocrx_word' id='word_1_280' title='bbox 893 2930 1062 2986; x_wconf 86' lang='lat' dir='ltr'><strong>factus</strong></span> <span class='ocrx_word' id='word_1_281' title='bbox 1092 2931 1296 2988; x_wconf 85' lang='lat' dir='ltr'><strong>diserte</strong></span> <span class='ocrx_word' id='word_1_282' title='bbox 1325 2930 1455 2986; x_wconf 88' lang='lat' dir='ltr'><strong>mihi</strong></span> <span class='ocrx_word' id='word_1_283' title='bbox 1489 2932 1978 3002; x_wconf 64' lang='lat' dir='ltr'><strong>prsccepittlicens:</strong></span> 
     </span>
    </p>
   </div>
   <div class='ocr_carea' id='block_1_39' title="bbox 383 3023 1982 3096">
    <p class='ocr_par' dir='ltr' id='par_1_39' title="bbox 383 3023 1982 3096">
     <span class='ocr_line' id='line_1_39' title="bbox 383 3023 1982 3096; baseline 0 -15"><span class='ocrx_word' id='word_1_284' title='bbox 383 3023 528 3095; x_wconf 83' lang='lat' dir='ltr'><strong>Lege</strong></span> <span class='ocrx_word' id='word_1_285' title='bbox 554 3024 730 3079; x_wconf 88' lang='lat' dir='ltr'><strong>omnia</strong></span> <span class='ocrx_word' id='word_1_286' title='bbox 758 3037 1111 3096; x_wconf 66' lang='lat' dir='ltr'><strong>qumcumque</strong></span> <span class='ocrx_word' id='word_1_287' title='bbox 1134 3025 1186 3081; x_wconf 92' lang='lat' dir='ltr'><strong>in</strong></span> <span class='ocrx_word' id='word_1_288' title='bbox 1221 3042 1411 3081; x_wconf 80' lang='lat' dir='ltr'><strong>nianus</strong></span> <span class='ocrx_word' id='word_1_289' title='bbox 1433 3027 1680 3081; x_wconf 86' lang='lat' dir='ltr'><strong>venerint</strong></span> <span class='ocrx_word' id='word_1_290' title='bbox 1712 3043 1724 3079; x_wconf 91' lang='lat'><strong>:</strong></span> <span class='ocrx_word' id='word_1_291' title='bbox 1756 3025 1982 3081; x_wconf 86' lang='lat' dir='ltr'><strong>idoneus</strong></span> 
     </span>
    </p>
   </div>
   <div class='ocr_carea' id='block_1_40' title="bbox 384 3113 1986 3189">
    <p class='ocr_par' dir='ltr' id='par_1_40' title="bbox 384 3113 1986 3189">
     <span class='ocr_line' id='line_1_40' title="bbox 384 3113 1986 3189; baseline -0.001 -14"><span class='ocrx_word' id='word_1_292' title='bbox 384 3119 527 3175; x_wconf 88' lang='lat' dir='ltr'><strong>enim</strong></span> <span class='ocrx_word' id='word_1_293' title='bbox 583 3132 643 3175; x_wconf 83' lang='lat' dir='ltr'><strong>es</strong></span> <span class='ocrx_word' id='word_1_294' title='bbox 688 3118 778 3189; x_wconf 90' lang='lat' dir='ltr'><strong>qui</strong></span> <span class='ocrx_word' id='word_1_295' title='bbox 832 3119 1040 3189; x_wconf 84' lang='lat' dir='ltr'><strong>singula</strong></span> <span class='ocrx_word' id='word_1_296' title='bbox 1091 3113 1437 3189; x_wconf 84' lang='lat' dir='ltr'><strong>corrigas&#39;ac</strong></span> <span class='ocrx_word' id='word_1_297' title='bbox 1484 3119 1682 3188; x_wconf 89' lang='lat' dir='ltr'><strong>probes</strong></span> <span class='ocrx_word' id='word_1_298' title='bbox 1714 3137 1725 3173; x_wconf 95' lang='lat'>:</span> <span class='ocrx_word' id='word_1_299' title='bbox 1755 3127 1809 3173; x_wconf 88' lang='lat' dir='ltr'><strong>et</strong></span> <span class='ocrx_word' id='word_1_300' title='bbox 1859 3118 1986 3173; x_wconf 89' lang='lat' dir='ltr'><strong>hinc</strong></span> 
     </span>
    </p>
   </div>
   <div class='ocr_carea' id='block_1_41' title="bbox 385 3198 1985 3281">
    <p class='ocr_par' dir='ltr' id='par_1_41' title="bbox 385 3198 1985 3281">
     <span class='ocr_line' id='line_1_41' title="bbox 385 3198 1985 3281; baseline -0.001 -15"><span class='ocrx_word' id='word_1_301' title='bbox 385 3210 479 3266; x_wconf 88' lang='lat' dir='ltr'><strong>tibi</strong></span> <span class='ocrx_word' id='word_1_302' title='bbox 530 3210 762 3281; x_wconf 79' lang='lat' dir='ltr'><strong>primum</strong></span> <span class='ocrx_word' id='word_1_303' title='bbox 820 3210 1075 3265; x_wconf 84' lang='lat' dir='ltr'><strong>credendi</strong></span> <span class='ocrx_word' id='word_1_304' title='bbox 1118 3226 1279 3265; x_wconf 87' lang='lat' dir='ltr'><strong>causa</strong></span> <span class='ocrx_word' id='word_1_305' title='bbox 1314 3221 1367 3265; x_wconf 93' lang='lat' dir='ltr'><strong>ct</strong></span> <span class='ocrx_word' id='word_1_306' title='bbox 1392 3211 1606 3265; x_wconf 75' lang='lat' dir='ltr'><strong>occasio</strong></span> <span class='ocrx_word' id='word_1_307' title='bbox 1633 3210 1859 3265; x_wconf 82' lang='lat' dir='ltr'><strong>exstitit.</strong></span> <span class='ocrx_word' id='word_1_308' title='bbox 1888 3198 1985 3266; x_wconf 73' lang='lat' dir='ltr'><strong>Vi-</strong></span> 
     </span>
    </p>
   </div>
   <div class='ocr_carea' id='block_1_42' title="bbox 384 3302 1987 3375">
    <p class='ocr_par' dir='ltr' id='par_1_42' title="bbox 384 3302 1987 3375">
     <span class='ocr_line' id='line_1_42' title="bbox 384 3302 1987 3375; baseline 0 -16"><span class='ocrx_word' id='word_1_309' title='bbox 384 3304 593 3359; x_wconf 89' lang='lat' dir='ltr'><strong>sionem</strong></span> <span class='ocrx_word' id='word_1_310' title='bbox 615 3303 753 3357; x_wconf 87' lang='lat' dir='ltr'><strong>banc</strong></span> <span class='ocrx_word' id='word_1_311' title='bbox 781 3302 1014 3372; x_wconf 82' lang='lat' dir='ltr'><strong>suscepi,</strong></span> <span class='ocrx_word' id='word_1_312' title='bbox 1036 3312 1092 3358; x_wconf 93' lang='lat' dir='ltr'><strong>ut</strong></span> <span class='ocrx_word' id='word_1_313' title='bbox 1124 3316 1244 3375; x_wconf 67' lang='lat' dir='ltr'><strong>qua}</strong></span> <span class='ocrx_word' id='word_1_314' title='bbox 1271 3304 1584 3375; x_wconf 79' lang='lat' dir='ltr'><strong>apostolicae</strong></span> <span class='ocrx_word' id='word_1_315' title='bbox 1610 3304 1725 3358; x_wconf 92' lang='lat' dir='ltr'><strong>voci</strong></span> <span class='ocrx_word' id='word_1_316' title='bbox 1758 3318 1987 3359; x_wconf 57' lang='lat' dir='ltr'><strong>consen-</strong></span> 
     </span>
    </p>
   </div>
   <div class='ocr_carea' id='block_1_43' title="bbox 2142 2005 3689 2084">
    <p class='ocr_par' dir='ltr' id='par_1_43' title="bbox 2142 2005 3689 2084">
     <span class='ocr_line' id='line_1_43' title="bbox 2142 2005 3689 2084; baseline -0.002 -19"><span class='ocrx_word' id='word_1_317' title='bbox 2142 2006 2263 2083; x_wconf 82' lang='grc' dir='ltr'><strong>Ἐγὼ</strong></span> <span class='ocrx_word' id='word_1_318' title='bbox 2302 2006 2356 2063; x_wconf 78' lang='grc' dir='ltr'><strong>δέ</strong></span> <span class='ocrx_word' id='word_1_319' title='bbox 2396 2013 2485 2063; x_wconf 87' lang='grc' dir='ltr'>καὶ</span> <span class='ocrx_word' id='word_1_320' title='bbox 2519 2018 2627 2069; x_wconf 84' lang='grc' dir='ltr'>τοῖς</span> <span class='ocrx_word' id='word_1_321' title='bbox 2676 2011 3008 2084; x_wconf 77' lang='grc' dir='ltr'>συντάγμασι</span> <span class='ocrx_word' id='word_1_322' title='bbox 3058 2012 3149 2064; x_wconf 86' lang='grc' dir='ltr'><strong>καί</strong></span> <span class='ocrx_word' id='word_1_323' title='bbox 3192 2015 3307 2069; x_wconf 88' lang='grc' dir='ltr'>ταῖς</span> <span class='ocrx_word' id='word_1_324' title='bbox 3352 2005 3689 2083; x_wconf 85' lang='grc' dir='ltr'>παραδόσεσι</span> 
     </span>
    </p>
   </div>
   <div class='ocr_carea' id='block_1_44' title="bbox 2079 2098 3687 2178">
    <p class='ocr_par' dir='ltr' id='par_1_44' title="bbox 2079 2098 3687 2178">
     <span class='ocr_line' id='line_1_44' title="bbox 2079 2098 3687 2178; baseline -0.002 -22"><span class='ocrx_word' id='word_1_325' title='bbox 2079 2108 2178 2156; x_wconf 84' lang='grc' dir='ltr'><strong>τῶν</strong></span> <span class='ocrx_word' id='word_1_326' title='bbox 2209 2098 2474 2178; x_wconf 79' lang='grc' dir='ltr'>αἰρετικῶν</span> <span class='ocrx_word' id='word_1_327' title='bbox 2505 2103 2773 2175; x_wconf 83' lang='grc' dir='ltr'>ἐνέτυχον,</span> <span class='ocrx_word' id='word_1_328' title='bbox 2806 2104 3037 2178; x_wconf 83' lang='grc' dir='ltr'>χραίνων</span> <span class='ocrx_word' id='word_1_329' title='bbox 3082 2103 3172 2175; x_wconf 84' lang='grc' dir='ltr'><strong>μέν</strong></span> <span class='ocrx_word' id='word_1_330' title='bbox 3213 2123 3310 2172; x_wconf 90' lang='grc' dir='ltr'><strong>μου</strong></span> <span class='ocrx_word' id='word_1_331' title='bbox 3350 2098 3481 2177; x_wconf 80' lang='grc' dir='ltr'>πρὸς</span> <span class='ocrx_word' id='word_1_332' title='bbox 3525 2099 3687 2173; x_wconf 83' lang='grc' dir='ltr'>ὀλίγον</span> 
     </span>
    </p>
   </div>
   <div class='ocr_carea' id='block_1_45' title="bbox 2083 2187 3684 2271">
    <p class='ocr_par' dir='ltr' id='par_1_45' title="bbox 2083 2187 3684 2271">
     <span class='ocr_line' id='line_1_45' title="bbox 2083 2187 3684 2271; baseline -0.004 -21"><span class='ocrx_word' id='word_1_333' title='bbox 2083 2200 2175 2253; x_wconf 80' lang='grc' dir='ltr'>τήν</span> <span class='ocrx_word' id='word_1_334' title='bbox 2221 2194 2401 2267; x_wconf 71' lang='grc' dir='ltr'>ψυχήν</span> <span class='ocrx_word' id='word_1_335' title='bbox 2430 2202 2543 2255; x_wconf 86' lang='grc' dir='ltr'>ταῖς</span> <span class='ocrx_word' id='word_1_336' title='bbox 2574 2196 2897 2271; x_wconf 83' lang='grc' dir='ltr'>παμμίαροις</span> <span class='ocrx_word' id='word_1_337' title='bbox 2930 2197 3097 2249; x_wconf 76' lang='grc' dir='ltr'>αὐτῶν</span> <span class='ocrx_word' id='word_1_338' title='bbox 3136 2196 3473 2265; x_wconf 79' lang='grc' dir='ltr'>ἐνθυμήσεσιν</span> <span class='ocrx_word' id='word_1_339' title='bbox 3512 2187 3684 2249; x_wconf 78' lang='grc' dir='ltr'>ὄνησιν</span> 
     </span>
    </p>
   </div>
   <div class='ocr_carea' id='block_1_46' title="bbox 2082 2283 3690 2360">
    <p class='ocr_par' dir='ltr' id='par_1_46' title="bbox 2082 2283 3690 2360">
     <span class='ocr_line' id='line_1_46' title="bbox 2082 2283 3690 2360; baseline -0.004 -17"><span class='ocrx_word' id='word_1_340' title='bbox 2082 2286 2129 2343; x_wconf 76' lang='grc' dir='ltr'>δ’</span> <span class='ocrx_word' id='word_1_341' title='bbox 2148 2283 2233 2343; x_wconf 74' lang='grc' dir='ltr'>οὖν</span> <span class='ocrx_word' id='word_1_342' title='bbox 2262 2287 2350 2342; x_wconf 79' lang='grc' dir='ltr'>ἀπ’</span> <span class='ocrx_word' id='word_1_343' title='bbox 2372 2289 2533 2341; x_wconf 79' lang='grc' dir='ltr'>αὐτῶν</span> <span class='ocrx_word' id='word_1_344' title='bbox 2564 2289 2757 2346; x_wconf 82' lang='grc' dir='ltr'>ταύτην</span> <span class='ocrx_word' id='word_1_345' title='bbox 2784 2287 3082 2360; x_wconf 78' lang='grc' dir='ltr'>λαμϐάνων,</span> <span class='ocrx_word' id='word_1_346' title='bbox 3105 2287 3164 2341; x_wconf 86' lang='grc' dir='ltr'>τὸ</span> <span class='ocrx_word' id='word_1_347' title='bbox 3192 2285 3472 2359; x_wconf 73' lang='grc' dir='ltr'><strong>ἐξελέγχειν</strong></span> <span class='ocrx_word' id='word_1_348' title='bbox 3499 2285 3690 2343; x_wconf 77' lang='grc' dir='ltr'>αὐτοὺς</span> 
     </span>
    </p>
   </div>
   <div class='ocr_carea' id='block_1_47' title="bbox 2082 2374 3691 2457">
    <p class='ocr_par' dir='ltr' id='par_1_47' title="bbox 2082 2374 3691 2457">
     <span class='ocr_line' id='line_1_47' title="bbox 2082 2374 3691 2457; baseline -0.005 -19"><span class='ocrx_word' id='word_1_349' title='bbox 2082 2382 2208 2457; x_wconf 80' lang='grc' dir='ltr'>παρ’</span> <span class='ocrx_word' id='word_1_350' title='bbox 2239 2381 2469 2454; x_wconf 82' lang='grc' dir='ltr'>ἐμαυτῷ,</span> <span class='ocrx_word' id='word_1_351' title='bbox 2494 2384 2581 2435; x_wconf 87' lang='grc' dir='ltr'>καὶ</span> <span class='ocrx_word' id='word_1_352' title='bbox 2609 2380 2737 2434; x_wconf 74' lang='grc' dir='ltr'>πολὺ</span> <span class='ocrx_word' id='word_1_353' title='bbox 2766 2380 2913 2435; x_wconf 87' lang='grc' dir='ltr'>πλέον</span> <span class='ocrx_word' id='word_1_354' title='bbox 2936 2377 3325 2452; x_wconf 73' lang='grc' dir='ltr'>βδελύττεσθαι.</span> <span class='ocrx_word' id='word_1_355' title='bbox 3355 2382 3440 2431; x_wconf 82' lang='grc' dir='ltr'>καὶ</span> <span class='ocrx_word' id='word_1_356' title='bbox 3468 2374 3528 2436; x_wconf 83' lang='grc' dir='ltr'>δή</span> <span class='ocrx_word' id='word_1_357' title='bbox 3555 2396 3691 2438; x_wconf 82' lang='grc' dir='ltr'>τινος</span> 
     </span>
    </p>
   </div>
   <div class='ocr_carea' id='block_1_48' title="bbox 2085 2467 3694 2549">
    <p class='ocr_par' dir='ltr' id='par_1_48' title="bbox 2085 2467 3694 2549">
     <span class='ocr_line' id='line_1_48' title="bbox 2085 2467 3694 2549; baseline -0.003 -20"><span class='ocrx_word' id='word_1_358' title='bbox 2085 2473 2297 2547; x_wconf 78' lang='grc' dir='ltr'>ἀδελφοῦ</span> <span class='ocrx_word' id='word_1_359' title='bbox 2336 2481 2435 2528; x_wconf 86' lang='grc' dir='ltr'>τῶν</span> <span class='ocrx_word' id='word_1_360' title='bbox 2475 2473 2845 2549; x_wconf 80' lang='grc' dir='ltr'>πρεσϐυτέρων</span> <span class='ocrx_word' id='word_1_361' title='bbox 2885 2494 2947 2545; x_wconf 88' lang='grc' dir='ltr'><strong>με</strong></span> <span class='ocrx_word' id='word_1_362' title='bbox 2980 2475 3311 2548; x_wconf 82' lang='grc' dir='ltr'>ἀπείργοντος</span> <span class='ocrx_word' id='word_1_363' title='bbox 3337 2474 3424 2526; x_wconf 86' lang='grc' dir='ltr'>καὶ</span> <span class='ocrx_word' id='word_1_364' title='bbox 3463 2467 3694 2525; x_wconf 84' lang='grc' dir='ltr'>δεδιττο-</span> 
     </span>
    </p>
   </div>
   <div class='ocr_carea' id='block_1_49' title="bbox 2087 2562 3695 2642">
    <p class='ocr_par' dir='ltr' id='par_1_49' title="bbox 2087 2562 3695 2642">
     <span class='ocr_line' id='line_1_49' title="bbox 2087 2562 3695 2642; baseline -0.002 -21"><span class='ocrx_word' id='word_1_365' title='bbox 2087 2570 2238 2641; x_wconf 86' lang='grc' dir='ltr'>μένου</span> <span class='ocrx_word' id='word_1_366' title='bbox 2269 2567 2631 2642; x_wconf 71' lang='grc' dir='ltr'>συμφύρεσθαι</span> <span class='ocrx_word' id='word_1_367' title='bbox 2662 2563 2756 2637; x_wconf 84' lang='lat' dir='ltr'><strong>(:tl.</strong></span> <span class='ocrx_word' id='word_1_368' title='bbox 2792 2566 3146 2641; x_wconf 75' lang='grc' dir='ltr'>συμφέρεσθαι</span> <span class='ocrx_word' id='word_1_369' title='bbox 3173 2562 3190 2635; x_wconf 96' lang='grc'><strong>)</strong></span> <span class='ocrx_word' id='word_1_370' title='bbox 3216 2572 3288 2638; x_wconf 86' lang='grc' dir='ltr'>τῷ</span> <span class='ocrx_word' id='word_1_371' title='bbox 3316 2572 3409 2623; x_wconf 72' lang='grc' dir='ltr'><strong>τῆς</strong></span> <span class='ocrx_word' id='word_1_372' title='bbox 3446 2563 3695 2638; x_wconf 78' lang='grc' dir='ltr'>πονηρίας</span> 
     </span>
    </p>
   </div>
   <div class='ocr_carea' id='block_1_50' title="bbox 2089 2656 3695 2735">
    <p class='ocr_par' dir='ltr' id='par_1_50' title="bbox 2089 2656 3695 2735">
     <span class='ocr_line' id='line_1_50' title="bbox 2089 2656 3695 2735; baseline -0.002 -23"><span class='ocrx_word' id='word_1_373' title='bbox 2089 2662 2231 2733; x_wconf 77' lang='grc' dir='ltr'>αὐτῷ</span> <span class='ocrx_word' id='word_1_374' title='bbox 2277 2659 2515 2735; x_wconf 78' lang='grc' dir='ltr'>βορϐόρῳ</span> <span class='ocrx_word' id='word_1_375' title='bbox 2542 2674 2553 2685; x_wconf 94' lang='grc'><strong>·</strong></span> <span class='ocrx_word' id='word_1_376' title='bbox 2582 2659 2922 2730; x_wconf 85' lang='grc' dir='ltr'>λυμανεῖσθαι</span> <span class='ocrx_word' id='word_1_377' title='bbox 2950 2662 3050 2734; x_wconf 87' lang='grc' dir='ltr'>γὰρ</span> <span class='ocrx_word' id='word_1_378' title='bbox 3094 2664 3183 2717; x_wconf 66' lang='grc' dir='ltr'>τὴν</span> <span class='ocrx_word' id='word_1_379' title='bbox 3209 2657 3392 2729; x_wconf 71' lang='grc' dir='ltr'>ψυχὴν</span> <span class='ocrx_word' id='word_1_380' title='bbox 3417 2661 3507 2715; x_wconf 74' lang='grc' dir='ltr'><strong>τήν</strong></span> <span class='ocrx_word' id='word_1_381' title='bbox 3534 2656 3695 2728; x_wconf 79' lang='grc' dir='ltr'>ἐμαυ-</span> 
     </span>
    </p>
   </div>
   <div class='ocr_carea' id='block_1_51' title="bbox 2089 2744 3698 2823">
    <p class='ocr_par' dir='ltr' id='par_1_51' title="bbox 2089 2744 3698 2823">
     <span class='ocr_line' id='line_1_51' title="bbox 2089 2744 3698 2823; baseline -0.004 -16"><span class='ocrx_word' id='word_1_382' title='bbox 2089 2758 2203 2810; x_wconf 83' lang='grc' dir='ltr'>τοῦ,</span> <span class='ocrx_word' id='word_1_383' title='bbox 2236 2754 2323 2805; x_wconf 84' lang='grc' dir='ltr'>καὶ</span> <span class='ocrx_word' id='word_1_384' title='bbox 2362 2749 2518 2809; x_wconf 81' lang='grc' dir='ltr'><strong>ἁληθῆ</strong></span> <span class='ocrx_word' id='word_1_385' title='bbox 2563 2771 2619 2823; x_wconf 85' lang='grc' dir='ltr'><strong>γε</strong></span> <span class='ocrx_word' id='word_1_386' title='bbox 2668 2750 2919 2823; x_wconf 80' lang='grc' dir='ltr'>λέγοντος,</span> <span class='ocrx_word' id='word_1_387' title='bbox 2951 2751 3019 2809; x_wconf 84' lang='grc' dir='ltr'>ὡς</span> <span class='ocrx_word' id='word_1_388' title='bbox 3066 2749 3333 2819; x_wconf 72' lang='grc' dir='ltr'>ᾐσθόμην,</span> <span class='ocrx_word' id='word_1_389' title='bbox 3384 2744 3557 2823; x_wconf 83' lang='grc' dir='ltr'>ὅραμα</span> <span class='ocrx_word' id='word_1_390' title='bbox 3600 2748 3698 2801; x_wconf 86' lang='grc' dir='ltr'>θεί·</span> 
     </span>
    </p>
   </div>
   <div class='ocr_carea' id='block_1_52' title="bbox 2088 2839 3695 2917">
    <p class='ocr_par' dir='ltr' id='par_1_52' title="bbox 2088 2839 3695 2917">
     <span class='ocr_line' id='line_1_52' title="bbox 2088 2839 3695 2917; baseline -0.003 -20"><span class='ocrx_word' id='word_1_391' title='bbox 2088 2863 2323 2915; x_wconf 86' lang='grc' dir='ltr'>πεμπτον</span> <span class='ocrx_word' id='word_1_392' title='bbox 2366 2841 2647 2917; x_wconf 84' lang='grc' dir='ltr'>προσελθὸν</span> <span class='ocrx_word' id='word_1_393' title='bbox 2703 2841 2967 2915; x_wconf 82' lang='grc' dir='ltr'><strong>ἑπέρρωσέ</strong></span> <span class='ocrx_word' id='word_1_394' title='bbox 3020 2861 3103 2914; x_wconf 85' lang='grc' dir='ltr'>με.</span> <span class='ocrx_word' id='word_1_395' title='bbox 3135 2843 3223 2895; x_wconf 86' lang='grc' dir='ltr'><strong>καί</strong></span> <span class='ocrx_word' id='word_1_396' title='bbox 3269 2840 3415 2910; x_wconf 82' lang='grc' dir='ltr'>λόγος</span> <span class='ocrx_word' id='word_1_397' title='bbox 3454 2839 3587 2914; x_wconf 86' lang='grc' dir='ltr'>πρός</span> <span class='ocrx_word' id='word_1_398' title='bbox 3632 2858 3695 2909; x_wconf 80' lang='grc' dir='ltr'><strong>με</strong></span> 
     </span>
    </p>
   </div>
   <div class='ocr_carea' id='block_1_53' title="bbox 2087 2930 3694 3010">
    <p class='ocr_par' dir='ltr' id='par_1_53' title="bbox 2087 2930 3694 3010">
     <span class='ocr_line' id='line_1_53' title="bbox 2087 2930 3694 3010; baseline -0.003 -20"><span class='ocrx_word' id='word_1_399' title='bbox 2087 2937 2352 3008; x_wconf 80' lang='grc' dir='ltr'>γενόμενος</span> <span class='ocrx_word' id='word_1_400' title='bbox 2380 2934 2668 3010; x_wconf 81' lang='grc' dir='ltr'>προσέταξε</span> <span class='ocrx_word' id='word_1_401' title='bbox 2699 2930 2974 3007; x_wconf 76' lang='grc' dir='ltr'>διαρρήδην</span> <span class='ocrx_word' id='word_1_402' title='bbox 3002 2932 3180 3005; x_wconf 83' lang='grc' dir='ltr'>λέγων,</span> <span class='ocrx_word' id='word_1_403' title='bbox 3213 2936 3375 2986; x_wconf 79' lang='grc' dir='ltr'>πᾶσιν</span> <span class='ocrx_word' id='word_1_404' title='bbox 3404 2932 3694 3004; x_wconf 79' lang='grc' dir='ltr'>ἑντύγχανε</span> 
     </span>
    </p>
   </div>
   <div class='ocr_carea' id='block_1_54' title="bbox 2090 3022 3698 3104">
    <p class='ocr_par' dir='ltr' id='par_1_54' title="bbox 2090 3022 3698 3104">
     <span class='ocr_line' id='line_1_54' title="bbox 2090 3022 3698 3104; baseline -0.004 -21"><span class='ocrx_word' id='word_1_405' title='bbox 2090 3025 2162 3089; x_wconf 78' lang='grc' dir='ltr'>οἷς</span> <span class='ocrx_word' id='word_1_406' title='bbox 2216 3022 2274 3082; x_wconf 82' lang='grc' dir='ltr'><strong>ἂν</strong></span> <span class='ocrx_word' id='word_1_407' title='bbox 2323 3031 2394 3087; x_wconf 84' lang='grc' dir='ltr'>εἰς</span> <span class='ocrx_word' id='word_1_408' title='bbox 2443 3035 2629 3104; x_wconf 86' lang='grc' dir='ltr'>χεῖρας</span> <span class='ocrx_word' id='word_1_409' title='bbox 2675 3026 2871 3086; x_wconf 76' lang='grc' dir='ltr'>λάϐοις.</span> <span class='ocrx_word' id='word_1_410' title='bbox 2912 3023 3182 3079; x_wconf 81' lang='grc' dir='ltr'>διευθύνειν</span> <span class='ocrx_word' id='word_1_411' title='bbox 3213 3027 3314 3100; x_wconf 80' lang='grc' dir='ltr'>γὰρ</span> <span class='ocrx_word' id='word_1_412' title='bbox 3362 3025 3561 3079; x_wconf 83' lang='grc' dir='ltr'>ἕκαστα</span> <span class='ocrx_word' id='word_1_413' title='bbox 3609 3025 3698 3078; x_wconf 86' lang='grc' dir='ltr'><strong>καί</strong></span> 
     </span>
    </p>
   </div>
   <div class='ocr_carea' id='block_1_55' title="bbox 2090 3114 3699 3194">
    <p class='ocr_par' dir='ltr' id='par_1_55' title="bbox 2090 3114 3699 3194">
     <span class='ocr_line' id='line_1_55' title="bbox 2090 3114 3699 3194; baseline -0.004 -18"><span class='ocrx_word' id='word_1_414' title='bbox 2090 3120 2379 3194; x_wconf 77' lang='grc' dir='ltr'>δοκιμάζειν</span> <span class='ocrx_word' id='word_1_415' title='bbox 2423 3121 2593 3180; x_wconf 83' lang='grc' dir='ltr'>ἱκανός</span> <span class='ocrx_word' id='word_1_416' title='bbox 2626 3114 2672 3173; x_wconf 84' lang='grc' dir='ltr'>εἶ</span> <span class='ocrx_word' id='word_1_417' title='bbox 2700 3158 2711 3170; x_wconf 92' lang='grc'><strong>.</strong></span> <span class='ocrx_word' id='word_1_418' title='bbox 2739 3121 2828 3173; x_wconf 86' lang='grc' dir='ltr'><strong>καί</strong></span> <span class='ocrx_word' id='word_1_419' title='bbox 2858 3141 2943 3174; x_wconf 87' lang='grc' dir='ltr'><strong>σοι</strong></span> <span class='ocrx_word' id='word_1_420' title='bbox 2968 3120 3138 3192; x_wconf 81' lang='grc' dir='ltr'>γέγονε</span> <span class='ocrx_word' id='word_1_421' title='bbox 3167 3124 3321 3172; x_wconf 88' lang='grc' dir='ltr'>τοῦτο</span> <span class='ocrx_word' id='word_1_422' title='bbox 3352 3118 3583 3192; x_wconf 80' lang='grc' dir='ltr'>ἐξαρχῆς</span> <span class='ocrx_word' id='word_1_423' title='bbox 3612 3118 3699 3171; x_wconf 83' lang='grc' dir='ltr'><strong>καί</strong></span> 
     </span>
    </p>
   </div>
   <div class='ocr_carea' id='block_1_56' title="bbox 2091 3206 3696 3286">
    <p class='ocr_par' dir='ltr' id='par_1_56' title="bbox 2091 3206 3696 3286">
     <span class='ocr_line' id='line_1_56' title="bbox 2091 3206 3696 3286; baseline -0.004 -17"><span class='ocrx_word' id='word_1_424' title='bbox 2091 3222 2182 3275; x_wconf 80' lang='grc' dir='ltr'>τῆς</span> <span class='ocrx_word' id='word_1_425' title='bbox 2208 3216 2436 3272; x_wconf 83' lang='grc' dir='ltr'>πίστεως</span> <span class='ocrx_word' id='word_1_426' title='bbox 2467 3209 2647 3266; x_wconf 80' lang='grc' dir='ltr'>αἴτιον.</span> <span class='ocrx_word' id='word_1_427' title='bbox 2679 3208 3000 3283; x_wconf 81' lang='grc' dir='ltr'>ὰπεδεξὰμην</span> <span class='ocrx_word' id='word_1_428' title='bbox 3027 3211 3084 3267; x_wconf 88' lang='grc' dir='ltr'><strong>τό</strong></span> <span class='ocrx_word' id='word_1_429' title='bbox 3126 3206 3319 3286; x_wconf 77' lang='grc' dir='ltr'>ὅραμα,</span> <span class='ocrx_word' id='word_1_430' title='bbox 3355 3211 3423 3269; x_wconf 83' lang='grc' dir='ltr'>ὡς</span> <span class='ocrx_word' id='word_1_431' title='bbox 3469 3211 3696 3263; x_wconf 80' lang='grc' dir='ltr'>ἀποστο-</span> 
     </span>
    </p>
   </div>
   <div class='ocr_carea' id='block_1_57' title="bbox 2090 3302 3694 3385">
    <p class='ocr_par' dir='ltr' id='par_1_57' title="bbox 2090 3302 3694 3385">
     <span class='ocr_line' id='line_1_57' title="bbox 2090 3302 3694 3385; baseline -0.002 -22"><span class='ocrx_word' id='word_1_432' title='bbox 2090 3309 2201 3385; x_wconf 79' lang='grc' dir='ltr'>λικῇ</span> <span class='ocrx_word' id='word_1_433' title='bbox 2232 3316 2364 3383; x_wconf 79' lang='grc' dir='ltr'>φωνῇ</span> <span class='ocrx_word' id='word_1_434' title='bbox 2402 3308 2694 3382; x_wconf 76' lang='grc' dir='ltr'>συντρέχον</span> <span class='ocrx_word' id='word_1_435' title='bbox 2732 3315 2795 3381; x_wconf 81' lang='grc' dir='ltr'>τῇ</span> <span class='ocrx_word' id='word_1_436' title='bbox 2835 3306 3056 3381; x_wconf 79' lang='grc' dir='ltr'>λεγούσῃ</span> <span class='ocrx_word' id='word_1_437' title='bbox 3100 3307 3230 3381; x_wconf 80' lang='grc' dir='ltr'>πρὸς</span> <span class='ocrx_word' id='word_1_438' title='bbox 3261 3308 3381 3365; x_wconf 71' lang='grc' dir='ltr'>τοὺς</span> <span class='ocrx_word' id='word_1_439' title='bbox 3409 3302 3694 3360; x_wconf 83' lang='grc' dir='ltr'>δυνατωτέ-</span> 
     </span>
    </p>
   </div>
   <div class='ocr_carea' id='block_1_58' title="bbox 387 3372 1984 3479">
    <p class='ocr_par' dir='ltr' id='par_1_58' title="bbox 387 3372 1984 3477">
     <span class='ocr_line' id='line_1_58' title="bbox 387 3372 1984 3477; baseline 0.001 -26"><span class='ocrx_word' id='word_1_440' title='bbox 387 3396 544 3461; x_wconf 86' lang='lat' dir='ltr'><strong>tiret,</strong></span> <span class='ocrx_word' id='word_1_441' title='bbox 597 3410 840 3466; x_wconf 88' lang='lat' dir='ltr'><strong>quosque</strong></span> <span class='ocrx_word' id='word_1_442' title='bbox 887 3396 1080 3466; x_wconf 88' lang='lat' dir='ltr'><strong>majori</strong></span> <span class='ocrx_word' id='word_1_443' title='bbox 1121 3372 1319 3451; x_wconf 77' lang='lat' dir='ltr'><strong>virtute</strong></span> <span class='ocrx_word' id='word_1_444' title='bbox 1350 3394 1605 3463; x_wconf 67' lang='lat' dir='ltr'><strong>prmditds</strong></span> <span class='ocrx_word' id='word_1_445' title='bbox 1641 3394 1710 3450; x_wconf 89' lang='lat' dir='ltr'><strong>ita</strong></span> <span class='ocrx_word' id='word_1_446' title='bbox 1743 3388 1984 3477; x_wconf 82' lang='lat' dir='ltr'><strong>compel-</strong></span> 
     </span>
    </p>
   </div>
   <div class='ocr_carea' id='block_1_59' title="bbox 2092 3372 3052 3479">
    <p class='ocr_par' dir='ltr' id='par_1_59' title="bbox 2093 3373 3052 3479">
     <span class='ocr_line' id='line_1_59' title="bbox 2093 3373 3052 3479; baseline -0.004 -21"><span class='ocrx_word' id='word_1_447' title='bbox 2093 3373 2239 3479; x_wconf 76' lang='grc' dir='ltr'>ρους,</span> <span class='ocrx_word' id='word_1_448' title='bbox 2268 3401 2462 3474; x_wconf 83' lang='grc' dir='ltr'>γίνεσθε</span> <span class='ocrx_word' id='word_1_449' title='bbox 2494 3399 2693 3473; x_wconf 84' lang='grc' dir='ltr'>δόκιμοι</span> <span class='ocrx_word' id='word_1_450' title='bbox 2722 3404 3052 3475; x_wconf 57' lang='grc' dir='ltr'>τραπεζῖται.</span> 
     </span>
    </p>
   </div>
   <div class='ocr_carea' id='block_1_60' title="bbox 385 3474 1806 3560">
    <p class='ocr_par' dir='ltr' id='par_1_60' title="bbox 385 3474 1806 3560">
     <span class='ocr_line' id='line_1_60' title="bbox 385 3474 1806 3560; baseline -0.001 -17"><span class='ocrx_word' id='word_1_451' title='bbox 385 3487 516 3543; x_wconf 86' lang='lat' dir='ltr'><strong>lanti</strong></span> <span class='ocrx_word' id='word_1_452' title='bbox 545 3506 559 3543; x_wconf 91' lang='lat'><strong>:</strong></span> <span class='ocrx_word' id='word_1_453' title='bbox 588 3487 765 3544; x_wconf 75' lang='lat' dir='ltr'><strong>Eslote</strong></span> <span class='ocrx_word' id='word_1_454' title='bbox 786 3489 935 3559; x_wconf 83' lang='lat' dir='ltr'><strong>periti</strong></span> <span class='ocrx_word' id='word_1_455' title='bbox 962 3488 1240 3542; x_wconf 85' lang='lat' dir='ltr'><strong>numularii</strong></span> <span class='ocrx_word' id='word_1_456' title='bbox 1271 3488 1315 3560; x_wconf 84' lang='grc' dir='ltr'><strong>(Ι</strong></span> <span class='ocrx_word' id='word_1_457' title='bbox 1344 3486 1525 3556; x_wconf 81' lang='lat' dir='ltr'><strong>Tltes.,</strong></span> <span class='ocrx_word' id='word_1_458' title='bbox 1560 3474 1806 3560; x_wconf 74' lang='lat' dir='ltr'><strong>xxt,2t).</strong></span> 
     </span>
    </p>
   </div>
   <div class='ocr_carea' id='block_1_61' title="bbox 975 3614 3101 3690">
    <p class='ocr_par' dir='ltr' id='par_1_61' title="bbox 975 3614 3101 3690">
     <span class='ocr_line' id='line_1_61' title="bbox 975 3614 3101 3690; baseline -0 -15"><span class='ocrx_word' id='word_1_459' title='bbox 975 3614 1191 3688; x_wconf 85' lang='lat' dir='ltr'><strong>Deinde,</strong></span> <span class='ocrx_word' id='word_1_460' title='bbox 1222 3627 1383 3690; x_wconf 86' lang='lat' dir='ltr'><strong>inquit</strong></span> <span class='ocrx_word' id='word_1_461' title='bbox 1403 3614 1917 3688; x_wconf 69' lang='lat' dir='ltr'><strong>Eusebiusmonnulla</strong></span> <span class='ocrx_word' id='word_1_462' title='bbox 1939 3628 2005 3678; x_wconf 90' lang='lat' dir='ltr'><strong>de</strong></span> <span class='ocrx_word' id='word_1_463' title='bbox 2028 3626 2257 3679; x_wconf 87' lang='lat' dir='ltr'><strong>omnibus</strong></span> <span class='ocrx_word' id='word_1_464' title='bbox 2275 3626 2555 3677; x_wconf 67' lang='lat' dir='ltr'><strong>hazresibus</strong></span> <span class='ocrx_word' id='word_1_465' title='bbox 2578 3623 2905 3676; x_wconf 88' lang='lat' dir='ltr'><strong>interlocutus</strong></span> <span class='ocrx_word' id='word_1_466' title='bbox 2921 3623 3101 3674; x_wconf 86' lang='lat' dir='ltr'><strong>subdit.</strong></span> 
     </span>
    </p>
   </div>
   <div class='ocr_carea' id='block_1_62' title="bbox 459 3754 1975 3827">
    <p class='ocr_par' dir='ltr' id='par_1_62' title="bbox 459 3754 1975 3827">
     <span class='ocr_line' id='line_1_62' title="bbox 459 3754 1975 3827; baseline 0.001 -16"><span class='ocrx_word' id='word_1_467' title='bbox 459 3755 610 3811; x_wconf 86' lang='lat' dir='ltr'><strong>Hauc</strong></span> <span class='ocrx_word' id='word_1_468' title='bbox 636 3770 737 3827; x_wconf 92' lang='lat' dir='ltr'><strong>ego</strong></span> <span class='ocrx_word' id='word_1_469' title='bbox 762 3754 1005 3827; x_wconf 88' lang='lat' dir='ltr'><strong>regulam</strong></span> <span class='ocrx_word' id='word_1_470' title='bbox 1046 3764 1100 3811; x_wconf 88' lang='lat' dir='ltr'><strong>et</strong></span> <span class='ocrx_word' id='word_1_471' title='bbox 1128 3754 1358 3812; x_wconf 82' lang='lat' dir='ltr'><strong>fortnam</strong></span> <span class='ocrx_word' id='word_1_472' title='bbox 1382 3772 1411 3810; x_wconf 91' lang='lat' dir='ltr'><strong>a</strong></span> <span class='ocrx_word' id='word_1_473' title='bbox 1432 3755 1593 3811; x_wconf 85' lang='lat' dir='ltr'><strong>beato</strong></span> <span class='ocrx_word' id='word_1_474' title='bbox 1625 3771 1755 3827; x_wconf 88' lang='lat' dir='ltr'><strong>papa</strong></span> <span class='ocrx_word' id='word_1_475' title='bbox 1789 3768 1975 3813; x_wconf 85' lang='lat' dir='ltr'><strong>nostro</strong></span> 
     </span>
    </p>
   </div>
   <div class='ocr_carea' id='block_1_63' title="bbox 390 3846 1981 3921">
    <p class='ocr_par' dir='ltr' id='par_1_63' title="bbox 390 3846 1981 3921">
     <span class='ocr_line' id='line_1_63' title="bbox 390 3846 1981 3921; baseline 0.002 -17"><span class='ocrx_word' id='word_1_476' title='bbox 390 3847 615 3905; x_wconf 87' lang='lat' dir='ltr'><strong>Heracla</strong></span> <span class='ocrx_word' id='word_1_477' title='bbox 643 3847 851 3918; x_wconf 83' lang='lat' dir='ltr'><strong>accepi.</strong></span> <span class='ocrx_word' id='word_1_478' title='bbox 908 3846 1015 3904; x_wconf 89' lang='lat' dir='ltr'><strong>Eos</strong></span> <span class='ocrx_word' id='word_1_479' title='bbox 1059 3848 1205 3904; x_wconf 90' lang='lat' dir='ltr'><strong>enim</strong></span> <span class='ocrx_word' id='word_1_480' title='bbox 1237 3849 1329 3921; x_wconf 90' lang='lat' dir='ltr'><strong>qui</strong></span> <span class='ocrx_word' id='word_1_481' title='bbox 1371 3848 1440 3904; x_wconf 88' lang='lat' dir='ltr'><strong>ab</strong></span> <span class='ocrx_word' id='word_1_482' title='bbox 1471 3849 1768 3906; x_wconf 73' lang='lat' dir='ltr'><strong>bmresibus</strong></span> <span class='ocrx_word' id='word_1_483' title='bbox 1797 3853 1981 3907; x_wconf 85' lang='lat' dir='ltr'><strong>venie-</strong></span> 
     </span>
    </p>
   </div>
   <div class='ocr_carea' id='block_1_64' title="bbox 2154 3755 3697 3832">
    <p class='ocr_par' dir='ltr' id='par_1_64' title="bbox 2154 3755 3697 3832">
     <span class='ocr_line' id='line_1_64' title="bbox 2154 3755 3697 3832; baseline -0.003 -20"><span class='ocrx_word' id='word_1_484' title='bbox 2154 3761 2344 3814; x_wconf 79' lang='grc' dir='ltr'>Τοῦτον</span> <span class='ocrx_word' id='word_1_485' title='bbox 2364 3760 2464 3832; x_wconf 79' lang='grc' dir='ltr'><strong>ἐγώ</strong></span> <span class='ocrx_word' id='word_1_486' title='bbox 2491 3758 2577 3811; x_wconf 86' lang='grc' dir='ltr'><strong>τὸν</strong></span> <span class='ocrx_word' id='word_1_487' title='bbox 2597 3756 2787 3810; x_wconf 84' lang='grc' dir='ltr'>κανόνα</span> <span class='ocrx_word' id='word_1_488' title='bbox 2811 3756 3007 3809; x_wconf 84' lang='grc' dir='ltr'>καὶτὸν</span> <span class='ocrx_word' id='word_1_489' title='bbox 3030 3756 3193 3810; x_wconf 79' lang='grc' dir='ltr'>τύπον</span> <span class='ocrx_word' id='word_1_490' title='bbox 3220 3755 3366 3830; x_wconf 81' lang='grc' dir='ltr'>παρὰ</span> <span class='ocrx_word' id='word_1_491' title='bbox 3393 3758 3484 3809; x_wconf 86' lang='grc' dir='ltr'><strong>τοῦ</strong></span> <span class='ocrx_word' id='word_1_492' title='bbox 3525 3772 3697 3825; x_wconf 86' lang='grc' dir='ltr'>μακα-</span> 
     </span>
    </p>
   </div>
   <div class='ocr_carea' id='block_1_65' title="bbox 2090 3848 3700 3930">
    <p class='ocr_par' dir='ltr' id='par_1_65' title="bbox 2090 3848 3700 3930">
     <span class='ocr_line' id='line_1_65' title="bbox 2090 3848 3700 3930; baseline -0.004 -22"><span class='ocrx_word' id='word_1_493' title='bbox 2090 3855 2202 3930; x_wconf 89' lang='grc' dir='ltr'>ρίου</span> <span class='ocrx_word' id='word_1_494' title='bbox 2227 3854 2381 3908; x_wconf 81' lang='grc' dir='ltr'>πὰπα</span> <span class='ocrx_word' id='word_1_495' title='bbox 2418 3853 2558 3923; x_wconf 80' lang='grc' dir='ltr'>ἡμῶν</span> <span class='ocrx_word' id='word_1_496' title='bbox 2587 3850 2808 3927; x_wconf 79' lang='grc' dir='ltr'>Ἠρακλᾶ</span> <span class='ocrx_word' id='word_1_497' title='bbox 2836 3849 3153 3925; x_wconf 77' lang='grc' dir='ltr'>παρέλαϐον.</span> <span class='ocrx_word' id='word_1_498' title='bbox 3180 3851 3300 3909; x_wconf 79' lang='grc' dir='ltr'>τοὺς</span> <span class='ocrx_word' id='word_1_499' title='bbox 3328 3850 3429 3925; x_wconf 80' lang='grc' dir='ltr'>γὰρ</span> <span class='ocrx_word' id='word_1_500' title='bbox 3456 3848 3700 3925; x_wconf 80' lang='grc' dir='ltr'>προσιόν-</span> 
     </span>
    </p>
   </div>
   <div class='ocr_carea' id='block_1_66' title="bbox 1708 3994 2341 4054">
    <p class='ocr_par' dir='ltr' id='par_1_66' title="bbox 1708 3994 2341 4054">
     <span class='ocr_line' id='line_1_66' title="bbox 1708 3994 2341 4054; baseline 0.003 -4"><span class='ocrx_word' id='word_1_501' title='bbox 1708 3995 2073 4054; x_wconf 75' lang='lat' dir='ltr'><strong>VARIORUM</strong></span> <span class='ocrx_word' id='word_1_502' title='bbox 2110 3994 2341 4054; x_wconf 67' lang='lat' dir='ltr'><strong>NOTIE.</strong></span> 
     </span>
    </p>
   </div>
   <div class='ocr_carea' id='block_1_67' title="bbox 390 4130 1980 4201">
    <p class='ocr_par' dir='ltr' id='par_1_67' title="bbox 390 4130 1980 4201">
     <span class='ocr_line' id='line_1_67' title="bbox 390 4130 1980 4201; baseline -0.001 -12"><span class='ocrx_word' id='word_1_503' title='bbox 390 4135 453 4189; x_wconf 83' lang='lat' dir='ltr'><strong>de</strong></span> <span class='ocrx_word' id='word_1_504' title='bbox 500 4132 681 4188; x_wconf 67' lang='lat' dir='ltr'><strong>iisdem</strong></span> <span class='ocrx_word' id='word_1_505' title='bbox 731 4130 936 4187; x_wconf 90' lang='lat' dir='ltr'><strong>dictum</strong></span> <span class='ocrx_word' id='word_1_506' title='bbox 995 4130 1295 4201; x_wconf 79' lang='lat' dir='ltr'><strong>intelligere</strong></span> <span class='ocrx_word' id='word_1_507' title='bbox 1351 4140 1433 4187; x_wconf 88' lang='lat' dir='ltr'><strong>est</strong></span> <span class='ocrx_word' id='word_1_508' title='bbox 1493 4130 1562 4187; x_wconf 91' lang='lat' dir='ltr'><strong>de</strong></span> <span class='ocrx_word' id='word_1_509' title='bbox 1635 4131 1980 4200; x_wconf 87' lang='lat' dir='ltr'><strong>Firmiliano,</strong></span> 
     </span>
    </p>
   </div>
   <div class='ocr_carea' id='block_1_68' title="bbox 390 4203 1985 4275">
    <p class='ocr_par' dir='ltr' id='par_1_68' title="bbox 390 4203 1985 4275">
     <span class='ocr_line' id='line_1_68' title="bbox 390 4203 1985 4275; baseline -0.002 -14"><span class='ocrx_word' id='word_1_510' title='bbox 390 4205 616 4270; x_wconf 79' lang='lat' dir='ltr'><strong>Heleno,</strong></span> <span class='ocrx_word' id='word_1_511' title='bbox 650 4220 807 4275; x_wconf 80' lang='lat' dir='ltr'><strong>quos</strong></span> <span class='ocrx_word' id='word_1_512' title='bbox 860 4219 889 4256; x_wconf 89' lang='lat' dir='ltr'><strong>a</strong></span> <span class='ocrx_word' id='word_1_513' title='bbox 935 4204 1313 4257; x_wconf 89' lang='lat' dir='ltr'><strong>communione</strong></span> <span class='ocrx_word' id='word_1_514' title='bbox 1368 4203 1731 4275; x_wconf 79' lang='lat' dir='ltr'><strong>segregandos</strong></span> <span class='ocrx_word' id='word_1_515' title='bbox 1787 4205 1985 4275; x_wconf 84' lang='lat' dir='ltr'><strong>Diony-</strong></span> 
     </span>
    </p>
   </div>
   <div class='ocr_carea' id='block_1_69' title="bbox 391 4274 1980 4346">
    <p class='ocr_par' dir='ltr' id='par_1_69' title="bbox 391 4274 1980 4346">
     <span class='ocr_line' id='line_1_69' title="bbox 391 4274 1980 4346; baseline -0.001 -14"><span class='ocrx_word' id='word_1_516' title='bbox 391 4278 502 4332; x_wconf 89' lang='lat' dir='ltr'><strong>sius</strong></span> <span class='ocrx_word' id='word_1_517' title='bbox 519 4291 582 4331; x_wconf 91' lang='lat' dir='ltr'><strong>ac</strong></span> <span class='ocrx_word' id='word_1_518' title='bbox 603 4274 886 4330; x_wconf 85' lang='lat' dir='ltr'><strong>Philemon</strong></span> <span class='ocrx_word' id='word_1_519' title='bbox 910 4275 1208 4346; x_wconf 86' lang='lat' dir='ltr'><strong>presbyteri</strong></span> <span class='ocrx_word' id='word_1_520' title='bbox 1229 4290 1349 4329; x_wconf 91' lang='lat' dir='ltr'><strong>cum</strong></span> <span class='ocrx_word' id='word_1_521' title='bbox 1374 4274 1648 4344; x_wconf 73' lang='lat' dir='ltr'><strong>Stephano</strong></span> <span class='ocrx_word' id='word_1_522' title='bbox 1668 4274 1980 4331; x_wconf 86' lang='lat' dir='ltr'><strong>censebant.</strong></span> 
     </span>
    </p>
   </div>
   <div class='ocr_carea' id='block_1_70' title="bbox 1527 4348 1829 4401">
    <p class='ocr_par' dir='ltr' id='par_1_70' title="bbox 1527 4348 1829 4401">
     <span class='ocr_line' id='line_1_70' title="bbox 1527 4348 1829 4401; baseline 0.007 -2"><span class='ocrx_word' id='word_1_523' title='bbox 1527 4348 1829 4401; x_wconf 68' lang='lat' dir='ltr'><strong>Cousrmr.</strong></span> 
     </span>
    </p>
   </div>
   <div class='ocr_carea' id='block_1_71' title="bbox 467 4414 1993 4488">
    <p class='ocr_par' dir='ltr' id='par_1_71' title="bbox 467 4414 1993 4488">
     <span class='ocr_line' id='line_1_71' title="bbox 467 4414 1993 4488; baseline -0.001 -16"><span class='ocrx_word' id='word_1_524' title='bbox 467 4416 607 4472; x_wconf 87' lang='lat' dir='ltr'><strong>Nam</strong></span> <span class='ocrx_word' id='word_1_525' title='bbox 656 4433 773 4488; x_wconf 78' lang='lat' dir='ltr'><strong>cum</strong></span> <span class='ocrx_word' id='word_1_526' title='bbox 826 4416 887 4469; x_wconf 80' lang='lat' dir='ltr'><strong>dc</strong></span> <span class='ocrx_word' id='word_1_527' title='bbox 934 4415 1243 4470; x_wconf 77' lang='lat' dir='ltr'><strong>doctrina...</strong></span> <span class='ocrx_word' id='word_1_528' title='bbox 1285 4414 1477 4488; x_wconf 83' lang='lat' dir='ltr'><strong>Totum</strong></span> <span class='ocrx_word' id='word_1_529' title='bbox 1509 4416 1609 4470; x_wconf 87' lang='lat' dir='ltr'><strong>hoc</strong></span> <span class='ocrx_word' id='word_1_530' title='bbox 1637 4418 1993 4488; x_wconf 81' lang='lat' dir='ltr'><strong>fragmentum</strong></span> 
     </span>
    </p>
   </div>
   <div class='ocr_carea' id='block_1_72' title="bbox 2091 4128 3695 4203">
    <p class='ocr_par' dir='ltr' id='par_1_72' title="bbox 2091 4128 3695 4203">
     <span class='ocr_line' id='line_1_72' title="bbox 2091 4128 3695 4203; baseline -0.004 -15"><span class='ocrx_word' id='word_1_531' title='bbox 2091 4134 2231 4189; x_wconf 83' lang='lat' dir='ltr'><strong>hanc</strong></span> <span class='ocrx_word' id='word_1_532' title='bbox 2259 4133 2540 4203; x_wconf 85' lang='lat' dir='ltr'><strong>epistolam</strong></span> <span class='ocrx_word' id='word_1_533' title='bbox 2571 4132 2637 4187; x_wconf 88' lang='lat' dir='ltr'><strong>ad</strong></span> <span class='ocrx_word' id='word_1_534' title='bbox 2667 4131 3041 4187; x_wconf 87' lang='lat' dir='ltr'><strong>Philemonem</strong></span> <span class='ocrx_word' id='word_1_535' title='bbox 3070 4130 3338 4203; x_wconf 86' lang='lat' dir='ltr'><strong>superiori</strong></span> <span class='ocrx_word' id='word_1_536' title='bbox 3368 4128 3695 4203; x_wconf 83' lang='lat' dir='ltr'><strong>ad_Xystum</strong></span> 
     </span>
    </p>
   </div>
   <div class='ocr_carea' id='block_1_73' title="bbox 2092 4200 3702 4273">
    <p class='ocr_par' dir='ltr' id='par_1_73' title="bbox 2092 4200 3702 4273">
     <span class='ocr_line' id='line_1_73' title="bbox 2092 4200 3702 4273; baseline -0.003 -13"><span class='ocrx_word' id='word_1_537' title='bbox 2092 4220 2199 4260; x_wconf 91' lang='lat' dir='ltr'><strong>non</strong></span> <span class='ocrx_word' id='word_1_538' title='bbox 2228 4200 2350 4262; x_wconf 82' lang='lat' dir='ltr'><strong>esse</strong></span> <span class='ocrx_word' id='word_1_539' title='bbox 2376 4206 2725 4261; x_wconf 85' lang='lat' dir='ltr'><strong>anteriorem.</strong></span> <span class='ocrx_word' id='word_1_540' title='bbox 2755 4203 3019 4273; x_wconf 82' lang='lat' dir='ltr'><strong>Quocirca</strong></span> <span class='ocrx_word' id='word_1_541' title='bbox 3048 4202 3264 4258; x_wconf 82' lang='lat' dir='ltr'><strong>defendi</strong></span> <span class='ocrx_word' id='word_1_542' title='bbox 3298 4201 3482 4272; x_wconf 87' lang='lat' dir='ltr'><strong>nequit</strong></span> <span class='ocrx_word' id='word_1_543' title='bbox 3513 4200 3702 4273; x_wconf 81' lang='lat' dir='ltr'><strong>Opinio</strong></span> 
     </span>
    </p>
   </div>
   <div class='ocr_carea' id='block_1_74' title="bbox 2092 4272 3695 4346">
    <p class='ocr_par' dir='ltr' id='par_1_74' title="bbox 2092 4272 3695 4346">
     <span class='ocr_line' id='line_1_74' title="bbox 2092 4272 3695 4346; baseline -0.004 -15"><span class='ocrx_word' id='word_1_544' title='bbox 2092 4277 2311 4333; x_wconf 89' lang='lat' dir='ltr'><strong>Baronii</strong></span> <span class='ocrx_word' id='word_1_545' title='bbox 2333 4318 2345 4339; x_wconf 91' lang='lat'><strong>,</strong></span> <span class='ocrx_word' id='word_1_546' title='bbox 2375 4280 2465 4346; x_wconf 90' lang='lat' dir='ltr'><strong>qui</strong></span> <span class='ocrx_word' id='word_1_547' title='bbox 2494 4272 2852 4346; x_wconf 86' lang='lat' dir='ltr'><strong>fragmentum</strong></span> <span class='ocrx_word' id='word_1_548' title='bbox 2882 4275 3023 4330; x_wconf 90' lang='lat' dir='ltr'><strong>istud</strong></span> <span class='ocrx_word' id='word_1_549' title='bbox 3055 4290 3123 4328; x_wconf 81' lang='lat' dir='ltr'><strong>ex</strong></span> <span class='ocrx_word' id='word_1_550' title='bbox 3164 4274 3391 4346; x_wconf 78' lang='lat' dir='ltr'><strong>epistola</strong></span> <span class='ocrx_word' id='word_1_551' title='bbox 3431 4273 3534 4327; x_wconf 87' lang='lat' dir='ltr'><strong>sub</strong></span> <span class='ocrx_word' id='word_1_552' title='bbox 3573 4272 3695 4327; x_wconf 81' lang='lat' dir='ltr'><strong>Ste-</strong></span> 
     </span>
    </p>
   </div>
   <div class='ocr_carea' id='block_1_75' title="bbox 2101 4345 3703 4417">
    <p class='ocr_par' dir='ltr' id='par_1_75' title="bbox 2101 4345 3703 4417">
     <span class='ocr_line' id='line_1_75' title="bbox 2101 4345 3703 4417; baseline -0.002 -16"><span class='ocrx_word' id='word_1_553' title='bbox 2101 4350 2278 4417; x_wconf 86' lang='lat' dir='ltr'><strong>pbano</strong></span> <span class='ocrx_word' id='word_1_554' title='bbox 2318 4345 2517 4417; x_wconf 82' lang='lat' dir='ltr'><strong>scripta</strong></span> <span class='ocrx_word' id='word_1_555' title='bbox 2564 4345 2878 4416; x_wconf 84' lang='lat' dir='ltr'><strong>excerptum</strong></span> <span class='ocrx_word' id='word_1_556' title='bbox 2923 4347 3237 4401; x_wconf 86' lang='lat' dir='ltr'><strong>arbitratur.</strong></span> <span class='ocrx_word' id='word_1_557' title='bbox 3285 4345 3474 4413; x_wconf 80' lang='lat' dir='ltr'><strong>Neque</strong></span> <span class='ocrx_word' id='word_1_558' title='bbox 3520 4353 3703 4417; x_wconf 83' lang='lat' dir='ltr'><strong>tamen</strong></span> 
     </span>
    </p>
   </div>
   <div class='ocr_carea' id='block_1_76' title="bbox 2100 4414 3702 4501">
    <p class='ocr_par' dir='ltr' id='par_1_76' title="bbox 2100 4414 3702 4501">
     <span class='ocr_line' id='line_1_76' title="bbox 2100 4414 3702 4501; baseline -0.002 -31"><span class='ocrx_word' id='word_1_559' title='bbox 2100 4414 2381 4501; x_wconf 48' lang='lat' dir='ltr'><strong>praemissa</strong></span> <span class='ocrx_word' id='word_1_560' title='bbox 2430 4414 2497 4501; x_wconf 66' lang='lat' dir='ltr'><strong>ad</strong></span> <span class='ocrx_word' id='word_1_561' title='bbox 2546 4414 2775 4501; x_wconf 74' lang='lat' dir='ltr'><strong>Xystum</strong></span> <span class='ocrx_word' id='word_1_562' title='bbox 2827 4419 3100 4501; x_wconf 70' lang='lat' dir='ltr'><strong>posterior</strong></span> <span class='ocrx_word' id='word_1_563' title='bbox 3148 4426 3267 4500; x_wconf 55' lang='lat' dir='ltr'><strong>est,</strong></span> <span class='ocrx_word' id='word_1_564' title='bbox 3313 4425 3499 4501; x_wconf 64' lang='lat' dir='ltr'><strong>utpote</strong></span> <span class='ocrx_word' id='word_1_565' title='bbox 3545 4414 3702 4501; x_wconf 68' lang='lat' dir='ltr'><strong>cuius</strong></span> 
     </span>
    </p>
   </div>
   <div class='ocr_carea' id='block_1_77' title="bbox 394 4486 3704 4563">
    <p class='ocr_par' dir='ltr' id='par_1_77' title="bbox 394 4486 3704 4563">
     <span class='ocr_line' id='line_1_77' title="bbox 394 4486 3704 4563; baseline -0.002 -18"><span class='ocrx_word' id='word_1_566' title='bbox 394 4488 627 4563; x_wconf 75' lang='lat' dir='ltr'><strong>Rufinus</strong></span> <span class='ocrx_word' id='word_1_567' title='bbox 653 4487 861 4563; x_wconf 82' lang='lat' dir='ltr'><strong>licentia</strong></span> <span class='ocrx_word' id='word_1_568' title='bbox 903 4487 1004 4563; x_wconf 80' lang='lat' dir='ltr'><strong>sibi</strong></span> <span class='ocrx_word' id='word_1_569' title='bbox 1038 4496 1292 4543; x_wconf 85' lang='lat' dir='ltr'><strong>consueta</strong></span> <span class='ocrx_word' id='word_1_570' title='bbox 1345 4487 1508 4563; x_wconf 63' lang='lat' dir='ltr'><strong>latine</strong></span> <span class='ocrx_word' id='word_1_571' title='bbox 1557 4489 1645 4563; x_wconf 84' lang='lat' dir='ltr'><strong>ita</strong></span> <span class='ocrx_word' id='word_1_572' title='bbox 1674 4486 1945 4563; x_wconf 63' lang='lat' dir='ltr'><strong>convertit</strong></span> <span class='ocrx_word' id='word_1_573' title='bbox 1978 4506 1991 4542; x_wconf 90' lang='lat'><strong>:</strong></span> <span class='ocrx_word' id='word_1_574' title='bbox 2021 4504 2072 4563; x_wconf 83' lang='lat' dir='ltr'><strong>D</strong></span> <span class='ocrx_word' id='word_1_575' title='bbox 2101 4491 2391 4560; x_wconf 81' lang='lat' dir='ltr'><strong>Dionysius</strong></span> <span class='ocrx_word' id='word_1_576' title='bbox 2438 4492 2491 4544; x_wconf 93' lang='lat' dir='ltr'><strong>in</strong></span> <span class='ocrx_word' id='word_1_577' title='bbox 2534 4486 2611 4544; x_wconf 61' lang='lat' dir='ltr'><strong>ea&#39;</strong></span> <span class='ocrx_word' id='word_1_578' title='bbox 2639 4489 2752 4561; x_wconf 84' lang='lat' dir='ltr'><strong>ipsa</strong></span> <span class='ocrx_word' id='word_1_579' title='bbox 2800 4486 2855 4563; x_wconf 42' lang='lat' dir='ltr'><strong>n‘.</strong></span> <span class='ocrx_word' id='word_1_580' title='bbox 2914 4489 2971 4563; x_wconf 72' lang='lat'><strong>2,</strong></span> <span class='ocrx_word' id='word_1_581' title='bbox 3033 4486 3704 4563; x_wconf 79' lang='lat' dir='ltr'><strong>meminit.__Qnap_ropter</strong></span> 
     </span>
    </p>
   </div>
   <div class='ocr_carea' id='block_1_78' title="bbox 402 4558 1992 4629">
    <p class='ocr_par' dir='ltr' id='par_1_78' title="bbox 402 4558 1992 4629">
     <span class='ocr_line' id='line_1_78' title="bbox 402 4558 1992 4629; baseline -0.003 -13"><span class='ocrx_word' id='word_1_582' title='bbox 402 4583 420 4616; x_wconf 87' lang='grc' dir='ltr'><strong>ι</strong></span> <span class='ocrx_word' id='word_1_583' title='bbox 441 4562 571 4617; x_wconf 80' lang='lat' dir='ltr'><strong>Cum</strong></span> <span class='ocrx_word' id='word_1_584' title='bbox 597 4558 664 4613; x_wconf 87' lang='lat' dir='ltr'><strong>de</strong></span> <span class='ocrx_word' id='word_1_585' title='bbox 691 4575 752 4613; x_wconf 88' lang='lat' dir='ltr'><strong>ea</strong></span> <span class='ocrx_word' id='word_1_586' title='bbox 779 4558 1040 4620; x_wconf 88' lang='lat' dir='ltr'><strong>doctrina,</strong></span> <span class='ocrx_word' id='word_1_587' title='bbox 1069 4574 1190 4629; x_wconf 62' lang='lat' dir='ltr'><strong>quae</strong></span> <span class='ocrx_word' id='word_1_588' title='bbox 1221 4559 1360 4629; x_wconf 86' lang='lat' dir='ltr'><strong>apud</strong></span> <span class='ocrx_word' id='word_1_589' title='bbox 1389 4559 1774 4615; x_wconf 86' lang='lat' dir='ltr'><strong>Ptolemaidam</strong></span> <span class='ocrx_word' id='word_1_590' title='bbox 1794 4560 1992 4615; x_wconf 89' lang='lat' dir='ltr'><strong>Penta-</strong></span> 
     </span>
    </p>
   </div>
   <div class='ocr_carea' id='block_1_79' title="bbox 396 4630 1991 4703">
    <p class='ocr_par' dir='ltr' id='par_1_79' title="bbox 396 4630 1991 4703">
     <span class='ocr_line' id='line_1_79' title="bbox 396 4630 1991 4703; baseline -0.001 -16"><span class='ocrx_word' id='word_1_591' title='bbox 396 4633 581 4703; x_wconf 89' lang='lat' dir='ltr'><strong>poleos</strong></span> <span class='ocrx_word' id='word_1_592' title='bbox 609 4631 878 4685; x_wconf 69' lang='lat' dir='ltr'><strong>civitatem</strong></span> <span class='ocrx_word' id='word_1_593' title='bbox 909 4646 1081 4703; x_wconf 86' lang='lat' dir='ltr'><strong>nuper</strong></span> <span class='ocrx_word' id='word_1_594' title='bbox 1100 4641 1284 4685; x_wconf 83' lang='lat' dir='ltr'><strong>exorta</strong></span> <span class='ocrx_word' id='word_1_595' title='bbox 1313 4640 1417 4695; x_wconf 87' lang='lat' dir='ltr'><strong>est,</strong></span> <span class='ocrx_word' id='word_1_596' title='bbox 1453 4631 1619 4703; x_wconf 70' lang='lat' dir='ltr'><strong>plena</strong></span> <span class='ocrx_word' id='word_1_597' title='bbox 1639 4630 1991 4703; x_wconf 74' lang='lat' dir='ltr'><strong>blasplremiis</strong></span> 
     </span>
    </p>
   </div>
   <div class='ocr_carea' id='block_1_80' title="bbox 398 4701 1989 4772">
    <p class='ocr_par' dir='ltr' id='par_1_80' title="bbox 398 4701 1989 4772">
     <span class='ocr_line' id='line_1_80' title="bbox 398 4701 1989 4772; baseline -0.001 -12"><span class='ocrx_word' id='word_1_598' title='bbox 398 4701 452 4761; x_wconf 84' lang='lat' dir='ltr'><strong>in</strong></span> <span class='ocrx_word' id='word_1_599' title='bbox 498 4702 663 4758; x_wconf 86' lang='lat' dir='ltr'><strong>Deum</strong></span> <span class='ocrx_word' id='word_1_600' title='bbox 695 4714 896 4772; x_wconf 86' lang='lat' dir='ltr'><strong>patrem</strong></span> <span class='ocrx_word' id='word_1_601' title='bbox 926 4714 980 4756; x_wconf 94' lang='lat' dir='ltr'><strong>ct</strong></span> <span class='ocrx_word' id='word_1_602' title='bbox 1009 4702 1293 4757; x_wconf 84' lang='lat' dir='ltr'><strong>Dominum</strong></span> <span class='ocrx_word' id='word_1_603' title='bbox 1324 4711 1568 4757; x_wconf 72' lang='lat' dir='ltr'><strong>nostrum</strong></span> <span class='ocrx_word' id='word_1_604' title='bbox 1596 4701 1780 4757; x_wconf 83' lang='lat' dir='ltr'><strong>Jesutn</strong></span> <span class='ocrx_word' id='word_1_605' title='bbox 1808 4701 1989 4758; x_wconf 84' lang='lat' dir='ltr'><strong>Chris-</strong></span> 
     </span>
    </p>
   </div>
   <div class='ocr_carea' id='block_1_81' title="bbox 400 4773 1992 4844">
    <p class='ocr_par' dir='ltr' id='par_1_81' title="bbox 400 4773 1992 4844">
     <span class='ocr_line' id='line_1_81' title="bbox 400 4773 1992 4844; baseline -0.001 -14"><span class='ocrx_word' id='word_1_606' title='bbox 400 4788 511 4830; x_wconf 91' lang='lat' dir='ltr'><strong>tum</strong></span> <span class='ocrx_word' id='word_1_607' title='bbox 531 4818 546 4841; x_wconf 95' lang='lat'><strong>,</strong></span> <span class='ocrx_word' id='word_1_608' title='bbox 604 4789 805 4844; x_wconf 83' lang='lat' dir='ltr'><strong>negans</strong></span> <span class='ocrx_word' id='word_1_609' title='bbox 849 4789 974 4827; x_wconf 90' lang='lat' dir='ltr'><strong>vere</strong></span> <span class='ocrx_word' id='word_1_610' title='bbox 1002 4790 1121 4829; x_wconf 79' lang='lat' dir='ltr'><strong>esse</strong></span> <span class='ocrx_word' id='word_1_611' title='bbox 1160 4790 1281 4828; x_wconf 86' lang='lat' dir='ltr'><strong>eum</strong></span> <span class='ocrx_word' id='word_1_612' title='bbox 1312 4775 1477 4828; x_wconf 86' lang='lat' dir='ltr'><strong>tilium</strong></span> <span class='ocrx_word' id='word_1_613' title='bbox 1508 4773 1682 4829; x_wconf 80' lang='lat' dir='ltr'><strong>Patris</strong></span> <span class='ocrx_word' id='word_1_614' title='bbox 1704 4817 1718 4839; x_wconf 93' lang='lat'><strong>,</strong></span> <span class='ocrx_word' id='word_1_615' title='bbox 1750 4789 1846 4829; x_wconf 79' lang='lat' dir='ltr'><strong>nec</strong></span> <span class='ocrx_word' id='word_1_616' title='bbox 1880 4774 1992 4844; x_wconf 88' lang='lat' dir='ltr'><strong>pri-</strong></span> 
     </span>
    </p>
   </div>
   <div class='ocr_carea' id='block_1_82' title="bbox 400 4845 1992 4916">
    <p class='ocr_par' dir='ltr' id='par_1_82' title="bbox 400 4845 1992 4916">
     <span class='ocr_line' id='line_1_82' title="bbox 400 4845 1992 4916; baseline -0.002 -15"><span class='ocrx_word' id='word_1_617' title='bbox 400 4846 724 4916; x_wconf 84' lang='lat' dir='ltr'><strong>mogenitum</strong></span> <span class='ocrx_word' id='word_1_618' title='bbox 792 4845 967 4899; x_wconf 91' lang='lat' dir='ltr'><strong>omnis</strong></span> <span class='ocrx_word' id='word_1_619' title='bbox 1018 4858 1304 4909; x_wconf 84' lang='lat' dir='ltr'><strong>creatura,</strong></span> <span class='ocrx_word' id='word_1_620' title='bbox 1354 4846 1603 4900; x_wconf 85' lang='lat' dir='ltr'><strong>similiter</strong></span> <span class='ocrx_word' id='word_1_621' title='bbox 1661 4855 1713 4900; x_wconf 92' lang='lat' dir='ltr'><strong>et</strong></span> <span class='ocrx_word' id='word_1_622' title='bbox 1758 4845 1992 4915; x_wconf 87' lang='lat' dir='ltr'><strong>Spiritus</strong></span> 
     </span>
    </p>
   </div>
   <div class='ocr_carea' id='block_1_83' title="bbox 400 4916 1992 4986">
    <p class='ocr_par' dir='ltr' id='par_1_83' title="bbox 400 4916 1992 4986">
     <span class='ocr_line' id='line_1_83' title="bbox 400 4916 1992 4986; baseline -0.001 -15"><span class='ocrx_word' id='word_1_623' title='bbox 400 4918 569 4971; x_wconf 89' lang='lat' dir='ltr'><strong>sancti</strong></span> <span class='ocrx_word' id='word_1_624' title='bbox 601 4916 851 4972; x_wconf 83' lang='lat' dir='ltr'><strong>auferens</strong></span> <span class='ocrx_word' id='word_1_625' title='bbox 882 4916 1249 4971; x_wconf 88' lang='lat' dir='ltr'><strong>intellectum:</strong></span> <span class='ocrx_word' id='word_1_626' title='bbox 1284 4933 1380 4986; x_wconf 90' lang='lat' dir='ltr'><strong>pro</strong></span> <span class='ocrx_word' id='word_1_627' title='bbox 1425 4917 1623 4986; x_wconf 84' lang='lat' dir='ltr'><strong>quibus</strong></span> <span class='ocrx_word' id='word_1_628' title='bbox 1668 4933 1790 4971; x_wconf 91' lang='lat' dir='ltr'><strong>cum</strong></span> <span class='ocrx_word' id='word_1_629' title='bbox 1824 4926 1992 4970; x_wconf 82' lang='lat' dir='ltr'><strong>utrac-</strong></span> 
     </span>
    </p>
   </div>
   <div class='ocr_carea' id='block_1_84' title="bbox 401 4988 1996 5060">
    <p class='ocr_par' dir='ltr' id='par_1_84' title="bbox 401 4988 1996 5060">
     <span class='ocr_line' id='line_1_84' title="bbox 401 4988 1996 5060; baseline 0.001 -18"><span class='ocrx_word' id='word_1_630' title='bbox 401 5004 506 5060; x_wconf 89' lang='lat' dir='ltr'><strong>que</strong></span> <span class='ocrx_word' id='word_1_631' title='bbox 538 4997 718 5057; x_wconf 80' lang='lat' dir='ltr'><strong>partes</strong></span> <span class='ocrx_word' id='word_1_632' title='bbox 743 4989 809 5043; x_wconf 88' lang='lat' dir='ltr'><strong>ad</strong></span> <span class='ocrx_word' id='word_1_633' title='bbox 833 5005 918 5043; x_wconf 89' lang='lat' dir='ltr'><strong>me</strong></span> <span class='ocrx_word' id='word_1_634' title='bbox 942 4989 1235 5053; x_wconf 71' lang='lat' dir='ltr'><strong>venissent,</strong></span> <span class='ocrx_word' id='word_1_635' title='bbox 1263 4998 1316 5042; x_wconf 91' lang='lat' dir='ltr'><strong>et</strong></span> <span class='ocrx_word' id='word_1_636' title='bbox 1347 4988 1703 5057; x_wconf 72' lang='lat' dir='ltr'><strong>przesettlihus</strong></span> <span class='ocrx_word' id='word_1_637' title='bbox 1742 4988 1996 5060; x_wconf 78' lang='lat' dir='ltr'><strong>fratribus</strong></span> 
     </span>
    </p>
   </div>
   <div class='ocr_carea' id='block_1_85' title="bbox 402 5058 1993 5132">
    <p class='ocr_par' dir='ltr' id='par_1_85' title="bbox 402 5058 1993 5132">
     <span class='ocr_line' id='line_1_85' title="bbox 402 5058 1993 5132; baseline 0 -19"><span class='ocrx_word' id='word_1_638' title='bbox 402 5058 519 5132; x_wconf 72' lang='lat' dir='ltr'><strong>qua:</strong></span> <span class='ocrx_word' id='word_1_639' title='bbox 550 5071 815 5132; x_wconf 72' lang='lat' dir='ltr'><strong>commota</strong></span> <span class='ocrx_word' id='word_1_640' title='bbox 854 5060 1065 5132; x_wconf 83' lang='lat' dir='ltr'><strong>fuerant</strong></span> <span class='ocrx_word' id='word_1_641' title='bbox 1117 5060 1516 5122; x_wconf 84' lang='lat' dir='ltr'><strong>discussissent,</strong></span> <span class='ocrx_word' id='word_1_642' title='bbox 1557 5060 1717 5113; x_wconf 89' lang='lat' dir='ltr'><strong>etiam</strong></span> <span class='ocrx_word' id='word_1_643' title='bbox 1765 5058 1993 5123; x_wconf 84' lang='lat' dir='ltr'><strong>litteris&#39;,</strong></span> 
     </span>
    </p>
   </div>
   <div class='ocr_carea' id='block_1_86' title="bbox 405 5126 1998 5202">
    <p class='ocr_par' dir='ltr' id='par_1_86' title="bbox 405 5126 1998 5202">
     <span class='ocr_line' id='line_1_86' title="bbox 405 5126 1998 5202; baseline -0.002 -15"><span class='ocrx_word' id='word_1_644' title='bbox 405 5126 560 5202; x_wconf 81' lang='lat' dir='ltr'><strong>prout</strong></span> <span class='ocrx_word' id='word_1_645' title='bbox 591 5129 730 5184; x_wconf 83' lang='lat' dir='ltr'><strong>Deus</strong></span> <span class='ocrx_word' id='word_1_646' title='bbox 774 5126 919 5202; x_wconf 87' lang='lat' dir='ltr'><strong>dedit</strong></span> <span class='ocrx_word' id='word_1_647' title='bbox 951 5132 1195 5199; x_wconf 88' lang='lat' dir='ltr'><strong>parvitati</strong></span> <span class='ocrx_word' id='word_1_648' title='bbox 1239 5147 1372 5189; x_wconf 67' lang='lat' dir='ltr'><strong>uteie</strong></span> <span class='ocrx_word' id='word_1_649' title='bbox 1395 5171 1408 5194; x_wconf 93' lang='lat'><strong>,</strong></span> <span class='ocrx_word' id='word_1_650' title='bbox 1452 5140 1767 5198; x_wconf 73' lang='lat' dir='ltr'><strong>prosecutus</strong></span> <span class='ocrx_word' id='word_1_651' title='bbox 1794 5145 1913 5184; x_wconf 90' lang='lat' dir='ltr'><strong>smn</strong></span> <span class='ocrx_word' id='word_1_652' title='bbox 1944 5139 1998 5184; x_wconf 81' lang='lat' dir='ltr'><strong>et</strong></span> 
     </span>
    </p>
   </div>
   <div class='ocr_carea' id='block_1_87' title="bbox 408 5201 1994 5273">
    <p class='ocr_par' dir='ltr' id='par_1_87' title="bbox 408 5201 1994 5273">
     <span class='ocr_line' id='line_1_87' title="bbox 408 5201 1994 5273; baseline -0.002 -14"><span class='ocrx_word' id='word_1_653' title='bbox 408 5201 601 5273; x_wconf 83' lang='lat' dir='ltr'><strong>scripsi</strong></span> <span class='ocrx_word' id='word_1_654' title='bbox 628 5201 835 5272; x_wconf 81' lang='lat' dir='ltr'><strong>singula</strong></span> <span class='ocrx_word' id='word_1_655' title='bbox 861 5218 1087 5273; x_wconf 64' lang='lat' dir='ltr'><strong>qumque</strong></span> <span class='ocrx_word' id='word_1_656' title='bbox 1115 5204 1402 5273; x_wconf 84' lang='lat' dir='ltr'><strong>diligenter</strong></span> <span class='ocrx_word' id='word_1_657' title='bbox 1426 5216 1725 5271; x_wconf 85' lang='lat' dir='ltr'><strong>exponens.</strong></span> <span class='ocrx_word' id='word_1_658' title='bbox 1757 5205 1994 5268; x_wconf 78' lang='lat' dir='ltr'><strong>Quarum</strong></span> 
     </span>
    </p>
   </div>
   <div class='ocr_carea' id='block_1_88' title="bbox 410 5272 1627 5341">
    <p class='ocr_par' dir='ltr' id='par_1_88' title="bbox 410 5272 1627 5341">
     <span class='ocr_line' id='line_1_88' title="bbox 410 5272 1627 5341; baseline -0.003 -11"><span class='ocrx_word' id='word_1_659' title='bbox 410 5272 531 5332; x_wconf 25' lang='lat' dir='ltr'><strong>tibi’</strong></span> <span class='ocrx_word' id='word_1_660' title='bbox 562 5274 890 5341; x_wconf 78' lang='lat' dir='ltr'><strong>exemplaria</strong></span> <span class='ocrx_word' id='word_1_661' title='bbox 942 5272 1235 5330; x_wconf 79' lang='lat' dir='ltr'><strong>tranmtisi.</strong></span> <span class='ocrx_word' id='word_1_662' title='bbox 1274 5294 1293 5327; x_wconf 71' lang='grc' dir='ltr'>ι</span> <span class='ocrx_word' id='word_1_663' title='bbox 1324 5272 1627 5329; x_wconf 68' lang='lat' dir='ltr'><strong>Cousna‘r.</strong></span> 
     </span>
    </p>
   </div>
   <div class='ocr_carea' id='block_1_89' title="bbox 482 5343 1994 5415">
    <p class='ocr_par' dir='ltr' id='par_1_89' title="bbox 482 5343 1994 5415">
     <span class='ocr_line' id='line_1_89' title="bbox 482 5343 1994 5415; baseline 0 -16"><span class='ocrx_word' id='word_1_664' title='bbox 482 5346 657 5400; x_wconf 68' lang='lat' dir='ltr'><strong>Ertsr.</strong></span> <span class='ocrx_word' id='word_1_665' title='bbox 686 5344 747 5399; x_wconf 91' lang='lat' dir='ltr'><strong>ll.</strong></span> <span class='ocrx_word' id='word_1_666' title='bbox 776 5372 847 5382; x_wconf 92' lang='lat'><strong><em>—</em></strong></span> <span class='ocrx_word' id='word_1_667' title='bbox 874 5343 1210 5415; x_wconf 82' lang='lat' dir='ltr'><strong>Fragmentis</strong></span> <span class='ocrx_word' id='word_1_668' title='bbox 1244 5346 1539 5415; x_wconf 81' lang='lat' dir='ltr'><strong>superioris</strong></span> <span class='ocrx_word' id='word_1_669' title='bbox 1576 5345 1815 5412; x_wconf 71' lang='lat' dir='ltr'><strong>cpistola:</strong></span> <span class='ocrx_word' id='word_1_670' title='bbox 1855 5346 1994 5399; x_wconf 89' lang='lat' dir='ltr'><strong>istud</strong></span> 
     </span>
    </p>
   </div>
   <div class='ocr_carea' id='block_1_90' title="bbox 408 5415 2006 5487">
    <p class='ocr_par' dir='ltr' id='par_1_90' title="bbox 408 5415 2006 5487">
     <span class='ocr_line' id='line_1_90' title="bbox 408 5415 2006 5487; baseline 0.001 -18"><span class='ocrx_word' id='word_1_671' title='bbox 408 5416 675 5475; x_wconf 86' lang='lat' dir='ltr'><strong>Eusebius</strong></span> <span class='ocrx_word' id='word_1_672' title='bbox 696 5415 940 5487; x_wconf 49' lang='lat' dir='ltr'><strong>prosime</strong></span> <span class='ocrx_word' id='word_1_673' title='bbox 967 5416 1234 5470; x_wconf 87' lang='lat' dir='ltr'><strong>subnectit</strong></span> <span class='ocrx_word' id='word_1_674' title='bbox 1265 5418 1345 5472; x_wconf 88' lang='lat' dir='ltr'><strong>bis</strong></span> <span class='ocrx_word' id='word_1_675' title='bbox 1374 5416 1585 5470; x_wconf 84' lang='lat' dir='ltr'><strong>verbis:</strong></span> <span class='ocrx_word' id='word_1_676' title='bbox 1613 5415 1679 5470; x_wconf 85' lang='lat' dir='ltr'><strong>In</strong></span> <span class='ocrx_word' id='word_1_677' title='bbox 1702 5416 1917 5487; x_wconf 76' lang='lat' dir='ltr'><strong>cpistola</strong></span> <span class='ocrx_word' id='word_1_678' title='bbox 1936 5417 2006 5471; x_wconf 84' lang='lat' dir='ltr'><strong>ad</strong></span> 
     </span>
    </p>
   </div>
   <div class='ocr_carea' id='block_1_91' title="bbox 412 5484 2010 5559">
    <p class='ocr_par' dir='ltr' id='par_1_91' title="bbox 412 5484 2010 5559">
     <span class='ocr_line' id='line_1_91' title="bbox 412 5484 2010 5559; baseline 0 -17"><span class='ocrx_word' id='word_1_679' title='bbox 412 5484 764 5559; x_wconf 75' lang='lat' dir='ltr'><strong>Philemonem</strong></span> <span class='ocrx_word' id='word_1_680' title='bbox 792 5484 1081 5559; x_wconf 76' lang='lat' dir='ltr'><strong>llontnmun</strong></span> <span class='ocrx_word' id='word_1_681' title='bbox 1115 5488 1475 5559; x_wconf 78' lang='lat' dir='ltr'><strong>presbyterum,</strong></span> <span class='ocrx_word' id='word_1_682' title='bbox 1495 5502 1606 5553; x_wconf 69' lang='lat' dir='ltr'><strong>quae</strong></span> <span class='ocrx_word' id='word_1_683' title='bbox 1626 5484 1857 5541; x_wconf 76' lang='lat' dir='ltr'><strong>intereas</strong></span> <span class='ocrx_word' id='word_1_684' title='bbox 1882 5505 2010 5556; x_wconf 77' lang='lat' dir='ltr'><strong>quas</strong></span> 
     </span>
    </p>
   </div>
   <div class='ocr_carea' id='block_1_92' title="bbox 412 5557 2009 5631">
    <p class='ocr_par' dir='ltr' id='par_1_92' title="bbox 412 5557 2009 5631">
     <span class='ocr_line' id='line_1_92' title="bbox 412 5557 2009 5631; baseline 0.001 -18"><span class='ocrx_word' id='word_1_685' title='bbox 412 5563 475 5613; x_wconf 81' lang='lat' dir='ltr'><strong>de</strong></span> <span class='ocrx_word' id='word_1_686' title='bbox 501 5558 748 5628; x_wconf 84' lang='lat' dir='ltr'><strong>baptismo</strong></span> <span class='ocrx_word' id='word_1_687' title='bbox 765 5557 967 5631; x_wconf 53' lang='lat' dir='ltr'><strong>scripfit</strong></span> <span class='ocrx_word' id='word_1_688' title='bbox 992 5567 1062 5611; x_wconf 77' lang='lat' dir='ltr'><strong>est</strong></span> <span class='ocrx_word' id='word_1_689' title='bbox 1087 5560 1250 5631; x_wconf 75' lang='lat' dir='ltr'><strong>tertio,</strong></span> <span class='ocrx_word' id='word_1_690' title='bbox 1267 5557 1333 5614; x_wconf 15' lang='grc' dir='ltr'>Ἵέν</span> <span class='ocrx_word' id='word_1_691' title='bbox 1354 5570 1416 5631; x_wconf 81' lang='grc' dir='ltr'><strong>τῇ</strong></span> <span class='ocrx_word' id='word_1_692' title='bbox 1444 5562 1716 5631; x_wconf 19' lang='grc' dir='ltr'>τρίτῃντὼν</span> <span class='ocrx_word' id='word_1_693' title='bbox 1733 5562 1851 5631; x_wconf 78' lang='grc' dir='ltr'>περί</span> <span class='ocrx_word' id='word_1_694' title='bbox 1872 5561 2009 5631; x_wconf 80' lang='grc' dir='ltr'>βαπ-</span> 
     </span>
    </p>
   </div>
   <div class='ocr_carea' id='block_1_93' title="bbox 415 5620 2008 5702">
    <p class='ocr_par' dir='ltr' id='par_1_93' title="bbox 415 5620 2008 5702">
     <span class='ocr_line' id='line_1_93' title="bbox 415 5620 2008 5702; baseline -0.002 -15"><span class='ocrx_word' id='word_1_695' title='bbox 415 5620 693 5702; x_wconf 63' lang='grc' dir='ltr'>τίσματος,</span> <span class='ocrx_word' id='word_1_696' title='bbox 720 5620 1165 5702; x_wconf 57' lang='lat' dir='ltr'><strong>idem&#39;Dionysius</strong></span> <span class='ocrx_word' id='word_1_697' title='bbox 1205 5620 1312 5685; x_wconf 73' lang='lat' dir='ltr'><strong>litvo</strong></span> <span class='ocrx_word' id='word_1_698' title='bbox 1348 5620 1524 5699; x_wconf 65' lang='lat' dir='ltr'><strong>refert.</strong></span> <span class='ocrx_word' id='word_1_699' title='bbox 1566 5620 1773 5697; x_wconf 81' lang='lat' dir='ltr'><strong>Nempe</strong></span> <span class='ocrx_word' id='word_1_700' title='bbox 1801 5620 2008 5702; x_wconf 57' lang='lat' dir='ltr'><strong>&#39;re&#39;ceng</strong></span> 
     </span>
    </p>
   </div>
   <div class='ocr_carea' id='block_1_94' title="bbox 418 5698 2011 5773">
    <p class='ocr_par' dir='ltr' id='par_1_94' title="bbox 418 5698 2011 5773">
     <span class='ocr_line' id='line_1_94' title="bbox 418 5698 2011 5773; baseline -0.001 -16"><span class='ocrx_word' id='word_1_701' title='bbox 418 5698 569 5773; x_wconf 62' lang='lat' dir='ltr'><strong>setitr</strong></span> <span class='ocrx_word' id='word_1_702' title='bbox 620 5704 788 5773; x_wconf 87' lang='lat' dir='ltr'><strong>prima</strong></span> <span class='ocrx_word' id='word_1_703' title='bbox 830 5698 897 5757; x_wconf 83' lang='lat' dir='ltr'><strong>ad</strong></span> <span class='ocrx_word' id='word_1_704' title='bbox 948 5698 1310 5771; x_wconf 75' lang='lat' dir='ltr'><strong>Stephanum,</strong></span> <span class='ocrx_word' id='word_1_705' title='bbox 1364 5698 1598 5757; x_wconf 88' lang='lat' dir='ltr'><strong>secunda</strong></span> <span class='ocrx_word' id='word_1_706' title='bbox 1649 5703 1897 5773; x_wconf 85' lang='lat' dir='ltr'><strong>superior</strong></span> <span class='ocrx_word' id='word_1_707' title='bbox 1944 5700 2011 5756; x_wconf 84' lang='lat' dir='ltr'><strong>ad</strong></span> 
     </span>
    </p>
   </div>
   <div class='ocr_carea' id='block_1_95' title="bbox 419 5768 2014 5846">
    <p class='ocr_par' dir='ltr' id='par_1_95' title="bbox 419 5768 2014 5846">
     <span class='ocr_line' id='line_1_95' title="bbox 419 5768 2014 5846; baseline -0.001 -14"><span class='ocrx_word' id='word_1_708' title='bbox 419 5768 688 5843; x_wconf 74' lang='lat' dir='ltr'><strong>Xystutit,</strong></span> <span class='ocrx_word' id='word_1_709' title='bbox 729 5768 843 5831; x_wconf 62' lang='lat' dir='ltr'><strong>htcc</strong></span> <span class='ocrx_word' id='word_1_710' title='bbox 882 5768 1080 5831; x_wconf 66' lang='lat' dir='ltr'><strong>tertia:</strong></span> <span class='ocrx_word' id='word_1_711' title='bbox 1118 5789 1289 5846; x_wconf 80' lang='lat' dir='ltr'><strong>coque</strong></span> <span class='ocrx_word' id='word_1_712' title='bbox 1324 5772 1512 5832; x_wconf 86' lang='lat' dir='ltr'><strong>ordine</strong></span> <span class='ocrx_word' id='word_1_713' title='bbox 1555 5768 2014 5833; x_wconf 49' lang='lat' dir='ltr'><strong>nolat&#39;Euscbius</strong></span> 
     </span>
    </p>
   </div>
   <div class='ocr_carea' id='block_1_96' title="bbox 2100 4555 3704 4629">
    <p class='ocr_par' dir='ltr' id='par_1_96' title="bbox 2100 4555 3704 4629">
     <span class='ocr_line' id='line_1_96' title="bbox 2100 4555 3704 4629; baseline -0.002 -13"><span class='ocrx_word' id='word_1_714' title='bbox 2100 4555 2385 4629; x_wconf 80' lang='lat' dir='ltr'><strong>utramque</strong></span> <span class='ocrx_word' id='word_1_715' title='bbox 2436 4555 2723 4617; x_wconf 80' lang='lat' dir='ltr'><strong>censemus</strong></span> <span class='ocrx_word' id='word_1_716' title='bbox 2778 4560 2941 4616; x_wconf 86' lang='lat' dir='ltr'><strong>simul</strong></span> <span class='ocrx_word' id='word_1_717' title='bbox 3000 4562 3243 4615; x_wconf 86' lang='lat' dir='ltr'><strong>missam.</strong></span> <span class='ocrx_word' id='word_1_718' title='bbox 3318 4557 3428 4613; x_wconf 88' lang='lat' dir='ltr'><strong>Nec</strong></span> <span class='ocrx_word' id='word_1_719' title='bbox 3473 4555 3598 4610; x_wconf 73' lang='lat' dir='ltr'><strong>alia</strong></span> <span class='ocrx_word' id='word_1_720' title='bbox 3633 4555 3704 4629; x_wconf 77' lang='lat' dir='ltr'><strong>de</strong></span> 
     </span>
    </p>
   </div>
   <div class='ocr_carea' id='block_1_97' title="bbox 2093 4627 3702 4691">
    <p class='ocr_par' dir='ltr' id='par_1_97' title="bbox 2093 4627 3702 4691">
     <span class='ocr_line' id='line_1_97' title="bbox 2093 4627 3702 4691; baseline -0.005 -3"><span class='ocrx_word' id='word_1_721' title='bbox 2093 4648 2254 4688; x_wconf 88' lang='lat' dir='ltr'><strong>causa</strong></span> <span class='ocrx_word' id='word_1_722' title='bbox 2282 4627 2419 4688; x_wconf 85' lang='lat' dir='ltr'><strong>hanc</strong></span> <span class='ocrx_word' id='word_1_723' title='bbox 2451 4635 2503 4688; x_wconf 89' lang='lat' dir='ltr'><strong>in</strong></span> <span class='ocrx_word' id='word_1_724' title='bbox 2542 4633 2634 4687; x_wconf 90' lang='lat' dir='ltr'><strong>illa</strong></span> <span class='ocrx_word' id='word_1_725' title='bbox 2668 4643 3143 4687; x_wconf 86' lang='lat' dir='ltr'><strong>commemoratam</strong></span> <span class='ocrx_word' id='word_1_726' title='bbox 3174 4630 3569 4691; x_wconf 80' lang='lat' dir='ltr'><strong>existimamus,</strong></span> <span class='ocrx_word' id='word_1_727' title='bbox 3595 4627 3702 4682; x_wconf 86' lang='lat' dir='ltr'><strong>nisi</strong></span> 
     </span>
    </p>
   </div>
   <div class='ocr_carea' id='block_1_98' title="bbox 2095 4697 3699 4775">
    <p class='ocr_par' dir='ltr' id='par_1_98' title="bbox 2095 4697 3699 4775">
     <span class='ocr_line' id='line_1_98' title="bbox 2095 4697 3699 4775; baseline -0.004 -18"><span class='ocrx_word' id='word_1_728' title='bbox 2095 4714 2154 4758; x_wconf 91' lang='lat' dir='ltr'><strong>ut</strong></span> <span class='ocrx_word' id='word_1_729' title='bbox 2194 4721 2317 4759; x_wconf 91' lang='lat' dir='ltr'><strong>cum</strong></span> <span class='ocrx_word' id='word_1_730' title='bbox 2362 4705 2534 4775; x_wconf 73' lang='lat' dir='ltr'><strong>Xysto</strong></span> <span class='ocrx_word' id='word_1_731' title='bbox 2574 4705 3083 4759; x_wconf 87' lang='lat' dir='ltr'><strong>comnmnicaretur.</strong></span> <span class='ocrx_word' id='word_1_732' title='bbox 3145 4701 3216 4757; x_wconf 84' lang='lat' dir='ltr'><strong>Et</strong></span> <span class='ocrx_word' id='word_1_733' title='bbox 3258 4700 3376 4756; x_wconf 63' lang='lat' dir='ltr'><strong>haec</strong></span> <span class='ocrx_word' id='word_1_734' title='bbox 3404 4700 3583 4775; x_wconf 69' lang='lat' dir='ltr'><strong>igitur</strong></span> <span class='ocrx_word' id='word_1_735' title='bbox 3631 4697 3699 4751; x_wconf 87' lang='lat' dir='ltr'><strong>ad</strong></span> 
     </span>
    </p>
   </div>
   <div class='ocr_carea' id='block_1_99' title="bbox 2095 4772 3701 4847">
    <p class='ocr_par' dir='ltr' id='par_1_99' title="bbox 2095 4772 3701 4847">
     <span class='ocr_line' id='line_1_99' title="bbox 2095 4772 3701 4847; baseline -0.007 -15"><span class='ocrx_word' id='word_1_736' title='bbox 2095 4777 2323 4847; x_wconf 83' lang='lat' dir='ltr'><strong>Xystum</strong></span> <span class='ocrx_word' id='word_1_737' title='bbox 2363 4772 2545 4846; x_wconf 85' lang='lat' dir='ltr'><strong>aliquo</strong></span> <span class='ocrx_word' id='word_1_738' title='bbox 2595 4775 2757 4830; x_wconf 90' lang='lat' dir='ltr'><strong>modo</strong></span> <span class='ocrx_word' id='word_1_739' title='bbox 2802 4776 3036 4845; x_wconf 88' lang='lat' dir='ltr'><strong>pertinet</strong></span> <span class='ocrx_word' id='word_1_740' title='bbox 3068 4791 3081 4828; x_wconf 95' lang='lat'>:</span> <span class='ocrx_word' id='word_1_741' title='bbox 3116 4772 3701 4847; x_wconf 70' lang='lat' dir='ltr'><strong>i_deoqtte_fragtnenta</strong></span> 
     </span>
    </p>
   </div>
   <div class='ocr_carea' id='block_1_100' title="bbox 2097 4841 3703 4922">
    <p class='ocr_par' dir='ltr' id='par_1_100' title="bbox 2097 4841 3703 4922">
     <span class='ocr_line' id='line_1_100' title="bbox 2097 4841 3703 4922; baseline -0.005 -19"><span class='ocrx_word' id='word_1_742' title='bbox 2097 4841 2214 4918; x_wconf 77' lang='lat' dir='ltr'><strong>ejus</strong></span> <span class='ocrx_word' id='word_1_743' title='bbox 2239 4850 2397 4905; x_wconf 80' lang='lat' dir='ltr'><strong>nobis</strong></span> <span class='ocrx_word' id='word_1_744' title='bbox 2423 4841 2491 4903; x_wconf 81' lang='lat' dir='ltr'><strong>ab</strong></span> <span class='ocrx_word' id='word_1_745' title='bbox 2519 4848 2757 4922; x_wconf 71' lang='lat' dir='ltr'><strong>Eusebio</strong></span> <span class='ocrx_word' id='word_1_746' title='bbox 2781 4841 3101 4903; x_wconf 76' lang='lat' dir='ltr'><strong>transmissa</strong></span> <span class='ocrx_word' id='word_1_747' title='bbox 3124 4845 3213 4922; x_wconf 70' lang='lat' dir='ltr'><strong>hic</strong></span> <span class='ocrx_word' id='word_1_748' title='bbox 3244 4841 3504 4922; x_wconf 69' lang='lat' dir='ltr'><strong>exhibere</strong></span> <span class='ocrx_word' id='word_1_749' title='bbox 3527 4841 3703 4922; x_wconf 83' lang='lat' dir='ltr'><strong>nostri</strong></span> 
     </span>
    </p>
   </div>
   <div class='ocr_carea' id='block_1_101' title="bbox 2098 4913 3699 4977">
    <p class='ocr_par' dir='ltr' id='par_1_101' title="bbox 2098 4913 3699 4977">
     <span class='ocr_line' id='line_1_101' title="bbox 2098 4913 3699 4977; baseline -0.004 -4"><span class='ocrx_word' id='word_1_750' title='bbox 2098 4913 2310 4975; x_wconf 81' lang='lat' dir='ltr'><strong>videtur</strong></span> <span class='ocrx_word' id='word_1_751' title='bbox 2336 4922 2590 4976; x_wconf 87' lang='lat' dir='ltr'><strong>instituti.</strong></span> <span class='ocrx_word' id='word_1_752' title='bbox 2622 4913 2712 4974; x_wconf 64' lang='lat' dir='ltr'><strong>Illa</strong></span> <span class='ocrx_word' id='word_1_753' title='bbox 2744 4930 2922 4975; x_wconf 84' lang='lat' dir='ltr'><strong>autem</strong></span> <span class='ocrx_word' id='word_1_754' title='bbox 2954 4933 3020 4973; x_wconf 88' lang='lat' dir='ltr'><strong>co</strong></span> <span class='ocrx_word' id='word_1_755' title='bbox 3046 4916 3369 4971; x_wconf 76' lang='lat' dir='ltr'><strong>exhibemus</strong></span> <span class='ocrx_word' id='word_1_756' title='bbox 3402 4913 3662 4966; x_wconf 83' lang='lat' dir='ltr'><strong>libentius</strong></span> <span class='ocrx_word' id='word_1_757' title='bbox 3683 4952 3699 4977; x_wconf 91' lang='lat'><strong>,</strong></span> 
     </span>
    </p>
   </div>
   <div class='ocr_carea' id='block_1_102' title="bbox 2100 4983 3702 5063">
    <p class='ocr_par' dir='ltr' id='par_1_102' title="bbox 2100 4983 3702 5063">
     <span class='ocr_line' id='line_1_102' title="bbox 2100 4983 3702 5063; baseline -0.005 -18"><span class='ocrx_word' id='word_1_758' title='bbox 2100 4993 2240 5062; x_wconf 88' lang='lat' dir='ltr'><strong>quod</strong></span> <span class='ocrx_word' id='word_1_759' title='bbox 2271 4994 2337 5048; x_wconf 89' lang='lat' dir='ltr'><strong>ad</strong></span> <span class='ocrx_word' id='word_1_760' title='bbox 2365 4995 2721 5063; x_wconf 67' lang='lat' dir='ltr'><strong>quaestionem</strong></span> <span class='ocrx_word' id='word_1_761' title='bbox 2754 4990 2821 5045; x_wconf 86' lang='lat' dir='ltr'><strong>de</strong></span> <span class='ocrx_word' id='word_1_762' title='bbox 2852 4989 3122 5061; x_wconf 81' lang='lat' dir='ltr'><strong>baptismo</strong></span> <span class='ocrx_word' id='word_1_763' title='bbox 3162 4983 3537 5043; x_wconf 87' lang='lat' dir='ltr'><strong>illustraudam</strong></span> <span class='ocrx_word' id='word_1_764' title='bbox 3592 4998 3702 5038; x_wconf 92' lang='lat' dir='ltr'><strong>nun</strong></span> 
     </span>
    </p>
   </div>
   <div class='ocr_carea' id='block_1_103' title="bbox 2102 5063 3478 5141">
    <p class='ocr_par' dir='ltr' id='par_1_103' title="bbox 2102 5063 3478 5141">
     <span class='ocr_line' id='line_1_103' title="bbox 2102 5063 3478 5141; baseline -0.004 -23"><span class='ocrx_word' id='word_1_765' title='bbox 2102 5079 2291 5141; x_wconf 71' lang='lat' dir='ltr'><strong>parum</strong></span> <span class='ocrx_word' id='word_1_766' title='bbox 2323 5064 2627 5141; x_wconf 74' lang='lat' dir='ltr'><strong>conferant.</strong></span> <span class='ocrx_word' id='word_1_767' title='bbox 2673 5063 2990 5141; x_wconf 37' lang='grc' dir='ltr'>(ζου-ερατ.</span> <span class='ocrx_word' id='word_1_768' title='bbox 3129 5130 3143 5141; x_wconf 81' lang='lat'><em>_</em></span> <span class='ocrx_word' id='word_1_769' title='bbox 3303 5129 3315 5141; x_wconf 85' lang='lat'><strong>_</strong></span> <span class='ocrx_word' id='word_1_770' title='bbox 3391 5128 3403 5140; x_wconf 79' lang='lat'><em>_</em></span> <span class='ocrx_word' id='word_1_771' title='bbox 3466 5128 3478 5141; x_wconf 82' lang='lat'><em>_</em></span> 
     </span>
    </p>
   </div>
   <div class='ocr_carea' id='block_1_104' title="bbox 2178 5129 3704 5210">
    <p class='ocr_par' dir='ltr' id='par_1_104' title="bbox 2178 5129 3704 5210">
     <span class='ocr_line' id='line_1_104' title="bbox 2178 5129 3704 5210; baseline -0.008 -20"><span class='ocrx_word' id='word_1_772' title='bbox 2178 5135 2350 5210; x_wconf 70' lang='lat' dir='ltr'><strong>Estote</strong></span> <span class='ocrx_word' id='word_1_773' title='bbox 2368 5136 2518 5210; x_wconf 80' lang='lat' dir='ltr'><strong>periti</strong></span> <span class='ocrx_word' id='word_1_774' title='bbox 2534 5134 3016 5210; x_wconf 50' lang='lat' dir='ltr'><strong>numnlqﬁiﬂgarba</strong></span> <span class='ocrx_word' id='word_1_775' title='bbox 3045 5130 3235 5188; x_wconf 88' lang='lat' dir='ltr'><strong>eadem</strong></span> <span class='ocrx_word' id='word_1_776' title='bbox 3250 5129 3481 5210; x_wconf 69' lang='lat' dir='ltr'><strong>plurimi</strong></span> <span class='ocrx_word' id='word_1_777' title='bbox 3502 5136 3704 5210; x_wconf 70' lang='lat' dir='ltr'><strong>patres,</strong></span> 
     </span>
    </p>
   </div>
   <div class='ocr_carea' id='block_1_105' title="bbox 2098 5198 3711 5275">
    <p class='ocr_par' dir='ltr' id='par_1_105' title="bbox 2098 5198 3711 5275">
     <span class='ocr_line' id='line_1_105' title="bbox 2098 5198 3711 5275; baseline -0.007 -13"><span class='ocrx_word' id='word_1_778' title='bbox 2098 5224 2127 5262; x_wconf 90' lang='lat' dir='ltr'><strong>a</strong></span> <span class='ocrx_word' id='word_1_779' title='bbox 2159 5198 2431 5263; x_wconf 75' lang='lat' dir='ltr'><strong>Cotelerio</strong></span> <span class='ocrx_word' id='word_1_780' title='bbox 2455 5209 2511 5262; x_wconf 88' lang='lat' dir='ltr'><strong>in</strong></span> <span class='ocrx_word' id='word_1_781' title='bbox 2539 5208 2634 5263; x_wconf 91' lang='lat' dir='ltr'><strong>lib.</strong></span> <span class='ocrx_word' id='word_1_782' title='bbox 2665 5223 2703 5262; x_wconf 88' lang='lat' dir='ltr'><strong>tt</strong></span> <span class='ocrx_word' id='word_1_783' title='bbox 2731 5206 2946 5261; x_wconf 77' lang='lat' dir='ltr'><strong>Comm.</strong></span> <span class='ocrx_word' id='word_1_784' title='bbox 2964 5214 3158 5275; x_wconf 84' lang='lat' dir='ltr'><strong>apost.,</strong></span> <span class='ocrx_word' id='word_1_785' title='bbox 3182 5217 3232 5257; x_wconf 91' lang='lat' dir='ltr'><strong>c.</strong></span> <span class='ocrx_word' id='word_1_786' title='bbox 3250 5201 3567 5275; x_wconf 73' lang='lat' dir='ltr'><strong>56.sum_ma</strong></span> <span class='ocrx_word' id='word_1_787' title='bbox 3586 5198 3711 5275; x_wconf 76' lang='lat' dir='ltr'><strong>dili-</strong></span> 
     </span>
    </p>
   </div>
   <div class='ocr_carea' id='block_1_106' title="bbox 2101 5268 3709 5351">
    <p class='ocr_par' dir='ltr' id='par_1_106' title="bbox 2101 5268 3709 5351">
     <span class='ocr_line' id='line_1_106' title="bbox 2101 5268 3709 5351; baseline -0.007 -16"><span class='ocrx_word' id='word_1_788' title='bbox 2101 5280 2281 5351; x_wconf 85' lang='lat' dir='ltr'><strong>gentia</strong></span> <span class='ocrx_word' id='word_1_789' title='bbox 2305 5280 2518 5335; x_wconf 89' lang='lat' dir='ltr'><strong>collecti</strong></span> <span class='ocrx_word' id='word_1_790' title='bbox 2545 5319 2559 5343; x_wconf 94' lang='lat'><strong>,</strong></span> <span class='ocrx_word' id='word_1_791' title='bbox 2591 5278 2738 5334; x_wconf 83' lang='lat' dir='ltr'><strong>velut</strong></span> <span class='ocrx_word' id='word_1_792' title='bbox 2765 5278 2964 5333; x_wconf 68' lang='lat' dir='ltr'><strong>Christi</strong></span> <span class='ocrx_word' id='word_1_793' title='bbox 2987 5268 3087 5351; x_wconf 76' lang='lat' dir='ltr'><strong>aut</strong></span> <span class='ocrx_word' id='word_1_794' title='bbox 3107 5268 3337 5351; x_wconf 85' lang='lat' dir='ltr'><strong>apostoli</strong></span> <span class='ocrx_word' id='word_1_795' title='bbox 3362 5271 3601 5351; x_wconf 67' lang='lat' dir='ltr'><strong>laudant.</strong></span> <span class='ocrx_word' id='word_1_796' title='bbox 3628 5268 3709 5351; x_wconf 42' lang='lat' dir='ltr'><strong>.ln</strong></span> 
     </span>
    </p>
   </div>
   <div class='ocr_carea' id='block_1_107' title="bbox 2113 5339 3710 5423">
    <p class='ocr_par' dir='ltr' id='par_1_107' title="bbox 2113 5339 3710 5423">
     <span class='ocr_line' id='line_1_107' title="bbox 2113 5339 3710 5423; baseline -0.006 -18"><span class='ocrx_word' id='word_1_797' title='bbox 2113 5339 2313 5423; x_wconf 70' lang='lat' dir='ltr'><strong>nostris</strong></span> <span class='ocrx_word' id='word_1_798' title='bbox 2338 5360 2517 5405; x_wconf 88' lang='lat' dir='ltr'><strong>tamen</strong></span> <span class='ocrx_word' id='word_1_799' title='bbox 2543 5339 2640 5406; x_wconf 83' lang='lat' dir='ltr'><strong>seu</strong></span> <span class='ocrx_word' id='word_1_800' title='bbox 2665 5351 2971 5423; x_wconf 58' lang='lat' dir='ltr'><strong>graecissen</strong></span> <span class='ocrx_word' id='word_1_801' title='bbox 3001 5339 3179 5402; x_wconf 78' lang='lat' dir='ltr'><strong>latinis</strong></span> <span class='ocrx_word' id='word_1_802' title='bbox 3197 5339 3710 5423; x_wconf 81' lang='lat' dir='ltr'><strong>exemplaribnsde-</strong></span> 
     </span>
    </p>
   </div>
   <div class='ocr_carea' id='block_1_108' title="bbox 2113 5417 3708 5487">
    <p class='ocr_par' dir='ltr' id='par_1_108' title="bbox 2113 5417 3708 5487">
     <span class='ocr_line' id='line_1_108' title="bbox 2113 5417 3708 5487; baseline -0.008 -10"><span class='ocrx_word' id='word_1_803' title='bbox 2113 5421 2439 5478; x_wconf 85' lang='lat' dir='ltr'><strong>siderantur.</strong></span> <span class='ocrx_word' id='word_1_804' title='bbox 2469 5417 2811 5477; x_wconf 55' lang='lat' dir='ltr'><strong>Eorum&#39;loco</strong></span> <span class='ocrx_word' id='word_1_805' title='bbox 2841 5417 3087 5483; x_wconf 79' lang='lat' dir='ltr'><strong>Rufinus,</strong></span> <span class='ocrx_word' id='word_1_806' title='bbox 3112 5432 3273 5487; x_wconf 90' lang='lat' dir='ltr'><strong>quem</strong></span> <span class='ocrx_word' id='word_1_807' title='bbox 3307 5423 3591 5485; x_wconf 89' lang='lat' dir='ltr'><strong>propterea</strong></span> <span class='ocrx_word' id='word_1_808' title='bbox 3621 5417 3708 5465; x_wconf 86' lang='lat' dir='ltr'><strong>in-</strong></span> 
     </span>
    </p>
   </div>
   <div class='ocr_carea' id='block_1_109' title="bbox 2113 5489 3705 5564">
    <p class='ocr_par' dir='ltr' id='par_1_109' title="bbox 2113 5489 3705 5564">
     <span class='ocr_line' id='line_1_109' title="bbox 2113 5489 3705 5564; baseline -0.005 -20"><span class='ocrx_word' id='word_1_809' title='bbox 2113 5495 2287 5564; x_wconf 75' lang='lat' dir='ltr'><strong>gentis</strong></span> <span class='ocrx_word' id='word_1_810' title='bbox 2316 5494 2657 5564; x_wconf 68' lang='lat' dir='ltr'><strong>conﬁdentia:</strong></span> <span class='ocrx_word' id='word_1_811' title='bbox 2685 5494 2858 5556; x_wconf 70' lang='lat' dir='ltr'><strong>arguit</strong></span> <span class='ocrx_word' id='word_1_812' title='bbox 2889 5490 3211 5564; x_wconf 84' lang='lat' dir='ltr'><strong>Cotelerius,</strong></span> <span class='ocrx_word' id='word_1_813' title='bbox 3244 5489 3570 5543; x_wconf 82' lang='lat' dir='ltr'><strong>substituere</strong></span> <span class='ocrx_word' id='word_1_814' title='bbox 3599 5497 3705 5564; x_wconf 80' lang='lat' dir='ltr'><strong>non</strong></span> 
     </span>
    </p>
   </div>
   <div class='ocr_carea' id='block_1_110' title="bbox 2116 5553 3709 5637">
    <p class='ocr_par' dir='ltr' id='par_1_110' title="bbox 2116 5553 3709 5637">
     <span class='ocr_line' id='line_1_110' title="bbox 2116 5553 3709 5637; baseline -0.006 -18"><span class='ocrx_word' id='word_1_815' title='bbox 2116 5553 2397 5619; x_wconf 71' lang='lat' dir='ltr'><strong>dubitavit.</strong></span> <span class='ocrx_word' id='word_1_816' title='bbox 2420 5563 2607 5618; x_wconf 84' lang='lat' dir='ltr'><strong>Omnia</strong></span> <span class='ocrx_word' id='word_1_817' title='bbox 2621 5553 2786 5637; x_wconf 69' lang='lat' dir='ltr'><strong>legite,</strong></span> <span class='ocrx_word' id='word_1_818' title='bbox 2802 5577 2931 5637; x_wconf 51' lang='lat' dir='ltr'><strong>qua:</strong></span> <span class='ocrx_word' id='word_1_819' title='bbox 2945 5561 3075 5637; x_wconf 57' lang='lat' dir='ltr'><strong>bona</strong></span> <span class='ocrx_word' id='word_1_820' title='bbox 3101 5567 3417 5637; x_wconf 52' lang='lat' dir='ltr'><strong>murteum,</strong></span> <span class='ocrx_word' id='word_1_821' title='bbox 3434 5553 3709 5637; x_wconf 73' lang='lat' dir='ltr'><strong>quoume</strong></span> 
     </span>
    </p>
   </div>
   <div class='ocr_carea' id='block_1_111' title="bbox 2116 5624 3707 5696">
    <p class='ocr_par' dir='ltr' id='par_1_111' title="bbox 2116 5624 3707 5696">
     <span class='ocr_line' id='line_1_111' title="bbox 2116 5624 3707 5696; baseline -0.008 -6"><span class='ocrx_word' id='word_1_822' title='bbox 2116 5638 2322 5691; x_wconf 79' lang='lat' dir='ltr'><strong>scilicet</strong></span> <span class='ocrx_word' id='word_1_823' title='bbox 2345 5624 2832 5690; x_wconf 51' lang='lat' dir='ltr'><strong>sententiam&#39;l’auli</strong></span> <span class='ocrx_word' id='word_1_824' title='bbox 2851 5633 2873 5688; x_wconf 84' lang='grc' dir='ltr'>Ι</span> <span class='ocrx_word' id='word_1_825' title='bbox 2889 5631 3069 5688; x_wconf 78' lang='lat' dir='ltr'><strong>Thess.</strong></span> <span class='ocrx_word' id='word_1_826' title='bbox 3097 5648 3155 5695; x_wconf 66' lang='grc' dir='ltr'>γ,</span> <span class='ocrx_word' id='word_1_827' title='bbox 3172 5631 3240 5684; x_wconf 65' lang='lat'><strong>21</strong></span> <span class='ocrx_word' id='word_1_828' title='bbox 3259 5624 3595 5696; x_wconf 82' lang='lat' dir='ltr'><strong>Augustinus</strong></span> <span class='ocrx_word' id='word_1_829' title='bbox 3613 5624 3707 5681; x_wconf 85' lang='lat' dir='ltr'><strong>lib.</strong></span> 
     </span>
    </p>
   </div>
   <div class='ocr_carea' id='block_1_112' title="bbox 2117 5703 3419 5779">
    <p class='ocr_par' dir='ltr' id='par_1_112' title="bbox 2117 5703 3419 5779">
     <span class='ocr_line' id='line_1_112' title="bbox 2117 5703 3419 5779; baseline -0.008 -16"><span class='ocrx_word' id='word_1_830' title='bbox 2117 5707 2181 5764; x_wconf 82' lang='lat' dir='ltr'><strong>de</strong></span> <span class='ocrx_word' id='word_1_831' title='bbox 2206 5706 2335 5763; x_wconf 78' lang='lat' dir='ltr'><strong>Nat.</strong></span> <span class='ocrx_word' id='word_1_832' title='bbox 2359 5715 2405 5762; x_wconf 82' lang='lat' dir='ltr'><strong>et</strong></span> <span class='ocrx_word' id='word_1_833' title='bbox 2428 5715 2587 5778; x_wconf 59' lang='grc' dir='ltr'>μοι,</span> <span class='ocrx_word' id='word_1_834' title='bbox 2619 5721 2720 5778; x_wconf 84' lang='lat' dir='ltr'><strong>cap</strong></span> <span class='ocrx_word' id='word_1_835' title='bbox 2751 5704 2841 5774; x_wconf 77' lang='grc'>59,</span> <span class='ocrx_word' id='word_1_836' title='bbox 2864 5706 3091 5779; x_wconf 84' lang='lat' dir='ltr'><strong>profert.</strong></span> <span class='ocrx_word' id='word_1_837' title='bbox 3117 5703 3419 5760; x_wconf 71' lang='lat' dir='ltr'><strong>Consum.</strong></span> 
     </span>
    </p>
   </div>
  </div>
