3990 6060
425 161 497 219 95
1200 161 1685 221 EPISTOLARUM
1725 162 1891 231 QUAE}
1933 164 2023 219 AD
2061 163 2324 222 SlX'l‘UM
2361 164 2595 223 PAPAM
2633 163 2979 221 ATTINENT
3014 167 3020 193 ¹
3666 163 3743 222 96

424 282 559 339 siam
607 280 855 351 discidit,
904 292 961 339 et
987 298 1052 339 ex
1084 281 1335 339 fratribus
1373 283 1638 354 quosdam
1669 285 1734 339 ad
1761 285 2009 357 impieta-

2146 290 2276 343 iwrrt
2299 292 2389 346 τὴν
2419 288 2710 354 ἐκκλησίαν,
2737 289 2825 341 καί
2850 307 2992 347 τινας
3018 293 3117 342 τῶν
3138 283 3361 360 ἀδελφῶν
3387 288 3459 347 εἰς
3485 287 3744 347 ἀσεϐείας

428 383 617 434 temet
643 374 1006 447 blasphemias
1033 376 1327 446 pertraxit;
1382 377 1474 447 qui
1529 379 1900 448 impiissimam
1950 380 2019 438 de

426 465 542 523 Deo
570 465 871 523 doctrinam
903 469 955 521 in
983 466 1170 521 orbem
1193 467 1396 522 invexit
1416 509 1430 534 ,
1456 479 1509 524 et
1539 469 2015 527 clementissimum

423 557 712 615 Dominum
751 568 994 614 nostrum
1028 557 1211 614 Jesum
1242 555 1515 614 Christum
1570 563 1722 630 quasi
1774 563 2017 616 immise-

422 651 691 709 ricordem
720 651 1111 719 calumniatur;
1150 666 1211 706 ae
1234 663 1430 722 praiter
1455 652 1571 709 [nec
1600 656 1777 710 omnia
1806 672 2017 712 sacrum

422 744 698 801 lavacrum
750 745 964 800 irritum
1017 744 1180 800 habet
1242 761 1305 801 ac
1367 748 1575 817 rejicit,
1646 748 1918 821 fidemque
1969 761 2023 806 et

420 835 839 905 cOufessionem,
859 852 980 908 quae
1001 837 1270 907 baptismo
1294 838 1715 908 praemittuntur,
1735 841 2020 902 subvertit.

420 940 479 988 et
502 931 760 1003 Spiritum
789 939 1035 987 sanetum
1083 931 1151 988 ab
1191 931 1257 987 iis
1304 934 1518 1003 penitus
1572 931 1754 1003 fugat,
1808 934 2020 992 etiamsi

419 1037 544 1095 spes
593 1022 769 1093 aliqua
824 1022 1029 1089 subsit;
1082 1025 1163 1079 vel
1212 1025 1353 1093 quod
1401 1024 1457 1079 in
1483 1024 1590 1080 illis
1620 1028 2018 1096 permanserit,

417 1117 502 1173 vel
526 1116 668 1188 quod
692 1116 760 1173 ad
788 1132 883 1173 eos
908 1131 1131 1173 reverso
1150 1133 1177 1174 s
1206 1119 1294 1176 sit.

2121 385 2208 434 καί
2244 381 2570 452 βλασφημίας
2600 380 2902 436 ἐλλκύσαντι
2927 420 2940 441 ,
2969 383 3057 434 καὶ
3094 384 3215 456 περὶ
3253 386 3345 435 τοῦ
3378 385 3507 435 Θεοῦ
3551 376 3743 435 διδασ-

2121 473 2298 527 καλίαν
2325 475 2679 532 ἀνοσιώτατην
2712 473 3209 541 ἐπεισκυκλήσαντι,
3243 477 3331 527 καὶ
3371 475 3456 529 τὸν
3499 475 3741 550 χρηστό-

2121 588 2276 621 τατον
2304 569 2477 642 κύριον
2507 570 2646 640 ἡμῶν
2673 566 2864 627 Ἰησοῦν
2899 569 3119 644 Χριστὸν
3161 570 3230 629 ὡς
3272 569 3452 628 ἀνηλεῆ
3482 591 3743 643 συκοφαν-

2123 669 2316 723 τοῦντι.
2352 665 2438 717 ἐπὶ
2477 667 2612 717 πᾶσι
2663 660 2718 717 δὲ
2760 664 2963 723 τούτοις
3004 664 3063 718 τὸ
3110 662 3319 738 λουτρὸν
3373 663 3636 718 ἀθετοῦντι
3681 665 3743 719 τὸ

2125 755 2288 831 ἅγιον,
2318 759 2406 810 καὶ
2430 761 2521 815 τήν
2545 777 2601 811 τε
2646 757 2747 832 πρὸ
2792 758 2953 811 αὐτοῦ
2983 759 3160 812 πίστιν
3190 760 3277 811 καί
3317 756 3586 831 ὁμολογίαν
3621 759 3745 813 ἀνα-

2126 852 2387 925 τρέποντι,
2411 856 2468 905 τὸ
2513 871 2569 904 τε
2601 856 2805 922 πνεῦμα
2831 854 2888 909 τὸ
2915 850 3059 926 ἅγιον
3090 853 3141 916 ἐξ
3169 853 3359 915 αὐτῶν,
3389 854 3433 906 εἰ
3458 854 3550 907 καί
3575 874 3653 912 τις
3681 849 3743 911 ἧν

2126 944 2266 1003 ἐλπὶς
2318 948 2409 996 τοῦ
2464 951 2781 1018 παραμεῖναι
2840 945 2873 1005 ἧ
2944 945 3223 1001 ἐπανελθεῖν
3300 946 3428 1022 πρὸς
3502 947 3694 1007 αὐτοὺς
3726 986 3741 1009 ,

2128 1035 2389 1096 παντελῶς
2435 1033 2795 1110 φυγαδεύοντι.

737 1318 1289 1394 EPISTOLAE
1348 1322 1498 1412 IV,
1560 1321 2035 1399 DIONYSI]

2146 1325 2548 1400 LLEXAN
2559 1323 2864 1399 DRINI
2925 1322 3422 1399 EPISCOPI

1427 1508 1518 1565 AD
1561 1508 1821 1566 SIXTUM
1861 1508 1926 1565 ll.
1969 1509 2202 1566 PAPAM
2239 1508 2740 1565 FRAGMENTUM.

420 1662 498 1719 De
524 1666 723 1719 homine
745 1669 830 1732 qui
844 1668 1093 1732 baptismo
1115 1666 1354 1720 Ecclesia:
1376 1670 1565 1720 initiari
1591 1670 1884 1734 expetebat,
1906 1683 2015 1721 cum
2034 1671 2326 1735 baptismum
2350 1671 2461 1722 aliis
2486 1670 2652 1722 verbis
2685 1682 2739 1721 ac
2763 1671 2916 1720 rebus
2938 1667 3065 1733 apud
3090 1668 3358 1719 haereticos
3380 1670 3662 1734 suscepisse
3689 1682 3746 1721 se
3825 1688 3830 1692 '

2002 1760 2215 1812 diceret.

495 1909 637 1966 Vere
665 1909 863 1967 etenim
885 1952 900 1977 ,
933 1908 1118 1977 frater,
1150 1909 1376 1965 consilio
1405 1924 1541 1979 opus
1573 1909 1745 1967 habeo
1764 1953 1780 1978 ,
1813 1920 1868 1967 et
1894 1924 2022 1967 sen-
2053 1918 2101 1978 Β

425 2004 646 2061 tentiam
680 2011 825 2059 tuam
858 2012 1085 2075 expeto,
1119 2019 1189 2060 ne
1220 2003 1357 2060 forte
1390 2004 1706 2072 halluciner,
1742 2020 1904 2077 super
1939 2023 2033 2063 ne~

425 2098 572 2169 gotio
610 2095 753 2167 quod
797 2094 930 2150 mihi
972 2095 1078 2151 tale
1118 2096 1333 2152 accidit.
1367 2097 1596 2166 Quidam
1638 2113 1702 2153 ex
1738 2098 2031 2165 fratribus,

430 2189 523 2259 qui
559 2187 626 2243 ad
654 2187 942 2244 ecclesiam
970 2188 1333 2255 conveniunt,
1360 2190 1470 2260 jam
1506 2190 1715 2259 pridem
1748 2207 1846 2262 pro
1889 2192 2036 2248 ﬁdeli

427 2282 665 2349 habitus,
690 2290 746 2338 et
765 2283 855 2353 qui
882 2292 1007 2339 ante
1035 2299 1209 2339 meam
1241 2283 1658 2349 ordinationem,
1683 2300 1745 2340 ac
1776 2287 1827 2340 ni
1852 2285 2030 2353 fallor,

428 2384 557 2433 ante
584 2376 756 2447 ipsius
786 2392 1003 2448 quoque
1036 2377 1279 2433 Heraclze
1304 2378 1674 2448 episcopatum
1701 2391 1873 2435 coetus
1905 2379 2035 2435 lide-

429 2470 560 2527 lium
591 2472 860 2542 particeps
891 2471 1099 2536 fuerat.
1133 2486 1255 2527 eum
1285 2471 1619 2527 interfuisset
1648 2474 1916 2542 baptismo
1946 2489 2039 2529 eo-

430 2579 551 2621 rum
579 2566 668 2636 qui
701 2580 873 2635 nuper
904 2566 1332 2636 baptizabantur,
1365 2574 1419 2620 et
1448 2566 1898 2638 interrogationes
1929 2581 2041 2621 res-

431 2659 831 2730 ponsionesque
858 2660 1130 2723 audisset,
1160 2658 1226 2715 ad
1256 2675 1342 2716 me
1367 2661 1601 2716 accessit
1627 2660 1759 2718 ﬂens
1787 2671 1840 2718 et
1868 2663 2039 2718 vicem

433 2765 583 2807 suam
616 2750 997 2819 ingemiscens.
1029 2750 1374 2823 l’edibusque
1401 2753 1538 2807 meis
1561 2753 1879 2819 advolutus,
1915 2768 2044 2809 cou-

435 2840 573 2897 fiteri
597 2852 761 2914 atque
787 2842 1033 2913 dejerare
1060 2845 1253 2915 rmpit,
1282 2844 1603 2914 baptismum
1633 2862 1739 2916 quo
1765 2846 1906 2917 apud
1936 2849 2042 2901 ha:-

435 2936 634 2991 reticos
665 2934 908 2991 initiatus
938 2934 1151 3003 fuerat,
1185 2952 1291 2991 non
1326 2936 1636 3005 hujusmodi
1668 2951 1824 3007 esse,
1867 2954 2042 3008 neque

434 3029 724 3101 quidquam
751 3031 972 3086 omnino
999 3031 1200 3088 habere
1225 3048 1344 3087 cum
1375 3032 1479 3088 hoc
1508 3043 1693 3089 nostro
1719 3049 2036 3089 commune:

435 3123 633 3196 quippe
660 3123 879 3195 plenum
910 3123 1079 3181 fuisse
1109 3126 1401 3198 impietatis
1429 3135 1484 3182 et
1514 3126 1883 3196 blasphemiae.
1915 3128 2039 3181 Aie-

2202 1917 2294 1970 Καί
2316 1916 2417 1991 γὰρ
2444 1912 2624 1980 ὅντως,
2653 1913 2850 1990 ἀδελφέ,
2876 1915 3173 1988 συμϐουλῆς
3196 1914 3395 1989 δέομαι,
3425 1920 3513 1973 καί
3536 1921 3746 1992 γνώμην

2137 2010 2265 2064 αἰτῶ
2291 2010 2441 2083 παρὰ
2486 2013 2607 2073 σοῦ,
2633 2010 2873 2063 τοιούτου
2900 2010 3035 2069 τινός
3065 2029 3152 2081 μοι
3177 2008 3547 2085 προσελτόντος
3576 2014 3749 2088 πράγ-

2140 2124 2325 2175 ματος,
2368 2099 2545 2161 δεδιὼς
2583 2106 2652 2172 μή
2690 2098 2794 2178 ἄρα
2825 2102 3145 2174 σφαλλωμαι.
3191 2109 3290 2156 τῶν
3323 2105 3425 2178 γὰρ
3458 2107 3749 2180 συναγομὲ-

2139 2216 2236 2249 νων
2265 2192 2486 2269 ἀδελφῶν
2534 2194 2719 2254 πιστὸς
2749 2195 3075 2267 νομιζόμενος
3103 2197 3332 2269 ἀρχαῖος
3371 2198 3459 2249 καί
3502 2197 3605 2271 πρὸ
3655 2206 3749 2257 τῆς

2142 2290 2265 2359 ἐμῆς
2310 2288 2655 2363 χειροτονίας,
2694 2282 2837 2358 οἶμαι
2865 2285 2920 2342 δὲ
2951 2291 3039 2342 καὶ
3079 2290 3183 2364 πρὸ
3227 2296 3319 2349 τῆς
3361 2294 3451 2343 τοῦ
3483 2293 3747 2366 μακαρίον

2142 2378 2363 2455 Ἠρακλᾶ
2406 2379 2781 2439 καταστάσεως
2825 2388 2917 2440 τῆς
2964 2389 3267 2455 συναγωγῆς
3294 2386 3601 2454 μετασχὼν,
3643 2393 3750 2443 τοῖς

2141 2472 2171 2526 ὖ
2180 2472 2360 2544 πὸγνον
2385 2470 2776 2542 βαπτιζομένοις
2790 2494 3002 2548 παρα-τυ
3008 2495 3051 2545 χ
3056 2477 3143 2538 ὼν,
3162 2477 3362 2528 καὶτῶν
3382 2476 3470 2529 ἐπε
3475 2468 3749 2549 ρωτήσεων

2144 2567 2230 2618 καὶ
2278 2565 2597 2638 ἀποκρίσεων
2643 2564 2964 2626 ἐπακούσας.
2996 2566 3255 2641 προσὴλτέ
3294 2589 3381 2639 μοι
3429 2566 3614 2623 κλαίων
3655 2573 3745 2623 καί

2146 2662 2469 2734 καταθρηνῶν
2491 2660 2689 2714 ἑαυτὸν.
2719 2664 2811 2714 Καὶ
2828 2662 3028 2714 πίπτων
3046 2662 3146 2734 πρὸ
3166 2667 3264 2713 τῶν
3284 2658 3455 2714 ποδῶν
3476 2683 3598 2732 μου,
3631 2662 3741 2726 ἐξο-

2150 2754 2516 2827 μολογούμενος
2543 2756 2632 2825 μὲν
2653 2756 2739 2806 καὶ
2778 2754 3109 2824 ἐξομνύμενος
3137 2754 3195 2807 τὸ
3220 2751 3520 2825 βάπτισμα,
3551 2751 3579 2806 ὃ
3604 2756 3748 2828 παρά

2148 2856 2254 2908 τοῖς
2297 2849 2568 2921 αἰρετικοῖς
2620 2845 2959 2908 ϐεϐάπτιστο,
3005 2850 3074 2915 μή
3115 2850 3342 2900 τοιοῦτον
3386 2840 3534 2910 εἶναι,
3581 2852 3650 2918 μή
3692 2846 3746 2901 δέ

2148 2938 2273 3001 ἃως
2316 2937 2457 3012 ἒχειν
2509 2942 2621 2994 τινὰ
2668 2941 2797 3014 πρὸς
2821 2944 2973 2992 τοῦτο
3000 2940 3258 2991 κοινωνίαν
3286 2953 3299 2965 ⁸
3349 2939 3594 2999 ἀσεϐείας
3643 2943 3745 3015 γὰρ

2146 3036 2301 3088 ἐκείνο
2331 3038 2419 3088 καί
2448 3033 2780 3108 βλασφημιῶν
2808 3032 3195 3107 πεπληρῶσθαι.
3224 3034 3394 3106 Λέγων
3435 3030 3490 3087 δὲ
3537 3035 3672 3088 πάνυ
3698 3057 3748 3088 τι

2146 3135 2235 3188 τήν
2279 3128 2464 3202 ψυχήν
2505 3134 2592 3181 νῦν
2636 3127 3053 3199 κατανενύχται,
3104 3130 3190 3180 καὶ
3239 3130 3309 3198 μή
3349 3124 3403 3180 δέ
3450 3128 3746 3202 παρρησίαν

436 3218 634 3289 batque
658 3221 898 3277 animum
925 3236 1081 3277 suum
1105 3222 1457 3279 acerbissimo
1479 3221 1684 3276 doloris
1708 3237 1869 3277 sensu
1891 3237 2035 3276 com-

2146 3223 2287 3296 ἔχειν
2309 3227 2498 3298 ἐπᾶραι
2525 3225 2645 3283 τοὺς
2683 3221 2971 3295 ὀφταλμοὺς
3017 3222 3145 3297 πρὸς
3189 3220 3272 3275 τὸν
3317 3223 3460 3287 Θεὸν,
3500 3223 3602 3276 ἀπὸ
3647 3230 3746 3276 τῶν

437 3312 636 3386 pungi,
689 3328 754 3371 ac
788 3328 857 3371 ne
895 3315 1085 3372 oculos
1116 3316 1332 3388 quidem
1372 3315 1439 3370 ad
1482 3316 1651 3372 Deum
1692 3317 1940 3373 attollere
1977 3332 2036 3372 se

2144 3319 2359 3372 ἀνοσίων
2398 3316 2594 3370 ἐκείνων
2632 3314 2871 3389 ῥημάτων
2910 3316 2997 3367 καὶ
3042 3314 3362 3390 πραγμάτων
3411 3311 3702 3390 ὁρμώμενος
3730 3330 3742 3344 ⁸

1765 3455 2126 3513 VARIORUM
2164 3453 2392 3511 NOTAE.

436 3593 688 3660 colligere
715 3601 826 3659 est,
857 3607 923 3648 eo
952 3593 1068 3662 ipso
1100 3602 1375 3664 tempore,
1407 3609 1513 3664 quo
1542 3592 1853 3661 Stephanus
1882 3608 2018 3663 papa

437 3665 508 3720 de
535 3664 805 3719 haereticis
829 3680 934 3719 non
965 3665 1357 3735 rebaptizandis
1385 3667 1633 3734 scripsit,
1655 3665 2027 3720 Philemonem

439 3751 503 3790 ac
529 3735 837 3807 Dionysium
864 3736 1211 3807 presbyteros
1240 3736 1428 3792 eadem
1478 3737 1546 3792 de
1592 3753 1651 3792 re
1702 3738 1908 3792 litteras
1961 3736 2028 3790 ad

438 3807 752 3878 Dionysium
809 3807 1230 3863 Alexandrinum
1284 3809 1517 3863 misisse.
1571 3808 1764 3863 Iisdem
1818 3823 2031 3877 quoque

442 3878 729 4004 Dionysius
753 3878 1150 3935 Alexandrinus
1175 3880 1346 3950 primo
1368 3881 1570 3949 paucis,
1599 3894 1660 3934 ac
1690 3879 1885 3934 deinde
1910 3894 2031 3933 cum

443 3948 548 4004 iam
595 3950 857 4004 ‘tenhauo
885 3949 1088 4004 Xvstus
1113 3950 1498 4004 successisset.
1533 3950 1774 4004 pluribus
1803 3950 2031 4004 rescrib-

436 3948 548 4019 jam
579 3948 857 4020 Stephano
885 3949 1088 4021 Xystus
1113 3948 1498 4017 successisset,
1533 3950 1774 4020 pluribus
1803 3950 2037 4018 rescrip-

441 4021 543 4085 sit,
573 4029 629 4077 et
655 4020 872 4091 quidem
900 4020 1220 4088 separatim,
1273 4033 1330 4076 ut
1354 4038 1422 4077 ex
1453 4038 1519 4077 eo
1547 4023 1847 4085 conficitur,
1895 4021 2037 4091 quod

440 4092 668 4161 epistola
695 4108 817 4163 qua:
854 4093 920 4147 ad
949 4093 1321 4149 Philemonem
1354 4095 1615 4164 rescripta
1647 4103 1753 4157 est,
1801 4095 1959 4164 tertia,
1976 4091 2040 4145 de

442 4164 696 4237 baptismo
717 4182 737 4217 :
764 4175 827 4237 et_
847 4181 966 4233 quae
997 4165 1063 4218 ad
1100 4166 1430 4237 Dionysium.
1462 4163 1641 4235 quarta
1690 4166 1756 4220 ab
1806 4163 2038 4237 Eusebio

443 4234 768 4303 appelletur.
803 4235 877 4289 De
910 4237 1010 4290 hac
1037 4252 1198 4304 porro
1229 4234 1369 4289 idem
1415 4234 1680 4292 Eusebius
1728 4237 1799 4291 ita
1848 4235 2037 4304 praelo—

446 4307 626 4375 quitttr
653 4322 678 4378 :_
704 4307 961 4378 {Quarta
995 4306 1110 4375 ejus
1151 4306 1443 4378 (Dionysii)
1497 4309 1565 4362 tle
1613 4309 1877 4375 baptismo
1924 4308 2037 4374 epi-

447 4374 583 4447 stola
614 4374 682 4429 ad
711 4374 1031 4446 Dionysium
1054 4374 1251 4445 scripta
1267 4374 1372 4437 est.
1396 4374 1523 4432 tunc
1542 4374 1759 4447 quidem
1783 4378 2036 4430 Romana:

448 4445 597 4519 urbis
621 4445 1024 4519 presbyterum,
1054 4446 1149 4502 sed
1200 4448 1287 4514 qui
1318 4445 1594 4517 aliquanto
1626 4457 1746 4517 post
1795 4457 2037 4516 tempore

447 4516 688 4587 ejusdem
714 4516 861 4571 urbis
887 4517 1169 4586 epiSCOpus
1197 4516 1519 4573 constitutus
1546 4516 1648 4573 est.
1674 4520 1747 4575 Ex
1772 4536 1871 4587 qua
1895 4520 2038 4573 hunc

449 4590 623 4661 ipsum
655 4588 955 4661 Romanum
988 4591 1296 4661 Dionysium
1320 4592 1742 4645 eruditissimum
1776 4592 2038 4659 planeque

446 4659 822 4732 admirandum
848 4660 1019 4714 virum
1052 4659 1215 4716 fuisse
1233 4661 1542 4718 testimonio
1559 4662 1796 4732 Diooysii
1815 4661 2039 4716 Alexan-

447 4731 589 4786 drini
636 4732 759 4787 licet
798 4746 1148 4802 cognoscere.
1180 4752 1199 4784 ι
1232 4732 1366 4786 Tum
1421 4734 1537 4787 haec
1569 4731 1855 4800 praefatus,
1910 4732 2037 4787 sub-

449 4816 645 4858 uexum
673 4802 1028 4873 fragmentum
1053 4804 1286 4872 subiicit.
1316 4802 1620 4859 Cous'uu'r.

522 4874 807 4928 Lavacrum
844 4875 1028 4945 iirilunt
1075 4875 1243 4928 habet.
1291 4874 1550 4943 Quocirca
1600 4876 1651 4930 iu
1702 4875 1924 4945 cpistola
1972 4874 2041 4929 75

447 4943 705 5015 Cypriani
734 4947 800 4999 ad
829 4944 1186 5001 Jubauiauum
1219 4947 1445 5015 legimus
1464 4988 1479 5009 ,
1512 4943 1917 5000 Novatianenses
1957 4962 2038 4999 re-

450 5015 708 5085 baptizare
735 5032 818 5070 eos
839 5059 851 5078 ,
877 5033 1003 5088 quos
1029 5034 1060 5070 a
1087 5016 1228 5071 nobis
1257 5018 1549 5071 sollicitant.
1581 5017 1645 5072 Et
1667 5017 1807 5088 apud
1834 5019 2043 5087 Augus-

451 5088 621 5141 tinmu
664 5089 896 5156 append.
929 5098 1058 5142 tom.
1093 5104 1149 5143 ut
1176 5090 1428 5152 antiquus
1455 5099 1644 5144 auctor
1670 5099 1779 5144 vet.
1813 5099 1867 5143 et
1912 5104 2037 5141 nov.

448 5157 689 5213 Testam.
711 5168 903 5229 quiest.
927 5159 1029 5213 109.
1044 5201 1059 5223 ,
1086 5159 1153 5215 de
1175 5161 1294 5229 ipso
1312 5158 1606 5215 Novatiauo
1626 5164 1731 5215 ait:
1752 5158 1819 5213 In
1844 5169 2042 5213 tantum

447 5230 682 5304 irascitur
706 5228 850 5283 nobis
868 5272 892 5304 ,_
915 5241 969 5304 ut
994 5242 1047 5304 Δει
1076 5248 1167 5285 nos
1201 5231 1519 5285 Christianos
1555 5243 1698 5304 neget
1720 5273 1733 5295 ,
1769 5231 2042 5304 (ideoque

449 5298 780 5374 baptismum
806 5301 959 5355 nobis
974 5301 1292 5374 iterandum
1324 5314 1542 5357 censeat
1562 5301 1580 5374 )
1602 5298 1762 5366 {cum
1778 5298 1919 5358 ‘sciat
1950 5298 2044 5374 nos

448 5387 507 5426 ea
536 5372 639 5440 ﬁde
668 5373 913 5433 initiatos.
948 5372 1011 5425 de
1036 5388 1137 5442 qua
1165 5375 1274 5441 ipse
1304 5372 1587 5443 prwsumit.
1619 5376 1823 5439 Quibus
1853 5373 2040 5428 conci-

448 5444 526 5498 uit
556 5443 681 5497 illud
713 5443 909 5513 vulgati
940 5444 1204 5498 Ambrosii
1232 5448 1531 5500 Comment.
1564 5448 1615 5499 in
1646 5445 1812 5500 lCor.
1842 5460 1962 5514 cap.
1986 5460 2036 5499 ιε

453 5534 473 5567 ι
503 5514 594 5573 Sic
614 5516 756 5570 enim
785 5524 941 5569 erant
960 5556 974 5579 ,
1006 5515 1142 5569 sicut
1168 5532 1312 5572 nunc
1335 5516 1615 5572 Novatiani
1643 5528 1697 5572 et
1727 5516 2004 5571 Donatiaui
2023 5556 2040 5583 ,

446 5587 539 5658 qui
580 5586 1038 5659 baptismumksibi
1070 5586 1377 5657 vindicant,
1416 5604 1446 5643 a
1494 5590 1694 5646 nostris
1743 5590 2038 5659 baptizatos

451 5656 826 5730 reprobantes.
853 5678 873 5714 ι
894 5656 1205 5716 Cousnur.

2060 4349 2116 4409 D

2214 3591 2426 3646 Etiamsi
2456 3606 2570 3659 spes
2599 3591 2772 3660 aliqua
2801 3589 2977 3645 subsit.
3011 3590 3198 3646 Graeca
3242 3606 3342 3646 vox
3384 3591 3540 3654 ἔλπις
3580 3592 3745 3647 inter-

2139 3665 2265 3719 dum
2293 3678 2393 3734 pro
2420 3662 2685 3734 opinione_
2703 3671 3007 3732 usurpatur.
3047 3662 3115 3716 Et
3144 3663 3230 3717 hic
3256 3663 3469 3729 quidem
3499 3674 3746 3718 constru-

2136 3740 2244 3792 ctio
2275 3732 2393 3803 ejus
2422 3749 2543 3788 cum
2576 3732 2741 3788 verbo
2778 3734 3033 3803 prseteriti
3068 3735 3323 3803 temporis
3359 3734 3631 3804 postulare
3664 3737 3743 3789 vi-

2138 3807 2319 3865 detur.
2355 3817 2409 3859 ut
2442 3806 2585 3859 illam
2625 3820 2688 3860 ea
2730 3808 2938 3859 ratione
2981 3804 3362 3875 intelligamus.
3407 3804 3592 3875 Neque
3620 3821 3747 3861 vero

2140 3893 2263 3933 cum
2284 3876 2503 3931 Valesio
2523 3876 2664 3929 hunc
2688 3876 2858 3930 locmu
2889 3876 2955 3929 de
2980 3876 3145 3940 lapsis
3171 3876 3222 3928 in
3245 3875 3627 3943 idololatriaut,
3652 3880 3743 3932 sed

2141 3950 2211 4005 de
2250 3947 2543 4003 Catholieis
2581 3963 2609 4000 a
2653 3946 2948 4001 Novatiauo
2989 3948 3265 4001 subversis
3303 3948 3742 4017 interpretamur,

2141 4036 2371 4091 quorum
2406 4019 2510 4091 ille
2527 4019 2846 4087 baptismum
2871 4018 3189 4083 cxsul'flaus,
3216 4018 3474 4091 Spiritum
3499 4032 3742 4075 sanctum

2142 4088 2468 4147 sacramenti
2498 4089 2656 4156 hujus
2684 4105 2907 4144 munere
2935 4097 3212 4158 acceptum
3237 4088 3480 4159 fugabat,
3502 4094 3745 4160 quamvis

2143 4164 2195 4217 in
2227 4179 2415 4219 eorum
2458 4162 2758 4233 aliquibus,
2792 4170 3078 4233 antequam
3120 4162 3584 4233 subverterentur.
3619 4165 3743 4233 Spi-

2144 4236 2302 4288 ritum
2336 4242 2579 4289 sanetutu
2611 4232 2693 4285 vel
2727 4232 3094 4298 permansisse
3129 4248 3222 4298 per
3250 4232 3615 4287 innocentiam
3664 4232 3743 4289 vel

2142 4317 2223 4359 cst
2248 4316 2442 4359 utcum
2467 4302 2685 4357 Valesio
2707 4319 2805 4374 per
2835 4304 3205 4371 paenitentiam
3236 4304 3458 4359 rediisse
3488 4306 3743 4360 credibile

2142 4377 2231 4430 sit.
2260 4377 2333 4430 Ita
2364 4374 2491 4448 nihil
2511 4390 2653 4448 opus
2675 4390 2998 4448 quairamus,
3030 4375 3093 4428 In
3119 4375 3277 4444 lapsis
3302 4377 3553 4445 quomodo
3582 4386 3742 4448 potest

2142 4463 2402 4502 remanere
2423 4444 2648 4515 Spiritus
2675 4446 2918 4499 sanctus?
2942 4444 3247 4501 Consum.

2216 4517 2453 4588 Dionysii
2488 4516 2823 4589 Alexandrini
2855 4521 3216 4587 fragmentum.
3265 4519 3337 4573 De
3378 4518 3476 4572 hac
3516 4517 3742 4589 epistola

2142 4588 2410 4644 Eusebius
2443 4590 2512 4641 ita
2547 4588 2929 4657 praeloquitur:
2968 4608 2986 4640 ι
3021 4593 3176 4642 l~.xtat
3205 4599 3259 4643 et
3287 4591 3472 4659 quinta
3502 4588 3740 4657 ejusdem

2141 4661 2366 4728 epistola
2394 4661 2457 4714 ad
2484 4659 2708 4730 Xystum
2734 4660 2991 4713 ιῖοιιιςιιιςιε
3019 4661 3167 4715 urbis
3192 4663 3501 4728 episcolium
3520 4702 3534 4725 ,
3563 4662 3611 4712 iu
3637 4676 3737 4729 qua

2145 4742 2423 4802 postquam
2453 4731 2713 4785 adversus
2740 4732 3025 4785 lnm'etieos
3051 4733 3211 4784 multa
3239 4731 3486 4786 tli~seruit
3507 4773 3522 4793 ,
3550 4730 3739 4800 hujus-

2145 4802 2289 4857 modi
2314 4802 2565 4871 quiddam
2595 4819 2688 4855 sua
2719 4811 2874 4856 :elale
2897 4803 3185 4871 contigisse
3213 4812 3412 4856 narrat.
3443 4821 3461 4853 ι
3488 4802 3545 4855 ln
3567 4816 3630 4854 ea
3657 4818 3742 4856 au-

2147 4884 2253 4929 tem
2293 4885 2473 4929 narrat
2520 4875 2803 4945 Dionysius
2843 4874 2982 4940 quod
3025 4890 3194 4938 nuper
3233 4874 3564 4940 contigerat,
3604 4889 3730 4945 cum

2146 4946 2410 5015 baptisma
2468 4943 2678 5013 publice
2734 4964 2795 5000 ac
2837 4946 3173 5001 sollemniter
3213 4945 3542 4998 tradidisset.
3589 4943 3739 5000 Unde

2149 5019 2288 5072 hanc
2315 5019 2596 5086 epistolam
2631 5020 2790 5086 paulo
2819 5030 2938 5086 post
2975 5016 3212 5081 Pascha,
3249 5017 3330 5069 vel
3360 5026 3508 5071 certe
3546 5016 3737 5071 Pente-

2145 5098 2353 5150 costeu,
2378 5090 2503 5143 anui
2526 5088 2635 5142 258
2653 5131 2665 5147 .
2690 5091 2943 5156 scriptam
2970 5102 3093 5142 esse
3116 5088 3404 5153 Colligitur.
3431 5087 3735 5143 Consum.

2216 5159 2537 5229 Baptismum
2566 5177 2664 5230 quo
2693 5160 2833 5230 apud
2863 5161 3123 5214 Invreticos
3154 5159 3380 5212 initiatus
3416 5161 3598 5229 fuerint.
3634 5158 3737 5212 Ru-

2148 5231 2287 5285 finus
2316 5231 2429 5285 hmc
2457 5233 2527 5285 ita
2556 5229 2817 5286 reddidit:
2851 5250 2871 5281 ι
2898 5232 3165 5300 Baptisma
3194 5234 3261 5284 ab
3292 5229 3561 5284 lucreticis
3587 5230 3739 5284 aliter

2146 5318 2206 5357 se
2235 5304 2570 5372 suscepisse:
2607 5303 2749 5372 quod
2784 5313 2959 5356 tamen
2992 5301 3292 5357 secundum
3321 5318 3383 5357 ea
3405 5343 3421 5368 ,
3451 5317 3572 5370 qua:
3604 5316 3739 5356 nunc

2145 5373 2352 5428 videret
2379 5388 2409 5426 a
2440 5375 2591 5429 nobis
2620 5373 2911 5429 ministrari
2935 5415 2950 5436 ,
2980 5389 3079 5428 nec
3108 5375 3368 5444 baptisma
3397 5374 3641 5444 «luceret,
3674 5387 3736 5427 eo

2144 5444 2286 5513 quod
2314 5456 2457 5499 esset
2486 5446 2690 5513 repleta
2722 5444 3068 5513 pIaSpheutiis
3092 5441 3268 5498 omnis
3295 5445 3381 5499 illa
3405 5441 3731 5513 confessio.»

2147 5511 2381 5586 Dionysii
2408 5511 2632 5585 ejusque
2661 5511 3017 5570 decessorqu
3047 5532 3161 5570 tero
3191 5518 3239 5569 iu
3266 5511 3624 5586 Alexandrina
3651 5529 3739 5569 ec-

2142 5585 2307 5640 clesia
2328 5627 2341 5650 ,
2374 5596 2432 5640 ut
2462 5587 2727 5656 baptismo
2764 5601 2870 5642 non
2903 5588 3093 5643 iterato
3122 5586 3523 5655 susciperentur
3565 5585 3739 5639 luere-

2144 5656 2233 5711 tici
2262 5671 2362 5712 usu
2390 5667 2667 5730 receptum
2696 5657 2864 5716 fuisse
2891 5675 2957 5715 ex
2987 5661 3088 5716 hoc
3115 5659 3234 5712 loco
3262 5656 3543 5711 evidenter
3570 5657 3737 5713 conli-
