3990 6060
442 173 512 233 99
1359 178 1448 237 DE
1488 176 1756 239 SANCTO
1796 176 2115 242 DIONYSIO
2144 180 2430 246 ROMANO
2458 186 2820 248 PONTIFICE
3643 194 3750 254 100

436 294 580 348 bono
620 291 801 355 animo
843 307 965 359 esse
1001 295 1175 368 jussi,
1219 302 1273 351 et
1316 310 1438 351 cum
1473 296 1625 353 ﬁrma
1654 298 1757 353 [ide
1787 313 1852 354 ac
1892 298 1994 353 bon

2135 308 2424 380 προσιέναι.
2470 308 2494 364 ὁ
2538 306 2591 363 δὲ
2641 307 2759 366 οὔτε
2801 314 2995 366 πεντῶν
3034 305 3250 368 πᾶνεται
3286 324 3302 344 ⁸
3332 309 3542 390 πέφρικέ
3576 334 3629 369 τε
3681 322 3746 390 τῇ

438 385 766 449 tonscientia
796 386 1056 455 accedere
1082 386 1148 453 ad
1176 387 1404 451 Sancta,
1431 397 1486 445 et
1514 390 1823 459 participem
1855 405 2042 445 eorum

436 477 576 533 fieri.
607 477 805 549 Verum
832 480 921 535 ille
946 478 1163 551 lugendi
1191 478 1353 549 ﬁnem
1385 495 1489 535 non
1518 480 1642 536 facit
1664 522 1678 547 ,
1710 490 1764 536 et
1793 480 1860 535 ad
1888 496 2043 538 men-

433 580 549 631 sam
587 568 847 647 accedere
875 568 1247 645 exhorrescit,
1282 570 1475 645 vixque
1505 582 1728 646 rogatus
1770 573 2042 635 interesse

2148 401 2377 472 τραπέζῃ
2404 402 2673 475 προσιέναι
2692 418 2704 432 ·
2722 405 2809 457 καὶ
2847 403 2989 475 μόλις
3012 406 3463 481 παρακαλούμενος
3497 408 3725 464 euaserat

2144 513 2227 547 ναι
2252 501 2366 554 ταῖς
2386 502 2715 569 προσευχαῖς
2743 497 3010 568 ἀνέχεται.

432 659 767 731 orationibus
788 660 1038 735 sustinet.

1783 786 2147 855 VARIORUM
2184 787 2410 845 ΝΟΤᾹΞ.

426 924 652 996 leVavit:
684 925 770 981 ubi
804 925 1172 995 praemittens,
1219 924 1284 981 In
1326 925 1505 996 primis
1546 926 1716 994 itaque
1756 926 2024 995 providere

425 995 681 1063 debemus,
715 1014 777 1051 ne
805 997 924 1050 dum
949 999 1167 1064 speciem
1192 995 1468 1067 quamdam
1497 996 1745 1051 cautionis
1776 1007 2023 1061 tenemus,

425 1069 665 1123 damnum
693 1070 1152 1137 regenerandarum
1176 1070 1460 1123 incidamus
1485 1073 1800 1135 animarum,
1829 1069 2025 1123 fatetur

421 1142 637 1207 quidem
678 1140 909 1204 deinde,
952 1140 1261 1208 inexpiabile
1305 1158 1412 1196 esse
1456 1140 1683 1211 facinus,
1728 1142 2019 1204 lavacrum,

420 1213 554 1279 quod
594 1213 949 1284 regcnernndis
978 1214 1130 1267 semet
1158 1212 1397 1284 tributum
1436 1222 1543 1275 est,
1575 1211 1649 1265 bis
1686 1211 1892 1284 subire;
1936 1227 2026 1267 ve-

422 1276 539 1336 rum
574 1276 696 1337 mox
730 1283 1075 1336 nihilominus
1122 1282 1300 1336 addit:
1341 1276 1445 1337 Sed
1471 1284 1522 1336 in
1552 1284 1647 1335 hoc
1673 1276 2026 1352 (quem’vere

417 1352 742 1422 baptizatum
776 1370 933 1407 nemo
963 1352 1131 1423 srit,)
1165 1355 1292 1408 nihil
1322 1355 1486 1408 simile
1514 1353 1855 1425 formidatur;
1890 1371 2019 1425 quo-

417 1425 556 1477 niam
586 1441 687 1478 non
718 1434 878 1507 potest
908 1426 962 1478 in
1006 1427 1285 1507 iterationis
1315 1427 1503 1507 crimen
1533 1426 1743 1507 .venire,
1776 1425 1911 1494 quod
1940 1428 2024 1507 [α-

415 1503 550 1548 ctum
582 1512 690 1565 esse
718 1497 924 1550 omnino
954 1498 1194 1551 nescitur.
1239 1498 1405 1552 Porro
1437 1498 1503 1551 de
1533 1496 1798 1563 baptismo
1820 1539 1835 1562 ,
1866 1496 2020 1565 cujus

413 1581 573 1639 causa
606 1564 893 1639 Dionysius
922 1566 1151 1639 Xystum
1194 1569 1293 1623 sibi
1326 1567 1717 1639 consulendum
1750 1564 2014 1633 duxerat,

414 1637 539 1692 illud
570 1648 719 1694 certo
750 1637 1068 1709 constabat,
1100 1655 1225 1695 eum
1255 1640 1324 1695 ab
1353 1638 1624 1695 haereticis
1655 1638 1822 1694 fuisse
1851 1639 2023 1694 colla-

2131 936 2263 1008 tum.
2307 928 2417 983 Nec
2457 928 2678 983 dubium
2717 930 2845 1008 quin
2890 931 3139 1008 siuhomo
3175 932 3253 989 sic
3296 932 3594 1008 baptizatus
3634 935 3739 1008 Cy-

2129 999 2372 1070 prianum
2404 1010 2457 1055 et
2483 1016 2611 1078 eos.
2640 1001 2731 1070 qui
2758 1016 2879 1078 eum
2910 1003 3003 1078 illo
3030 1004 3276 1078 Africana
3306 999 3591 1078 in'syuodo
3618 999 3740 1063 co'n-

2129 1083 2423 1144 venerant,
2474 1071 2729 1139 adiisset,
2785 1074 2926 1129 hunc
2971 1076 3351 1144 baptizandum
3391 1071 3513 1133 esse
3551 1082 3734 1134 statim

2128 1143 2516 1198 decrevissent.
2558 1144 2623 1198 Et
2665 1144 2788 1200 inde
2827 1148 2987 1216 igitur
3030 1143 3340 1216 Dionysium
3380 1164 3500 1205 cum
3543 1150 3734 1205 iisdem

2130 1216 2353 1270 minime
2382 1216 2723 1270 consensisse
2754 1218 3124 1272 conﬁrmatur.
3166 1216 3307 1274 Hinc
3341 1231 3488 1275 certe
3526 1230 3738 1277 constat

2131 1286 2628 1360 hominemillum;
2652 1288 2742 1356 qui
2775 1288 3071 1358 baptiZatus
3111 1291 3178 1345 ab
3220 1292 3485 1345 haereticis
3527 1292 3733 1360 fuerat,

2133 1361 2199 1432 ab
2238 1359 2544 1432 tleraclajn
2588 1357 2884 1432 Ecclesiam
2926 1363 3041 1415 siue
3084 1377 3223 1415 novo
3266 1363 3531 1432 baptismo
3572 1357 3738 1419 fuisse

2132 1429 2447 1503 admissum.
2468 1429 2718 1498 Ipsevero
2752 1431 3035 1503 Dionysius
3062 1432 3302 1487 [leraclze
3333 1429 3384 1486 in
3415 1434 3738 1503 recipiendis

2130 1501 2400 1557 haereticis
2428 1516 2631 1556 morem
2659 1502 2808 1572 sequi
2838 1518 2899 1558 se
2926 1506 3203 1631 coucrguis
3229 1505 3405 1559 verbis
3427 1501 3735 1576 proﬁtetur.

2456 1616 2459 1619 .
3112 1589 3373 1631 ousraur.

2456 1616 2459 1619 -
3065 1589 3373 1632 υουετΑΝΤ.

1848 1771 2300 1847 ΝΟΤΙΤΙΑ

1116 1909 1555 1969 SCRIPTORUM
1585 1910 2028 1981 QUORUMDAM
2055 1912 2221 1982 QU/E
2263 1912 2355 1968 AD
2393 1911 2653 1970 SIXTUM
2692 1910 3064 1970 ATTINENT.

478 2051 518 2106 ι.
575 2049 843 2110 Prmterea
890 2049 1175 2121 Dionysius
1223 2053 1380 2107 aliam
1424 2051 1491 2108 ad
1537 2052 1746 2111 Sixtum
1794 2052 2012 2124 scripsit
2040 2055 2087 2115 B
2116 2052 2391 2124 adeoque,
2425 2053 2468 2107 si
2498 2052 2674 2109 Pontii
2707 2062 2989 2109 assecutus
3019 2061 3104 2108 est
3149 2058 3421 2120 mentem,
3465 2048 3732 2107 dicendus

402 2144 684 2213 epistolam
709 2186 722 2208 ,
752 2159 912 2215 quam
955 2144 1250 2211 Eusebius,
1289 2146 1383 2201 lib.
1414 2162 1484 2200 vn
1505 2192 1518 2215 ,
1558 2146 1722 2215 llist.,
1754 2162 1802 2203 c.
1835 2148 1890 2213 9,
1925 2147 2010 2202 his

404 2239 582 2294 verbis
614 2240 853 2295 indicare
883 2241 1011 2297 satis
1043 2239 1259 2296 habuit:
1291 2260 1309 2292 ι
1337 2241 1434 2297 Est
1463 2251 1517 2298 et
1545 2243 1727 2313 quinta
1761 2241 2006 2309 ejusdem

403 2332 640 2405 Dionysii
665 2333 891 2403 epistola
913 2333 980 2388 de
1001 2333 1288 2403 baptismo,
1317 2335 1486 2403 ipsius
1505 2342 1561 2390 et
1580 2334 1824 2390 ecclesia:
1846 2348 2007 2405 quam

403 2426 622 2498 regebat
650 2424 903 2493 nomide,
954 2426 1021 2480 ad
1053 2426 1263 2482 Sixtum
1297 2437 1352 2483 et
1380 2429 1669 2485 eccloSiam
1712 2430 1860 2485 urbis
1903 2430 2009 2484 Ro-

401 2535 502 2573 mae
524 2562 538 2584 ,
574 2520 625 2573 in
655 2535 758 2597 qua
789 2521 856 2574 de
885 2520 1159 2591 proposita
1191 2522 1491 2592 quaistione
1524 2522 1788 2594 prolixam
1814 2522 2004 2578 admo-

400 2612 526 2668 dum
555 2614 973 2684 disputationem
1003 2614 1254 2671 iustituit.
1283 2635 1302 2668 ι

469 2706 533 2761 ΙΙ.
560 2706 783 2765 Pontius
809 2706 861 2761 in
884 2705 1001 2761 Vita
1025 2708 1084 2764 S.
1107 2708 1362 2780 Cypriani
1392 2710 1508 2765 huic
1530 2711 1720 2767 habet:
1750 2731 1768 2763 ι
1793 2711 1911 2768 Jam
1937 2712 2003 2767 de

397 2797 547 2853 Sixto
578 2799 720 2854 bono
750 2810 804 2855 et
830 2800 1057 2873 pacitico
1086 2802 1399 2869 sacerdote,
1452 2819 1515 2859 ac
1547 2814 1829 2875 propterea
1874 2804 2001 2861 bea-

399 2889 606 2946 tissimo
642 2900 913 2961 martyre,
959 2893 1177 2949 nuntius
1220 2903 1462 2948 venerat.
1498 2893 1830 2965 Sperabatur
1854 2892 1998 2963 jam-

390 2982 610 3057 jamque
639 2984 878 3040 carnifex
907 2986 1150 3041 veniens.
1180 3006 1198 3039 ι
1228 2987 1357 3055 Qua:
1385 2988 1545 3043 verba
1578 2988 1657 3043 sic
1685 2989 1991 3042 summatim

396 3076 572 3132 reddit
615 3077 937 3133 Oxouiensis
978 3079 1153 3135 editor
1190 3098 1202 3134 :
1242 3098 1260 3132 (
1302 3078 1485 3136 Sixtus
1532 3079 1770 3151 pontifex
1816 3094 1992 3135 roma—

395 3185 493 3231 nus
519 3169 585 3227 de
612 3169 986 3249 persecutione
1014 3182 1262 3229 secutura
1293 3172 1622 3249 Cyprianum
1650 3174 1935 3238 admouet;
1965 3194 1983 3226 ι

1197 3298 1555 3307 —-———.—-—.

1090 3337 1459 3349 ———————-_

1467 3340 1553 3349 ρ..-

1566 3340 1809 3350 ...ι-υ...

1056 3414 1301 3533 n1:
1375 3352 2106 3537 summa
2182 3411 3065 3549 DIONYSIO

2117 2152 2198 2196 cst
2245 2143 2430 2198 Sixtus
2459 2143 2725 2213 passionis
2754 2144 3035 2213 proximus
3064 2142 3131 2197 ad
3160 2142 3489 2214 Cyprianum
3520 2141 3731 2199 litteras

2114 2238 2328 2293 misisse
2348 2281 2363 2306 ,
2392 2239 2586 2309 quibus
2611 2253 2734 2293 eum
2762 2238 2830 2293 de
2857 2236 3233 2308 persecutione
3259 2236 3579 2292 imminente
3604 2250 3729 2293 cer-

2114 2329 2306 2385 tiorem
2338 2328 2558 2387 faceret.
2589 2330 2789 2387 Verum
2822 2330 2923 2385 hoc
2952 2338 3160 2384 tantum
3188 2328 3289 2385 sibi
3316 2329 3433 2384 vult
3466 2328 3722 2398 Pontius,

2111 2426 2550 2494 persecutionem
2581 2426 2767 2481 Romae
2796 2424 3044 2494 ﬂagrare,
3065 2423 3285 2494 jamque
3324 2423 3393 2477 de
3421 2421 3555 2478 Sixti
3584 2436 3728 2477 mar-

2112 2517 2252 2587 tyrio
2278 2532 2341 2571 ac
2369 2532 2501 2571 nece
2533 2517 2775 2570 nuntium
2806 2517 3055 2582 venisse,
3084 2525 3140 2570 et
3163 2512 3489 2585 Carthagine
3515 2516 3567 2568 in
3599 2512 3726 2570 dies

2109 2612 2417 2666 caruiticem
2450 2610 2748 2681 expectari.
2793 2609 2869 2664 Ibi
2902 2609 3044 2664 enim
3081 2609 3389 2680 perstringit
3418 2607 3505 2662 hic
3537 2606 3723 2662 diaco-

2108 2718 2209 2756 nus
2233 2703 2372 2773 qttod
2396 2702 2694 2771 Cyprianus
2718 2702 2880 2771 epist.
2902 2702 2994 2766 82,
3022 2702 3086 2757 ad
3112 2702 3435 2757 Successum
3459 2700 3718 2771 explicat,

2106 2809 2201 2849 eos
2245 2810 2435 2864 nempe
2466 2796 2679 2849 venisse
2700 2834 2715 2859 ,
2747 2809 2883 2864 quos
2923 2793 3149 2849 Romam
3170 2836 3185 2861 ,
3219 2803 3277 2848 ut
3304 2795 3590 2849 veritatem
3629 2808 3726 2849 ex-

2104 2888 2379 2957 plorarent
2399 2932 2413 2955 ,
2447 2888 2565 2959 ipse
2597 2889 2853 2951 miserat;
2886 2903 2915 2941 a
2942 2888 3137 2959 quibus
3163 2896 3218 2943 et
3245 2887 3593 2943 Valerianum
3625 2888 3723 2943 ad-

2100 2998 2289 3039 versus
2330 2982 2655 3037 christianos
2695 2981 2762 3037 ad
2805 2990 3049 3037 senatum
3081 2981 3467 3052 rescripsisse,
3498 2990 3553 3036 et
3592 2980 3722 3037 Six-

2105 3088 2214 3134 tum
2260 3078 2730 3145 animadvcrsum,
2782 3087 2837 3132 et
2884 3078 3010 3134 huic
3052 3079 3416 3149 persecutioni
3466 3078 3519 3133 in
3569 3077 3717 3135 Urbe

2103 3173 2383 3244 praefectos
2412 3174 2648 3253 quotidie
2679 3172 2932 3228 insistere
2960 3172 3168 3228 didicit.
3202 3174 3265 3227 D.
3294 3172 3603 3228 Consum.

609 3295 673 3304 __-
698 3296 711 3302 -
1197 3298 1555 3307 ___._.___
1569 3298 3431 3308 W._______W

404 3292 3687 3367 Μ

2368 3299 2745 3308 ————..

2085 3299 2159 3307 ...-

3065 3311 3687 3359 m

1457 3602 1945 3681 ROMANO
2007 3601 2587 3678 PONTIFICE

1763 3735 2302 3794 PROLEGOMENA.

1470 3884 1991 3919 -————-—G

914 4024 1204 4067 ARTICULUS
1240 4022 1453 4064 Ριιιιίυε.

932 4125 1054 4188 Ejus
1076 4126 1187 4176 vita
1210 4123 1431 4175 historia.

454 4230 739 4305 Dionysius
765 4232 971 4302 origine
1002 4232 1243 4300 Graecus,
1277 4240 1332 4287 et
1357 4231 1527 4302 patria
1567 4228 1797 4285 Calaber
1826 4227 1983 4298 vulgo

381 4325 619 4381 creditur
636 4323 738 4395 (1).
774 4326 847 4380 De
872 4325 988 4395 ejus
1016 4324 1174 4378 rebus
1192 4323 1357 4393 gestis
1376 4339 1544 4393 usque
1571 4322 1637 4377 ad
1655 4337 1855 4377 annum
1876 4318 1982 4375 256

379 4417 507 4474 Jesu
530 4416 729 4473 Christi
752 4416 881 4471 nihil
900 4415 1033 4471 certi
1059 4424 1395 4485 compertum
1421 4416 1702 4470 habemus.
1735 4414 1811 4468 Ea
1840 4423 1979 4468 tem-

380 4521 583 4583 pestate
611 4525 847 4566 romana:
876 4508 1250 4583 presbyterum
1283 4508 1475 4580 agebat
1504 4507 1782 4571 Ecclesite,
1819 4520 1978 4576 quem

379 4605 631 4678 Epistolis
660 4605 774 4661 suis
814 4603 946 4658 adiit
980 4603 1263 4675 Dionysius
1294 4600 1711 4659 Alexandrinus.
1754 4601 1832 4656 Ex
1861 4599 1974 4665 illa,

374 4714 494 4770 qum
515 4706 701 4771 quarta
734 4697 932 4755 eratde
948 4698 1220 4770 Baptismo
1238 4696 1341 4771 (Ξ),
1363 4717 1382 4750 ι
1418 4697 1562 4753 hunc
1582 4698 1752 4766 ipsum
1771 4696 1976 4751 Roma-

373 4807 497 4846 num
521 4792 830 4865 Dionysium
853 4790 1294 4856 eruditissimum,
1316 4792 1581 4862 planeque
1599 4788 1970 4845 admirandum

374 4886 555 4954 fuisse,
593 4889 899 4944 testimonio
936 4888 1170 4957 Dionysii
1216 4888 1563 4944 Alexandrini
1609 4889 1732 4944 licet
1767 4903 1969 4959 cogno-

370 4994 544 5035 scere.
586 4999 605 5032 ι
638 4980 913 5051 Stephano
961 4981 1165 5036 faverat
1210 4981 1527 5053 Dionysius;
1557 4981 1819 5051 siquidem
1854 4982 1969 5049 ipse

367 5087 429 5127 ac
465 5071 744 5127 Philemon
782 5074 1154 5129 Firmilianum
1186 5085 1239 5129 et
1271 5073 1535 5129 Helenum
1585 5074 1962 5131 hmreticorum

362 5164 685 5237 baptismum
732 5168 1037 5235 rejicientes
1086 5184 1116 5222 a
1168 5169 1546 5225 communione
1597 5168 1959 5240 segregandos

430 5304 510 5372 (l)
552 5302 729 5375 Cave.
769 5302 907 5375 Hist.
944 5304 1183 5369 litteram,
1237 5313 1277 5361 t.
1331 5322 1389 5371 ι,
1421 5320 1543 5375 pag.
1599 5305 1734 5372 153;
1783 5305 1945 5361 Joan.

358 5373 555 5449 Georg.
587 5373 823 5449 Walcb.,
860 5374 999 5449 Hist.
1022 5377 1252 5449 Εοειεδη
1279 5391 1398 5449 pag.
1423 5373 1592 5449 1001.
1618 5377 1780 5431 Liber
1808 5377 1948 5433 Pon-

358 5445 591 5528 tilicatis,
621 5448 928 5502 monac/mm
958 5447 1124 5504 fuisse
1156 5445 1338 5517 tradit,
1353 5445 1514 5520 'quod
1546 5458 1629 5503 est
1657 5450 1815 5519 longe
1846 5450 1947 5505 ial-

352 5532 648 5572 sussunum.

423 5590 500 5669 (2)
523 5588 762 5669 Euseb?
812 5590 948 5647 Hist.
992 5589 1322 5669 Ecciesiagtq
1355 5591 1603 5669 lib.__vn_,
1634 5605 1754 5665 cap.
1796 5592 1864 5669 Z;
1896 5600 1950 5669 et

347 5660 488 5735 apud
517 5660 789 5735 Galland.,
822 5673 953 5721 tom.
984 5679 1063 5731 tu,
1094 5660 1197 5737 Ep.
1228 5662 1284 5731 8,
1314 5679 1367 5736 p.
1401 5664 1528 5736 523,
1564 5660 1618 5721 in
1652 5660 1764 5721 mit.
1796 5661 1849 5715 5.
1918 5668 1921 5673 ·

2059 5460 2189 5534 (ξοῖῖὲ
2220 5460 2323 5534 Sed
2348 5477 2651 5534 perpaucos
2680 5464 2812 5528 fore,
2845 5466 3014 5534 inquit
3042 5460 3122 5522 Cl.
3155 5468 3423 5532 Marauus,
3462 5460 3514 5524 in

2058 5529 2126 5609 ._S._
2149 5527 2431 5609 Cypriani,
2456 5527 2496 5605 ς
2527 5534 2628 5609 EQ,
2666 5527 2953 5609 pagatim,
3002 5539 3132 5594 edit.
3176 5539 3359 5594 Venet.
3399 5527 3537 5596 i758
3561 5585 3576 5609 ,
3609 5543 3665 5598 in

2054 5599 2457 5682 foliLLarliitror,
2472 5599 2577 5682 'qui
2598 5599 2816 5682 La'mioii
2834 5599 3197 5678 conjecturam
3218 5626 3323 5665 non
3343 5599 3661 5682 explodant.

1998 3878 2577 3921 ὕψ-

2091 4008 2215 4050 cum
2242 3992 2518 4064 Stephano
2546 4009 2684 4067 papa
2711 3998 3007 4054 censebant
3034 3997 3139 4072 (5).
3174 3998 3279 4057 Sed
3310 3999 3378 4056 de
3424 4000 3697 4058 sententia

2091 4085 2348 4156 Stephani
2380 4087 2630 4144 discessit
2672 4090 3014 4160 postmodum
3041 4134 3054 4158 ,
3088 4092 3201 4149 sive
3248 4093 3534 4150 lnereticos
3572 4107 3698 4150 eum

2090 4177 2356 4250 Cypriane
2387 4180 2739 4251 baptizandos
2766 4199 2886 4239 esse
2909 4183 3163 4255 iudicarit
3191 4185 3272 4259 (4)
3297 4228 3311 4253 ,
3344 4186 3464 4242 sive
3508 4186 3696 4243 durius

2090 4272 2350 4341 Stephani
2382 4273 2543 4329 Afros
2574 4275 2656 4329 vel
2696 4278 3235 4345 cxcommunicantis,
3263 4279 3347 4334 vel
3377 4279 3568 4335 saltem
3598 4296 3695 4337 ex-

2086 4368 2629 4424 communicationem
2662 4372 2961 4427 minitantis
3008 4374 3204 4428 factum
3255 4372 3596 4444 improbarit.
3632 4375 3692 4430 Id

2086 4456 2245 4513 docet
2295 4456 2581 4530 Dionysius
2626 4461 3028 4519 Alexandrinus
3074 4464 3141 4519 ad
3190 4465 3395 4522 Sixtum
3446 4466 3689 4539 Dionysii

2087 4551 2316 4606 Rotuaui
2355 4550 2698 4609 decessorem
2740 4556 2966 4625 epistola
2994 4599 3007 4620 ,
3051 4574 3170 4627 qua:
3216 4567 3299 4613 est
3337 4559 3574 4614 secunda
3622 4557 3691 4616 de

2086 4645 2369 4715 Baptismo
2395 4663 2408 4700 :
2443 4665 2463 4698 ι
2501 4647 2606 4702 Sed
2636 4656 2690 4703 et
2712 4648 3045 4706 charissimis
3076 4651 3328 4708 fratribus
3356 4664 3411 4711 et
3441 4669 3688 4724 compre-

2081 4737 2315 4808 sbytcris
2354 4742 2554 4795 nostris
2600 4741 2857 4814 Dionysio
2910 4752 2964 4798 et
3008 4743 3308 4801 Philomcni
3338 4790 3353 4814 ,
3399 4748 3489 4818 qui
3535 4748 3684 4817 prius

2078 4829 2221 4886 idem
2262 4847 2383 4887 cum
2415 4833 2690 4904 Stephano
2720 4847 3033 4905 senserant,
3060 4847 3221 4895 antea
3250 4839 3465 4910 quidem
3496 4840 3681 4896 brevi-

2076 4930 2178 4990 ter,
2210 4941 2348 4981 nnnc
2370 4942 2498 4982 vero
2521 4928 2758 4997 pluribus
2782 4929 2962 4984 verbis
2986 4930 3196 5000 scripsi.
3232 4951 3251 4985 ι
3287 4931 3487 4986 Horum
3514 4933 3681 5003 igitur

2074 5013 2301 5071 duorum
2329 5018 2588 5073 Romame
2612 5020 2867 5075 Ecclesiae
2895 5020 3340 5095 Presbyterorum
3365 5023 3664 5094 Sapientia,

2070 5106 2242 5180 inquit
2268 5108 2350 5164 Cl.
2386 5109 2632 5165 Maranus
2663 5111 2773 5185 (5),
2807 5128 2907 5169 nec
2936 5113 3205 5169 immerito
3234 5115 3535 5187 mitigatum
3561 5117 3675 5173 exi-

2140 5243 2219 5328 (ἦ)
2260 5244 2401 5328 Vide
2434 5244 2710 5328 cantandi
2746 5259 2862 5328 not.
2894 5250 2928 5306 6
2952 5294 2966 5317 ,
2989 5252 3048 5328 in
3084 5251 3181 5328 Ep.
3227 5252 3281 5318 6,
3310 5269 3431 5328 qua:
3469 5266 3550 5311 est
3581 5271 3670 5312 se-

2060 5316 2233 5400 cunda
2261 5316 2327 5400 de
2356 5316 2620 5400 Bapiismo
2643 5319 2710 5374 ad
2738 5316 3061 5400 Sixtum”,
3086 5316 3144 5377 in
3165 5316 3276 5381 hoci
3294 5316 3462 5391 trimo,
3482 5342 3665 5400 supra.

2134 5386 2216 5459 (4)
2260 5387 2332 5442 [ta
2365 5386 2580 5458 quidem
2630 5401 2814 5447 censet
2856 5386 3143 5467 Launoyus
3167 5439 3181 5457 ,
3214 5405 3347 5453 tom.
3380 5386 3504 5461 vui,
3542 5386 3662 5469 pag.

2135 5461 2186 5510 ὖ.
2220 5460 2323 5513 Sed
2348 5477 2651 5522 perpaucos
2680 5464 2812 5522 fore.
2845 5466 3014 5522 innuit
3042 5466 3122 5522 Cl.
3155 5468 3423 5522 Marauus.
3462 5470 3514 5522 in
3547 5470 3662 5522 Vita

3592 5482 3667 5525 ita

2130 5671 2209 5746 (5)
2250 5672 2479 5745 Moram,
2506 5671 2633 5732 loco
2663 5676 2837 5749 citat.,
2873 5671 2993 5755 pag.
3026 5696 3096 5738 Cl.
