3990 6060
385 182 495 238 105

1283 181 1372 237 DE
1403 179 1673 238 SANCTO
1715 179 2028 239 DIONYSIO
2068 179 2353 239 ROMANO
2393 183 2755 242 PONTIFICE

3591 191 3695 246 101

387 307 707 372 argumento
731 299 1001 370 inductus,
1030 298 1170 372 quod
1193 301 1428 355 secunda
1457 301 1696 372 synodus
1722 299 1979 355 adversus
2009 303 2057 361 Α
2086 315 2178 356 eos
2201 309 2403 371 patres,
2435 318 2663 373 quorum
2686 301 3012 372 doctrinam,
3043 305 3210 362 immo
3239 305 3466 378 phrases
3490 313 3546 363 et
3575 322 3697 364 ver-

387 396 613 454 Paulum
655 396 1064 451 Samosatenum
1110 392 1415 448 Antiochia:
1456 394 1731 448 celebrata
1783 395 1853 446 sit
1893 392 1990 446 de-

387 491 571 545 functo
599 488 707 559 jam
739 488 962 543 Claudio
991 486 1259 555 Augusto,
1296 487 1385 556 qui
1415 485 1650 541 decessit
1675 485 1988 540 Aureliano.

389 583 498 639 Nos
533 597 662 638 vero
689 581 853 636 vitam
885 578 1062 632 adhuc
1088 578 1354 633 retinente
1384 576 1632 641 Claudio,
1663 576 1857 648 synodi
1884 575 1993 646 epi-

2095 392 2162 448 ba
2194 394 2486 450 concilium
2520 395 2787 451 nicaanunt
2821 397 3103 468 usurpavit
3133 397 3234 470 (4).

2692 551 2988 592 Λιιτιουιυε
3028 554 3086 592 ΙΙ.

386 678 581 734 stolam
621 675 686 730 ad
733 672 1041 744 Dionysium
1089 671 1389 726 Romanum
1426 681 1479 726 et
1527 671 1661 725 alios
1707 669 1991 740 episcopos

383 772 638 843 scriptam
667 769 837 824 fuisse
867 783 1009 821 anno
1035 765 1142 821 269
1174 781 1460 822 censemus
1490 763 1592 837 (1).

461 864 702 935 Etogium
751 862 814 918 S.
857 860 1094 932 Dionysii
1127 860 1366 915 Romani.
1399 891 1470 900 —
1496 859 1832 915 Eruditionis
1870 860 1978 914 sin-

381 959 584 1032 gularis
637 955 870 1021 laudent,
914 969 1074 1026 quam
1118 953 1404 1020 Eusebius,
1453 952 1592 1008 libro
1641 969 1732 1019 vn,
1775 968 1891 1022 cap.
1931 953 1985 1018 7,

385 1054 526 1109 Hist.
559 1052 762 1117 eccles.,
796 1049 1035 1120 Dionysii
1070 1047 1414 1102 Alexandrini
1461 1047 1768 1101 testimonio
1823 1045 1987 1100 fultus

382 1146 638 1218 Dionysio
680 1153 866 1199 nostro
916 1141 1172 1196 adtribuit
1219 1139 1671 1212 (eruditissimum
1721 1138 1986 1208 planeque

379 1236 754 1293 admirandum
811 1235 986 1288 virum
1033 1247 1156 1288 eum
1215 1230 1556 1302 appellans);
1612 1230 1695 1285 vel
1745 1228 1886 1299 quod
1917 1244 1982 1283 ex

378 1331 496 1401 ejus
525 1327 739 1399 scriptis
768 1334 1016 1396 superest
1047 1323 1426 1395 fragmentum,
1457 1323 1532 1378 illi
1556 1323 1686 1378 satis
1715 1335 1983 1392 superque

376 1422 652 1478 conciliat.
699 1419 754 1474 ln
809 1433 876 1474 eo
931 1417 1058 1476 dum
1113 1415 1406 1471 sabelliana
1465 1413 1749 1485 proﬂigare
1802 1413 1985 1469 studet

375 1523 702 1578 commenta,
727 1513 886 1568 simul
909 1520 962 1566 et
985 1511 1096 1566 Arii
1124 1520 1178 1565 et
1205 1509 1567 1565 tritheitarum
1603 1509 1794 1578 placita
1846 1523 1982 1578 prte—

374 1609 534 1665 rertit
562 1617 721 1678 atque
753 1605 1045 1675 pervertit,
1073 1619 1137 1657 ac
1164 1603 1382 1658 niccenae
1413 1601 1624 1673 synodo
1647 1641 1661 1667 ,
1688 1617 1848 1671 quam
1881 1616 1979 1670 po-

2155 715 2570 788 sttpposititiistac
2585 715 2857 788 prsesertim
2879 719 2942 788 _de
2958 718 3259 788 Fragmenta
3272 715 3502 788 Epistola
3513 723 3572 771 ad
3587 715 3699 788 san;

2153 781 2286 889 gtttﬁn
2312 776 2598 841 Dionysium
2622 779 3008 830 Alexandrinum
3034 776 3125 832 s'eu
3149 776 3566 846 potius'adversus
3603 785 3695 836 Sa-

2192 853 2219 890 e
2263 854 2413 890 ianos.

2161 945 2352 1017 Magno
2409 947 2665 1003 Ecclesiae
2714 949 2912 1005 damno
2965 952 3136 1007 sancti
3195 952 3434 1025 Dionysii
3482 955 3691 1012 romani

2089 1040 2330 1110 episcopi
2361 1041 2559 1110 scripta
2588 1041 2702 1097 fere
2747 1044 2926 1098 omnia
2957 1044 3150 1113 injuria
3179 1056 3480 1116 temporum
3514 1049 3694 1120 perie-

2091 1147 2170 1186 re.
2197 1131 2418 1186 Librqu
2449 1133 2620 1188 edidit
2663 1133 2726 1187 de
2765 1133 2976 1205 Duplici
3002 1135 3201 1192 [heresi
3235 1138 3338 1210 (5).
3390 1139 3500 1196 Nec
3525 1141 3695 1198 semel

2087 1223 2155 1280 de
2178 1225 2277 1280 viri
2311 1227 2486 1297 magni
2514 1227 2976 1284 lucubrationibus
3013 1232 3340 1286 mentionem
3370 1234 3480 1304 egit
3526 1233 3696 1290 Atha-

2088 1319 2312 1374 nasius:
2349 1339 2366 1369 ι
2404 1321 2479 1375 Ex
2514 1320 2754 1392 Dionysii
2793 1321 3022 1378 Romani
3061 1324 3314 1394 operibus
3340 1369 3355 1392 ,
3386 1327 3559 1399 inquit
3588 1327 3691 1401 (6),

2087 1422 2275 1468 contra
2304 1428 2429 1478 eos,
2463 1415 2551 1485 qui
2584 1415 2750 1470 ﬁlium
2785 1417 2876 1472 Dei
2909 1433 3044 1488 opus
3072 1428 3428 1488 asseverant,
3457 1422 3694 1478 ostendi-

2086 1515 2175 1561 tur
2221 1507 2455 1562 ariorum
2507 1507 2755 1563 haeresim
2797 1509 2924 1564 olim
2967 1510 3036 1566 ab
3081 1511 3335 1568 omnibus
3380 1513 3690 1572 damnatam

2084 1599 2271 1656 fuisse.
2305 1621 2323 1653 ι
2362 1601 2536 1657 Verba
2557 1618 2774 1674 quoque
2799 1603 3037 1676 Dionysii
3067 1606 3223 1662 affert
3249 1606 3387 1663 libro
3408 1610 3470 1663 de
3501 1608 3687 1665 Decre-

374 1711 486 1757 stea
513 1709 849 1772 sequeretur,
882 1698 1202 1768 caeterisque
1245 1697 1577 1767 sequendam
1623 1695 1941 1751 decerneret
1962 1737 1975 1761 ,
2011 1702 2056 1762 Β
2086 1698 2148 1752 tis
2201 1697 2402 1767 Synodi
2447 1696 2700 1764 Nicwnw,
2747 1706 2880 1753 tom.
2913 1715 2952 1764 ι,
2984 1714 3107 1771 pag.
3153 1699 3262 1756 275
3285 1745 3300 1767 ,
3335 1710 3444 1757 vet.
3473 1703 3605 1759 edit.
3638 1713 3694 1760 et

372 1796 532 1852 fidem
581 1793 1032 1865 prtemonstravit.
1089 1792 1148 1846 ln
1202 1790 1304 1846 hoc
1347 1800 1606 1860 praeterea
1637 1791 1975 1861 prudentiam

371 1888 628 1960 patefecit
679 1902 875 1953 suam,
928 1884 1068 1956 quod
1118 1885 1172 1938 in
1208 1884 1521 1954 Dionysium
1556 1883 1974 1939 Alexandrinum

372 1981 716 2055 quantumvis
743 1980 984 2051 graviter
1007 1985 1340 2042 accusatum,
1359 1975 1494 2030 nihil
1520 1977 1695 2046 asperi
1719 1977 1801 2031 vel
1821 1976 1974 2042 dixit,

373 2079 458 2133 vel
484 2077 688 2147 gessit:
723 2090 908 2130 verum
964 2089 1068 2127 non
1116 2069 1481 2132 dissimulans,
1519 2087 1678 2140 quam
1706 2086 1866 2140 grave
1895 2086 1980 2126 es-

373 2181 476 2235 set,
511 2169 652 2225 unde
679 2177 1044 2230 accusaretur,
1074 2165 1340 2233 patienter
1366 2164 1640 2229 sustinuit,
1671 2164 1844 2232 quoad
1877 2163 1979 2218 iste

374 2263 570 2337 pracsul
597 2261 811 2317 abunde
836 2259 1195 2322 satisfaceret,
1231 2257 1592 2325 injectantque
1617 2256 1684 2310 de
1715 2271 1774 2310 se
1800 2257 1977 2326 suspi-

374 2360 584 2414 cionem
609 2356 822 2427 penitus
850 2352 1168 2422 depelleret.
1203 2349 1408 2404 Adlttec
1437 2364 1466 2401 a
1496 2349 1622 2402 divo
1651 2348 1851 2402 Basilio
1878 2361 1976 2401 vo-

373 2461 526 2507 catur
552 2448 632 2522 (2)
655 2457 872 2502 sanctus
911 2444 1199 2515 Dionysius
1229 2451 1412 2497 noster
1441 2441 1826 2497 celeberrimus
1853 2455 1975 2496 cum

375 2545 446 2599 ob
492 2541 687 2606 ﬁdem,
723 2549 831 2594 tum
884 2538 954 2593 ob
989 2536 1214 2591 virtutes
1255 2533 1488 2604 reliquas
1526 2533 1768 2604 egregias
1799 2550 1810 2585 ε
1844 2547 1977 2601 prte-

376 2635 565 2691 sertim
600 2649 730 2687 vero
763 2631 944 2686 multis
978 2626 1391 2684 commendatur
1419 2634 1637 2696 propter
1677 2625 1974 2691 charitatis,

377 2723 871 2794 titisericordiwque
915 2722 969 2776 in
996 2720 1237 2791 captivos
1264 2735 1448 2790 opera.
1486 2718 1764 2788 Siquidem
1795 2719 1975 2773 Asiam

378 2822 643 2876 minorem
676 2860 692 2885 ,
759 2817 1112 2873 barbarorum
1165 2829 1288 2869 eum
1341 2812 1529 2882 primis
1583 2811 1978 2867 incursionibus

378 2921 696 2979 evastatam,
741 2926 849 2966 non
897 2909 1094 2964 litteris
1125 2906 1284 2962 modo
1315 2907 1448 2973 suis,
1479 2905 1574 2961 sed
1612 2915 1666 2961 et
1709 2922 1836 2972 aere,
1873 2920 1979 2976 quo

379 3007 795 3064 Christianorum
842 3003 1052 3074 plurimi
1107 3003 1160 3056 in
1215 3001 1522 3056 libertatem
1573 2999 1770 3055 adserti
1827 3009 1972 3064 sunt,

2083 1791 2515 1858 Benedictinor.,
2546 1791 2792 1863 Paris.,§
2821 1790 2913 1856 26,
2945 1806 3067 1862 pag.
3100 1791 3202 1849 251
3233 1803 3289 1848 et
3315 1806 3466 1864 seqq.

2155 1887 2404 1957 Epistola:
2431 1903 2470 1941 ι.
2507 1886 2742 1957 Dionysii
2771 1902 2921 1960 papa:
2947 1886 3015 1939 ad
3045 1885 3349 1959 Dionysium
3377 1888 3688 1946 Alexandri-

2083 2000 2202 2038 num
2233 1984 2432 2038 notitia.
2466 1981 2661 2037 Caussa
2690 1992 2738 2037 et
2783 1984 2980 2037 occasio
3006 1984 3277 2053 exponitur
3296 2000 3360 2038 ea:
3384 1983 3687 2042 Athanasio.

2080 2105 2153 2117 -—
2184 2077 2471 2147 Dionysius
2501 2074 2896 2131 Alexandrinus
2921 2075 3170 2141 antistes,
3212 2076 3301 2130 ubi
3337 2076 3480 2148 apud
3510 2077 3689 2134 Ptole-

2082 2169 2314 2224 maidem
2342 2168 2700 2240 Pentapoleos
2729 2169 2916 2226 urbem
2947 2183 3191 2226 exortam
3221 2173 3428 2228 audivit
3457 2172 3686 2229 Sabellii

2083 2264 2356 2331 haeresim,
2399 2280 2518 2334 qum
2562 2274 2764 2319 sanctae
2792 2263 3072 2320 Trinitatis
3099 2280 3360 2337 personas
3389 2265 3685 2322 confunde-

2082 2361 2194 2427 bat,
2231 2359 2300 2414 de
2349 2359 2450 2415 hac
2505 2358 2736 2432 Xystum
2792 2375 2981 2430 papam
3034 2362 3322 2417 certiorem
3378 2362 3578 2428 facere,
3633 2369 3689 2418 et

2080 2454 2340 2526 quasdam
2374 2471 2437 2510 ea
2490 2455 2558 2511 de
2603 2471 2761 2512 causa
2791 2456 3068 2526 ,epistolas
3110 2473 3140 2512 a
3172 2473 3232 2513 se
3271 2458 3604 2529 conscriptas
3634 2458 3685 2514 ei

2080 2549 2298 2604 mittere
2329 2549 2620 2604 festinavit.
2659 2550 2822 2605 Teste
2852 2562 3030 2606 autem
3077 2552 3310 2608 Eusebio
3330 2596 3345 2620 ,
3373 2568 3403 2607 a
3431 2553 3685 2626 Dionysio

2083 2641 2453 2697 Alexandrino
2485 2661 2505 2694 ‹
2532 2642 2786 2714 Epistolte
2809 2655 2997 2699 contra
3017 2645 3309 2701 Sabellium
3333 2647 3545 2718 scripta:
3563 2655 3686 2703 sunt

2081 2735 2148 2790 ad
2181 2737 2500 2793 Ammonem
2543 2737 2958 2792 Berenicensem
3005 2738 3082 2811 (in
3125 2740 3431 2814 Pentapoli)
3465 2743 3686 2814 Episco-

2085 2847 2229 2900 pum,
2264 2847 2365 2886 una
2395 2830 2462 2884 ad
2489 2829 2880 2900 Telesphorum
2909 2873 2922 2895 ,
2945 2831 3010 2886 ad
3037 2831 3446 2902 Euphranorem
3476 2837 3643 2891 altera
3665 2878 3680 2904 ,

2081 2934 2138 2982 et
2164 2926 2264 2980 alia
2296 2940 2483 2981 rursus
2523 2924 2587 2978 ad
2619 2924 2938 2980 Ammonem
2964 2935 3020 2981 et
3041 2926 3338 2997 Euporum.
3365 2947 3382 2980 ι
3421 2927 3681 2985 Numina-

2084 3021 2179 3076 tim
2207 3035 2336 3077 vero
2361 3019 2602 3092 epistolis
2622 3019 2738 3090 ejus
2759 3018 2826 3074 ad
2848 3021 3168 3078 Ammonem
3190 3033 3245 3078 et
3269 3022 3681 3094 Euphranorem

379 3098 642 3156 recreavit
687 3094 787 3169 (5).
835 3095 995 3151 Divus
1038 3093 1366 3149 Athanasius
1408 3108 1531 3148 eum
1564 3101 1812 3148 recenset
1842 3093 1977 3148 inter

2096 3129 2193 3169 non
2221 3114 2348 3168 nulli
2380 3115 2507 3170 moti
2547 3114 2697 3169 illum
2728 3110 2794 3167 ad
2828 3128 3106 3172 romanum
3138 3093 3445 3186 pontificem
3473 3116 3682 3174 detule-

454 3275 537 3344 (l)
576 3271 792 3328 Videsis
822 3270 1274 3344 observal._Pagii
1301 3270 1353 3344 in
1381 3268 1561 3344 Critia.
1595 3271 1661 3325 ad
1689 3286 1817 3344 anu,
1850 3272 1978 3338 271,

380 3363 436 3402 tt.
465 3341 501 3400 2
522 3341 580 3400 et
607 3359 798 3412 seqq.;
827 3353 882 3396 et
907 3344 1045 3412 apud
1085 3341 1283 3409 Mansi,
1331 3343 1384 3396 in
1426 3341 1637 3396 Collect.
1673 3341 1974 3411 Concilior.,

380 3427 512 3473 tom.
544 3433 581 3482 I,
613 3429 738 3486 pag.
771 3413 908 3469 1091
937 3424 991 3468 et
1020 3429 1172 3486 seqq.

453 3489 532 3562 (2)
590 3484 820 3562 Otunino
862 3494 1065 3562 autem_
1100 3484 1236 3562 nihil
1283 3484 1650 3562 exposcimus
1677 3487 1823 3562 novi,
1883 3487 1978 3562 sed

380 3556 523 3632 quod
553 3568 607 3614 et
642 3559 854 3632 caeteris
895 3558 1022 3611 olim
1051 3557 1222 3632 beatis
1244 3570 1306 3608 ac
1336 3557 1443 3632 Deo
1472 3556 1838 3632 dilecti_s_viris
1871 3559 1981 3632 nsi-

381 3626 548 3688 fatum
593 3639 648 3685 et
693 3628 961 3698 praecipue
989 3628 1143 3681 vobis
1193 3626 1464 3696 (romanis
1517 3628 1881 3696 pontificibus,
1906 3630 1978 3684 ita

382 3703 687 3758 Damasium
717 3715 908 3771 papam
950 3699 1240 3768 alloquitur
1278 3707 1512 3771 sanctus
1539 3699 1786 3769 Basilius)
1820 3701 1981 3756 Novi-

382 3788 503 3829 mus
548 3771 690 3827 enim
718 3769 783 3827 ex
813 3771 954 3826 serie
987 3771 1290 3832 memoriae,
1324 3785 1352 3823 a
1385 3769 1622 3838 patribus
1665 3774 1862 3826 nostris
1894 3774 1978 3827 in-

385 3845 691 3912 terrogatis,
714 3852 770 3898 et
799 3842 992 3897 litteris
1029 3843 1323 3897 etiamnum
1373 3842 1514 3911 apud
1557 3857 1654 3896 nos
1684 3847 1979 3899 asservatis

384 3915 581 3980 edocti,
608 3914 934 3986 Dionysium,
955 3913 1321 3987 beatiSsimum
1353 3913 1504 3987 illum
1534 3915 1867 3987 episcopum,
1888 3917 1977 3987 qui

381 3989 522 4058 apud
549 4002 644 4041 vos
673 3997 728 4041 et
760 3995 903 4040 recta
936 3986 1068 4052 tide,
1111 3996 1165 4041 et
1195 3987 1418 4055 reliquis
1441 3986 1726 4058 virtutibus
1754 3986 1973 4053 enituit,

381 4056 628 4114 inrisisse
673 4058 958 4112 ecclesiam
991 4069 1229 4111 uoSIraut
1275 4056 1685 4122 caesariensem,
1717 4067 1770 4112 et
1800 4071 1978 4129 patres

382 4145 597 4186 noStros
628 4144 723 4198 per
749 4129 1319 4201 litterascousolatnm
1349 4143 1491 4201 esse,
1519 4144 1581 4201 ac
1617 4129 1851 4201 misisse,
1886 4133 1977 4201 qui

381 4203 575 4256 fratres
609 4203 852 4269 captivos
887 4200 1215 4272 redimerent
1245 4199 1332 4272 (S.
1369 4199 1578 4272 Basiil.,
1614 4199 1714 4269 Ep.
1744 4217 1870 4268 Lxx,
1903 4199 1975 4257 al.

383 4288 539 4335 ccxx,
573 4288 692 4342 pag.
728 4271 830 4325 16i
853 4314 867 4335 ,
895 4273 1018 4325 edit.
1055 4271 1226 4325 Paris.
1258 4271 1603 4342 Benedictor).
1637 4272 1898 4329 Observat
1926 4277 1978 4331 in

383 4344 527 4398 hunc
550 4344 607 4397 ὃ.
640 4342 820 4396 Basilii
853 4343 1027 4396 locum
1061 4342 1347 4410 perdoctus
1373 4342 1544 4396 editor
1572 4343 1816 4399 Julianus
1847 4346 1980 4401 Gar-

383 4415 518 4480 nicr,
545 4414 710 4484 quod,
741 4428 861 4483 qua:
885 4414 1107 4467 Basilius
1126 4412 1194 4485 de
1223 4427 1568 4485 romanorum
1599 4416 1974 4485 episcoporum

2083 3219 2226 3264 runt.
2282 3209 2567 3282 Dionysius
2621 3227 2750 3267 vero
2803 3212 3081 3268 Romanus
3120 3226 3234 3266 rem
3278 3210 3408 3266 satis
3466 3226 3682 3282 gravem

2083 3305 2256 3374 duxit,
2283 3317 2338 3362 ut
2364 3308 2821 3377 Alexandrinum,
2859 3311 3004 3382 prius
3032 3311 3259 3366 concilio
3289 3310 3501 3378 habito,
3535 3327 3684 3367 com-

2083 3419 2305 3460 monere
2333 3420 2439 3460 non
2469 3405 2731 3462 differret.

2154 3495 2411 3567 Epistola:
2443 3497 2585 3553 illius
2623 3513 2839 3554 causam
2881 3509 2934 3556 et
2975 3501 3313 3557 occasionem
3359 3499 3682 3556 Athanasius

2083 3591 2136 3646 in
2165 3591 2399 3662 Epistola
2431 3591 2493 3645 de
2531 3594 2779 3647 sententia
2806 3592 3064 3665 Dionysii,
3110 3611 3165 3648 n.
3211 3596 3310 3661 15,
3360 3595 3580 3664 exponit
3627 3594 3682 3649 in

2084 3686 2226 3741 hunc
2278 3685 2497 3741 modum
2545 3685 2625 3760 (7)
2661 3703 2675 3740 :
2713 3705 2732 3739 ‹
2764 3684 2900 3741 Cum
2947 3687 3234 3760 Dionysius
3286 3686 3682 3743 Alexandrinus

2081 3789 2264 3836 contra
2293 3778 2513 3835 Sabellii
2549 3780 2795 3836 Interesim
2827 3779 2895 3835 ad
2925 3780 3248 3837 Ammonem
3284 3791 3338 3836 et
3369 3780 3682 3852 Euphrano-

2081 3891 2196 3930 rem
2225 3875 2402 3929 studio
2433 3875 2709 3946 religionis
2733 3884 3006 3945 permotus
3025 3875 3352 3944 scripsisset,
3371 3875 3587 3946 quidam
3613 3891 3680 3931 ex

2081 3969 2322 4026 Ecclesia
2373 3970 2586 4037 fratres,
2634 3984 2781 4024 sana:
2829 3968 3046 4040 quidem
3099 3967 3360 4023 doctrinae
3402 3969 3672 4037 homines,

2081 4083 2187 4122 non
2213 4067 2466 4122 sciscitati
2499 4077 2676 4122 tamen
2707 4081 2829 4121 eum
2864 4065 3205 4137 (Dionysium
3229 4061 3679 4132 Alexandrinum)

2081 4175 2182 4229 qua
2211 4161 2277 4216 de
2305 4175 2464 4217 causa
2492 4159 2566 4215 ita
2591 4159 2916 4230 scripsisset,
2946 4157 3172 4213 Romam
3195 4156 3272 4230 (8)
3305 4172 3364 4214 se
3379 4157 3675 4223 contulere,

2155 4344 2231 4417 (tl)
2261 4343 2546 4410 Athanas.,
2576 4342 2747 4415 Epist.
2773 4342 2836 4397 de
2863 4342 3112 4417 Synodis,
3149 4359 3203 4417 n.
3240 4343 3329 4408 45,
3359 4343 3677 4417 editLPata-

2082 4414 2237 4480 vitae,
2265 4427 2394 4471 tom.
2424 4431 2463 4482 ι,
2492 4414 2631 4485 part.
2663 4432 2723 4480 ll,
2755 4430 2876 4486 pag.
2907 4415 3034 4470 605.
3055 4417 3120 4470 A.
3143 4415 3202 4469 B.
3224 4414 3451 4481 ;etedit.
3477 4414 3675 4481 Paris.,

383 4486 438 4541 in
483 4487 618 4557 alias
669 4485 927 4557 ecclesias
978 4484 1330 4557 beneficentia
1351 4555 1358 4557 _
1382 4495 1565 4539 narrat
1585 4527 1598 4546 ,
1655 4484 1975 4544 testimoniis
2004 4498 2052 4557 ι)
2078 4488 2467 4553 Montfaucon.,
2495 4484 2624 4542 tom.
2656 4504 2693 4554 ι,
2725 4484 2847 4557 pag:
2875 4487 3000 4541 737.

385 4556 811 4630 eottfirtnetur_et
839 4556 1078 4630 Dionysii
1120 4555 1804 4630 QorittthioruttrEpiscopi
1835 4562 1974 4628 apud

384 4627 864 4704 Eusebium,ﬂ_ist.
897 4629 1100 4694 eccles.,
1129 4628 1220 4704 lib.
1266 4643 1488 4704 tv,_cap.
1521 4628 1609 4704 25,
1635 4641 1689 4685 et
1733 4627 1975 4704 Dionysii

383 4700 730 4756 Alexandrini
758 4700 848 4755 lib.
883 4715 990 4766 vn,
1019 4715 1137 4770 cap.
1169 4700 1233 4764 5,
1265 4709 1319 4755 et
1346 4701 1512 4769 ipsius
1539 4703 1699 4755 etiam
1732 4700 1970 4772 Eusebii,

383 4772 472 4840 qui
507 4778 648 4828 hunc
677 4786 882 4827 morem
918 4772 970 4825 in
1003 4780 1270 4840 postrema
1305 4775 1676 4840 persecutione
1703 4785 1972 4830 serratum

383 4858 415 4897 a
442 4844 693 4901 Romanis
725 4841 890 4898 fuisse
917 4842 1153 4897 declarat
1189 4843 1282 4897 lib.
1307 4859 1380 4908 tv,
1413 4859 1530 4911 cap.
1558 4843 1648 4900 25.
1681 4845 1973 4902 Mentorata

384 4923 562 4986 autem
585 4930 615 4967 a
639 4915 838 4986 Basilio
866 4914 1162 4986 calamitas
1176 4914 1275 4986 sub
1300 4913 1541 4970 Gallieno
1563 4917 1788 4986 contigit
1806 4959 1819 4980 .
1848 4934 1971 4974 cum

385 4982 600 5058 Scythae
625 4984 1034 5058 Cappadociam.
1056 4996 1116 5058 et
1130 4984 1389 5058 finitimas
1409 4986 1652 5058 regiones
1678 4982 1970 5058 vastarent,

388 5056 464 5113 uti
482 5065 709 5129 testatur
734 5056 1066 5112 Soztnnenus
1088 5056 1179 5110 lib.
1209 5072 1266 5120 tt,
1299 5071 1417 5125 cap.
1449 5057 1500 5113 6.
1521 5061 1693 5129 Atque
1720 5076 1783 5114 ex
1813 5056 1977 5118 tantis

387 5128 544 5184 malis
571 5143 819 5198 magnutn
846 5130 946 5183 hoc
973 5131 1169 5183 bonum
1192 5129 1334 5181 eruit
1367 5135 1523 5195 Deus,
1555 5128 1616 5184 ut
1639 5130 1915 5188 christiani
1945 5149 1976 5189 a

387 5199 630 5254 barbaris
661 5198 873 5254 abducti
914 5201 1141 5257 victores
1168 5215 1294 5254 suos
1322 5211 1596 5270 caperent.
1627 5212 1682 5257 et
1713 5203 1779 5258 ad
1823 5202 1976 5260 Chri-

383 5281 526 5344 stum
556 5271 904 5344 adducerent.
927 5270 1078 5344 Unde
1106 5271 1408 5344 Basiliusjn
1441 5272 1607 5342 Epist.
1646 5273 1768 5340 161,
1804 5277 1975 5344 prima

381 5343 596 5416 pietatis
622 5342 828 5416 semina
860 5342 998 5416 apud
1025 5343 1230 5416 (_:'0lhOs
1258 5358 1288 5398 e
1315 5340 1651 5413 Cappadocia
1684 5340 1976 5416 pullulasse

381 5413 458 5468 ait
488 5429 647 5482 opera
683 5413 821 5468 beati
859 5413 1190 5484 Eutychetis.

380 5494 401 5543 ε
455 5485 533 5558 (5)
557 5485 615 5542 S.
650 5484 1218 5560 BasiliusAinsuperjn
1260 5487 1504 5560 lihroide
1531 5488 1734 5560 Spiritu
1767 5503 1973 5556 sancto,

381 5556 521 5626 cap.’
549 5574 695 5625 xxix,
742 5575 794 5612 n.
844 5556 935 5620 72,
969 5571 1088 5627 pag.
1123 5556 1214 5620 60,
1251 5558 1382 5612 edit.
1412 5556 1772 5626 Benedictio,
1804 5563 1973 5618 Paris.

380 5627 563 5703 Sancti
596 5629 833 5703 Dionysii
877 5629 1115 5703 Romani
1135 5629 1455 5703 auctoritate
1488 5631 1654 5688 utitur
1679 5631 1744 5688 ad
1773 5635 1976 5691 conﬁr-

381 5699 604 5761 mandas
636 5699 935 5776 praecipuas
964 5699 1242 5774 religionis
1268 5701 1548 5760 veritates.

2150 4560 2522 4632 (5)7Basnage,
2575 4555 2759 4613 Annal.
2797 4555 3250 4632 ίιξοιὶιηΕεειβδη
3306 4567 3438 4613 tom.
3491 4572 3552 4621 Il,
3611 4557 3678 4614 ad

2077 4629 2357 4696 ann.'259,
2387 4629 2580 4695 nfvm,
2613 4646 2730 4700 pag.
2763 4630 2889 4693 400,
2928 4629 3077 4684 nttllo
3125 4631 3290 4684 citato
3331 4637 3548 4684 auctore
3586 4638 3679 4700 aut

2075 4706 2298 4774 antiquo
2321 4699 2671 4759 monumento
2703 4718 2800 4773 pro
2831 4703 2933 4756 hoc
2957 4700 3096 4756 libro
3130 4701 3364 4771 Dionysii
3396 4702 3457 4755 de
3482 4699 3680 4767 duplici

2077 4775 2300 4826 Ηιιηοεεὶ.
2335 4775 2496 4826 Forte
2521 4776 2566 4826 is
2595 4774 2731 4826 liber
2759 4776 2831 4826 nil
2858 4773 3003 4826 aliud
3031 4782 3133 4826 est.
3173 4787 3332 4826 quam
3355 4771 3574 4826 epistola
3605 4770 3676 4826 ad

2077 4773 2300 4830 Htet'esi.
2335 4775 2496 4832 Forte
2521 4776 2566 4830 is
2595 4774 2731 4829 liber
2759 4776 2831 4830 nil
2858 4773 3003 4828 aliud
3031 4782 3133 4838 est,
3173 4787 3332 4842 quam
3355 4773 3574 4840 epistola
3605 4773 3672 4826 ad

2079 4848 2390 4925 Dionysium
2424 4846 2952 4925 Alexattdritt_ttm,_itt
2982 4861 3084 4925 qua
3114 4843 3383 4925 duplicem
3422 4841 3672 4925 haeresim

2077 4930 2133 4975 et
2156 4913 2540 4986 tri'theitarum,
2574 4927 2630 4975 et
2669 4917 2888 4974 Sabellii
2914 4913 3212 4972 confutavit
3238 4913 3513 4969 Romanus
3543 4913 3673 4969 Dio-

2075 5006 2280 5046 nvsms.

2113 5007 2626 5135 Υῗὲςεᾮηιιτιηειςίιιε,
2659 5071 2790 5118 tom.
2825 5077 2862 5125 ι,
2895 5055 3453 5135 ρυρηβᾱίιηὶξριλὶεη
3508 5055 3670 5124 1627,

2077 5128 2337 5204 νεέίὸὃὸ
2375 5145 2430 5189 et
2459 5128 2619 5200 918,
2643 5145 2697 5189 et
2722 5135 2850 5189 edit.
2909 5128 3196 5204 Patavinae,
3231 5128 3388 5193 1777,
3433 5136 3563 5182 ιοιη.
3587 5144 3670 5204 Δρ,

2077 5199 2215 5276 part.
2236 5221 2273 5268 I,
2304 5207 2366 5260 de
2387 5199 2650 5262 Sententia
2665 5205 2920 5276 Dionysii,
2947 5219 3067 5274 pag.
3093 5199 3196 5257 198
3222 5211 3276 5256 et
3296 5216 3473 5272 seqq.,
3498 5215 3549 5256 ιι.
3582 5200 3669 5265 15,

2078 5286 2134 5333 et
2161 5287 2295 5348 part.
2328 5293 2386 5344 ll,
2419 5296 2471 5332 ιι.
2507 5279 2612 5343 45,
2645 5294 2764 5348 pag.
2794 5276 2920 5332 605.

2153 5340 2230 5422 (7)
2265 5340 2548 5422 Albanas,
2586 5340 2660 5404 ἅθ’
2686 5340 2834 5404 Svent.
2861 5348 3100 5419 Dionys.,
3137 5361 3190 5399 η.
3230 5343 3316 5407 1⁸5,
3347 5358 3465 5414 pag.
3495 5340 3597 5397 198
3620 5350 3674 5398 et

2078 5419 2255 5490 seqq.,
2283 5429 2373 5476 ett.
2408 5419 2536 5476 edit.
2563 5422 2745 5475 Patav.

2155 5485 2234 5564 (8)
2263 5493 2500 5566 Subinde
2527 5491 2698 5566 Julius
2719 5492 2760 5566 l_,
2791 5491 2961 5566 Epist.
2994 5507 3123 5566 1,_n.
3154 5487 3248 5566 22,
3273 5501 3401 5566 cum
3423 5485 3671 5566 cusebia-

2082 5557 2175 5620 nis'
2197 5557 2339 5634 quod
2363 5579 2426 5637 se
2459 5564 2627 5619 inscio
2656 5557 2982 5637 Athanasius
3011 5557 3414 5637 alexandrinum
3457 5557 3673 5637 episeo-

2083 5626 2227 5706 pum'
2258 5635 2693 5709 condemnasset,
2717 5635 3088 5709 expostulavit
3135 5631 3216 5685 his
3239 5626 3435 5709 .verbis
3464 5626 3534 5679 :t
3566 5627 3674 5709 Qui:

2083 5698 2262 5763 autem
2328 5706 2397 5764 de
2451 5698 2817 5764 alexandrina
2851 5705 3078 5764 ecclesia
3141 5698 3480 5773 potissimum
3537 5698 3669 5756 nihil
