3990 6060
251 188 365 248 505

1155 183 1246 243 DE
1282 181 1552 245 SANCTO
1581 180 1899 242 DIONYSIO
1937 177 2223 238 ROMANO
2261 176 2651 241 PONTIFICE.
2698 175 2717 196 ⁴

3472 183 3576 244 106

247 305 541 381 ἱΙΙιιιιιαιιε
575 301 717 374 apud
776 301 1152 375 cognominem
1200 302 1511 376 Dionysium
1552 301 1852 358 Romanum
1880 297 2171 364 Avidetur
2219 297 2436 353 Baronii
2483 297 2776 355 sententia.
2817 295 3001 356 Primo
3045 284 3191 358 enim
3238 299 3572 362 Athanasius

249 399 584 469 Episcopum
616 404 959 458 accusarunt.
991 416 1010 449 ι
1037 396 1177 467 quod
1205 395 1456 451 nimirum
1481 436 1499 459 ,
1527 404 1582 451 ut
1619 404 1674 451 et
1699 392 1868 450 Atha-

249 492 475 555 nasius,
525 488 655 544 ibid.
685 504 837 544 num.
888 489 946 555 4,
976 489 1188 560 prodit,
1223 489 1274 543 in
1301 488 1554 560 praedicta
1587 486 1826 556 Epistola
1847 528 1862 554 ,

247 600 308 640 ιι.
347 585 404 649 ὃ,
436 582 701 638 dixisset:
733 601 752 635 ι
778 581 925 652 Opus
950 590 1003 636 et
1028 596 1142 638 rem
1171 580 1367 636 factam
1389 594 1510 637 eSse
1533 578 1723 635 Filium
1749 578 1863 647 Dei,

248 692 367 734 non
400 685 586 732 natura
612 675 915 747 proprium,
942 674 1040 730 sed
1067 674 1303 730 alienum
1331 689 1362 728 a
1384 673 1543 728 Patre
1568 669 1865 728 secundum

246 769 636 833 substantiam,
691 765 865 838 qualis
916 776 1003 822 est
1050 767 1289 838 agricola
1332 780 1363 820 a
1391 765 1498 821 vite
1523 805 1540 831 ,
1574 773 1629 820 et
1653 762 1806 819 faber
1833 778 1866 819 a

248 862 454 931 scapha
476 880 490 917 :
512 860 717 916 etenim
739 874 860 915 cum
890 859 960 915 sit
976 873 1064 914 res
1093 858 1253 926 facta,
1280 873 1385 914 non
1408 865 1547 923 erat,
1576 865 1864 927 antequam

249 956 428 1013 ﬁeret.
460 954 673 1023 Quibus
698 952 895 1007 auditis
924 971 971 1019 ι,
1021 951 1194 1022 inquit
1225 950 1572 1018 Athanasius,
1602 964 1751 1004 num.
1773 948 1863 1016 15,

257 1068 276 1103 ι
314 1050 605 1122 Dionysius
652 1047 838 1104 Romae
882 1045 1173 1118 episcopus
1214 1045 1434 1115 scripsit
1461 1042 1562 1118 (i).
1594 1054 1645 1100 et
1676 1052 1865 1100 contra

251 1144 484 1202 Sabellii
529 1153 849 1209 sectatores,
907 1151 961 1197 et
1008 1149 1199 1197 contra
1244 1154 1359 1208 eos,
1391 1139 1480 1211 qui
1521 1138 1639 1209 ejus
1684 1145 1868 1194 essent

258 1239 550 1295 sententia:
603 1237 783 1311 (cujus
838 1236 1125 1308 Dionysius
1178 1233 1574 1291 Alexandrinus
1628 1241 1868 1290 assertor

255 1333 597 1405 putabatur),
647 1340 703 1388 et
734 1350 748 1388 :
778 1330 860 1389 Ob
903 1345 1063 1402 quam
1092 1328 1253 1384 Arius
1286 1336 1472 1399 postea
1522 1327 1590 1382 ab
1621 1325 1865 1382 Ecclesia

249 1427 470 1498 ejectus
495 1435 591 1481 est.
617 1423 846 1495 Scripsit
872 1422 957 1494 (2)
997 1436 1213 1493 quoque
1254 1420 1321 1475 ad
1366 1412 1680 1492 Dionysium
1716 1418 1866 1492 (Ale-

254 1518 606 1585 xandriuum)
640 1516 878 1582 litteras,
908 1523 967 1569 ut
992 1513 1310 1585 explanaret
1335 1527 1419 1577 ea,
1458 1501 1534 1567 'de
1574 1511 1769 1583 quibus
1796 1512 1865 1568 ab

251 1612 369 1666 illis
421 1610 702 1682 (fratribus
747 1622 910 1679 supra
958 1606 1296 1679 memoratis)
1328 1615 1608 1661 accusatus
1630 1608 1858 1660 fuerat.»

1971 389 2213 461 Dionysii
2270 390 2503 445 Romani
2555 401 2743 446 contra
2793 392 3124 450 sabellianos
3164 410 3305 463 Opus
3348 396 3583 467 simplici

1970 483 2136 540 verbo
2165 482 2359 557 ἐγράψε
2402 481 2687 554 designat;
2728 499 2792 540 ac
2829 484 2954 540 inde
2984 486 3207 557 adjicit:
3240 490 3497 546 ἐπέστειλε
3527 488 3585 547 δέ

1971 579 2057 633 καί
2092 578 2338 650 Διονυσίῳ
2372 593 2387 630 :
2420 577 2510 633 ubi
2558 579 2838 649 particula:
2881 578 2935 635 δὲ
2976 583 3062 636 καί
3098 580 3412 638 distinctum
3453 584 3583 653 quid

1970 677 2157 725 notant
2177 713 2193 738 ,
2241 670 2467 726 verbum
2500 673 2757 730 ἐπέστειλε
2776 716 2789 735 ,
2820 672 3107 742 Epistolam
3132 678 3336 749 scripsit
3365 681 3584 747 proprie

1969 772 2148 829 sonat,
2170 777 2235 818 ac
2247 762 2489 834 subjecta
2513 779 2619 819 vox
2637 768 2905 837 Διονυσίῳ,
2926 768 3012 821 cui
3033 768 3291 839 inscripta
3316 782 3434 827 erat
3452 771 3585 844 Epia

1971 855 2104 909 stola
2147 855 2261 923 illa,
2296 855 2520 911 indicat.
2556 856 2676 927 Ipsa
2704 857 2871 913 etiam
2904 858 3091 914 decori
3122 861 3282 926 ratio,
3328 862 3495 919 immo
3526 873 3584 922 et

1969 948 2196 1018 acquitas
2229 949 2559 1018 postulabat,
2592 958 2651 1004 ut
2678 965 2938 1006 romanus
2979 950 3220 1021 pontifex
3248 963 3408 1010 tantae
3434 956 3583 1012 sedis

1969 1041 2221 1111 antistiti,
2260 1043 2438 1114 qualis
2462 1052 2583 1099 erat
2609 1044 3017 1111 alexandrinus,
3053 1046 3185 1102 tanti
3217 1048 3415 1115 meriti,
3449 1059 3586 1106 tam-

1970 1151 2075 1205 que
2102 1149 2251 1192 arcta
2280 1151 2403 1192 cum
2426 1138 2667 1194 romanis
2692 1139 3016 1208 praesulibus
3044 1141 3278 1203 amicitia
3308 1143 3582 1215 devincto,

1969 1229 2144 1299 qualis
2175 1239 2295 1284 erat
2329 1230 2650 1302 Dionysius,
2685 1248 2781 1299 ea,
2815 1250 2936 1305 qua:
2975 1234 3234 1291 adversus
3264 1237 3413 1293 illum
3441 1239 3588 1297 dicta

1971 1321 2217 1391 fuerant,
2247 1333 2303 1381 et
2333 1339 2454 1395 qua:
2484 1325 2554 1381 de
2590 1325 2657 1381 iis
2701 1336 2849 1383 esset
2876 1331 3142 1385 sententia
3185 1346 3440 1398 romana,
3474 1335 3585 1403 pri-

1969 1414 2109 1468 vatis
2134 1416 2364 1483 litteris,
2400 1433 2507 1472 non
2539 1418 2757 1489 publico
2784 1419 2991 1491 scripto
3015 1432 3140 1478 nota
3178 1422 3403 1480 faceret.
3433 1425 3582 1482 Prte-

1969 1517 2120 1566 terea
2146 1511 2438 1582 Dionysius
2459 1512 2740 1570 Romanus
2766 1515 2816 1569 in
2846 1531 3012 1586 opere
3032 1528 3221 1573 contra
3255 1520 3583 1577 sabellianos

1970 1617 2077 1659 non
2117 1620 2281 1659 unum
2321 1606 2653 1676 singularem
2698 1609 3043 1679 episcolium,
3085 1610 3180 1673 sed
3226 1612 3407 1682 plures
3438 1613 3580 1670 allo-

252 1703 334 1759 De
364 1678 555 1759 iisdem
598 1702 793 1758 litteris
822 1702 967 1758 idem
988 1678 1341 1769 Athanasius,
1372 1700 1463 1756 lib.
1499 1700 1568 1755 de
1596 1699 1859 1771 Synodis,
1890 1678 1938 1738 Β
1965 1695 2167 1765 quitur.
2212 1696 2455 1768 Denique
2501 1701 2553 1753 in
2607 1700 2924 1772 Dionysium
2974 1718 3067 1759 seu
3108 1678 3444 1773 animum,
3488 1723 3588 1764 seu

249 1813 311 1853 ιι.
339 1797 447 1863 45,
491 1797 607 1852 haec
653 1796 931 1852 memoria:
977 1794 1380 1851 commendavit
1411 1810 1423 1847 :
1455 1812 1474 1845 ι
1503 1792 1639 1848 Cum
1683 1801 1865 1848 autem

254 1890 477 1962 quidam
524 1889 591 1945 ad
643 1888 945 1945 Romanum
1000 1889 1330 1959 Episcopum
1382 1887 1452 1943 de
1500 1887 1867 1945 Alexandrino

252 1985 603 2050 detulissent,
655 1984 800 2055 quod
853 1983 1047 2039 Filium
1095 1999 1208 2039 rem
1252 1982 1446 2038 factam
1493 1993 1546 2038 et
1583 1981 1726 2037 Patri
1756 1997 1863 2037 non

249 2077 770 2134 consubstantialem
815 2076 1148 2143 afﬁrmaret,
1204 2076 1448 2131 Romana
1491 2074 1743 2147 Synodus
1782 2073 1863 2147 (5)

249 2189 372 2229 rem
402 2172 619 2244 indigne
647 2172 800 2237 tulit;
841 2172 1117 2230 Rmnanns
1159 2180 1341 2227 autem
1387 2170 1686 2242 Episcopus
1725 2173 1861 2226 scri-

251 2268 360 2338 ptis
391 2267 457 2322 ad
486 2267 863 2340 cognominem
889 2282 1045 2324 suum
1076 2267 1289 2334 litteris,
1313 2270 1554 2323 omnium
1578 2269 1668 2337 (ea
1691 2267 1759 2322 de
1777 2264 1861 2337 re)

248 2361 581 2417 sententiam
610 2373 795 2416 notam
820 2360 871 2416 ei
902 2361 1045 2416 fecit.
1080 2381 1100 2415 ι

329 2451 687 2508 ΑιΙιαιιαεὶαηα
711 2453 862 2508 verba
890 2454 1271 2523 expenduntur.
1308 2454 1489 2512 Potior
1518 2455 1733 2512 Barom'i
1752 2473 1865 2511 sen-

257 2547 427 2603 tentia
465 2547 822 2620 distinguentis
861 2550 1106 2620 scriptum
1147 2548 1387 2622 Dionysii
1428 2551 1647 2607 Romani
1685 2561 1866 2606 contra

250 2640 553 2698 Sabellium
582 2642 643 2695 ab
671 2642 899 2711 ejusdem
935 2642 1171 2715 Epistola
1212 2642 1465 2717 Dionysio
1510 2646 1865 2701 Alexandrino

249 2733 534 2805 inscripta.
561 2762 630 2773 —-
671 2734 938 2805 Scriptura
993 2734 1127 2790 illud
1171 2735 1326 2806 cujus
1372 2735 1551 2807 priore
1594 2736 1716 2792 loco
1744 2752 1862 2793 me-

248 2828 416 2884 minit
446 2826 809 2895 Athanasius,
839 2828 908 2885 ab
945 2829 1184 2899 Epistola
1216 2829 1283 2885 ad
1324 2830 1668 2901 Dionysium,
1700 2846 1862 2902 quam

253 2924 452 2982 exinde
480 2925 573 2980 ille
599 2932 902 2991 memorat,
945 2925 1382 2997 distinguendum
1428 2940 1552 2982 esse
1595 2926 1863 2981 Baronius

250 3027 443 3078 censet
474 3038 489 3073 :
521 3018 615 3074 alii
642 3018 714 3075 de
738 3019 840 3075 hac
866 3034 926 3075 re
946 3018 1193 3074 dubitant
1217 3016 1319 3092 (ι).
1354 3018 1461 3075 Sed
1493 3020 1672 3091 potior
1701 3014 1859 3074 nobis

250 3155 515 3227 scriptum
539 3154 657 3209 est?
681 3156 759 3227 An
789 3154 1048 3227 ignoratis
1075 3152 1213 3209 hanc
1240 3167 1363 3227 esse
1387 3151 1857 3227 consuetudinem,

251 3242 313 3280 ac
349 3223 581 3295 primum
612 3226 882 3281 scribatur
912 3226 1086 3293 nobis,
1125 3235 1178 3280 et
1211 3225 1334 3281 hinc
1366 3224 1508 3295 quod
1546 3223 1748 3294 justum
1777 3233 1863 3278 est

249 3298 646 3354 decernatur?»
684 3297 811 3352 Haec
854 3308 1033 3352 autem
1070 3296 1408 3351 consuetudo
1462 3311 1587 3349 num
1623 3295 1861 3354 Dionysii

251 3370 595 3438 temporibus
620 3369 893 3439 antiquior
915 3369 1006 3435 sit,
1031 3369 1372 3438 ignoramus;
1405 3366 1490 3422 hic
1516 3376 1664 3421 certe
1689 3366 1859 3439 Atha-

251 3443 444 3496 nasius
497 3438 832 3495 alexandrini
882 3440 1119 3509 cpisc0pi
1170 3439 1442 3495 delatores
1494 3453 1601 3509 non
1655 3438 1855 3509 citlpat,

252 3512 401 3583 quod
427 3527 625 3567 nomen
651 3513 773 3583 ejus
799 3510 866 3567 ad
896 3507 1176 3565 romanum
1202 3509 1516 3583 pontificem
1543 3507 1857 3583 detulerint,

253 3580 351 3639 sed
386 3582 527 3651 quod
552 3580 700 3651 prius
723 3598 844 3652 qua:
868 3597 994 3638 vera
1022 3590 1167 3638 esset
1196 3581 1341 3637 illius
1376 3583 1644 3637 sententia
1672 3580 1860 3636 scisci-

254 3656 359 3711 tari
395 3655 775 3710 ucalexissettl.

330 3726 416 3796 (l)
442 3723 627 3781 (ἔνερθε
644 3728 906 3802 finio-rsth
935 3725 990 3783 δὲ
1007 3731 1373 3802 ΔιεὲοιίΔΔιονυςηῷ
1401 3724 1628 3802 delitigat
1647 3729 1768 3802 περί
1792 3721 1858 3780 ὧν

252 3795 494 3868 εἱρῆκασι
543 3798 656 3853 κατ’
712 3800 905 3864 αὐτοῦς
968 3799 1053 3853 ubi
1110 3795 1428 3854 Pearsonius
1478 3795 1725 3858 delibo-as"
1763 3812 1860 3865 pro

252 3869 523 3934 δηλῶσαι,
552 3869 835 3939 legendum
878 3884 1000 3924 esse
1041 3868 1342 3940 conjectat;
1377 3869 1620 3939 adeoque
1666 3870 1860 3940 Diony-

250 3943 398 3996 sium
429 3941 729 3995 Romanum
758 3939 1122 3996 Alexandrino
1148 3939 1479 4007 scripsisse,
1518 3950 1576 3996 ut
1614 3957 1733 4011 quae
1760 3939 1859 3996 ad-

253 4027 457 4068 versus
496 4012 669 4081 ipsum
712 4012 853 4067 dicta
908 4012 1148 4076 fuerant,
1176 4022 1303 4067 nuta
1347 4013 1396 4070 ei
1434 4014 1652 4068 laceret.
1686 4013 1753 4067 Et
1796 4026 1859 4067 ea

251 4084 479 4155 quidem
522 4084 826 4151 conjectura
872 4099 995 4139 cum
1053 4083 1329 4139 Athanasii
1378 4084 1688 4140 narratione
1728 4084 1861 4140 satis

250 4156 519 4223 conteret,
553 4170 725 4226 eoque
755 4155 872 4210 veri
905 4155 1117 4210 videtur
1143 4156 1388 4222 similior,
1417 4155 1558 4226 quod
1581 4155 1862 4224 ignorabat

253 4227 552 4298 Dionysius
601 4226 1027 4298 Alexandrinus,
1073 4242 1194 4298 quae
1222 4227 1508 4282 adversum
1552 4240 1612 4298 se
1655 4226 1860 4295 prolata

252 4297 465 4361 essent,
499 4312 601 4354 nec
625 4297 841 4352 aliunde
872 4300 974 4352 nisi
1002 4299 1217 4366 scriptis
1241 4314 1307 4353 ex
1336 4299 1471 4353 urbe
1498 4297 1675 4352 missis
1699 4312 1861 4352 com-

327 4372 438 4424 rirc
472 4378 714 4440 poterat.
753 4367 861 4423 Sed
894 4371 1021 4440 quia
1058 4385 1165 4424 non
1204 4371 1308 4424 alia
1345 4370 1415 4425 de
1454 4383 1615 4424 causa
1653 4370 1862 4424 curavit

304 4439 551 4513 ionysins
584 4440 861 4513 Romanus
890 4439 1288 4503 Alexandrino,
1321 4455 1443 4511 quae
1470 4449 1659 4495 contra
1685 4441 1858 4513 ipsum

256 4511 413 4566 dicta
438 4511 694 4575 fuerant.
740 4511 1009 4577 indicare,
1059 4513 1160 4567 nisi
1191 4522 1251 4566 ut
1282 4518 1326 4567 is
1360 4528 1512 4566 suam
1558 4526 1723 4577 super
1754 4512 1862 4565 illis

256 4596 499 4638 mentem
526 4597 592 4639 ac
617 4581 938 4638 sententiam
976 4586 1303 4653 explicaret,
1339 4583 1473 4639 nihil
1514 4591 1598 4638 est
1642 4582 1862 4651 periculi

257 4657 523 4710 utramvis
552 4655 842 4710 lectionem
880 4656 999 4722 quis
1030 4667 1305 4725 sequatur.
1338 4654 1536 4710 Verum
1565 4654 1710 4724 quod
1742 4654 1863 4707 Dio-

259 4727 450 4798 nysius
494 4726 890 4798 Mesandrinus
918 4726 1114 4782 exinde
1164 4727 1406 4798 pl‘ll‘Slilil
1427 4767 1442 4792 ,
1482 4742 1543 4781 ea
1566 4767 1580 4791 ,
1611 4740 1731 4794 quae
1760 4726 1863 4798 sibi

259 4795 471 4867 objecta
502 4798 715 4852 inerant
742 4797 977 4866 diluens,
1013 4795 1282 4868 vulgatam
1312 4798 1599 4854 lcetionem
1630 4795 1863 4866 quodam

259 4869 421 4923 modo
450 4871 762 4925 conﬁrmat.

337 4937 736 5014 (ἢλλιιιδιιεεη
762 4941 847 4994 tib.
880 4941 944 4997 de
963 4941 1191 5014 Synod.,
1211 4958 1266 4998 ιι.
1289 4941 1382 5008 45,
1415 4948 1560 4999 tomo
1581 4957 1619 5009 ι,
1644 4948 1782 5011 part.
1805 4955 1864 5008 ιι,

258 5010 397 5084 pag:
574 5012 707 5067 edit.
741 5021 918 5079 ναίειν.

370 5082 427 5146 3)
463 5081 592 5155 tiinc
612 5084 996 5152 comprobatur
1016 5085 1280 5142 hactenus
1300 5094 1557 5141 constans
1585 5099 1736 5150 usus,
1762 5099 1869 5155 quo

258 5153 487 5227 romani
517 5155 792 5223 pontiﬁces
833 5157 903 5213 de
940 5159 1101 5212 rebus
1136 5157 1203 5211 ad
1239 5173 1298 5212 se
1340 5158 1535 5225 delatis
1576 5159 1704 5212 nihil
1739 5153 1867 5227 pro-

258 5224 526 5282 nuntiare
549 5227 661 5302 sine
682 5228 895 5302 synodo
921 5229 1191 5285 solebant.
1225 5228 1358 5284 Eum
1390 5224 1605 5302 quoque
1637 5224 1865 5295 rnorem,

259 5312 370 5366 quo
420 5297 619 5369 synodi
662 5297 876 5357 decreta
932 5302 1152 5355 nomine
1199 5317 1300 5355 suo
1348 5297 1565 5356 mittere
1625 5314 1688 5354 ac
1743 5313 1870 5355 nota

257 5367 464 5443 facere
496 5367 658 5425 iidem
702 5371 986 5443 pontiﬁces
1015 5383 1443 5432 consueverant.
1490 5369 1669 5426 firmat
1706 5371 1873 5425 Atba«

259 5441 484 5515 nasins,
532 5458 655 5497 cum
689 5441 893 5500 litteras
936 5445 1002 5499 ad
1043 5444 1451 5500 alexandrinum
1498 5444 1814 5515 episcopum
1845 5456 1876 5498 ε

258 5512 484 5586 synodg
506 5516 700 5586 missas
736 5516 991 5586 Dionysio
1024 5532 1174 5583 papae
1199 5516 1480 5571 adscribit.

333 5580 653 5659 (ejvnlesis
678 5580 994 5651 Tillemont,
1014 5580 1316 5659 νΜέιιιοὶνεε,
1343 5597 1482 5659 ιοιιιζ
1499 5602 1576 5649 tv,
1603 5602 1725 5659 pag.
1748 5586 1878 5659 142,

260 5669 357 5729 sur
393 5653 456 5711 S.
491 5655 683 5726 Denis,
730 5674 905 5729 papa,
958 5658 1089 5715 édit.
1143 5660 1410 5724 Bruxell.;
1447 5653 1698 5728 Ceillier;
1739 5658 1873 5715 Hist.

262 5728 475 5806 geriem
508 5736 636 5786 tom.
675 5728 753 5794 ιιι,
782 5744 904 5802 pag.
929 5731 1057 5806 527,
1088 5731 1144 5787 in
1176 5740 1289 5789 not.
1322 5747 1373 5789 a.

720 5823 997 5887 Panem.
1040 5804 1121 5887 ν.

1970 1787 2398 1845 Alexandrinum
2445 1792 2669 1848 minimc
2717 1795 2977 1850 convenit
3022 1796 3251 1854 subnexi
3301 1797 3590 1872 fragmenti

1971 1879 2276 1947 exordium,
2308 1882 2362 1937 in
2389 1898 2496 1953 quo
2532 1884 2820 1964 Dionysius
2849 1887 3125 1943 Romanus
3148 1897 3259 1946 tres
3294 1890 3533 1949 Deitates
3554 1907 3588 1948 a

1969 1971 2295 2043 quibusdam
2326 1974 2506 2031 induci
2533 1977 2813 2047 praefatus,
2837 1980 3019 2035 statim
3045 1981 3287 2053 adjnngit
3314 2002 3328 2038 :
3358 2002 3377 2035 ι
3408 1984 3587 2041 Audio

1970 2066 2116 2120 enim
2146 2067 2409 2136 quosdam
2430 2110 2443 2129 ,
2474 2069 2565 2139 qui
2596 2069 2842 2126 divinum
2873 2070 3110 2127 Verbum
3141 2075 3284 2145 apud
3314 2090 3410 2131 vos
3441 2092 3584 2147 prae-
3652 2093 3661 2100 ’

1969 2156 2181 2223 dicant,
2215 2168 2270 2215 ct
2297 2160 2529 2229 docent,
2564 2162 2726 2234 hujus
2754 2164 3025 2235 opinionis
3052 2169 3341 2238 magistros
3369 2183 3513 2225 esse.
3556 2189 3577 2224 ι

1968 2250 2085 2308 Νυη
2113 2253 2256 2308 ειιίιιι
2292 2254 2337 2309 is
2365 2256 2600 2311 amicum
2631 2258 2780 2327 vagis
2810 2273 2873 2312 ac
2898 2259 3245 2329 generalibus
3273 2262 3583 2331 hujusmodi

1970 2344 2149 2400 verbis
2186 2348 2473 2418 arguebat,
2503 2349 2597 2403 sed
2635 2350 2904 2419 speciales
2939 2352 3039 2421 ipsi
3071 2354 3322 2409 mittebat
3356 2364 3581 2412 senten-

1970 2437 2073 2494 tias
2099 2452 2165 2494 ex
2189 2439 2410 2509 scriptis
2440 2439 2585 2496 illius
2613 2454 2923 2514 excerptas,
2952 2456 3008 2500 et
3038 2454 3098 2501 ut
3125 2461 3221 2503 eas
3242 2447 3582 2519 explauaret,

1968 2533 2314 2588 admonebat.

2038 2625 2292 2696 Epistolas
2308 2643 2342 2681 tt
2360 2624 2408 2700 (i
2422 2627 2465 2700 ),
2483 2646 2570 2684 seu
2601 2632 2770 2702 aperis
2788 2631 3025 2703 Dionysii
3039 2650 3189 2704 papa:
3208 2637 3452 2693 adversus
3474 2639 3577 2695 Sa-

1968 2718 2215 2775 bellianos
2270 2718 2578 2790 Fragmenti
2623 2723 2823 2778 notitia.
2858 2754 2927 2763 —
2961 2724 3175 2795 Insigne
3220 2726 3580 2799 fragmentum

1968 2811 2229 2882 Epistolas
2294 2823 2482 2869 contra
2546 2814 2872 2871 sabellianos
2927 2832 2959 2872 a
3014 2817 3271 2890 Dionysio
3336 2820 3583 2878 Romano

1965 2917 2199 2961 exarata:
2237 2906 2499 2963 debemus
2548 2909 2879 2975 Athanasio,
2915 2923 2944 2963 a
2984 2924 3091 2980 quo
3131 2911 3185 2964 in
3234 2910 3478 2981 Epistola
3508 2914 3578 2972 de

1968 2999 2213 3058 Decretis
2244 3001 2467 3058 nicmnae
2513 3002 2705 3074 synodi
2749 3019 2899 3057 num.
2924 3001 3016 3070 26,
3050 3004 3130 3059 sic
3172 3004 3422 3060 laudatur
3453 3004 3534 3079 (2)
3563 3024 3580 3062 :

1893 3083 1940 3149 C
1977 3112 1997 3146 ι
2035 3094 2320 3167 Dionysius
2339 3109 2555 3165 quoque
2580 3094 2769 3149 Romae
2788 3094 3091 3165 Episcopus
3120 3096 3365 3151 scribens
3390 3110 3579 3154 centra

1964 3186 2313 3250 sabelliauos,
2346 3186 2610 3241 adversus
2643 3186 2785 3251 illos,
2820 3185 2912 3254 qui
2946 3185 3143 3241 talia...
3179 3186 3410 3259 (scilicet
3438 3190 3580 3248 Ver-

1967 3279 2091 3334 bum
2121 3278 2318 3334 l‘actum
2365 3287 2422 3334 et
2462 3287 2710 3333 creatum
2739 3276 2884 3350 esse)
2925 3277 3128 3333 audent
3168 3278 3385 3349 dicere,
3438 3282 3582 3339 indi-

1962 3381 2157 3445 gnatur
2206 3370 2291 3427 his
2329 3371 2528 3427 verbis.
2576 3390 2594 3423 ι
2631 3371 2710 3426 Ex
2755 3386 2824 3428 eo
2874 3386 3042 3442 opere
3090 3383 3409 3443 excerptum
3458 3385 3579 3443 est,

1962 3467 2106 3537 quod
2131 3465 2271 3521 idem
2294 3465 2640 3530 Athanasius,
2668 3465 2899 3535 epistola
2922 3465 2993 3521 de
3021 3469 3290 3522 sententia
3318 3468 3578 3540 Dionysii,

1962 3575 2111 3614 num.
2142 3558 2233 3625 15,
2261 3568 2449 3613 contra
2480 3557 2848 3622 sabellianos,
2887 3568 2944 3614 et
2970 3573 3099 3623 eos,
3130 3559 3222 3628 qui
3252 3558 3373 3630 ejus
3395 3568 3580 3616 essent

1962 3653 2269 3713 sententiae.
2300 3649 2371 3704 ob
2398 3665 2559 3720 quam
2586 3649 2752 3705 Arius
2782 3649 2850 3704 ab
2878 3649 3121 3706 Ecclesia
3153 3660 3341 3721 postea
3373 3652 3580 3723 ejectus

1963 3754 2080 3812 est,
2132 3745 2396 3814 scriptum
2447 3742 2613 3810 dicit,
2641 3742 2914 3813 quodque
2953 3743 3021 3797 ab
3063 3744 3289 3813 epistola
3335 3745 3579 3815 ejusdem

1964 3838 2234 3909 pontilicis
2261 3837 2327 3893 ad
2360 3835 2675 3908 Dionysium
2724 3836 3152 3892 Alexandrinum
3202 3837 3365 3893 simul
3409 3839 3576 3895 missa

1963 3931 2409 4004 distinguendum
2457 3944 2616 3996 esse,
2665 3930 2718 3985 in
2759 3930 3058 4000 superioris
3107 3932 3354 4000 epistolae
3392 3933 3582 3989 notitia

1963 4026 2336 4096 probavimus.
2388 4023 2444 4079 In
2507 4022 2611 4077 hoc
2668 4036 2835 4091 opere
2885 4022 3170 4095 Dionysius
3217 4023 3574 4079 tritbeitarum

1962 4118 2190 4189 dogma,
2238 4116 2323 4172 cui
2365 4113 2767 4171 Alexandrinus
2817 4115 3012 4184 praesul
3060 4114 3243 4169 favere
3275 4114 3575 4185 videbatur,

1963 4212 2037 4267 ita
2086 4210 2318 4277 refellit,
2354 4217 2493 4264 utet
2537 4207 2960 4262 sabellianorum
3009 4207 3366 4274 sententiam,
3416 4224 3577 4280 quam

1964 4303 2310 4373 impngnabat
2365 4299 2507 4356 idem
2563 4298 2837 4362 Antistes,
2883 4298 3047 4354 simul
3098 4300 3359 4356 confutet.
3394 4300 3579 4374 anue

1964 4394 2155 4466 agendi
2199 4393 2409 4449 ratione
2448 4391 2830 4448 defensoribus
2870 4390 3132 4448 Ecclesiae
3174 4408 3368 4464 magno
3409 4393 3580 4450 docu-

1883 4481 1940 4544 D
1968 4498 2150 4543 mento
2196 4487 2328 4551 fuit,
2361 4500 2471 4557 quo
2514 4494 2704 4541 contra
2749 4483 2990 4540 Inrrcses
3037 4500 3099 4539 ea
3150 4485 3431 4553 prudentia
3477 4485 3580 4541 sibi

1967 4578 2379 4641 decertandum,
2412 4588 2534 4630 esse
2564 4574 2787 4639 scirent,
2817 4582 2950 4629 utet
2978 4574 3255 4643 oppositas
3282 4593 3387 4632 non
3418 4577 3579 4632 modo

1968 4680 2254 4739 caverent,
2288 4684 2472 4726 rerum
2504 4669 2666 4724 etiam
2694 4670 2854 4724 simul
2882 4669 3234 4727 debellarent.
3270 4671 3579 4743 Fragmenti

1971 4764 2133 4836 hujus
2179 4763 2352 4835 Slylus
2391 4761 2675 4832 epistolam
2710 4762 2880 4830 sapit,
2915 4772 3171 4818 tractatus
3209 4779 3272 4820 ac
3310 4764 3582 4832 discepta-

1973 4858 2136 4915 tionis
2178 4856 2395 4913 l'nsioris
2436 4869 2588 4910 more
2623 4856 3017 4925 conscriptam,
3063 4856 3248 4927 quales
3298 4854 3583 4927 Dionysius

1974 4951 2375 5009 Alexandrinus
2406 4948 2649 5005 scribens
2681 4948 2747 5003 ad
2778 4948 3028 5020 Xystum,
3082 4948 3245 5002 fuisse
3275 4946 3436 5005 docet
3463 4950 3581 5020 epi-

1972 5047 2170 5111 stolas,
2223 5057 2357 5116 qnas
2400 5041 2661 5097 adversus
2713 5050 3022 5096 nascentem
3067 5038 3298 5094 Sabellii
3330 5040 3577 5095 haeresim

1972 5139 2212 5196 miserat.
2255 5135 2346 5190 Vel
2374 5133 2439 5190 ad
2470 5149 2564 5191 eas
2588 5133 2944 5202 Pentapoleos
2973 5128 3265 5192 ecclesias.
3297 5134 3348 5187 in
3379 5134 3578 5203 quibus

1975 5242 2090 5290 orta
2121 5241 2177 5286 et
2209 5238 2502 5299 proptgata
2532 5236 2650 5283 erat
2675 5224 2891 5281 Sabellii
2923 5224 3166 5291 haeresis,
3202 5226 3282 5281 vel
3312 5226 3378 5280 ad
3410 5226 3581 5294 ipsam

1974 5322 2414 5387 alexandrinam,
2463 5320 2551 5375 cui
2600 5327 2828 5388 prmerat
2875 5315 3195 5388 Dionysius,
3245 5318 3327 5372 vel
3369 5317 3433 5371 ad
3461 5318 3581 5390 ejus

2051 5436 2129 5507 (l)
2172 5433 2549 5507 llaecgepistola
2580 5430 2630 5507 in
2654 5427 3249 5507 nostracditipnefacta
3274 5438 3361 5507 est
3385 5432 3576 5499 prima,

1981 5499 2495 5576 cititt'epistola'qme
2520 5505 2687 5572 prima
2714 5499 2953 5576 exhibita
2972 5499 3185 5576 fuerit_a
3223 5502 3282 5555 D.
3301 5500 3584 5576 Constan-

1987 5581 2085 5647 tio,
2121 5572 2426 5647 iubaeipsa
2454 5583 2597 5630 extet
2625 5572 2834 5635 uetitia,
2864 5572 3024 5642 hujus
3053 5573 3215 5647 artic:
3237 5588 3271 5625 ιι
3298 5574 3467 5647 initio_.

2058 5642 2146 5780 (ἑὲ
2189 5642 2477 5711 Athanas.,
2528 5653 2659 5699 tom.
2709 5659 2749 5709 ι,
2802 5655 3004 5725 βρεμι,
3057 5644 3122 5698 de
3171 5642 3371 5697 Decrct.
3428 5642 3578 5716 Nic.,

2150 5763 2165 5780 .
2194 5734 2311 5780 pag.
2346 5717 2470 5780 iS‘S,
2500 5714 2630 5773 edit.
2661 5714 2952 5771 Petamne.

1989 5741 2042 5784 ιι.
2066 5714 2165 5792 ἶϐ,
2193 5734 2311 5793 pag.
2346 5717 2470 5786 iS‘S,
2500 5714 2630 5773 edit.
2661 5714 2952 5771 Patavium.

3127 5806 3164 5876 ῑι
