3990 6060
236 207 358 271 109

868 209 1161 272 DIONYSII
1200 213 1403 272 PAPIE
1443 204 1803 274 ADVERSUS
1842 209 2313 282 SABELLiANOS
2344 224 2839 293 FRAGMENTUM.

3454 252 3559 309 110

238 333 301 388 S.
338 329 583 402 Dionysii
608 317 773 386 verba
819 329 873 384 in
916 330 1387 409 confirmationem
1433 333 1637 389 erroris
1667 333 1849 388 sabel-
1878 341 1932 400 Α
1959 345 2040 391 est
2113 338 2396 397 Dominum
2464 345 2644 418 aliquo
2706 350 2871 407 modo
2921 354 3289 416 manniactum
3346 362 3551 423 dicere.

240 426 518 482 iianorum
538 466 554 492 ,
584 432 707 481 cum
733 431 946 481 certum
978 427 1447 497 indubitatumqne
1482 427 1581 488 sit,
1616 442 1722 481 non
1751 427 1854 481 mi-

239 534 353 579 nus
374 526 688 576 accuratum
711 526 837 575 eum
869 518 1035 576 fuisse
1057 560 1072 583 ,
1103 526 1224 576 eum
1251 521 1320 576 de
1345 521 1705 577 Personarum
1734 520 1856 575 Tri—

240 615 423 671 nitate
442 657 458 682 ,
479 630 640 687 quam
665 629 792 670 cum
820 613 890 670 de
917 612 1137 671 Unitate
1176 626 1382 671 natura!
1415 615 1688 671 disseruit.
1725 633 1745 668 ι
1780 614 1857 670 ita

247 710 503 779 scilicet,
541 729 562 764 ι
592 710 806 783 inquit,
837 729 856 763 ι
879 710 1073 767 divinm
1102 711 1351 769 Trinitati
1374 755 1390 782 ,
1440 723 1493 769 et
1514 722 1716 769 sancire
1743 709 1858 765 Mo-

239 807 486 862 narcbire
518 803 599 879 (l)
628 804 942 878 praedicatio
986 805 1191 878 integra
1231 806 1555 862 servabitur.
1601 823 1619 857 ι
1647 803 1857 861 Deinde

239 901 467 974 impiam
490 899 738 971 appellat
763 894 1066 956 doctrinam
1092 900 1318 958 Sabellii
1336 906 1359 967 ,'
1383 905 1473 973 qui
1505 901 1722 958 dicebat
1758 902 1856 956 Pa-

240 1004 385 1052 trem
402 1008 521 1052 esse
543 992 763 1062 Filium,
783 1005 836 1052 et
860 995 1156 1051 vicissim:
1181 996 1331 1053 lllius
1352 999 1497 1052 enim
1516 996 1804 1066 (Sabellii),
1830 1013 1850 1047 ι

239 1089 518 1159 ipsissima
542 1099 665 1145 sunt
689 1088 748 1145 S.
770 1088 1012 1163 Dionysii
1035 1092 1197 1145 verba
1218 1132 1233 1155 ,
1269 1110 1289 1143 ι
1321 1091 1372 1145 in
1395 1104 1462 1146 eo
1489 1091 1733 1146 consistit
1758 1090 1856 1144 im—

240 1179 425 1251 pietas
444 1223 460 1247 ,
487 1179 626 1252 quod
648 1181 793 1237 dicat
821 1181 1015 1237 Filium
1042 1197 1168 1239 esse
1196 1182 1435 1252 Patrem,
1463 1192 1518 1239 et
1541 1181 1802 1238 vicissim.
1829 1200 1849 1234 ι

240 1271 469 1330 Nullum
514 1274 675 1346 igitur
717 1275 939 1332 dubium
980 1277 1213 1332 suboriri
1257 1288 1433 1349 potest
1459 1276 1527 1333 de
1553 1278 1857 1334 orthodoxa

242 1362 362 1421 ﬁde
387 1367 557 1422 sancti
584 1366 743 1439 hujus
770 1368 1041 1440 pontiﬁcis
1073 1369 1250 1441 quoad
1278 1372 1595 1443 mysterium
1626 1371 1856 1428 sanctis-

242 1459 411 1518 sima:
442 1462 732 1519 Trinitatis.

492 1576 524 1652 §
559 1568 808 1635 li.-—De
851 1575 1397 1639 Consubstantialitate
1436 1582 1621 1639 Verbi:

328 1689 551 1748 Verbum
567 1702 643 1748 est
672 1692 825 1748 Patri
856 1696 1315 1752 consubstantiale.
1336 1727 1407 1738 ——
1422 1697 1621 1753 Eadem
1648 1697 1856 1753 ratione

1959 430 2094 485 Nam
2122 432 2165 487 si
2195 432 2368 492 factus
2397 448 2479 494 est
2510 441 2705 509 Filius,
2766 457 2883 501 erat
2913 458 3125 522 tempus
3145 497 3160 521 ,
3194 458 3411 526 quando
3451 477 3560 518 non

1960 532 2077 625 erat
2108 524 2223 598 (i);
2256 531 2403 600 atqui
2448 532 2547 588 fuit
2578 550 2815 607 semper,
2861 542 2906 595 si
2949 545 3135 614 utique
3182 524 3304 617 est,
3346 561 3405 606 ut
3447 554 3565 625 ipse

1959 615 2228 719 declarat,
2262 623 2313 678 in
2345 625 2505 683 Patre
2527 670 2542 696 ,
2576 639 2631 686 et
2657 632 2702 685 si
2732 633 2982 692 Christus
3031 615 3300 712 Verbum,
3334 615 3562 719 Sapien-

1961 711 2119 816 tiaet
2152 715 2338 774 Virtus
2382 732 2484 777 est.
2524 742 2544 777 ι
2572 724 2744 783 Nemo
2790 745 2921 787 sane
2964 744 3141 804 potest
3182 744 3376 811 majori
3408 711 3562 815 ’μνω-

1960 812 2168 862 cisione
2219 812 2359 866 tueri
2399 817 2798 887 aeternitatem,
2846 822 3182 884 divinitatem
3216 848 3280 888 ac
3315 812 3554 895 consub~

1959 900 2367 959 stantialitatem
2398 905 2597 976 Verbi;
2628 921 2683 967 et
2705 928 2809 969 non
2840 916 2942 972 nisi
2963 919 3418 988 jucundissimum
3437 946 3562 989 esse

1959 993 2160 1059 poterit
2207 997 2490 1055 catholicis
2534 1002 2753 1060 intuerP
2789 1008 3079 1077 primarius
3133 1015 3231 1072 has
3280 1022 3560 1093 religionis

1960 1088 2217 1145 veritates
2271 1096 2553 1164 perspicue
2611 1114 2674 1156 ac
2722 1104 3055 1164 validissime
3119 1124 3355 1171 asserlas
3386 1088 3460 1173 ab
3496 1121 3564 1177 iis

1960 1178 2221 1238 Ecclesia:
2271 1188 2544 1259 patribus,
2577 1194 2667 1263 qui
2712 1207 2837 1254 ante
2885 1210 3129 1257 exortam
3160 1205 3275 1261 Arii
3305 1207 3560 1267 hwrcsim

1959 1270 2282 1334 ﬂoruerunt.

2031 1368 2292 1429 Divmitas
2332 1377 2561 1449 Spiritus
2586 1385 2769 1441 sancti.
2794 1390 3146 1449 --Carterum
3181 1395 3236 1452 S.
3272 1397 3561 1472 Dionysius

1958 1478 2221 1523 romanus
2251 1473 2540 1544 episcopus
2572 1481 2823 1536 tuebatur
2851 1484 3016 1540 etiam
3047 1487 3099 1541 in
3142 1491 3451 1559 partienlari
3483 1494 3567 1548 dic

1960 1559 2241 1617 viuitatem
2282 1566 2517 1634 Spiritus
2545 1574 2719 1627 sancti
2742 1616 2757 1640 ,
2812 1578 3067 1646 quoniam
3099 1580 3155 1636 S.
3193 1582 3426 1640 Basilius
3452 1585 3567 1643 Ma-

1960 1667 2098 1723 gnus
2145 1658 2390 1727 ejusdem
2455 1667 2837 1724 auctoritatem
2899 1672 3128 1743 allegat,
3180 1685 3240 1731 ut
3289 1679 3563 1737 laudatam

241 1747 498 1842 dubitare
525 1801 686 1843 nemo
716 1797 893 1857 potest
912 1788 981 1843 de
1011 1788 1277 1844 catholica
1303 1790 1543 1860 ejusdem
1571 1806 1721 1861 papa:
1752 1792 1856 1847 (ide
1884 1756 1932 1819 Β
1960 1747 2294 1861 smmum“?
2361 1757 2637 1861 imus“
2661 1770 2833 1822 sane"
2886 1773 3076 1840 pmbe‘
3142 1776 3404 1834 adversus
3444 1796 3565 1837 eam

241 1880 426 1952 quoad
452 1881 1077 1937 consubstantialitatem
1112 1881 1315 1950 Verbi,
1349 1885 1606 1952 quoniam
1636 1884 1730 1955 qui
1760 1899 1855 1938 ca-

241 1974 508 2029 tholicam
567 1974 873 2029 doctrinam
933 1974 1095 2029 tradit
1144 1975 1213 2031 de
1270 1975 1570 2046 Trinitate,
1620 1978 1853 2033 catholi-

242 2083 369 2125 cam
426 2068 616 2124 eodein
673 2078 919 2139 tempore
963 2069 1127 2124 tradit
1174 2069 1474 2125 doctrinam
1502 2072 1571 2127 de
1616 2074 1856 2130 consub-

241 2163 601 2219 stantialitate
645 2162 833 2219 Verbi.
875 2162 1076 2218 Verum
1106 2171 1164 2219 ut
1195 2165 1525 2234 propositam
1571 2168 1855 2223 veritatem

245 2256 426 2326 magis
482 2255 765 2328 magisque
817 2255 1334 2327 deprehendamus,
1389 2259 1581 2329 probat
1633 2272 1857 2318 sanctus

244 2348 575 2420 Dionysius,
607 2363 730 2418 qua!
771 2351 1022 2420 superius
1067 2350 1331 2407 docuerat
1375 2352 1445 2408 de
1485 2354 1683 2409 unione
1730 2355 1858 2410 Filii

244 2456 373 2499 cum
402 2441 600 2510 Patre,
632 2441 848 2498 duobus
896 2442 1070 2498 sancti
1095 2442 1319 2500 Joannis
1344 2442 1705 2517 Evangelista:
1736 2463 1859 2503 ora-

245 2536 429 2600 culis,
472 2552 592 2607 quae
634 2550 701 2591 ex
757 2536 931 2606 ipsius
978 2532 1275 2607 Evangelio
1332 2548 1458 2592 sunt
1497 2536 1858 2610 deprompta;

245 2644 377 2702 qua:
406 2631 487 2685 sic
514 2629 711 2685 habent
736 2649 749 2685 :
777 2628 892 2700 Ego
913 2640 961 2685 et
985 2628 1144 2686 Pater
1168 2646 1330 2684 unum
1355 2647 1534 2687 sumus
1556 2629 1763 2705 (Joan.,
1787 2649 1821 2687 x
1841 2675 1857 2700 ,

241 2723 326 2780 50
340 2734 369 2796 }
399 2740 416 2790 ;
461 2730 509 2776 et
536 2739 625 2794 ego
648 2722 701 2777 in
724 2721 885 2777 Patre
911 2732 959 2778 et
996 2721 1158 2779 Pater
1198 2725 1251 2778 in
1282 2739 1360 2778 me
1390 2734 1465 2779 est
1496 2723 1677 2795 (Joan.
1703 2768 1719 2793 ,
1743 2741 1857 2794 xxv,

245 2819 383 2891 10).
432 2818 560 2876 Haec
588 2830 714 2875 sunt
753 2829 1026 2876 momenta
1053 2861 1068 2886 ,
1110 2820 1305 2892 quibus
1344 2831 1622 2890 permotus
1647 2818 1703 2875 S.
1739 2820 1861 2874 Dio-

247 2915 443 2988 nysius
467 2916 655 2971 scribit
689 2916 770 2989 (2)
791 2956 806 2983 ,
844 2915 1079 2970 Verbum
1130 2908 1338 2970 unitum
1372 2914 1520 2970 Patri
1551 2928 1674 2971 esse
1712 2913 1863 2968 unio-

246 3024 324 3066 ne
372 3010 750 3082 inSrparabiii,
788 3008 861 3065 ita
907 3018 964 3066 ut
1002 3009 1125 3068 dua:
1166 3011 1285 3067 istae
1316 3022 1562 3081 persona:
1601 3011 1713 3065 sint
1753 3021 1862 3063 una

246 3104 556 3177 eademque
582 3103 865 3162 Divinitas.

330 3198 556 3255 Verbum
586 3216 692 3254 non
730 3210 805 3254 est
832 3204 1109 3271 formatum
1136 3200 1217 3255 vel
1259 3202 1482 3272 factum,
1511 3198 1601 3255 sed
1633 3196 1864 3270 genitum

246 3298 311 3354 ob
347 3297 492 3351 omni
533 3293 1065 3364 aeternitate—Qua
1139 3296 1310 3366 posita
1366 3296 1634 3359 veritate,
1699 3305 1864 3347 nemo

248 3390 459 3462 absque
484 3388 641 3460 culpa
670 3403 920 3445 asserere
950 3396 1127 3459 potest
1153 3385 1349 3441 Filium
1382 3386 1477 3440 Dei
1520 3383 1722 3440 factum
1774 3382 1861 3439 vel

250 3494 501 3542 creatmn
528 3481 733 3554 fuisse,
779 3501 799 3537 ι
836 3498 961 3539 cum
988 3483 1169 3539 divina
1201 3481 1481 3553 Scriptura
1511 3481 1664 3536 illum
1696 3480 1855 3552 geni—

252 3584 375 3637 tum
419 3592 654 3647 esse...,
697 3590 805 3634 non
849 3587 1028 3635 autem
1081 3578 1368 3634 formatum
1414 3586 1467 3631 et
1512 3573 1711 3629 factum
1742 3587 1865 3630 esse

252 3680 487 3732 testetur
518 3670 640 3746 (3):
675 3674 839 3745 igitur
865 3687 970 3728 non
1000 3670 1165 3737 levis,
1210 3670 1307 3726 sed
1340 3666 1573 3724 maxima
1601 3668 1862 3737 impietas

324 3788 412 3865 (1)
435 3788 854 3865 Dionysiﬂom.
888 3786 994 3843 loc.
1023 3786 1118 3842 cit.
1172 3786 1226 3840 in
1279 3783 1387 3839 [ine
1430 3779 1721 3853 fragmenti
1766 3778 1863 3834 ad-

250 3861 799 3938 νθτξέξε-ὃθδεηίὲω·
907 3932 919 3938 -
987 3930 1007 3938 -
1201 3928 1212 3938 .
1380 3927 1411 3938 ,.
1458 3927 1468 3938 .

326 3933 659 4020 (ﬁgi-03y;
682 3932 843 4020 Rom;
865 3974 881 3997 ,
907 3932 959 4020 in
982 3930 1117 4001 frag.
1142 3928 1344 3985 advers.
1374 3926 1659 3984 Sabellian.
1684 3966 1699 3993 ,
1724 3940 1780 3979 n.
1803 3922 1860 3991 2,

366 4003 597 4072 ,⁷1ῢίὗζ
621 4004 759 4072 apud
789 4003 981 4058 Mansi.

333 4010 345 4020 '
366 4045 381 4058 .
416 4010 562 4062 i015
581 4046 597 4072 ,
621 4010 759 4072 apud
789 4010 981 4058 Mansi.

251 4010 425 4150 μἳῒι)
454 4077 551 4132 itis
608 4078 908 4131 concinens
954 4077 1160 4129 nictena
1214 4071 1456 4150 synodus
1512 4071 1565 4150 in
1609 4067 1862 4150 symbolo

252 4142 461 4205 Filium
490 4150 751 4218 genitum,
795 4164 897 4202 non
938 4152 1135 4218 factum
1180 4142 1484 4218 proﬁtetur.
1533 4142 1863 4218 Athanasms

252 4166 461 4205 riuum
526 4166 751 4213 emtum,
795 4166 897 4202 non
938 4166 1135 4218 [acrum
1180 4166 1484 4215 proutcrur.
1535 4166 1858 4195 nuluttaalua

252 4230 439 4293 autem
464 4166 639 4293 Egpist.
673 4220 741 4293 de
762 4221 1011 4293 sententia
1044 4218 1279 4293 Dionysii
1307 4213 1589 4293 Alextrntlr.
1618 4253 1632 4277 ,
1667 4228 1718 4266 η.
1756 4211 1822 4291 15
1843 4250 1858 4275 ,

253 4286 659 4365 professionem
688 4291 837 4366 illam
872 4291 1101 4360 primum
1131 4286 1198 4366 ab
1226 4290 1325 4366 hac
1353 4286 1564 4366 synodo
1589 4287 1862 4366 excogita-

257 4358 366 4422 tam
398 4380 513 4421 non
542 4376 668 4420 esse
697 4364 824 4417 hinc
851 4358 994 4417 recte
1035 4362 1246 4432 probat.
1277 4360 1412 4413 Cum
1444 4358 1586 4411 enim
1611 4394 1626 4422 ,
1654 4358 1857 4434 inquit,

262 4455 283 4489 ι
314 4438 614 4509 Dionysius
639 4436 916 4509 “(animus
958 4435 1246 4509 episcopus
1282 4433 1543 4484 adversus
1570 4433 1857 4509 eosne-tiam

256 4496 584 4585 scripserit,
617 4506 713 4585 qui
760 4505 955 4560 Filium
993 4496 1087 4561 Dei
1129 4496 1244 4558 rem
1273 4512 1511 4581 creatam
1562 4506 1617 4553 et
1663 4496 1857 4585 iactam

258 4557 1196 4651 dicati;"liqdido—constatﬂ,‘non
1245 4586 1391 4628 nunc
1434 4572 1708 4642 primum,
1760 4565 1857 4623 sed
1882 4557 1936 4618 D

1964 1842 2345 1944 inipugnantes
2373 1850 2452 1924 (2)
2487 1874 2500 1908 :
2528 1856 2735 1912 nullum
2779 1871 2959 1917 autem
2989 1866 3182 1921 recitat
3216 1869 3274 1923 S.
3320 1871 3566 1944 Dionysii

1960 1937 2191 1993 Romani
2222 1949 2450 1998 textum.
2484 1946 2683 2004 Verum
2732 1953 2981 2010 eamdem
3017 1957 3251 2027 Spiritus
3281 1937 3567 2021 sant'ti'di-

1960 2031 2242 2089 vinitatem
2274 2051 2305 2091 e
2349 2036 2565 2096 duobus
2605 2042 2738 2098 locis
2783 2048 3104 2115 prrelaudati
3153 2052 3438 2125 fragmenti
3480 2058 3570 2115 ad-

1963 2141 2150 2181 versus
2188 2130 2517 2188 sabellianos
2565 2134 2694 2190 licet
2741 2140 3001 2209 colligere
3033 2162 3045 2197 :
3075 2146 3150 2201 ait
3195 2149 3339 2203 enim
3393 2152 3570 2221 primo

1968 2240 1987 2273 ι
2018 2222 2279 2293 Spiritum
2299 2236 2545 2283 sanctum
2575 2230 2627 2284 in
2650 2232 2760 2288 Deo
2779 2250 3001 2291 manere
3018 2247 3071 2293 et
3091 2240 3397 2298 inhabitare
3416 2243 3516 2317 (5).
3543 2266 3562 2300 ι

1963 2313 2032 2368 Et
2087 2314 2211 2370 dein
2262 2321 2452 2374 statuit
2502 2322 2617 2392 (4):
2662 2341 2681 2374 ι
2716 2323 3064 2384 Credendum
3118 2347 3241 2388 esse
3292 2335 3343 2389 in
3393 2313 3564 2395 Deum

1963 2406 2182 2463 Patrem
2231 2412 2686 2485 omnipotentem,
2738 2428 2793 2474 et
2821 2421 2873 2475 in
2902 2420 3176 2481 Christum
3217 2426 3403 2484 Jesum
3448 2432 3568 2503 ejus

1964 2498 2193 2568 Filium,
2229 2511 2283 2557 et
2311 2503 2361 2558 in
2388 2502 2649 2575 Spiritum
2684 2523 2952 2570 sanctum.
2992 2535 3011 2569 ι

2037 2593 2294 2650 Tamdem
2332 2597 2764 2669 observandum,
2804 2615 3050 2661 sanctum
3093 2608 3411 2684 Dionysium
3454 2615 3568 2671 Ro-

1964 2701 2184 2741 manum
2213 2689 2389 2745 locum
2415 2690 2853 2764 Proverbiorum,
2880 2715 2998 2765 vui,
3017 2700 3088 2755 22
3115 2720 3128 2756 :
3159 2705 3210 2758 ἐν
3227 2708 3374 2784 ἀρχῇ
3394 2710 3569 2769 ἐποίη-

1964 2782 2025 2836 σέ
2048 2803 2172 2854 μεη
2223 2783 2275 2836 in
2348 2785 2604 2856 principio
2674 2791 2826 2860 fecit,
2892 2792 3237 2866 interpretari
3308 2782 3359 2854 in
3425 2801 3573 2858 hunc

1964 2875 2185 2929 modum
2204 2891 2219 2930 :
2238 2875 2539 2950 Principem
2563 2898 2641 2934 me
2668 2885 2789 2953 fecit
2815 2883 3094 2953 Dominus,
3125 2889 3378 2960 prtefccit
3405 2910 3565 2952 me...

1964 2968 2223 3039 operibus
2262 2972 2376 3026 suis
2404 2970 2509 3044 (ὃ).
2553 2974 2619 3028 Et
2659 2974 2761 3031 hac
2807 2978 3200 3049 interpretandi
3250 2985 3463 3042 ratione
3500 2986 3569 3044 ab

1965 3061 2160 3116 usitata
2194 3070 2434 3120 veterum
2461 3064 2684 3123 Patrum
2720 3067 2884 3141 hujus
2922 3071 3027 3128 loci
3067 3075 3416 3146 expositione
3450 3094 3572 3137 om-

1887 3157 1933 3221 C
1967 3153 2097 3210 nino
2133 3154 2405 3213 discessit.

1966 3340 2093 3397 olim
2137 3343 2205 3399 ab
2256 3344 2509 3401 omnibus
2560 3346 2904 3404 anathemate
2940 3346 3252 3408 damnatam
3293 3368 3417 3412 esse
3459 3340 3567 3414 ini;

1966 3418 2229 3470 micorum
2262 3415 2462 3472 Christi
2491 3420 2730 3473 arianam
2766 3420 3037 3477 ineresim.
3071 3443 3090 3476 ι

1985 3488 2119 3565 ,“(1)
2155 3489 2325 3543 Etiam
2362 3489 2448 3543 hic
2485 3494 2818 3565 praedamnat.
2862 3494 3149 3565 Dionysius
3187 3498 3403 3555 celebre
3450 3500 3568 3557 Arii

1967 3557 2188 3643 etﬁitinn
2215 3603 2229 3623 ,
2260 3576 2343 3643 _ac
2394 3557 2680 3643 priceiudit
2726 3566 2943 3643 nicavno
2972 3557 3262 3643 eoricilio,
3304 3571 3370 3643 ad
3414 3586 3567 3643 sym-

1964 3629 2074 3713 boli
2093 3632 2174 3713 sui
2190 3629 2884 3713 ealccnranathematizanti
2900 3629 3290 3713 τούςὶιέγονταξ’
3310 3638 3399 3697 Ἠν
3418 3629 3568 3711 vrere,

1967 3698 2050 3757 ὅτε
2078 3698 2169 3757 οὒκ
2196 3701 2271 3762 ἦν.
2302 3705 2562 3770 Quocirca
2605 3722 2727 3760 cum
2767 3707 2959 3763 Valens
2998 3698 3322 3766 Ari’mini'in
3373 3698 3568 3769 Eccle:

1966 3774 2042 3855 s_ia
2075 3778 2454 3855 clamasset-it
2486 3776 2539 3833 SI
2567 3780 2685 3847 quis
2720 3777 2952 3855 dixerit,
2982 3793 3099 3836 erat
3138 3794 3348 3852 tempus
3391 3802 3568 3855 quan-

1966 3845 2052 3920 do,
2073 3861 2177 3920 non
2206 3858 2322 3902 erat
2354 3845 2874 3920 Filius,ranathema
2903 3852 2993 3905 sit.
3034 3871 3054 3904 ι
3094 3855 3203 3907 lloc
3233 3845 3423 3910 audito
3443 3899 3456 3920 ,
3487 3858 3570 3912 in-

1965 3919 2082 3995 quit
2121 3918 2480 3995 Hieronymus
2505 3962 2521 3987 ,
2551 3919 2911 3995 Dialogoatlv.
2944 3922 3303 3995 Luciferianos
3323 3970 3336 3994 ,
3377 3945 3397 3978 ι
3422 3918 3569 3982 Cun-

1966 3989 2037 4043 cti
2079 3989 2419 4068 Qpithippr
2468 4001 2579 4068 tota
2623 3993 2786 4048 simul
2821 3989 3290 4066 liccleSia'plausu
3324 3989 3570 4068 'quodam

1966 4071 2021 4115 et
2046 4063 2291 4136 tripudio
2323 4061 2565 4136 Valentis
2614 4079 2800 4118 vocem
2847 4061 3219 4136 exceperunt,
3247 4061 3572 4124 rati'vidt-li-

1966 4141 2054 4186 cet
2093 4135 2407 4207 cumplane
2434 4133 2672 4207 arianam
2708 4138 2955 4189 haaresim
2979 4133 3006 4204 ,’
3038 4154 3159 4207 qua:
3190 4133 3385 4193 Filium
3416 4155 3572 4197 crea-

1966 4213 2077 4257 tum
2103 4206 2353 4267 volebat,
2399 4204 2481 4258 his
2522 4206 2704 4258 verbis
2752 4207 2986 4275 ejurare.
3025 4204 3068 4262 ι’
3276 4258 3281 4263 .

2062 4274 2121 4352 2)
2165 4275 2369 4352 li_a_sil.,
2421 4276 2739 4352 de_Spiritu_
2784 4274 3004 4343 sancto,
3058 4295 3179 4352 cap.
3228 4281 3333 4347 29,
3389 4300 3444 4337 n.
3475 4284 3567 4339 72.

2062 4280 2096 4328 2
2165 4280 2369 4339 Basil.,
2421 4280 2483 4328 de
2533 4280 2735 4346 Spiritu
2797 4291 3004 4343 sancto,
3058 4295 3179 4352 cap.
3228 4281 3333 4347 29,
3389 4300 3444 4337 η.
3475 4284 3567 4339 72.

2147 4418 2161 4429 ⁸
2197 4348 2443 4429 Dionys_._
2498 4345 2657 4429 Ιὶριιι.
2681 4391 2695 4417 ,
2728 4348 2778 4403 in
2808 4352 3013 4429 _li_'agm.
3047 4342 3165 4408 adv.
3201 4353 3567 4429 Sabellianos,

1963 4418 2112 4490 num.
2141 4418 2192 4490 1,
2216 4418 2355 4488 apud
2394 4418 2596 4485 Mansi,
2631 4435 2749 4490 pag.
2800 4418 2961 4479 1012.

2064 4489 2116 4560 1)
2144 4489 2311 4563 lbid.,
2343 4507 2488 4544 num.
2539 4492 2605 4555 3,
2641 4489 2759 4563 pag.
2794 4493 2956 4550 1016.

2061 4562 2114 4636 5)
2138 4562 2214 4616 id.
2239 4603 2254 4631 ,
2289 4563 2416 4619 ibid.
2441 4604 2456 4631 ,
2485 4577 2632 4618 num.
2665 4564 2701 4617 2

272 4718 3401 4772 Μ

2866 4726 3499 4764 me:

1544 4858 2126 4937 EPISTOLZE
2181 4854 2264 4947 Ι,

982 5021 1119 5082 SEU
1155 5019 1403 5082 OPERIS
1432 5016 1730 5079 DIONYSII
1770 5016 1974 5076 ΡΜ)Ᾱῖ
2014 5016 2381 5076 ADVERSUS
2406 5017 2877 5080 SABELLIANOS

1740 5172 2124 5217 FRAGMENTUM.

333 5307 390 5385 1.
418 5310 549 5385 Iam
576 5337 700 5383 vero
726 5334 941 5397 equum
971 5322 1135 5380 fuerit
1160 5322 1434 5393 disputare
1462 5320 1722 5379 adversus
1753 5334 1872 5389 eos,

260 5422 350 5495 qui
374 5419 751 5478 monarchiam
779 5435 901 5492 quae
949 5419 1327 5490 augustissima
1354 5426 1436 5473 est
1480 5416 1737 5472 Ecclesiae
1779 5415 1873 5470 Dei

262 5512 601 5590 Matio,
633 5514 693 5572 in
743 5522 853 5570 tres
909 5512 1168 5586 quasdam
1209 5513 1435 5568 virtutes
1482 5524 1549 5566 ac
1598 5516 1874 5581 separatas

2058 5320 2201 5387 Ἐξῆς
2221 5321 2267 5378 δ’
2288 5314 2347 5378 ἂν
2368 5324 2576 5386 εἰκότως
2595 5324 2787 5399 λέγοιμι
2808 5326 2894 5383 καὶ
2919 5326 3051 5406 πρὸς
3069 5332 3193 5396 ra):
3216 5330 3538 5415 διαιροῦντας
3554 5351 3583 5384 α

1977 5416 2063 5470 καὶ
2108 5417 2517 5489 κατατέμνοντας
2546 5422 2633 5472 καὶ
2672 5420 3007 5495 ἀναιροῦντας
3036 5427 3095 5481 τὸ
3143 5431 3453 5502 σεμνότατον
3500 5442 3583 5497 κή-

1980 5533 2157 5588 ρυγμα
2180 5512 2575 5575 τῆςἘκκλησίας
2604 5521 2696 5571 τοῦ
2725 5516 2877 5587 Θῖεοῦ,
2905 5524 2993 5579 τήν
3014 5528 3327 5599 μοναρχίαν,
3343 5531 3415 5589 εἰς
3440 5538 3580 5605 τρεῖς

1484 5626 1867 5686 LECTIONES
1905 5626 2330 5690 VARIANTES.

322 5779 351 5813 ⁸
387 5778 567 5833 Codex
590 5784 702 5846 Reg.
730 5771 1401 5842 ητιδωιθοῡντοςωοπιῖαιιεοη.
1431 5772 1523 5837 Qui
1546 5770 1859 5839 deeratLediti.

1981 5773 2231 5836 articulus,
2258 5770 2360 5837 ﬁde
2381 5772 2526 5837 huius
2550 5775 2736 5833 codicis
2755 5780 2902 5835 nixus
2920 5782 2970 5835 in
2994 5785 3175 5836 textum
3199 5788 3377 5851 recept.
3396 5788 3572 5843 Rom/1.
