3990 6060
639 286 838 292 _.-_,-.___
1345 292 1470 298 -..-
1497 292 2308 301 __,________..______

2592 304 2711 314 cu...—
2995 303 3138 310 ‘———-—
3497 308 3540 314 -νιλ
3573 307 3594 313 -ι

1551 432 2437 559 MONITUM

1518 660 1585 717 1N
1635 661 1981 720 summa
2043 663 2490 720 FRAGMENTA.
2597 712 2631 739 ,

513 799 570 855 1.
631 798 784 870 Opus
828 812 898 853 ex
952 812 1059 870 quo
1107 799 1376 881 descripta
1426 811 1550 859 sunt
1612 803 1909 874 fragmenta
1958 805 2233 877 subjecta,
2293 809 2621 866 Athanasius
2674 811 2769 867 lib.
2824 811 2892 868 de
2932 812 3166 889 Synod.,
3215 830 3271 871 n.
3322 816 3437 885 44,
3489 818 3655 888 epist.

324 893 396 951 de
439 893 677 951 decretis
726 895 955 951 Nicaeum
1001 897 1229 969 synodi,
1292 916 1348 953 ιι.
1396 899 1489 965 25,
1533 909 1588 956 et
1629 899 1789 971 epist.
1822 901 1890 956 de
1941 904 2207 958 sententia
2258 903 2498 977 Dionysii
2549 908 2747 974 passim
2785 906 2991 963 laudat.
3048 907 3304 979 Ejusdem
3354 912 3655 968 meminere

324 987 562 1044 Basilius
620 988 717 1054 lib.
784 990 852 1046 de
904 989 1107 1057 Spiritu
1164 1004 1389 1059 sancto,
1456 1009 1576 1062 cap.
1647 992 1757 1057 29,
1802 1004 1855 1050 et
1906 995 2316 1069 'llieronymus,
2361 999 2429 1053 de
2491 1000 2694 1070 Script.
2757 1000 2922 1069 eccl.,
2988 1015 3039 1057 c.
3103 1002 3198 1071 79,
3266 1001 3374 1059 Sed
3436 1003 3490 1061 bi
3544 1004 3654 1061 duo

326 1086 594 1142 Doctores
656 1103 765 1142 non
832 1095 939 1142 tina
1006 1087 1214 1145 ratione
1282 1087 1413 1145 illud
1480 1089 1737 1145 indicant.
1783 1089 2144 1164 Hieronymus
2217 1096 2361 1150 enim
2426 1098 2478 1150 in
2547 1095 2716 1152 libros
2768 1105 3002 1167 quatuor
3071 1097 3387 1154 distinctum
3453 1098 3653 1156 docet:

324 1180 565 1237 Basilius
618 1195 749 1237 vero
789 1181 1032 1253 quaedam
1085 1182 1230 1238 illius
1276 1183 1438 1239 verba
1485 1192 1756 1255 tamquam
1804 1200 1869 1241 ex
1918 1187 2153 1242 secunda
2208 1187 2275 1242 ad
2333 1188 2647 1261 Dionysium
2699 1191 3075 1261 cognominem
3123 1190 3353 1260 epistola
3416 1190 3645 1262 profert.

324 1275 416 1332 Re
477 1286 653 1331 autem
714 1292 839 1333 vera
909 1286 965 1332 et
1036 1276 1088 1332 in
1151 1277 1317 1335 libros
1394 1278 1709 1335 distinctum
1776 1294 1929 1348 esse,
2012 1291 2067 1337 et
2132 1281 2377 1352 epistolae
2453 1297 2648 1337 nomen
2724 1282 2773 1338 ei
2839 1297 3139 1354 congruere
3212 1298 3276 1338 ex
3353 1281 3654 1339 Athanasio

326 1380 599 1428 constat:
647 1371 737 1442 qui
785 1370 999 1441 quidem
1052 1369 1104 1425 in
1154 1370 1344 1426 eadem
1387 1371 1616 1441 epistola
1663 1372 1731 1428 de
1785 1374 2053 1429 sententia
2100 1373 2341 1446 Dionysii
2392 1383 2445 1429 et
2492 1391 2641 1431 nutn.
2688 1375 2778 1442 15,
2831 1374 2962 1430 dicit
3010 1390 3026 1432 :
3086 1393 3105 1425 ‹
3155 1374 3445 1447 Dionysius
3490 1391 3649 1448 quam

321 1468 566 1538 primum
624 1468 709 1522 sui
754 1466 1015 1538 purgandi
1073 1468 1244 1537 gratia
1311 1467 1475 1522 libros
1527 1466 1726 1535 edidit,
1774 1483 1909 1538 quos
1958 1467 2230 1537 inscripsit
2283 1468 2557 1524 Eleuchus
2606 1476 2661 1523 et
2706 1469 3003 1541 Apologia.
3055 1488 3074 1522 ι
3120 1478 3175 1525 et
3225 1485 3372 1523 num.
3425 1468 3513 1536 14,
3581 1469 3651 1524 de

320 1564 532 1635 scripto
581 1563 774 1621 eodem
821 1567 900 1622 sic
945 1566 1181 1636 loquitur
1225 1583 1237 1619 :
1278 1585 1296 1617 ι
1332 1564 1631 1635 Epistulam
1670 1580 1831 1628 suam
1882 1564 2106 1622 Elenehi
2154 1573 2210 1620 ct
2255 1564 2532 1636 Apologia:
2592 1563 2748 1618 titulo
2798 1562 3093 1634 inscripsit.
3132 1581 3151 1614 ι
3192 1562 3432 1634 Epistola
3493 1562 3653 1633 igitur

314 1669 438 1714 erat
504 1668 737 1730 quatuor
808 1659 860 1715 in
928 1658 1095 1713 libros
1154 1659 1445 1724 distincta,
1511 1658 1754 1727 adeoque
1809 1673 1909 1713 una
1975 1674 2043 1713 ex
2093 1657 2196 1724 iis,
2265 1672 2399 1728 quas
2458 1656 2743 1729 Dionysius
2812 1671 2839 1709 a
2905 1671 2965 1712 se
3017 1654 3190 1711 fusius
3252 1662 3306 1711 ct
3372 1654 3652 1710 tractantls

312 1768 479 1809 more
514 1751 765 1819 dictatas,
798 1752 1294 1833 διδασκαλικώτερον
1337 1755 1703 1837 ὑφηγούμενος,
1737 1762 1888 1807 vocat

2075 1762 2142 1805 st.
2174 1751 2226 1818 l,
2265 1749 2333 1803 ad
2360 1747 2515 1819 Xyst.
2547 1750 2591 1820 ).
2635 1749 2753 1804 Non
2795 1748 2863 1802 ab
2913 1763 2980 1804 co
3018 1748 3237 1816 statim,
3285 1755 3344 1801 ut
3382 1746 3451 1803 de
3492 1761 3651 1803 accu-

313 1849 534 1909 satione
586 1863 683 1903 sua
735 1849 1094 1904 commonitus
1134 1847 1265 1914 fuit,
1327 1848 1489 1902 missa
1535 1856 1637 1903 est.
1695 1844 1827 1900 Nam
1869 1861 1936 1900 ne
1982 1842 2319 1900 accusationi
2370 1840 2562 1897 deesse
2617 1841 2927 1907 videretur,
2974 1841 3020 1895 si
3066 1839 3372 1896 rescribere
3404 1838 3649 1895 Romano

313 1943 541 2013 praesuli
591 1942 792 1999 diutius
831 1941 1108 2009 diﬂ‘erret,
1151 1940 1275 1997 huic
1319 1941 1602 2012 epistolam
1658 1939 1953 2009 praemisit,
2001 1954 2160 2010 quant
2210 1937 2378 2003 infra,
2422 1952 2571 1991 num.
2633 1932 2701 2002 6,
2758 1934 3292 2019 ipsum’Dionysium
3345 1935 3649 1993 Romanum

310 2035 606 2106 alloquens
632 2048 897 2092 memorat
925 2036 1007 2092 his
1029 2035 1240 2092 verbis:
1265 2040 1351 2091 καὶ
1378 2058 1462 2091 σοι
1488 2034 1554 2091 δι’
1578 2032 1727 2095 ἄλλης
1747 2037 1886 2091 imm

2074 2031 2275 2111 innata.
2307 2030 2568 2099 Quocirca
2602 2046 2708 2085 non
2742 2028 2905 2085 modo
2936 2026 3195 2101 Epistula,
3226 2028 3326 2086 sed
3356 2037 3414 2086 et
3434 2030 3650 2102 epistola

311 2136 543 2190 secunda
584 2136 654 2189 ad
697 2135 1004 2207 Dionysium
1050 2118 1411 2205 cognominem
1442 2149 1549 2189 non
1599 2133 1741 2188 male
1791 2149 1820 2187 a
1862 2133 2062 2188 Basilio
2103 2131 2429 2209 appellatur.
2465 2129 2639 2189 Simul
2664 2131 2822 2193 etiam
2856 2140 2941 2186 est
2971 2129 3232 2186 Eleuchus
3258 2139 3314 2186 et
3356 2128 3650 2201 Apologia;

307 2229 586 2285 Eleuchus
614 2229 831 2299 quidem
861 2228 1297 2284 adversariorum
1326 2236 1382 2282 et
1405 2234 1779 2282 accusatorum
1810 2224 2087 2296 Dionysii,
2130 2224 2221 2295 qui
2259 2225 2310 2278 in
2340 2224 2444 2278 hoc
2482 2238 2649 2295 opere
2680 2231 3048 2295 coarguuntur
3084 2234 3246 2293 atque
3270 2222 3640 2297 confutantur,

308 2323 573 2396 Apologia
601 2338 731 2379 vero
774 2324 942 2393 ipsius
982 2322 1215 2393 Dionysii
1259 2321 1349 2391 qui
1379 2321 1431 2375 in
1470 2320 1663 2376 eodem
1695 2319 1763 2374 de
1792 2318 2022 2388 objectis
2051 2318 2329 2374 erroribus
2370 2332 2492 2372 sese
2532 2333 2763 2388 purgare
2812 2318 3024 2372 nititur.
3052 2317 3209 2385 Quod
3255 2333 3377 2374 cum
3413 2315 3644 2375 feliciter

304 2415 657 2484 prrestiterit,
697 2413 1025 2484 impudentis
1068 2412 1348 2467 calomnite
1390 2412 1581 2468 merito
1627 2411 1801 2481 arguit
1829 2409 2156 2467 Athanasius
2187 2410 2418 2465 Arianos
2441 2451 2456 2477 ,
2481 2408 2628 2480 quod
2657 2424 2721 2465 ea
2751 2408 2901 2466 velut
2940 2410 3178 2484 Dionysii
3218 2411 3511 2469 venditare
3534 2424 3644 2469 non

304 2507 657 2569 erubuerint,
684 2522 803 2578 qua:
858 2506 952 2563 ille
992 2506 1166 2577 palam
1195 2517 1490 2579 aperteque
1523 2504 1789 2577 reiecerit.

498 2600 565 2656 ll.
607 2601 709 2655 Ista
740 2600 981 2674 Dionysii
1023 2600 1266 2672 apologia
1308 2614 1375 2655 eo
1425 2598 1645 2669 majoris
1688 2605 1772 2652 est
1811 2596 2104 2664 momenti,
2146 2596 2292 2668 quod
2320 2596 2601 2668 spccimini
2642 2596 2800 2653 nobis
2836 2598 2907 2655 sit
2949 2612 3173 2666 eorum,
3215 2613 3336 2668 qua:
3385 2597 3645 2659 fecissent

302 2694 500 2749 cmteri
552 2693 735 2753 Patres
796 2695 1017 2750 Nicmno
1081 2692 1313 2751 concilio
1362 2691 1707 2763 superiores,
1764 2690 1963 2761 quibus
2016 2689 2278 2747 nonnulla
2344 2690 2663 2747 exciderunt
2725 2690 2926 2746 ariante
2998 2690 3261 2762 impietati
3310 2694 3362 2748 in
3404 2692 3643 2767 speciem

300 2795 562 2856 cognata,
619 2791 663 2841 si
723 2803 819 2844 eos
880 2786 1072 2843 similis
1131 2786 1426 2847 necessitas
1488 2784 1554 2839 ad
1628 2783 2005 2859 explicandam
2069 2785 2310 2854 apertius
2357 2793 2595 2845 mentem
2660 2800 2815 2845 suam
2860 2785 3232 2857 compuli~set.
3292 2785 3422 2843 Inde
3493 2787 3638 2842 enim

301 2876 463 2933 facile
494 2877 780 2932 adducitur
818 2878 1047 2948 quisque
1082 2887 1139 2932 ut
1164 2876 1385 2942 credat,
1431 2875 1703 2937 neminem
1748 2890 1814 2930 ex
1863 2875 1940 2930 eis
1998 2874 2474 2944 futuruugfuisse,
2523 2876 2615 2948 qui
2662 2892 2768 2932 non
2815 2878 3041 2951 perinde
3097 2889 3258 2950 atque
3313 2879 3636 2955 Dionysius,

298 2972 545 3033 eamdem
579 2972 860 3043 perfidiam
891 2972 1222 3040 damnasset,
1270 2986 1338 3028 ex
1387 2970 1489 3031 hoc
1514 2984 1679 3040 opere
1722 2984 1842 3047 qum
1872 2969 2262 3036 exscribenda,
2312 2985 2431 3039 quae
2480 2969 2935 3040 prmtermittenda
2982 2969 3220 3027 duxerit.
3268 2970 3630 3047 Athanasius,

298 3081 453 3122 unm.
522 3065 614 3132 id,
663 3066 889 3136 exponit
944 3066 997 3128 in
1046 3064 1189 3121 hunc
1247 3064 1499 3121 modum;
1532 3063 1756 3121 (Verba
1805 3062 1922 3137 ejus
1966 3077 2125 3132 quam
2170 3063 2429 3134 plurima,
2473 3063 2669 3132 quibus
2715 3079 2803 3119 res
2858 3064 2913 3118 in
2967 3064 3321 3136 qumstionem
3368 3065 3627 3127 adductas

301 3157 604 3228 expendit,
639 3165 733 3212 aut
774 3172 842 3217 ex
887 3156 1064 3213 allatis
1107 3155 1403 3217 ratiociniis
1433 3156 1672 3227 colligit,
1719 3165 1811 3217 aut
1843 3156 2203 3225 interrogatos
2246 3155 2587 3209 adversarios
2639 3156 2881 3226 coarguit
2921 3155 3006 3211 vel
3055 3158 3452 3216 obtrectatores
3502 3174 3632 3217 suos

293 3251 656 3319 criminatur,
708 3251 780 3306 ob
829 3250 1089 3311 librorum
1142 3250 1503 3322 prolixitatem
1555 3250 1838 3313 amittens,
1882 3264 1945 3303 ea
1984 3248 2156 3302 solum
2206 3264 2544 3318 proponam,
2601 3264 2722 3318 qua:
2765 3249 2832 3305 ad
2882 3251 3630 3317 criminationes.diluendas

294 3348 606 3404 necessaria
656 3346 1004 3402 videbuntur.
1046 3366 1063 3398 ι
1098 3346 1153 3400 lu
1201 3347 1267 3401 iis
1311 3361 1477 3413 vero,
1526 3361 1645 3416 qum
1691 3344 1976 3411 exscribit,
2028 3328 2288 3398 librorum
2330 3342 2578 3398 ordinem
2630 3341 2851 3398 minime
2910 3352 3126 3411 servat,
3182 3343 3279 3399 sed
3329 3354 3490 3415 prottt
3539 3361 3630 3405 res

297 3449 540 3497 tractata:
583 3439 959 3512 postulabant,
1001 3454 1145 3494 nunc
1188 3455 1350 3493 unum
1394 3450 1451 3493 et
1491 3439 1714 3493 alterum
1760 3437 2120 3508 fragmentum
2162 3452 2228 3491 ex
2274 3435 2413 3491 libro
2457 3438 2632 3506 primo
2663 3434 2903 3505 profert,
2937 3444 3048 3491 tum
3080 3437 3224 3499 aliud
3252 3453 3318 3495 ex
3350 3440 3622 3510 secundo,

291 3533 528 3591 Subinde
553 3543 805 3605 quartum
837 3547 1025 3591 rursus
1054 3548 1121 3591 ex
1168 3532 1373 3603 primo,
1408 3533 1493 3589 cui
1526 3532 1670 3591 aliud
1702 3548 1769 3587 ex
1801 3539 1992 3600 quarto
2025 3529 2289 3601 adiungit.
2319 3532 2389 3586 At
2417 3544 2537 3584 cum
2570 3531 2741 3585 nostri
2766 3531 2992 3587 instituti
3023 3532 3095 3586 sit
3123 3532 3305 3602 operis
3355 3533 3623 3611 ejusdem,

292 3635 486 3695 utpote
530 3626 598 3685 ad
657 3612 959 3687 Romanum
1027 3626 1337 3697 pontificem
1404 3626 1624 3697 scripti,
1680 3624 1936 3696 reliquias
2005 3632 2257 3679 accurate
2281 3624 2570 3693 colligere,
2635 3624 2846 3694 singula
2923 3622 3230 3695 fragmenta
3302 3641 3370 3681 eo
3428 3628 3623 3685 ordine

286 3720 555 3781 exhibere
598 3724 768 3777 satius
820 3721 993 3778 visum
1025 3731 1139 3782 est.
1176 3738 1332 3793 quem
1365 3731 1584 3778 serv-ant
1621 3722 1762 3779 inter
1790 3735 1849 3776 se
1880 3717 2031 3786 libri,
2091 3732 2156 3772 ex
2201 3718 2396 3787 quibus
2444 3716 2717 3788 descripta
2766 3729 2913 3775 sunt.
2970 3719 3195 3775 llemum
3241 3719 3287 3785 si
3338 3729 3617 3793 gestorum

288 3831 416 3885 qua:
462 3816 569 3871 hoc
612 3829 750 3885 opus
791 3822 1217 3884 prmcesserunt,
1250 3814 1447 3873 serium
1487 3813 1893 3884 expendamus,
1924 3809 1990 3864 ad
2044 3819 2255 3879 tempus
2283 3810 2424 3863 circa
2454 3809 2595 3877 quod
2643 3809 2978 3865 elaboratum
3026 3818 3139 3873 est,
3174 3811 3407 3882 quodam
3457 3814 3620 3869 modo

286 3907 603 3977 pertingere
658 3906 858 3961 licebit.
911 3905 1112 3976 Nempe
1168 3908 1371 3977 aliquot
1425 3907 1660 3973 Dionysii
1693 3902 2045 3963 Alexandrini
2094 3902 2358 3958 adversus
2403 3902 2738 3958 Sabellianos
2788 3904 3062 3974 epistolas,
3135 3904 3310 3976 Xysto
3361 3907 3620 3978 pontiﬁce

286 4000 566 4069 vulgatm,
633 3997 967 4053 accusationi
1037 4000 1180 4054 illius
1230 4001 1568 4055 occasionem
1620 3999 1906 4055 dederunt.
1954 3995 2083 4053 Inde
2135 3995 2367 4066 permoti
2413 3996 2656 4052 nonnulli
2705 3997 3002 4066 Catholici,
3051 3999 3172 4069 ipso
3243 3993 3613 4059 Alexandrino

286 4092 530 4163 praesule
558 4092 760 4158 inSt-io,
794 4092 1020 4145 Romam
1071 4094 1461 4158 convolarunt,
1493 4102 1545 4147 ct
1605 4108 1727 4163 qua:
1770 4090 1874 4147 sibi
1948 4090 2004 4145 in
2045 4092 2163 4162 ejus
2215 4095 2426 4163 scriptis
2474 4092 2832 4164 displicebant
2861 4093 2929 4147 ad
2960 4092 3264 4147 Romanum
3293 4094 3606 4164 pontiﬁcem

284 4184 619 4240 detulerunt.
652 4184 845 4239 Statim
873 4185 1152 4240 admonuit
1202 4187 1484 4258 Dionysius
1514 4186 1789 4240 Romanus
1824 4186 2139 4257 Dionysium
2172 4187 2620 4243 Alexandrinum.
2663 4187 2714 4241 ls
2742 4202 2872 4242 vero
2896 4187 2971 4242 illi
3019 4186 3334 4245 satisfacere
3367 4190 3601 4260 primum

287 4278 575 4343 brevibus,
635 4294 867 4349 moxque
896 4279 1274 4349 prolixioribus
1323 4280 1517 4334 litteris
1543 4319 1557 4345 ,
1590 4296 1743 4351 quam
1775 4280 2035 4352 primum,
2070 4289 2127 4333 ut
2179 4279 2503 4335 Athanasius
2533 4287 2720 4349 notat,
2773 4281 2998 4336 studuit.
3031 4282 3296 4349 Quocirca
3348 4284 3423 4338 nil
3468 4292 3616 4340 vetat

283 4372 579 4444 quominus
626 4371 787 4441 ,hanc
869 4373 1102 4445 Dionysii
1173 4372 1473 4444 apologiam
1563 4372 1629 4427 ad
1679 4389 1878 4426 annum
1940 4372 2054 4427 262
2130 4373 2358 4428 attinere
2432 4385 2770 4429 censeamus.
2859 4372 2996 4431 Eam
3069 4390 3286 4448 quoque
3352 4375 3603 4435 eruditus

284 4466 670 4525 Tillemontius
715 4465 783 4523 ad
836 4467 959 4523 anni
1008 4466 1172 4539 hujus
1220 4469 1430 4524 exitum
1484 4466 1674 4524 referri
1723 4482 1884 4537 posse
1931 4467 2245 4525 arbitratur.
2297 4466 2605 4525 Consum.

1609 4646 2154 4723 EPISTOLJE
2202 4646 2287 4721 II

1129 4838 1362 4895 DIONYSII
1402 4852 1763 4895 ALEXANDRINI
1802 4849 2034 4893 ENSCOPI
2072 4851 2142 4893 AD
2180 4847 2460 4891 DIONYSIUI
2496 4847 2753 4891 ROIANUI
2773 4874 2788 4900 ,

828 5004 837 5071 ξ
903 4998 1008 5055 Seu
1038 4998 1228 5071 Operis
1271 4998 1414 5072 quod
1460 4999 1728 5056 Eleuchus
1777 5008 1831 5057 et
1878 4998 2138 5073 Apologia
2196 4999 2617 5066 inscribebatur,
2678 4997 2997 5071 fragmenta.

1819 5161 1892 5214 Ex
1918 5165 2073 5228 primo
2093 5161 2236 5223 libro,

351 5298 411 5357 ί.
480 5291 603 5353 Non
630 5294 771 5363 enim
804 5302 920 5355 erat
960 5302 1192 5369 tempus,
1225 5295 1438 5369 quando
1466 5296 1607 5355 Deus
1635 5310 1741 5353 non
1774 5304 1891 5353 erat

1597 5313 1607 5352 ι
1635 5310 1741 5353 non
1774 5304 1891 5353 erat
1970 5312 1981 5325 ί
2067 5295 2120 5351 1.
2162 5295 2232 5349 οὐ
2257 5292 2356 5373 γὰρ
2384 5290 2443 5356 ἦν
2468 5289 2550 5359 ὅτε
2577 5290 2604 5351 ὁ
2630 5292 2753 5357 Θεὸς
2782 5291 2873 5349 οὐκ
2898 5287 2956 5355 ἧν
2979 5295 3173 5372 Πατήρ.

3461 5367 3571 5376 ἰιρσ

278 5391 467 5449 Pater.

343 5483 415 5539 Ει
433 5485 491 5539 in
504 5488 840 5553 sequentibus
853 5487 1032 5552 (inquit
1044 5484 1360 5552 Athanasius)
1376 5484 1633 5555 proﬁtetur
1646 5487 1889 5538 Christum
2055 5494 2129 5538 ita).
2148 5501 2260 5536 τοῦτο
2282 5491 2378 5537 otto
2403 5485 2493 5550 (ait
2510 5482 2804 5533 Athanasius
2825 5484 2989 5533 statim
3008 5483 3154 5548 post)
3173 5495 3210 5536 ιν
3227 5495 3305 5543 τοϊς
3336 5492 3431 5543 ἑξῆς,
3451 5492 3510 5533 ἀεὶ
3528 5491 3594 5532 τὸν

268 5583 495 5641 semper
530 5579 747 5635 esse,.ut
768 5581 886 5638 pote
912 5572 1117 5624 verbum
1138 5576 1190 5622 et
1207 5573 1501 5636 sapientiam
1525 5578 1578 5624 et
1600 5573 1844 5623 virtutem.

1466 5585 1501 5621 Il
1525 5578 1578 5624 et
1600 5573 1849 5623 virtutem.
1994 5585 2150 5637 Χριστὸν
2176 5580 2279 5633 aut,
2294 5584 2399 5635 λόγον
2426 5583 2527 5630 ὄντα,
2545 5581 2607 5621 χαί
2630 5581 2777 5633 tropi”,
2797 5580 2863 5620 καὶ
2878 5575 3042 5633 disrupta.

389 5698 449 5755 Ξ.
500 5696 687 5773 Neque
731 5714 859 5759 vero
906 5701 1047 5759 Dcus
1097 5715 1216 5758 cum
1280 5700 1395 5759 haec
1459 5716 1566 5759 non
1618 5701 1917 5775 peperisset

2093 5703 2150 5759 2.
2192 5707 2262 5763 Οὐ
2284 5704 2385 5779 γὰρ
2417 5700 2482 5765 δὴ
2515 5703 2711 5762 τούτων
2739 5701 2919 5778 ἄγονος
2948 5701 3015 5760 ὢν
3057 5702 3182 5761 Θεὸς
3207 5740 3224 5774 ,
3251 5693 3363 5760 εἶτα
3404 5696 3611 5759 ἐπαιδο-
