3990 6060
396 260 498 317 119

1483 249 1773 309 DIUNYSII
1811 243 2286 305 ALEXANDRINI
2327 246 2632 306 EPISCOPI

3611 252 3714 310 120

391 382 576 446 postea
604 371 795 430 Filium
823 370 1047 444 genuit:
1078 368 1173 426 sed
1200 366 1327 440 quia
1352 366 1517 426 Filius
1548 381 1656 423 non
1686 379 1716 421 a
1748 378 1808 422 se
1838 363 1983 436 ipso,

2105 364 2366 425 τοιήσατο.
2399 361 2504 418 ἀλλ’
2530 358 2610 440 ὅτι
2653 366 2725 436 μὴ
2767 361 2893 440 παρ’
2922 361 3113 419 ἑαυτοῦ
3150 361 3178 418 ὁ
3204 363 3340 432 Υἱός,
3373 362 3480 423 ἀλλ’
3524 365 3579 420 ἐκ
3619 373 3711 423 τοῦ

389 482 580 525 verum
606 482 635 522 a
662 467 826 524 Patre
855 465 1020 522 habet
1045 477 1192 520 esse.

450 626 518 680 Et
538 633 651 694 post
669 638 824 693 pauca
839 625 904 676 de
922 626 1034 690 ipso
1048 623 1180 675 Filio
1201 623 1323 675 dicit
1354 638 1365 672 :

459 819 514 876 5.
565 816 697 874 Cum
741 815 814 872 sit
854 813 1116 887 splendor
1161 811 1298 869 lucis
1342 818 1600 877 aeternae,
1652 822 1877 881 prorsus
1933 815 1989 863 et

386 911 504 983 ipse
571 918 807 966 relernus
877 916 983 964 est.
1039 904 1186 961 Luce
1240 903 1384 958 enim
1440 917 1657 974 semper
1721 900 1990 957 existente

383 1001 734 1061 manifestum
764 1012 844 1057 est
877 1010 935 1057 et
966 997 1312 1068 splendorem
1345 1010 1566 1063 semper
1595 994 1889 1051 exsistere:
1923 1006 1991 1047 eo

383 1099 587 1171 quippe
635 1096 730 1151 lux
770 1108 893 1151 esse
950 1091 1302 1162 intelligitur,
1359 1086 1502 1160 quod
1549 1085 1866 1155 splendeat,
1928 1098 1993 1139 ac

383 1191 505 1247 ﬁeri
545 1190 727 1261 nequit
776 1196 836 1243 ut
870 1188 959 1242 lux
1027 1199 1132 1240 non
1162 1176 1375 1238 luceat.
1431 1180 1664 1236 Rursum
1723 1177 1870 1234 enim
1921 1176 1991 1232 ad

385 1283 629 1352 esetnpla
657 1280 960 1337 veniamus.
997 1278 1053 1333 Si
1083 1276 1167 1331 sul
1195 1284 1300 1340 est,
1334 1282 1421 1330 est
1448 1288 1665 1343 qunque
1696 1268 1955 1341 Splendor
1975 1312 1992 1333 ,

381 1389 463 1432 εει
494 1387 550 1431 et
575 1374 722 1430 dies:
778 1374 970 1427 horum
1000 1370 1045 1424 si
1076 1368 1211 1424 nihil
1242 1375 1346 1433 est,
1380 1366 1610 1421 multum
1638 1363 1794 1419 abest
1827 1370 1885 1417 ut
1910 1362 1994 1417 sol

385 1469 547 1525 adsit.
582 1466 734 1536 Quod
763 1467 810 1522 si
838 1466 916 1520 Snl
961 1477 1198 1520 anernus
1249 1470 1416 1529 esset,
1451 1460 1570 1516 dies
1597 1472 1815 1530 quoque
1843 1471 1999 1511 num-

377 1578 539 1635 quam
570 1560 847 1616 deﬁceret.
882 1557 1036 1614 Nunc
1067 1569 1245 1611 autem
1278 1553 1499 1628 (neque
1530 1552 1676 1608 enim
1706 1550 1781 1605 ita
1806 1563 1867 1605 se
1906 1562 1998 1604 res

2107 458 2305 535 Πατρός
2334 454 2453 531 ἔχει
2480 459 2540 516 τὸ
2562 451 2713 514 εἶναι.

2177 627 2255 667 Καὶ
2273 628 2354 677 μετ’
2375 627 2482 679 ὀλίτι
2504 614 2694 680 (pergit
2714 616 2885 668 dicere
2901 616 3216 680 Athanasius)
3241 629 3350 670 πάλιν
3385 631 3469 685 πιρι
3497 634 3564 672 τοο
3597 633 3713 673 αὐτοῦ

2117 714 2237 763 φησιν’

2163 808 2219 862 5.
2258 807 2603 883 ’Λπαύγασμα
2621 809 2676 867 δέ
2707 809 2774 867 ὢν
2795 814 2958 885 φωτὸς
2986 811 3174 879 ἀϊδίου,
3198 815 3405 877 πάντως
3435 818 3523 872 καί
3550 819 3712 879 αὐτὸς

2094 900 2263 965 ἀίδιός
2308 904 2467 959 ἐστιν.
2520 899 2667 967 ὄντος
2688 907 2790 983 γὰρ
2835 907 2915 960 ἀεὶ
2955 911 3051 962 τοῦ
3092 909 3278 981 φωτός.
3304 906 3448 968 δῆλον
3477 912 3546 973 ὡς
3572 908 3711 967 ἔστιν

2095 996 2262 1052 ἀεὶτὸ
2295 997 2649 1071 ἀπαύγασμα.
2689 1000 2858 1072 τούτῳ
2900 1000 3022 1076 γὰρ,
3073 1003 3160 1055 καί
3189 996 3268 1057 ὅτι
3314 1008 3417 1074 φῶς
3464 1004 3595 1066 ἐστι,
3639 1011 3714 1079 τῷ

2095 1090 2437 1162 καταυγὰζειν
2466 1098 2678 1156 νοεῖται,
2709 1093 2797 1147 καὶ
2827 1100 2931 1166 φῶς
2956 1095 3016 1148 οὐ
3044 1093 3261 1151 δύναται
3285 1102 3354 1168 μή
3391 1100 3605 1171 φωτίζον
3637 1094 3710 1153 ιῖ-

2098 1203 2201 1237 ναι⁴
2235 1181 2385 1238 πάλιν
2417 1185 2519 1261 γὰρ
2548 1180 2772 1257 ἔλθωμεν
2797 1187 2883 1240 ἐπὶ
2922 1188 2989 1241 τὰ
3026 1186 3447 1262 παραδείγματα.
3490 1192 3534 1245 εἰ
3577 1187 3715 1246 ἔστιν

2100 1275 2257 1338 ἥλιος,
2290 1274 2431 1332 ἔστιν
2456 1278 2624 1351 ἡμέρα
2648 1292 2662 1306 ⁸
2698 1282 2742 1333 εἰ
2766 1281 3012 1335 τοιούτων
3043 1280 3199 1354 μηδέν
3224 1284 3356 1342 ἐστι.
3389 1284 3520 1339 πολύ
3553 1305 3609 1355 γε
3641 1283 3722 1343 δεῖ

2102 1373 2187 1425 καὶ
2213 1378 2454 1442 παρεῖναι
2492 1372 2649 1431 ἥλιον.
2680 1376 2724 1428 εἰ
2764 1376 2855 1445 μὲν
2880 1370 2967 1429 οὖν
2995 1374 3159 1437 ἀΐδιος
3190 1377 3215 1432 ὁ
3247 1378 3405 1440 ἥλιος.
3442 1376 3717 1444 ἄπαυστος

2102 1456 2162 1515 ἂν
2189 1458 2249 1521 ἦν
2276 1465 2364 1516 καὶ
2399 1464 2430 1521 ἡ
2458 1465 2626 1539 ἡμέρα
2677 1469 2767 1519 νῦν
2797 1463 2851 1520 δὲ
2876 1504 2892 1529 ,
2921 1468 2981 1520 οὐ
3010 1469 3112 1541 γὰρ
3140 1465 3280 1523 ἔστιν
3302 1509 3315 1528 .
3345 1471 3632 1547 ἀρξαμένου
3659 1494 3714 1530 τε

2100 1553 2314 1629 ἤρξατο,
2368 1559 2455 1611 καί
2478 1559 2772 1631 παυομένου
2811 1558 3117 1615 παύεταιοό
3158 1558 3211 1615 δέ
3239 1583 3297 1634 γε
3340 1564 3465 1624 Θεὸς
3517 1565 3716 1620 αἰώνιόν

378 1652 580 1720 habet)
616 1653 734 1708 dies
761 1651 880 1707 sole
909 1649 1199 1719 incipiente
1228 1645 1413 1716 incipit
1433 1686 1447 1708 ,
1478 1660 1542 1700 ac
1586 1644 1870 1699 desinente
1896 1640 1993 1695 de-

2105 1648 2216 1703 ἔστι
2245 1656 2371 1721 φῶς,
2402 1646 2520 1705 οὕτε
2552 1650 2853 1727 ἀρξάμενον,
2881 1647 2999 1706 οὔτε
3024 1651 3172 1715 λήξόν
3202 1672 3349 1707 ποτε.
3379 1654 3562 1707 οὐκοῦν
3590 1656 3716 1707 αἰὼ-

379 1747 530 1803 sinit.
577 1746 717 1800 Deus
758 1753 939 1799 autem
981 1752 1186 1798 asterna
1217 1742 1306 1795 lus
1336 1748 1442 1802 est,
1472 1753 1594 1804 quae
1623 1751 1799 1808 neque
1823 1735 1999 1791 inca:-

376 1840 483 1912 pit,
548 1854 721 1909 neque
784 1837 1002 1892 deficiet
1067 1849 1323 1905 unquam.
1400 1831 1504 1902 Ipsi
1557 1845 1690 1900 ergo
1740 1828 2003 1899 praelucet

380 1945 447 1987 ac
469 1930 757 1987 coexsistit
784 1938 1022 1984 aeternus
1049 1925 1333 1998 splendor,
1362 1925 1452 1994 qui
1482 1922 1601 1978 sine
1629 1920 1786 1976 initio
1828 1919 2001 1976 eXaiS-

380 2031 504 2081 tens
546 2034 602 2079 et
648 2037 867 2091 semper
916 2019 1149 2093 genitus,
1200 2004 1328 2073 ante
1373 2031 1495 2071 eum
1542 2014 1763 2076 emicat,
1797 2013 2002 2083 quique

379 2128 467 2177 est
492 2136 555 2177 ea
584 2119 846 2189 sapientia
871 2159 886 2185 ,
918 2132 1039 2189 qua:
1067 2114 1237 2179 dicit,
1273 2113 1383 2185 Ego
1403 2127 1544 2167 erant
1571 2127 1672 2183 qua
1699 2107 1952 2181 gaudebat
1982 2124 2002 2162 ε

383 2220 433 2269 et
471 2212 760 2267 delectabar
788 2209 1018 2283 quotidie
1060 2217 1180 2263 ante
1217 2206 1404 2277 faciem
1429 2205 1541 2278 ejus
1586 2202 1729 2259 omni
1785 2212 2012 2274 tempore

383 2302 570 2373 (Prov.
598 2321 713 2374 vm,
741 2304 857 2375 50).

442 2440 506 2491 Et
522 2439 667 2504 paulo
690 2445 799 2504 post
821 2450 1104 2489 sermonem
1128 2437 1194 2488 de
1220 2438 1401 2487 eodem
1422 2439 1497 2487 sic
1529 2437 1850 2499 prosequitur
1880 2449 1893 2486 :

452 2573 507 2627 4.
538 2572 674 2627 Cum
706 2585 838 2644 ergo
868 2579 1108 2626 aeternus
1130 2570 1202 2625 sit
1231 2570 1411 2635 Pater,
1445 2577 1680 2624 aeternus
1706 2577 1789 2623 est
1813 2576 1868 2623 et
1893 2565 1987 2623 Fi-

394 2664 542 2732 lius,
591 2667 773 2719 lumen
806 2663 875 2719 de
895 2661 1119 2717 lumine.
1166 2660 1267 2717 Ubi
1318 2659 1465 2716 cnim
1516 2668 1601 2715 est
1645 2660 1878 2731 genitor,
1912 2667 1998 2716 est

392 2766 449 2814 et
494 2757 692 2827 proles.
728 2757 786 2813 Si
828 2765 1007 2812 autem
1062 2756 1247 2827 proles
1302 2770 1408 2809 non
1451 2763 1569 2821 est,
1622 2751 1897 2824 quomodo
1944 2760 2003 2809 et

390 2849 549 2920 cujus
592 2858 772 2919 potest
813 2863 937 2904 esse
987 2847 1244 2920 genitor?
1289 2848 1450 2918 Atqui
1505 2846 1666 2901 ambo
1724 2854 1891 2912 sunt,
1947 2854 2004 2900 et

392 2958 613 3012 semper
639 2951 786 2999 sunt.
823 2942 957 2999 Cum
990 2941 1154 3014 igitur
1183 2942 1324 2998 Deus
1362 2940 1434 2996 sit
1478 2941 1567 2996 lux
1592 2982 1607 3006 ,
1641 2938 1890 2995 Christus
1916 2946 2003 2995 est

386 3040 669 3106 Splendor.
713 3038 848 3097 Cum
900 3048 1081 3100 autem
1129 3039 1364 3109 Spiritus
1403 3037 1513 3103 sit,
1542 3036 1772 3108 Spiritus
1816 3035 1998 3104 enim,

384 3134 600 3207 inquit,
652 3144 727 3189 est
755 3133 893 3189 Deus
935 3132 1116 3206 (Joan.
1147 3147 1241 3197 IV,
1290 3130 1423 3201 2t);
1465 3138 1834 3201 congruenter
1882 3141 2002 3182 rur—

382 3240 503 3282 sum
539 3224 792 3281 Christus
818 3239 988 3296 vapor
1022 3222 1223 3278 dicitur
1251 3240 1265 3277 :
1304 3222 1398 3277 Est
1431 3221 1562 3277 enim
1586 3263 1601 3291 ,
1651 3218 1857 3291 inquit,
1905 3233 1999 3273 υα-

371 3333 470 3388 por
495 3317 693 3371 virtutis
718 3315 816 3371 Dei
850 3315 1045 3387 (Sap.,
1076 3330 1179 3382 vn,
1209 3314 1280 3372 25
1303 3316 1344 3386 ).

436 3474 751 3537 Rursumque
773 3472 893 3523 dicit
915 3486 928 3523 :

463 3605 519 3663 5.
553 3603 714 3660 Solus
745 3609 926 3656 autem
958 3599 1127 3655 Filius
1172 3614 1392 3671 semper
1436 3598 1772 3655 coexsistens
1807 3597 1992 3663 Patri,

387 3705 445 3753 et
470 3696 665 3768 plenus
696 3710 763 3752 eo
806 3694 897 3765 qui
953 3702 1076 3760 est,
1120 3692 1235 3763 ipse
1284 3693 1445 3748 etiam
1489 3696 1607 3758 est,
1638 3705 1760 3747 cum
1814 3690 1886 3745 sit
1929 3704 1996 3745 ex

391 3791 549 3850 Patre
580 3789 682 3863 (ea:
710 3789 901 3846 Athan.
928 3829 941 3857 ,
971 3786 1096 3843 ibid.
1119 3829 1134 3857 ,
1180 3803 1234 3842 n.
1271 3787 1385 3861 17).

2104 1763 2204 1798 νιον
2234 1742 2528 1817 πρόκειται,
2555 1745 2643 1798 καί
2672 1745 2910 1799 σύνεστιν
2947 1745 3089 1817 αὐτῷ
3118 1744 3177 1799 τό
3200 1746 3530 1816 ἀπαύγασμα
3559 1741 3715 1819 ἄναρ-

2106 1858 2206 1910 χον
2238 1840 2324 1892 καί
2371 1838 2613 1914 ἁειγενές.
2659 1837 3059 1911 προφαινόμενον
3099 1838 3281 1898 αὐτοῦ.
3327 1834 3454 1911 ὅπερ
3498 1840 3636 1894 ἐστίν
3684 1840 3715 1898 ἡ

2102 1931 2326 2006 λέγουσα
2350 1936 2525 2007 σοφία,
2557 1931 2684 2006 Ἐγὼ
2727 1931 2861 2005 ἤμην
2956 1934 3281 2011 προσίχαιρε
3302 1950 3316 1964 ⁸
3365 1932 3476 1988 καθ’
3522 1935 3713 2010 ἡμέραν

2105 2021 2161 2080 δὲ
2191 2024 2529 2103 εὐφραινόμην
2559 2026 2609 2081 ἐν
2640 2028 2909 2104 προσώπῳ
2936 2027 3097 2083 αὐτοῦ
3122 2027 3173 2081 ἐν
3199 2029 3355 2084 παντὶ
3387 2034 3571 2104 καιρῷ.

2178 2448 2252 2488 Καὶ
2263 2439 2367 2490 αὖθις
2385 2443 2509 2494 ἱκάγιι
2531 2443 2611 2493 μιτ⁹
2630 2442 2737 2494 ὀλίγα.
2754 2427 2936 2494 (inquit
2945 2427 3365 2495 Athanasius),mz
3379 2445 3446 2481 τοῦ
3465 2443 3577 2483 αὐτοῦ
3592 2443 3717 2496 λὲγων

2109 2566 2120 2601 ι
2182 2566 2216 2621 4
2277 2563 2300 2583 Ol
2534 2557 2561 2580 Ὗ
2775 2564 2784 2578 Ι
2960 2567 2984 2578 ο
3186 2565 3198 2579 1
3353 2565 3391 2581 10
3545 2562 3561 2581 ί
3647 2565 3682 2583 οι

2222 2607 2236 2621 .
2302 2577 2460 2626 Οντος
2508 2585 2596 2618 ουν
2643 2564 2849 2617 αἰωνιου
2894 2582 2988 2618 του
3035 2572 3266 2638 Πατρος,
3311 2583 3511 2626 αιωνιος
3539 2587 3565 2619 ο
3602 2574 3716 2628 Υιος

2104 2665 2238 2727 ἐστι,
2269 2668 2373 2735 φῶς
2401 2662 2457 2715 ἐκ
2485 2659 2649 2731 φωτὸς
2680 2655 2747 2711 ὥν
2771 2673 2785 2688 ’
2810 2651 2955 2718 ὄντος
2979 2659 3081 2731 γὰρ
3110 2659 3316 2730 γονέως,
3347 2655 3462 2713 ἔστι
3490 2660 3577 2712 καί
3600 2660 3714 2714 τέκ-

2104 2772 2206 2810 νον·
2242 2755 2284 2809 si
2312 2751 2366 2808 δὲ
2394 2757 2466 2825 μὴ
2494 2752 2661 2806 τέκνον
2689 2746 2785 2808 εἴη,
2815 2757 2928 2810 πῶς
2958 2752 3045 2803 καὶ
3064 2752 3200 2810 τίνος
3228 2745 3355 2803 εἶναι
3381 2747 3599 2806 δύναται
3626 2772 3715 2822 γο-

2104 2852 2256 2913 νεὺς;
2286 2845 2392 2902 ἀλλ’
2420 2847 2549 2900 εἰσὶν
2577 2841 2749 2916 ἄμφω,
2773 2846 2861 2897 καί
2886 2844 3011 2897 εἰσίν
3041 2845 3140 2898 ἀεί.

2168 2948 2261 2992 Εἶτα
2281 2952 2390 2991 πάλιν
2413 2950 2633 3002 προστίθησι
2655 2952 2774 2986 ταῦτα
2797 2933 3119 2999 (Athanasius
3142 2934 3231 3002 ait)
3262 2952 3274 2985 Ζ

2174 3026 2343 3086 Φωτός
2369 3025 2461 3096 μὲν
2491 3014 2583 3076 οὖν
2610 3016 2755 3082 ὄντος
2779 3024 2874 3074 τοῦ
2895 3025 3047 3079 Θεοῦ.
3080 3020 3106 3074 ό
3130 3023 3355 3094 Χριστός
3384 3024 3524 3077 ἐστιν
3546 3021 3718 3077 ἀπαύ-

2102 3140 2303 3194 γασμα.
2323 3116 2618 3187 πνεύματος
2646 3104 2713 3167 δὲ’
2731 3107 2894 3173 ὄντος·
2923 3112 3150 3186 Πνέῦμα,
3175 3116 3299 3189 γὰρ.
3327 3118 3499 3189 φησὶν,
3524 3113 3714 3178 όΘεός·

2106 3211 2365 3283 ἀναλόγως
2392 3206 2541 3262 πάλιν
2583 3202 2610 3259 ό
2648 3206 2873 3277 Χριστός
2912 3204 3074 3276 ἀτμὸς
3112 3205 3331 3278 λέγεται*
3357 3204 3558 3280 ’Λτμὸς,
3589 3208 3710 3280 γάρ,

2107 3309 2278 3381 φησὶν,
2308 3306 2424 3359 ἐστι
2452 3310 2546 3363 τῆς
2574 3303 2668 3356 τοῦ
2698 3303 2829 3354 Θεοῦ
2858 3295 3149 3370 δυνάμεως.

2171 3477 2248 3518 Καὶ
2270 3477 2309 3514 ιι
2326 3477 2394 3513 τοῦ
2416 3470 2583 3523 amem
2607 3457 2787 3522 (inquit
2808 3455 3126 3520 Athanasius)
3145 3469 3254 3508 πάλιν
3273 3473 3359 3522 φησί

2172 3593 2228 3648 5.
2268 3593 2430 3652 Μόνος
2455 3587 2509 3645 δέ
2542 3586 2568 3643 ό
2596 3586 2710 3649 Υἱός
2737 3588 2818 3641 ἀεὶ
2846 3588 3012 3640 συνὼν
3034 3593 3108 3659 τῷ
3128 3588 3311 3659 Πατρί,
3343 3590 3544 3644 καὶτοῦ
3566 3586 3710 3651 ὄντος

2101 3686 2474 3762 πληρούμενος,
2520 3681 2607 3734 καὶ
2634 3679 2787 3739 αὐτὸς
2819 3676 2988 3743 ἔστιν,
3021 3675 3088 3732 ὢν
3132 3680 3187 3732 ἐκ
3216 3684 3310 3734 τοῦ
3338 3680 3559 3752 Πατρός.
3590 3678 3714 3735 Ηωῦ

2101 3782 2334 3832 excitata
2366 3780 2492 3828 sunt
2531 3769 2673 3824 serie
2698 3772 2956 3823 continua
2996 3782 3025 3819 a
3064 3766 3128 3824 S.
3162 3768 3446 3823 Athanasio
3490 3770 3545 3823 in
3586 3769 3717 3840 Epi-

2102 3867 2237 3923 stola
2267 3865 2332 3920 de
2360 3862 2625 3922 Sententia
2651 3859 2912 3931 Dionysii,
2949 3875 3097 3916 num.
3129 3860 3217 3928 15,
3246 3875 3297 3932 p.
3329 3860 3457 3930 255,
3491 3860 3575 3917 ed.
3607 3859 3713 3917 Be.

2104 3961 2357 4017 nedictin.

1694 4096 1769 4147 Ex
1789 4096 1965 4149 eodem
1996 4095 2123 4148 libro
2147 4096 2304 4160 primo
2327 4092 2421 4159 (1).

382 4204 396 4234 '
461 4208 515 4263 6.
573 4205 842 4262 Caeterum
891 4205 981 4262 ubi
1025 4218 1115 4261 res
1161 4203 1331 4261 factas
1377 4210 1435 4260 et
1477 4202 1693 4274 opilicia
1742 4202 1990 4273 quaedam

2170 4202 2220 4256 6.
2267 4202 2393 4262 Πλὴν
2439 4203 2539 4275 ἐγὼ
2586 4200 2773 4274 γενητά
2817 4220 2932 4255 τινα
2979 4204 3144 4275 φήσας
3188 4204 3425 4270 νοεῖσθαι,
3469 4212 3570 4259 τῶν
3614 4208 3707 4277 μέν

393 4296 790 4355 consideranda
841 4298 992 4363 dixi,
1045 4295 1358 4364 huiusmodi
1407 4310 1588 4350 rerum
1621 4295 1768 4350 velut
1820 4299 1997 4351 minus

393 4389 721 4447 idonearnm
759 4388 958 4444 cursim
1008 4386 1207 4457 protuli
1256 4386 1539 4454 exempla,
1570 4386 1785 4454 quando
1827 4386 1943 4441 dixi
1981 4404 1995 4441 :

392 4482 581 4553 Neque
614 4482 791 4551 planta
822 4479 873 4536 id
905 4487 989 4536 est
1015 4477 1157 4551 quod
1190 4477 1459 4549 ngriCnla,
1495 4492 1668 4548 neque
1695 4477 1893 4546 scnpha
1943 4477 1997 4533 id

388 4576 533 4650 quod
563 4576 776 4631 navium
805 4574 957 4628 faber
987 4578 1077 4640 (ea:
1121 4571 1313 4626 Athan.
1340 4613 1355 4638 ,
1392 4568 1519 4625 ibid.
1547 4611 1561 4636 ,
1610 4586 1664 4625 η.
1711 4570 1837 4638 18).
1890 4570 1995 4627 De-

385 4670 514 4727 inde
568 4668 826 4739 congruis
885 4675 935 4722 et
992 4676 1198 4720 natura:
1252 4665 1331 4721 rei
1405 4663 1996 4720 acrornmodntioribus

388 4766 565 4837 magis
614 4779 733 4819 sum
781 4763 1130 4827 immoratus,
1186 4774 1250 4815 ac
1304 4759 1550 4830 pluribus
1599 4758 1834 4830 explicui
1874 4774 1996 4830 qua:

386 4858 598 4915 veriora
653 4866 849 4925 erant,
884 4854 1050 4911 variis
1093 4851 1414 4924 excogitatis
1448 4853 1821 4925 argumentis,
1873 4867 1995 4924 qua:

2100 4296 2343 4349 τοιούτων
2372 4295 2440 4354 ὡς
2479 4292 2828 4370 ἀχρειοτέρων
2856 4291 2906 4355 ἐξ
2935 4291 3214 4370 ἐπιδρομῆς
3256 4289 3398 4350 εἶπον
3424 4295 3705 4375 παραδείγ-

2100 4409 2242 4459 ματα
2264 4402 2277 4415 ·
2308 4388 2418 4441 ἐπεὶ
2447 4390 2573 4458 μήτε
2596 4387 2655 4441 τό
2676 4390 2831 4457 φυτὸν
2858 4386 2975 4461 ἔφην
3003 4386 3281 4460 (adderent
3308 4393 3368 4445 τό
3395 4392 3524 4447 αὐτὸ
3554 4388 3706 4465 εἶναι)

2100 4486 2175 4552 τῷ
2201 4486 2431 4553 γεωργῷ,
2465 4483 2591 4551 μήτε
2642 4486 2716 4552 τῷ
2759 4489 3006 4554 ναυπηγῷ
3052 4483 3111 4536 τὸ
3163 4484 3377 4556 σκάφος.
3425 4478 3550 4540 Εἶτα
3599 4493 3711 4549 τοῖς

2100 4572 2381 4645 ίκνουμένοι
2436 4576 2524 4628 καὶ
2575 4576 3015 4650 προσφυεστέροις
3069 4572 3399 4651 ἐνδιέτριψα’
3434 4581 3520 4632 καί
3560 4580 3709 4635 πλέον

2101 4664 2347 4735 διεξῆλθον
2374 4671 2494 4742 περί
2522 4675 2621 4725 τῶν
2652 4670 3018 4744 ἁληθεστέρων,
3054 4671 3259 4727 ποικίλα
3282 4675 3703 4748 προσεπεξευρών

2093 4765 2365 4835 τεκμήρια,
2396 4760 2528 4840 ἅπερ
2560 4766 2646 4816 καί
2691 4784 2774 4818 σοι
2804 4760 2868 4817 δι’
2900 4759 3050 4825 ἄλλης
3081 4764 3351 4827 ἐπιστολῆς
3379 4764 3581 4843 ἔγραψα
3607 4782 3621 4795 ⁶
3650 4770 3701 4822 ἐν

2093 4849 2167 4916 οἷς
2194 4853 2398 4929 ἤλεγξα,
2433 4851 2569 4910 καὶὸ
2598 4855 2944 4932 προφέρουσιν
2975 4853 3204 4932 ἔγκλημα
3225 4854 3338 4913 κατ’
3363 4857 3489 4929 ἐμοῦ
3509 4855 3702 4931 ψεῦδος

1799 4987 2292 5049 COMMENTARII.

457 5135 540 5203 (l)
575 5132 843 5206 Quorsum
867 5130 1159 5206 Dionysius
1182 5130 1475 5206 sequentia
1524 5130 1577 5184 in
1621 5129 1857 5185 medium
1900 5139 1983 5206 at-_

393 5202 596 5273 tulerit,
626 5203 947 5259 Athanasius
974 5202 1044 5257 ita
1075 5203 1316 5273 declarat
1341 5218 1356 5256 :
1380 5202 1714 5257 Accusatores
1734 5219 1876 5269 suos,
1894 5204 1983 5271 qui

389 5294 506 5333 eum
552 5270 923 5331 mentiebantur
968 5276 1196 5342 dixisse,
1233 5270 1428 5327 Filium
1470 5290 1627 5327 unum
1667 5289 1842 5328 eorum
1876 5270 1985 5330 esse

384 5364 502 5419 qua:
528 5351 666 5420 facta
709 5355 877 5420 sunt,_
895 5354 943 5400 et
978 5361 1300 5420 nequaquam
1330 5361 1441 5399 esse
1471 5344 1621 5420 Patri
1643 5345 1983 5420 consubstan-

385 5416 589 5479 tialem.
639 5420 822 5473 iterum
861 5418 915 5471 in
979 5416 1108 5471 libro
1159 5416 1324 5487 primo
1386 5418 1617 5488 coarguit
1673 5417 1753 5471 his
1799 5418 1983 5473 verbis.

388 5490 543 5547 Unde
591 5490 756 5561 liquet
800 5503 864 5544 ea
907 5489 958 5542 in
1001 5492 1282 5561 superiore
1324 5488 1560 5560 DionySii
1616 5491 1824 5544 romani
1868 5490 1983 5561 epi-

391 5564 531 5617 stola
558 5558 833 5616 confutata
865 5574 987 5614 esse
1008 5601 1023 5626 ,
1055 5573 1175 5628 qua:
1216 5558 1581 5615 Alexandrino
1625 5560 1833 5627 objecta
1867 5558 1981 5613 fue-

388 5645 533 5687 rant.
565 5633 603 5688 li
636 5635 779 5688 enim
803 5674 817 5697 ,
850 5632 935 5701 qui
969 5629 1245 5685 Dominum
1283 5634 1473 5698 factum
1499 5648 1627 5697 esse,
1665 5631 1797 5685 sicut
1820 5647 1981 5686 unum

383 5720 569 5759 earum
620 5721 735 5772 qua:
788 5712 926 5774 facta
963 5713 1115 5766 sunt,
1169 5701 1496 5774 existimant,
1546 5705 1598 5760 in
1648 5703 1775 5771 illa,
1819 5720 1872 5756 η.
1904 5702 1975 5773 2,

379 5773 736 5836 refelluntur.
766 5773 901 5834 illud
947 5787 1166 5849 quoque
1217 5773 1548 5845 notandum,
1597 5789 1717 5833 eam
1772 5773 1976 5845 ﬁdem,

2084 5146 2187 5203 qua
2238 5131 2453 5189 Patrem
2504 5142 2558 5190 et
2600 5134 2796 5191 Filium
2841 5135 2999 5191 unius
3049 5135 3398 5205 substantim,
3438 5154 3535 5197 seu
3576 5158 3699 5198 con-

2084 5204 2449 5287 substantiales
2483 5206 2754 5262 credimus
2772 5250 2800 5287 ,_
2839 5207 3080 5264 ﬁdelium
3112 5211 3308 5265 animis
3354 5212 3427 5266 ita
3470 5228 3692 5287 semper

2089 5274 2254 5357 fuisse
2280 5276 2519 5357 insitam,
2549 5288 2605 5333 ut
2634 5292 2755 5357 cum
2788 5279 2890 5336 hoc
2921 5295 3121 5357 negare
3141 5291 3428 5357 putaretur
3452 5274 3690 5357 Alexan-

2087 5345 2281 5402 drinus
2307 5348 2565 5413 antistes,
2593 5352 2776 5406 statim
2818 5367 2847 5405 a
2899 5345 3184 5409 Catholicis
3228 5355 3360 5409 viris
3402 5356 3468 5409 nd
3517 5372 3697 5413 roma-

2088 5432 2215 5471 num
2267 5419 2576 5488 pontiﬁcem
2636 5421 2796 5478 fuerit
2840 5422 3085 5489 delatus,
3136 5439 3238 5480 nec
3284 5426 3375 5482 ille
3423 5425 3701 5486 dismlerit

2088 5502 2212 5543 sese
2253 5491 2323 5544 ab
2369 5490 2675 5560 huiusmodi
2725 5494 2985 5561 opinione
3033 5494 3427 5552 alienissimum
3470 5498 3702 5555 demon-

2087 5570 2282 5643 strare.
2313 5560 2422 5618 Nec
2450 5564 2582 5618 illud
2611 5560 2816 5643 minori
2836 5566 3222 5643 observatione
3249 5569 3469 5643 dignum
3491 5610 3508 5636 ,
3554 5573 3698 5640 quod

2088 5647 2194 5716 non
2225 5641 2428 5688 tantum
2459 5651 2574 5716 rem
2606 5637 2767 5716 verbo
2791 5637 3070 5716 ὁμοούσιον
3095 5637 3448 5716 signiﬁcatam
3472 5681 3486 5703 .
3521 5637 3615 5696 sed
3642 5652 3700 5700 et

2088 5707 2378 5780 ipsnmmet
2403 5707 2627 5780 verbum
2658 5707 2842 5780 aliquo
2872 5712 3033 5767 modo
3063 5707 3213 5780 rejici
3254 5710 3441 5766 ﬁdeles
3469 5721 3547 5766 tot
3571 5726 3697 5771 ante

2082 5774 2352 5835 nictenum
2397 5779 2682 5837 concilium
2711 5774 2868 5838 annis
2921 5774 3137 5853 indigne
3191 5780 3433 5841 tulerint.
3489 5782 3689 5842 Cous'r.
