3990 6060
441 184 544 243 125

435 303 539 358 alia
584 312 669 362 est
713 307 745 363 ἡ
789 308 956 373 verbo
1004 316 1147 386 quod
1185 319 1239 375 in
1270 320 1435 378 corde
1475 325 1677 385 existit.
1724 329 1837 387 Hoc
1886 334 2029 391 enim

438 406 719 469 postquam
759 402 907 460 illam
955 411 1247 480 praemisit,
1291 428 1569 490 remanet,
1628 431 1818 492 estque
1873 430 2035 499 quale

438 499 596 551 antea
628 505 776 550 erat:
799 496 889 553 illa
931 514 1062 559 vero
1093 504 1368 574 prmmissa
1398 513 1576 568 avolat
1602 524 1657 570 et
1695 496 2031 593 circumqua.

439 599 546 657 que
589 587 793 660 lertur‘;
834 602 889 648 et
929 593 1008 650 sic
1067 605 1353 674 utrumque
1401 606 1452 661 in
1521 617 1748 682 utroque
1792 587 2033 683 est,-ta-

440 682 598 738 metsi
647 683 790 741 aliud
843 685 915 740 ab
956 688 1165 761 altero,
1226 705 1281 751 et
1325 715 1488 755 unum
1538 716 1696 774 sunt,
1748 682 2032 767 licetduo

440 774 547 839 sint
573 794 587 831 ι
616 776 693 841 sic
731 794 962 852 namque
997 783 1155 843 Pater
1197 798 1249 844 et
1295 790 1461 850 Filius
1506 812 1669 854 unum
1719 815 1840 858 esse
1879 814 1934 860 et
1979 806 2031 861 in

439 878 498 925 se
526 867 755 937 invicem
785 886 910 937 esse
959 874 1091 933 dicti
1140 889 1284 936 sunt.

1516 204 1811 268 DlONYSII
1849 210 2325 277 ALEXANDRINI
2359 222 2663 285 EPISCOPI

3639 255 3740 314 124

2056 341 2112 404 Α
2135 340 2307 415 λόγου,
2339 343 2365 400 6
2392 344 2476 404 διὰ
2501 351 2741 425 γλώσσης
2774 362 2895 420 νοῦς
2936 361 3235 437 προπηδῶν.
3261 366 3290 422 6
3316 370 3407 440 μὶν
3436 373 3538 450 γὰρ
3582 376 3741 451 ἔμεινε

2140 438 2477 511 προπέμψας,
2506 447 2592 498 καὶ
2622 443 2762 503 ἔστιν
2790 446 2892 512 οἶος
2918 448 2995 513 ἦν.
3030 454 3057 511 6
3086 453 3138 510 δέ
3164 460 3351 524 ἐξέπτη
3378 438 3741 545 «poris/4665i“

2140 529 2226 581 καὶ
2277 532 2483 606 φέρεται
2530 548 2833 612 πανταχοῦ.
2872 549 2958 600 καὶ
3000 546 3164 612 οὕτως
3214 554 3353 610 ἐστὶν
3403 558 3647 637 ἑκάτερος
3694 570 3743 623 ἐν

2149 619 2162 636 ,
2278 623 2288 637 ,
2417 626 2438 637 ,
2651 630 2659 637 .

3557 619 3566 637 ι
3622 619 3638 627 ,
3696 619 3735 623 --

2141 619 2365 708 ἑκατέρῳ
2412 626 2590 700 ἔτερος
2631 630 2697 686 ὧν
2748 637 2997 716 θατέρου·
3030 645 3116 697 καὶ
3163 646 3217 700 ἕν
3260 650 3408 711 εἰσιν.
3438 649 3579 718 ὅντες
3629 656 3740 716 δύο.

2142 715 2276 771 οὕτω
2305 720 2404 792 γὰρ
2433 725 2517 776 καί
2558 723 2583 778 6
2623 734 2792 807 Πατήρ
2836 736 2921 789 καὶ
2957 733 2984 789 6
3023 737 3136 803 Ϊὶὀς
3181 739 3255 807 ἓν,
3298 747 3383 799 καί
3423 749 3475 802 ἐν
3517 751 3744 820 ἀλλήλοις

2141 809 2423 918 έῇέξθησαν
2450 813 2595 918 εἶναὶ.
2634 821 2835 894 (-\llata
2868 826 2984 885 hmc
3024 846 3055 887 a
3084 831 3147 889 s.
3179 835 3457 896 Athanasio
3486 844 3538 900 in
3568 809 3741 918 3a.;

2144 901 2206 954 de
2235 902 2502 964 Sententia
2531 909 2792 988 Dionysii,
2824 935 2879 975 η.
2910 938 3062 994 xxtll,
3096 941 3150 998 p.
3183 928 3342 1003 259.)

1904 1038 1980 1091 Ex
2004 1043 2223 1097 secundo
2245 1046 2392 1101 libro.

509 1137 562 1195 8.
617 1140 837 1214 Singula
882 1148 1097 1205 nomina
1128 1166 1158 1207 a
1203 1168 1288 1208 me
1320 1156 1524 1223 prolata
1571 1174 1630 1215 se
1670 1162 1896 1221 invicem
1932 1183 2036 1226 nec

436 1236 674 1304 separari
732 1249 960 1309 queunt,
1020 1259 1120 1299 nec
1176 1246 1337 1307 dividi
1406 1249 1503 1322 (ea:
1561 1255 1811 1313 Alhanas.
1875 1261 2034 1330 ibid.,

436 1343 490 1381 n.
524 1328 647 1399 l7).
695 1330 905 1389 Patrem
939 1336 1080 1401 dixi,
1106 1350 1161 1393 et
1190 1344 1335 1411 prius
1366 1362 1523 1416 quam
1556 1350 1673 1405 Filii
1706 1328 2033 1414 mentionem

435 1417 708 1489 facerem,
744 1424 854 1494 jam
893 1443 1016 1485 eum
1064 1431 1114 1486 in
1150 1432 1308 1490 Patre
1351 1436 1664 1510 significavi.
1715 1446 1907 1504 Filium
1943 1452 2038 1507 ad-

431 1510 617 1584 junxi,
663 1531 727 1571 ac
776 1519 970 1588 Pater,
1021 1525 1231 1581 etiamsi
1261 1545 1384 1586 eum
1432 1550 1536 1589 nun
1571 1539 1717 1606 prius
1757 1545 2035 1601 nominas-

435 1622 583 1675 sem,
635 1609 745 1680 jam
798 1616 1019 1673 munitio
1074 1620 1125 1674 in
1183 1622 1318 1678 Filiu
1361 1630 1791 1699 comprehensus
1840 1637 2033 1697 fuerat.

437 1702 696 1775 Spiritum
742 1723 984 1769 sanctmn
1033 1717 1256 1776 addidi:
1291 1724 1385 1779 sed
1442 1728 1598 1784 simul
1653 1732 1795 1788 unde
1841 1748 1894 1790 et
1934 1753 2030 1807 per

437 1812 596 1865 quem
651 1808 978 1871 processerit
1025 1810 1295 1869 subtexui.
1364 1817 1443 1872 Illi
1504 1831 1682 1878 autem
1752 1827 2033 1897 ignorant.

435 1904 613 1962 neque
665 1894 916 1966 Patrem,
972 1918 1076 1973 qua
1137 1918 1284 1976 pater
1332 1921 1447 1977 est,
1505 1928 1535 1968 a
1606 1894 2035 1981 Filio—alienari

436 2003 622 2060 posse:
707 2009 832 2053 nam
907 1996 1042 2053 illud
1132 2018 1330 2061 nomen
1406 2021 1566 2064 causa
1652 2023 1737 2068 est
1813 2018 2034 2077 evidens

434 2082 781 2147 cohaerentia;
828 2096 884 2144 ct
912 2091 1308 2160 coniunctionis
1338 2115 1352 2151 :
1388 2114 1562 2170 neque
1592 2103 1784 2161 Filium
1813 2124 1840 2160 τι
1877 2109 2036 2168 Patre

435 2179 710 2247 separari;
765 2180 868 2238 hoc
917 2199 1149 2256 namque
1184 2191 1500 2251 vocabulum
1549 2208 1696 2265 pater
1731 2204 2036 2259 communi-

436 2273 706 2333 cationem
754 2277 974 2334 indicat.
1019 2281 1115 2338 Est
1166 2292 1220 2338 et
1262 2285 1314 2341 in
1363 2290 1612 2346 manibus
1648 2293 1857 2350 illorum
1908 2297 2033 2368 Spi-

436 2366 604 2435 ritus,
624 2370 713 2439 qui
744 2387 918 2442 neque
945 2390 974 2428 a
1021 2377 1269 2435 mittente
1289 2423 1305 2449 ,
1336 2397 1510 2454 neque
1537 2401 1566 2440 a
1601 2386 1807 2445 ferente
1846 2366 2032 2452 divelli

438 2469 635 2531 pateat.
658 2463 942 2532 Quomodo
969 2469 1131 2540 igitur
1156 2487 1279 2544 ego,
1312 2477 1402 2546 qui
1428 2478 1621 2535 talibus
1648 2490 1770 2537 utor
1798 2488 2033 2543 nomini-

436 2551 571 2621 bus,
614 2554 704 2612 illa
757 2574 786 2612 a
829 2574 890 2617 se
939 2561 1169 2620 invicem
1217 2580 1468 2640 separata
1503 2580 1561 2628 et
1605 2576 1828 2633 onitiino
1861 2578 2034 2637 divisa

438 2648 742 2706 existimem
762 2652 785 2705 ‘l

499 2760 674 2814 Paucis
695 2766 978 2830 interjectis
1002 2770 1136 2824 addit
1162 2787 1174 2821 :

508 2892 563 2948 9.
607 2893 681 2951 Ita
735 2897 953 2966 quidem
991 2902 1252 2959 unitatem
1286 2906 1667 2967 indivisibilem
1699 2914 1749 2968 in
1793 2915 2026 2974 Trinita-

436 2991 543 3041 tem
592 2987 918 3060 dilatamus,
966 3004 1019 3049 et
1073 3012 1285 3053 rursum
1332 3000 1648 3062 Trinitatem
1698 3024 1818 3079 quae
1858 3012 2028 3068 minui

437 3081 650 3157 nequit,
680 3083 732 3139 in
764 3088 1021 3146 unitatem
1071 3094 1459 3157 contrahimus.

2215 1177 2268 1232 8.
2309 1188 2418 1237 Τῶν
2449 1184 2542 1240 ὑπ’
2566 1188 2693 1261 ἐμοῦ
2716 1191 2998 1267 λεχθέντων
3040 1200 3298 1274 ὀνομάτων
3336 1207 3558 1266 ἕκαστον
3604 1214 3749 1286 ἀχώ-

2142 1276 2318 1348 ριστόν
2360 1279 2470 1334 ἐστι
2509 1285 2595 1336 καὶ
2624 1283 2910 1361 ἀδιαίρετον
2937 1299 3030 1347 τοῦ
3068 1295 3300 1357 πλησίον·
3334 1305 3538 1374 Πατέρα
3582 1302 3745 1376 εἶπον,

2143 1369 2229 1420 καὶ
2255 1373 2375 1444 πρὶν
2401 1373 2645 1447 ἐπαγάγω
2677 1380 2761 1433 τὸν
2789 1384 2898 1436 Υίὸν
2920 1424 2934 1449 ,
2966 1386 3195 1459 ἐσήμανα
3235 1396 3321 1446 καί
3362 1401 3546 1452 τοῦτον
3586 1402 3637 1454 ἐν
3678 1411 3747 1477 τῷ

2144 1464 2318 1538 Πατρί.
2356 1464 2464 1518 Υίόν
2488 1468 2765 1543 ἐπήγαγον·
2792 1477 2834 1528 εἰ
2860 1480 2947 1531 καὶ
2972 1484 3042 1551 μὴ
3070 1488 3388 1561 προειρήκειν
3409 1491 3493 1544 τὸν
3522 1496 3744 1570 Πατέρα,

2200 1555 2209 1569 r
2385 1552 2404 1570 δ
2487 1562 2500 1570 ι
2708 1566 2719 1570 ·

2200 1555 2209 1569 υ
3110 1552 3119 1554 —
3220 1552 3229 1561 '
3654 1552 3664 1570 ⁸
3730 1552 3743 1564 1

2142 1575 2347 1617 παντως
2377 1552 2435 1612 ἂν
2479 1562 2528 1615 ἐν
2562 1570 2635 1637 τῷ
2663 1566 2763 1641 Υίῷ
2803 1573 3133 1647 προείληπτο.
3166 1575 3308 1651 ἅγιον
3336 1590 3535 1658 Πνεῦμα
3562 1592 3749 1664 προσέ-

2142 1648 2167 1664 Λ
2278 1661 2286 1664 _
2332 1650 2426 1664 ,κει
2463 1651 2486 1664 α
2663 1662 2671 1664 -
2754 1661 2762 1664 -

2141 1648 2286 1706 θηκα⁶
2320 1650 2426 1705 ἀλλ’
2453 1651 2563 1727 ἅμα
2591 1662 2675 1711 καὶ
2700 1661 2850 1716 πόθεν
2878 1669 2964 1720 καί
2990 1665 3074 1723 διὰ
3119 1673 3254 1734 τίνος
3300 1671 3415 1734 ἧκεν
3453 1679 3743 1752 ἐφήρμοσα.

2143 1738 2188 1792 οἱ
2228 1737 2282 1793 δὲ
2323 1744 2414 1797 οὐκ
2441 1741 2620 1803 ἴσασιν
2654 1746 2732 1806 ὅτι
2760 1760 2887 1824 μήτε
2910 1759 3317 1838 ἀπηλλοτρίωται
3345 1774 3516 1843 Πατὴρ
3546 1773 3686 1840 Υἱοῦ,
3715 1773 3747 1837 ἧ

2140 1838 2334 1937 πατὴρ.
2362 1845 2806 1913 προκαταρκτικὸν
2829 1849 2929 1924 γάρ
2944 1850 3159 1914 ἑστιτῆς
3185 1862 3464 1931 συναφείας
3482 1864 3538 1918 τὸ
3564 1860 3740 1937 ὄνομα.

2141 1919 2257 1979 οὕτε
2285 1923 2310 1978 6
2337 1927 2450 1990 Υἱὸς
2486 1932 2779 2005 ἀπῴκισται
2806 1946 2899 1993 τοῦ
2926 1945 3144 2021 Πατρός·
3167 1919 3531 2025 ἡγάριῐΙΑΤΠΡ
3553 1919 3747 2031 προση-

2139 2020 2295 2089 γορία
2326 2015 2468 2091 δῃ).οῖ
2497 2029 2590 2083 τήν
2628 2033 2887 2084 κοινωνίαν
2915 2030 2965 2088 ἕν
2995 2056 3049 2090 τε
3078 2047 3193 2102 ταῖς
3223 2047 3413 2118 χερσὶν
3438 2049 3607 2104 αὐτῶν
3633 2051 3745 2107 ἐστι

2139 2112 2196 2166 τὸ
2218 2120 2441 2187 Πνεῦμα.
2468 2124 2596 2190 μήτε
2634 2128 2728 2177 τοῦ
2753 2126 3066 2197 πέμποντος,
3098 2137 3224 2204 μήτε
3254 2144 3346 2191 τοῦ
3373 2141 3628 2214 φέροντος,
3660 2142 3746 2199 δυ·-

2137 2206 2347 2277 νάμενον
2375 2211 2674 2287 στέρεσθαι·
2724 2224 2837 2278 πῶς
2879 2214 2972 2272 οὖν
3017 2221 3043 2276 6
3090 2227 3295 2290 τούτοις
3325 2235 3596 2310 χρώμενος
3638 2244 3747 2300 τοῖς

2140 2295 2377 2400 ονομασὲ
2408 2308 2713 2379 μεμερίσθαι
2740 2319 2910 2375 ταῦτα
2940 2322 3027 2376 καί
3052 2323 3339 2400 ἀφωρίσθαι
3367 2326 3629 2390 παντελῶς
3656 2318 3765 2386 δελ-ί

2134 2386 2292 2449 Miami
2318 2390 2495 2466 οἴομαι
2520 2413 2536 2463 ;

2227 2810 2300 2849 Καὶ
2322 2816 2402 2867 μιν·
2424 2815 2528 2867 ὀλίγα
2549 2806 2728 2872 (inquit
2749 2809 3083 2880 Athanasius),
3131 2829 3252 2882 ῑωᾶγιι
3272 2832 3397 2884 λιτυν·

2211 2928 2265 2982 9.
2308 2932 2456 2989 Οὕτω
2502 2938 2593 3009 μὲν
2622 2939 2767 3013 ἡμεῖς
2809 2939 2881 3004 εἷς
2928 2965 2983 2999 τε
3033 2949 3123 3004 τὴν
3167 2955 3378 3004 ΤΡΙΛΔΛ
3425 2952 3515 3009 τήν
3545 2950 3747 3025 μονάδα

2143 3024 2462 3101 πλατύνομεν
2491 3028 2796 3107 ἀδιαίρετον,
2827 3039 2913 3091 καὶ
2950 3042 3040 3098 τὴν
3074 3049 3284 3099 ΤΡΙΛΔΛ
3309 3044 3463 3099 πάλιν
3495 3047 3745 3119 ἁμείωτον

2141 3119 2215 3180 εἰς
2235 3124 2325 3178 τήν
2353 3119 2552 3192 μονάδα
2573 3125 3099 3202 συγκεφαλαιούμεθα.
3128 3131 3506 3204 (Atldttcunlur
3534 3136 3650 3195 11ωο
3678 3140 3746 3196 ab

2134 3214 2452 3284 Athanasio,
2487 3217 2574 3272 ubi
2606 3232 2791 3289 supra,
2821 3237 2877 3276 n.
2909 3238 3044 3292 xvu,
3070 3241 3124 3296 p.
3151 3226 3320 3302 254.)

1740 3330 1815 3382 Ex
1836 3334 2007 3382 eodem
2032 3333 2156 3385 libro
2171 3337 2403 3386 secundo.

509 3432 596 3491 10.
632 3434 688 3491 Si
737 3436 858 3502 quis
902 3444 1081 3492 autem
1114 3436 1508 3504 calumniator,
1555 3453 1621 3494 eo
1672 3442 1813 3511 quod
1864 3442 2031 3500 Deum

436 3528 676 3582 omnium
715 3527 971 3585 factorem
1000 3540 1055 3584 et
1093 3539 1393 3586 creatorem
1414 3532 1557 3600 dixi,
1584 3543 1733 3602 putet
1760 3550 1846 3589 me
1870 3537 2029 3592 etiam

436 3618 635 3676 Christi
663 3632 962 3678 creatorem
990 3623 1223 3692 dixisse,
1253 3624 1498 3680 advertat
1525 3642 1611 3681 me
1641 3628 1787 3701 prius
1814 3629 2031 3687 Patrem

435 3712 610 3785 ipsum
651 3716 1147 3787 appellassegquo
1189 3718 1240 3772 in
1286 3719 1549 3775 vocabulo
1589 3721 1745 3777 simul
1797 3725 2035 3780 enuntia-

437 3814 522 3860 tus
590 3813 673 3861 est
725 3815 779 3862 et
841 3806 1007 3863 Filius
1063 3807 1161 3883 (ea:
1219 3810 1504 3875 Albanas”
1564 3813 1716 3877 ibid.,
1791 3832 1844 3869 ιι.
1898 3816 2034 3887 ΞΟ).

434 3896 727 3965 Postquam
771 3900 914 3955 enim
979 3901 1193 3956 Patrem
1249 3902 1356 3957 dixi
1419 3903 1709 3971 faetorem,
1767 3907 1977 3962 subdidi
2022 3927 2035 3963 :

435 3988 617 4061 Neque
648 4003 800 4062 pater
846 4007 1032 4047 eorum
1059 4005 1137 4047 est
1160 4035 1175 4061 ,
1209 4010 1437 4063 quorum
1484 4006 1565 4050 est
1607 3995 1796 4067 factor,
1833 4000 1875 4053 si
1908 4014 2034 4069 pro-

435 4084 551 4155 prie
604 4086 649 4139 is
700 4095 849 4154 pater
903 4103 1025 4143 esse
1073 4089 1405 4161 intelligatur
1452 4091 1540 4160 qui
1589 4094 1774 4162 genuit
1816 4091 2031 4165 (latitu-

2214 3446 2303 3502 ‘IO.
2348 3446 2457 3504 Ἐὰν
2484 3447 2539 3504 δέ
2563 3472 2641 3513 τις
2670 3459 2770 3506 τῶν
2797 3460 3142 3528 συκοφαντῶν,
3172 3453 3350 3514 ἐπειδὴ
3379 3465 3479 3512 τῶν
3505 3456 3745 3515 ἁπάντων

2140 3548 2352 3602 ποιητήν
2380 3544 2464 3600 τὸν
2494 3546 2614 3600 Θεὸν
2661 3550 2746 3603 καί
2786 3546 3091 3625 δημιουργὸν
3136 3544 3299 3613 εἷπον.
3341 3549 3507 3610 οἴηταί
3550 3575 3612 3624 με
3658 3558 3745 3609 καὶ

2139 3642 2233 3691 τοῦ
2277 3643 2506 3709 Χριστοῦ
2553 3639 2744 3713 λέγειν,
2787 3642 3060 3698 ἀκουσάτω
3105 3666 3204 3717 μου
3246 3645 3495 3724 πρότερον
3544 3651 3746 3723 Πατέρα

2142 3732 2398 3803 φήσαντος
2425 3732 2597 3791 αὐτὸν.
2626 3735 2676 3788 ἐν
2709 3730 2748 3807 ᾦ
2777 3738 2862 3788 καὶ
2903 3734 2928 3789 6
2966 3736 3074 3798 υίὸς
3112 3740 3544 3816 προσγέγραπται
3569 3755 3582 3769 ο
3611 3745 3746 3815 μετά

2140 3825 2239 3899 γὰρ
2263 3825 2320 3882 τὸ
2336 3827 2491 3880 εἰπεῖν
2518 3829 2717 3904 Πατέρα
2738 3835 2953 3889 ποιητὴν
2983 3832 3282 3904 ἐπαγήοχα·
3310 3836 3401 3887 Καὶ
3426 3831 3541 3889 οὔτε
3567 3841 3743 3914 πατήρ

2139 3924 2275 3978 ἐστιν
2298 3919 2363 3977 ὧν
2388 3931 2621 3986 ποιητής.
2644 3930 2686 3981 εἰ
2717 3928 2949 4005 κυρίωςό
2974 3935 3223 4002 γεννήσας
3251 3940 3441 3987 ΠΔΤΗΡ
3466 3934 3705 3990 ἀκοὺοιτο
3727 3950 3737 3963 ’

2138 4020 2227 4074 τὴν
2252 4020 2352 4092 γὰρ
2379 4019 2682 4078 πλατύτητα
2698 4029 2788 4082 τῆς
2814 4026 2906 4076 τοῦ
2933 4031 3157 4077 ΠΑΤΡΟΣ
3182 4028 3533 4099 προσηγορίας
3554 4027 3605 4080 ἐν
3635 4034 3745 4089 τοῖς

2140 4113 2252 4178 ἑξῆς
2276 4114 2739 4190 ἐπεξεργασόμεθα.
2773 4114 2889 4173 οὔτε
2926 4124 3140 4180 ποιητὴς
3176 4118 3203 4174 6
3241 4126 3437 4196 πατὴρ.
3468 4122 3512 4174 εἰ
3537 4122 3687 4193 μόνος
3717 4119 3742 4176 6

433 4179 611 4235 dinem
656 4180 799 4235 enim
841 4184 1085 4238 vocabuli
1131 4183 1290 4253 hujus
1320 4227 1334 4252 ,
1372 4196 1538 4255 pater,
1589 4186 1641 4241 in
1686 4188 2030 4258 sequentibus

2148 4208 2490 4283 χειροτέχνης
2515 4215 2730 4270 ποιητής
2756 4210 2971 4283 λέγοιτο.
3004 4211 3128 4287 παρ’
3152 4208 3355 4271 Ἕλλησι
3396 4214 3498 4287 γὰρ
3534 4216 3744 4271 ποιηταὶ

433 4272 844 4345 expendemus)
876 4293 889 4328 ε
920 4291 1094 4346 neque
1138 4275 1308 4331 factor
1346 4287 1521 4348 pater,
1566 4278 1610 4333 si
1664 4280 1813 4335 solus
1853 4281 2031 4350 epilex

436 4356 608 4423 factor
666 4366 895 4425 dicatur.
954 4368 1108 4438 Apud
1154 4369 1374 4426 Grmcos
1423 4371 1567 4426 enim
1621 4374 1713 4442 qui
1760 4375 2034 4445 sapientes

432 4468 598 4527 sunt,
640 4474 863 4514 suorum
899 4460 1159 4516 librorum
1194 4460 1430 4518 factores
1461 4475 1748 4520 vocantur.
1794 4469 2034 4535 Aposto-

430 4550 515 4607 lus
541 4568 755 4624 quoque
775 4555 850 4609 ait
878 4576 890 4612 :
925 4554 1115 4610 Factor
1135 4555 1263 4628 legis
1292 4556 1473 4628 (Rom.
1497 4600 1510 4624 ,
1543 4573 1616 4626 ιι,
1643 4560 1748 4625 15;
1773 4558 1894 4617 Jac.
1913 4605 1927 4629 ,
1960 4577 2032 4629 IV,

434 4642 558 4719 l2).
597 4644 799 4703 Rerum
845 4647 1006 4705 etiam
1057 4648 1507 4719 intrinsecarum,
1555 4650 1862 4722 cujusmodi
1910 4662 2039 4710 sunt

2138 4303 2336 4355 καὶτῶν
2361 4298 2498 4354 ἰδίων
2523 4301 2793 4357 καλοῦνται
2806 4302 2962 4376 λόγων
2988 4304 3215 4378 οίσόφοι-
3244 4309 3331 4360 καί
3352 4322 3370 4355 t
3400 4316 3637 4370 ποιητής,
3664 4322 3681 4356 ³
3714 4303 3742 4360 6

2138 4393 2440 4456 ’Δπόστολος
2453 4391 2584 4463 εἶπε,
2607 4414 2625 4451 t
2649 4397 2827 4469 νόμου.
2847 4417 2866 4449 ι
2888 4401 3088 4454 καὶτῶν
3110 4398 3391 4473 ἑγκαρδίων
3409 4405 3532 4473 γὰρ.
3557 4403 3761 4481 ἀρετῆς-

2140 4485 2171 4548 ἢ
2198 4492 2379 4555 κακίας
2402 4492 2612 4551 ποιηταὶ
2632 4492 2987 4559 καθίστανται,
3014 4494 3084 4561 ὡς
3108 4486 3267 4564 εἶπεν,
3295 4493 3322 4550 ὁ
3358 4502 3504 4560 Θεος·
3535 4492 3744 4569 Ἔμεινα

1833 4767 2213 4825 ΟΟΜΜΕΝΤΑ
2224 4766 2334 4824 R11.

431 4881 635 4936 recessit
660 4897 691 4935 a
726 4879 883 4936 Patre
908 4896 1021 4935 suo.
1064 4880 1287 4953 Yerbnm
1314 4897 1484 4953 meum
1523 4891 1631 4938 erat
1676 4886 1817 4953 apud
1836 4901 1915 4939 me
1935 4926 1949 4952 ,
1980 4895 2025 4940 et

432 4954 673 5023 processit
711 4953 764 5027 in
803 4969 975 5009 vocem
1007 4968 1025 5007 :
1063 4951 1283 5007 Verbum
1321 4951 1421 5008 Dei
1460 4964 1569 5009 erat
1615 4951 1756 5027 apud
1794 4951 2020 5023 Patrem,

433 5033 478 5080 et
519 5025 759 5095 processit
787 5026 839 5079 in
879 5042 1104 5080 carnem.
1638 5025 1946 5083 Consum.

530 5094 754 5167 Singula
820 5100 1061 5158 nomina.
1120 5106 1227 5152 etc.
1268 5097 1575 5154 Praemonel
1642 5098 1729 5154 hic
1786 5099 2022 5155 Athana-

432 5170 576 5233 sius,
610 5168 921 5239 Diouysinm
969 5169 1417 5239 atljecisse'quod
1458 5169 1723 5239 sequitur,
1760 5170 1825 5225 ad
1876 5188 2027 5226 amo-

432 5240 660 5295 vendam
691 5239 914 5312 alterum
942 5241 1322 5312 quorunulam_
1339 5243 1701 5309 suspicionem
1725 5285 1739 5303 ,
1794 5244 1882 5312 qui
1911 5246 2023 5297 aie-

433 5311 565 5366 bant
614 5329 627 5364 :
679 5309 807 5367 Cum
860 5310 1065 5365 Patrem
1120 5314 1243 5366 dicit
1288 5310 1569 5382 Dionysius
1607 5356 1622 5380 ,
1671 5309 1867 5369 Filium
1927 5331 2028 5369 non

434 5384 706 5450 nominat;
752 5393 798 5437 et
848 5385 953 5437 vice
993 5399 1136 5437 versa
1180 5401 1295 5438 cum
1351 5382 1545 5439 Filium
1609 5386 1760 5450 dicit,
1817 5384 2032 5440 Patrem

436 5471 536 5511 non
574 5464 819 5510 memorat
855 5473 867 5509 :
898 5455 988 5510 sed
1013 5455 1224 5524 dividit,
1259 5464 1481 5512 removet
1500 5473 1561 5510 ac
1588 5466 1793 5525 separat
1836 5456 2032 5513 Filium

433 5545 465 5582 a
506 5527 682 5584 Patre.
1612 5531 1920 5582 (lons'ras'r.

536 5599 760 5655 Nomen.
832 5598 947 5655 Hoc
1013 5608 1097 5655 est
1145 5600 1285 5670 quod
1370 5599 1599 5655 subinde
1682 5611 1864 5668 patres
1928 5616 2033 5657 uno

431 5673 593 5728 verba
652 5675 837 5728 dixere
902 5673 1210 5739 relativum,
1268 5673 1410 5742 quod
1466 5671 1721 5754 sci|.r.ita
1779 5686 1902 5726 cum
1956 5673 2035 5754 al-

431 5751 549 5804 tero
594 5761 897 5805 connexum
951 5754 1064 5814 est,
1120 5752 1179 5801 ut
1241 5759 1408 5800 unum
1452 5751 1722 5801 enuntiari
1766 5753 2034 5814 nequeat,

2166 4885 2256 4941 uin
2318 4881 2546 4938 alterum
2613 4879 2771 4936 simul
2827 4880 2993 4936 menti
3048 4879 3393 4938 obversetur.
3462 4878 3731 4949 Quocirca

2181 4955 2363 5012 ilarius
2398 4954 2491 5009 lib.
2550 4968 2616 5006 vu
2646 4954 2710 5005 de
2751 4950 2941 5007 Trinit.
2967 4994 2983 5021 ,
3016 4969 3071 5008 η.
3112 4953 3219 5017 51,
3266 4953 3336 5009 de
3389 4951 3492 5007 lide
3538 4953 3728 5010 catino.

2130 5027 2230 5083 lica
2279 5028 2354 5082 ait
2401 5044 2415 5082 :
2458 5022 2759 5097 conﬁtendo
2809 5021 3052 5097 Patrem,
3092 5028 3327 5097 confessa
3373 5022 3570 5078 Filium
3600 5034 3725 5097 est;

2129 5100 2341 5153 credens
2387 5098 2442 5151 in
2493 5095 2687 5179 Filium
2710 5095 3081 5179 ueredidﬁi‘tuet
3119 5094 3200 5150 in'
3225 5094 3428 5151 Patrem
3475 5096 3638 5179 :quia
3666 5107 3724 5179 σεε

2130 5187 2313 5225 nomen
2342 5170 2502 5239 patris
2542 5168 2690 5222 habet
2738 5169 2790 5221 in
2837 5184 2890 5222 se
2924 5168 3019 5237 ﬁlii
3065 5184 3283 5239 nomen;
3327 5184 3431 5223 non
3460 5172 3594 5223 enim
3624 5168 3723 5221 nisi

2131 5258 2221 5310 per
2266 5238 2430 5309 ﬁlium
2478 5250 2621 5310 pater
2659 5248 2731 5293 est
2765 5257 2778 5294 :
2809 5248 2856 5295 et
2900 5238 3217 5311 signiﬁcatio
3249 5240 3347 5306 ﬁlii
3396 5239 3725 5311 demonstra-

2137 5317 2207 5366 tio
2236 5314 2395 5382 patris
2422 5321 2494 5394 es_t
2516 5353 2531 5375 ,
2558 5312 2677 5394 quia
2704 5312 2804 5394 nisi
2832 5327 2894 5394 ea:
2928 5311 3354 5394 patresitﬁlius.
3450 5310 3652 5394 (ῖουεῑτἒ

2210 5383 2744 5439 Communicationem.
2771 5384 2899 5440 Scil.
2930 5383 3256 5450 relationis,
3302 5400 3404 5455 qua
3431 5394 3582 5455 pater
3608 5383 3726 5438 sine

2137 5454 2251 5540 ﬁlii;
2271 5469 2493 5540 necesse
2522 5470 2619 5509 nec
2647 5456 3118 5540 οοίςίιιη·ἱηι)ι)ιοτι.¹
3253 5453 3333 5540 Ν“
3416 5453 3726 5540 Cpusrmr.

2212 5527 2273 5582 Si
2318 5525 2429 5596 quis
2477 5536 2675 5590 autem,
2713 5537 2806 5597 etc,
2854 5527 2979 5597 Quo
3010 5527 3059 5597 in
3106 5526 3225 5580 loco
3253 5525 3726 5597 Dinnysius_dux_e-

2139 5600 2208 5656 rit
2251 5594 2369 5670 qua:
2402 5607 2732 5670 sequantur,
2778 5594 3104 5670 Athanasius
3144 5613 3248 5652 non
3279 5594 3515 5670 iudicat,
3544 5595 3602 5651 In
3648 5595 3733 5652 his

2141 5666 2288 5727 certe
2331 5668 2553 5726 habetur
2580 5668 2894 5739 explicatior
2922 5666 3168 5741 qurcdam
3196 5668 3441 5741 superius
3468 5667 3733 5723 dictorum

2143 5741 2414 5813 repetitio.
2654 5738 2663 5739 “
2939 5738 2955 5741 “
3266 5738 3273 5739 “
3352 5738 3662 5797 Cousmv'r.
