3990 6060
422 217 527 276 ιοτ

1243 221 1537 281 DIONYSII
1576 222 2055 281 ALEXANDRINI
2097 223 2407 283 EPISCOPI
2449 225 2896 286 FRAGMENTA.

3614 232 3723 293 498

416 333 641 391 verbum
669 342 850 392 autem
889 336 1036 393 velut
1088 336 1227 393 [ilius
1272 339 1505 406 mentis,
1559 353 1627 395 ne
1673 347 1799 395 ante
1844 340 2015 412 ipsam

2122 340 2175 398 δὲ
2220 342 2308 399 ἀπ’
2341 346 2519 398 αὐτοῦ.
2552 345 2715 408 οὕτως
2745 347 2771 402 ό
2800 354 2972 426 Πατὴρ
3019 349 3045 404 ό
3093 352 3334 425 μέγιστος
3378 356 3464 407 καὶ
3512 356 3722 411 καθόλου

420 444 598 501 neque
651 441 809 486 extra
855 432 1027 503 ipsam
1077 431 1275 487 factum
1318 447 1441 488 esse
1489 442 1699 504 patcst,
1756 433 1849 489 sed
1895 450 2019 489 cum

420 522 536 592 ipsa
589 523 805 591 existit,
862 541 889 578 a
930 539 1035 595 qua
1082 539 1306 595 germen
1357 536 1412 582 et
1455 529 1716 597 originem
1764 530 2015 600 sumpsit.

420 614 619 671 eodem
666 631 880 687 quoque
926 616 1091 672 modo
1117 618 1278 672 Pater
1331 620 1599 675 maximus
1625 632 1679 675 et
1708 636 1863 677 mens
1906 623 2025 677 uni-

421 706 649 763 versalis
687 716 810 762 ante
861 709 1039 762 omnia
1093 708 1287 765 Filium
1334 710 1495 767 habet
1548 711 1782 771 Verbum
1815 730 1879 772 ac
1908 731 2025 773 ser-

421 814 640 859 monem
692 801 775 858 sui
828 801 1000 873 ipsius
1052 802 1405 878 interpretem
1455 816 1511 864 et
1558 810 1830 883 angelum.

2120 442 2236 495 νοῦς
2264 444 2464 512 πρῶτον
2500 438 2583 492 τὸν
2611 439 2721 493 Υἱόν
2749 440 2909 514 Λόγον
2938 440 3157 517 ἑρμηνέα
3183 448 3270 497 καὶ
3298 440 3505 517 ἄγγελον
3532 445 3721 502 ἑαυτοῦ

2124 529 2259 603 ἕχει.
2297 529 2677 602 (Adducuntur
2716 532 2831 589 hzcc
2869 550 2899 591 a
2946 534 3009 591 S.
3041 535 3348 607 Athanasio,
3397 538 3487 594 ubi
3539 553 3725 611 supra,

2126 640 2182 680 ιι.
2217 624 2308 693 23,
2343 640 2399 695 p.
2427 622 2584 697 259.)

1694 970 1832 1024 Circa
1856 974 2072 1027 medium
2096 982 2263 1041 operis
2286 983 2323 1030 ‘.

498 1091 584 1147 15.
612 1092 668 1147 Si
697 1107 764 1149 eo
790 1095 934 1166 quod
961 1105 1070 1152 tres
1098 1098 1206 1155 sint
1228 1098 1789 1171 hypostases,divisas
1810 1104 2014 1172 dicant,

421 1194 535 1241 tres
564 1197 722 1255 sunt,
752 1190 963 1246 etiamsi
1021 1193 1222 1261 nolint;
1273 1206 1365 1251 aut
1410 1196 1647 1251 divinam
1698 1197 2016 1256 Trinitatem

420 1293 646 1350 prorsus
675 1296 706 1335 e
733 1282 914 1338 medio
955 1284 1168 1341 tollant.
1225 1288 1241 1358 (
1269 1286 1352 1344 Ea:
1378 1286 1607 1359 Basilio,
1636 1288 1728 1346 lib.
1773 1290 1838 1347 de
1870 1291 2015 1364 Spir.

416 1381 624 1441 sancto,
671 1390 719 1431 c.
765 1375 895 1450 29).

2200 1112 2288 1167 15.
2328 1114 2384 1167 Εἰ
2411 1122 2485 1189 τῷ
2507 1122 2645 1189 τρεῖς
2685 1110 2811 1170 εἶναι
2845 1117 2940 1176 τὰς
2974 1115 3320 1178 ὑποστάσεις.
3348 1119 3725 1193 μεμερισμένας

2126 1200 2251 1260 εἶναι
2283 1205 2508 1279 λέγουσι.
2534 1214 2674 1282 τρεῖς
2717 1209 2819 1262 εἰσι
2843 1249 2858 1267 .
2890 1204 2983 1281 κᾷν
3024 1214 3094 1281 μή
3132 1209 3360 1276 θέλωσιν,
3390 1207 3421 1268 ἦ
3463 1213 3553 1268 τήν
3593 1211 3727 1265 θείαν

2121 1310 2330 1358 ΤΡΙΔΔΑ
2353 1301 2610 1380 παντελῶς
2635 1302 2967 1359 ἀνελέτωσαν.

1926 1531 1997 1584 Ac
2021 1545 2241 1584 rursum:

485 1674 563 1713 Καὶ
588 1674 697 1713 πάλιν
723 1664 904 1729 (inquit
925 1668 983 1719 S.
1014 1666 1233 1722 Basilius
1258 1673 1355 1735 Μ.)
1382 1687 1394 1721 :

499 1840 743 1899 Θειοτάτη
753 1841 878 1923 γὰρ,
894 1840 979 1902 διὰ
990 1850 1163 1916 τοῦτο,
1183 1849 1314 1923 μετά
1328 1847 1651 1921 τήνΜονάδα,
1675 1851 2019 1916 καὶἮΤΡΙΑΣ.

2194 1680 2396 1738 Extant
2429 1680 2545 1738 haec
2566 1682 2708 1753 apud
2751 1681 2814 1737 S.
2850 1680 3107 1736 Basiliam
3131 1680 3386 1753 Magnum
3422 1681 3487 1736 tle
3526 1681 3730 1755 Spiritu

2051 1750 2100 1810 Β
2128 1773 2346 1842 Sancto,
2373 1789 2492 1845 cap.
2528 1750 2733 1845 penult.
2758 1788 2812 1846 p.
2847 1773 2937 1830 61.

2200 1868 2427 1939 Propter
2471 1866 2573 1923 hoc
2613 1867 2797 1934 enim,
2849 1874 2974 1939 post
3027 1865 3329 1935 unitatem,
3366 1874 3451 1923 est
3488 1873 3547 1923 et
3592 1864 3731 1924 divi-

2124 1962 2349 2020 nissima
2399 1960 2655 2017 Trinitas.

1752 2127 1975 2179 Clausula
2000 2130 2150 2180 totius
2163 2130 2348 2193 Operls.

498 2255 587 2313 16.
621 2253 716 2311 llis
738 2256 988 2312 omnibus
1014 2267 1373 2329 congruenter
1392 2268 1446 2315 et
1469 2274 1570 2317 nos
1589 2301 1608 2329 ,
1659 2262 1822 2318 etiam
1852 2263 2023 2319 forma

421 2348 713 2419 regnisque
734 2364 762 2402 a
785 2351 1091 2406 senioribus
1113 2353 1202 2422 qui
1225 2364 1353 2409 ante
1377 2369 1477 2409 nos
1496 2357 1749 2411 vixerunt
1766 2369 2016 2429 accepta,

420 2438 675 2496 concordi
719 2455 842 2496 cum
891 2441 999 2497 illis
1043 2457 1179 2500 voce
1220 2454 1274 2500 et
1318 2456 1614 2517 gratiarum
1657 2452 1927 2507 actionem
1967 2462 2024 2509 et

421 2549 565 2592 nunc
613 2536 775 2592 etiam
824 2538 1109 2608 epistulam
1158 2554 1321 2611 quam
1373 2542 1660 2596 scribimus
1712 2545 1866 2601 vobis
1919 2545 2019 2600 ab-

420 2629 696 2685 solvemus
726 2648 739 2684 :
768 2629 877 2685 Deo
903 2638 1081 2685 autem
1115 2631 1259 2687 Patri
1304 2643 1359 2687 et
1397 2631 1536 2688 Filio
1568 2634 1794 2692 Domino
1835 2647 2021 2691 nostro

419 2720 546 2779 Jesu
595 2720 812 2779 Christo
866 2739 987 2779 cum
1036 2733 1223 2780 sancto
1270 2724 1474 2795 Spiritu
1520 2728 1694 2800 gloria
1746 2740 1799 2785 et
1841 2729 2017 2801 impe—

420 2813 558 2874 rium
587 2815 641 2873 in
666 2818 863 2874 saecula
890 2817 1237 2876 szeculorum.
1271 2821 1462 2878 Amen.

2160 2264 2167 2273 ’
2199 2264 2289 2320 16.
2330 2264 2541 2323 Τούτοις
2570 2267 2732 2318 πᾶσιν
2761 2264 3041 2325 ἀκολούθως
3066 2265 3156 2319 καὶ
3180 2265 3344 2336 ἡμεῖς,
3373 2268 3460 2321 καὶ
3497 2264 3558 2325 δὴ
3590 2266 3735 2343 παρὰ

2128 2366 2225 2414 τῶν
2269 2358 2370 2435 πρὸ
2402 2359 2538 2429 ἡμῶν
2563 2357 2933 2434 πρεσϐυτέρων
2958 2360 3122 2413 τύπον
3159 2360 3244 2412 καὶ
3286 2358 3472 2415 κανόνα
3492 2361 3732 2437 παρειλη-

2126 2451 2291 2521 φότες,
2326 2450 2597 2523 ὁμοφώνως
2625 2470 2680 2503 τε
2714 2451 2890 2510 αὐτοῖς
2918 2457 3520 2527 προσευχαριστοῦντες.
3556 2457 3640 2505 καὶ
3669 2450 3731 2512 δή

2124 2544 2212 2596 καὶ
2252 2548 2339 2595 νῦν
2386 2542 2504 2614 ὑμῖν
2536 2542 2936 2605 ἐπιστέλλοντες.
2968 2545 3390 2613 καταπαύσομεν·
3435 2551 3507 2617 τῷ
3537 2541 3591 2598 δὲ
3620 2553 3732 2618 Θεῷ

2125 2640 2286 2713 Πατρὶ
2314 2677 2324 2695 .
2350 2640 2438 2691 καὶ
2462 2636 2562 2708 Υἱῷ
2587 2644 2661 2709 τῷ
2689 2639 2858 2711 Κυρίῳ
2888 2638 3027 2709 ἡμῶν
3070 2636 3231 2695 ἰησοῦ
3262 2645 3472 2713 Χριστῷ
3491 2680 3501 2690 .
3535 2640 3629 2691 σύν
3656 2646 3730 2712 τῷ

2120 2728 2248 2801 ἁγίῳ
2300 2729 2572 2799 Πνεύματι.
2617 2725 2741 2792 δόξα
2786 2731 2873 2782 καὶ
2912 2730 3099 2802 κράτος
3144 2730 3215 2788 εἰς
3255 2734 3377 2789 τοῦς
3418 2731 3604 2790 αἰῶνας
3629 2738 3727 2784 τῶν

2119 2821 2330 2875 αἰώνων.
2355 2817 2527 2891 Ἀμήν.
2559 2815 2821 2890 (Adduxit
2844 2817 2959 2871 hinc
2988 2816 3049 2871 S.
3082 2815 3310 2871 Basilius
3335 2817 3410 2871 Μ.
3442 2818 3495 2872 iit
3521 2818 3637 2872 Lib.
3668 2821 3731 2875 ds

2126 2910 2328 2984 Spiritu
2357 2909 2571 2979 Sancto,
2596 2925 2714 2981 cap.
2746 2909 2952 2982 penult.
2982 2923 3035 2980 p.
3068 2910 3156 2977 60,
3193 2908 3281 2968 ed.
3314 2909 3678 2984 Benedictin.)

1492 3077 1572 3129 De
1594 3090 1754 3142 opere
1780 3079 1890 3142 ipso
1914 3075 2024 3127 haec
2053 3073 2226 3126 retulit
2249 3073 2302 3124 S.
2329 3073 2640 3126 Athanasius.

477 3211 565 3267 17.
601 3210 854 3281 Queritur
878 3210 1072 3268 deinde
1110 3209 1464 3285 (Dionysius),
1498 3210 1639 3280 quod
1667 3220 2015 3268 accusatores
2042 3212 2087 3274 C

412 3304 708 3361 sententias
728 3319 853 3359 suas
878 3320 982 3358 non
1012 3305 1247 3376 integras
1274 3304 1534 3368 referant,
1567 3304 1660 3359 scd
1703 3313 2010 3375 truncatas,

410 3397 631 3466 etquod
661 3412 766 3453 non
799 3398 934 3453 bona
963 3399 1320 3463 conscientia,
1367 3398 1465 3455 sed
1489 3400 1626 3453 mala
1661 3413 1757 3467 pro
1790 3399 2012 3457 libidine

411 3491 733 3565 loquantur;
759 3507 895 3563 quos
920 3491 1123 3547 similes
1145 3492 1218 3547 ait
1246 3492 1384 3546 beati
1406 3492 1632 3559 apostoli
1658 3493 2010 3563 cpistolarum

410 3585 907 3642 calumniatoribus.
963 3584 1122 3642 Certe
1162 3585 1388 3655 singulis
1418 3595 1793 3640 accusatorum
1831 3587 2010 3642 verbis

408 3694 699 3735 occurrens
729 3721 744 3745 ,
788 3678 1037 3733 omnibus
1083 3693 1269 3733 corum
1320 3678 1649 3748 argumentis
1681 3678 2006 3733 stdtttiunem

409 3770 658 3836 adhibet;
710 3785 940 3840 cumque
993 3770 1287 3826 Sabellium
1330 3770 1598 3839 prioribus
1636 3770 1743 3826 illis
1789 3772 2006 3841 scriptis

407 3863 719 3935 planissime
746 3862 1068 3930 confutarit,
1118 3865 1199 3920 his
1233 3864 1623 3936 posterioribus
1656 3863 1815 3921 Iidem
1849 3880 2003 3923 suam

408 3956 630 4012 omnino
658 3955 797 4026 piam
828 3955 1087 4012 declarat.

2195 3207 2287 3262 ‘17.
2328 3209 2559 3262 Αἰτιᾶται
2577 3204 2913 3277 (Dionysius)
2938 3210 3060 3267 τοὺς
3084 3207 3422 3269 κατειπόντας
3450 3208 3631 3273 αὑτοῦ,
3656 3213 3726 3270 ὡς

2120 3306 2188 3374 μὴ
2219 3301 2520 3376 ὁλοκλήρους
2556 3301 2817 3374 λέγοντας.
2853 3298 2985 3354 ’ἀλλὰ
3013 3300 3418 3375 περικόπτοντας
3446 3302 3605 3356 αὐτοῦ
3630 3305 3726 3362 τὰς

2116 3398 2289 3462 λέξεις,
2323 3400 2411 3449 καὶ
2438 3400 2506 3456 ὡς
2538 3401 2608 3469 μὴ
2636 3395 2760 3470 καλῇ
2788 3392 3099 3456 συνειδήσει,
3126 3394 3252 3449 ἀλλὰ
3269 3399 3489 3471 πονηρᾷ.
3515 3396 3724 3450 λαλούν-

2118 3511 2211 3549 τας
2248 3492 2314 3549 ὡς
2344 3488 2564 3543 θέλουσι.
2599 3489 2817 3547 τούτους
2854 3508 2909 3542 τε
2945 3488 3147 3547 τούτοις
3176 3488 3438 3551 ἀπεικάζει
3482 3496 3589 3549 τοῖς
3630 3493 3725 3549 τὰς

2115 3588 2205 3637 τοῦ
2255 3584 2510 3657 μακαρίου
2540 3578 2848 3636 Ἀποστόλου
2894 3577 3253 3634 διαϐάλλουσιν
3280 3578 3720 3640 Ἐπιστολάς......

2117 3676 2288 3748 ἀμέλει
2330 3678 2417 3729 καὶ
2455 3674 2584 3750 πρὸς
2612 3673 2830 3728 ἕκαστον
2877 3680 2974 3726 τῶν
3009 3671 3110 3725 ὑπὸ
3134 3679 3235 3725 τῶν
3261 3671 3559 3748 κατηγόρων
3590 3674 3724 3748 εἰρη-

2112 3769 2272 3840 μένων
2307 3767 2544 3822 ἀπαντῶν
2567 3805 2580 3829 ,
2606 3766 2778 3820 πάντα
2803 3767 2869 3819 τα
2896 3764 3021 3841 παρ’
3053 3767 3221 3819 αὐτῶν
3250 3766 3604 3841 προφερόμενοι
3646 3767 3724 3819 θε-

2112 3863 2359 3938 ραπεύει·
2402 3863 2488 3913 καὶ
2534 3859 2792 3915 Σαϐἐλλιον
2841 3860 2930 3929 μὲν
2974 3860 3025 3912 ἐν
3067 3857 3453 3927 ἐκείνοιςβοη.
3488 3857 3540 3911 in
3575 3857 3723 3925 prius

2112 3952 2355 4025 scriptis)
2386 3955 2684 4028 ἀνατρέπει,
2718 3954 2767 4006 ἐν
2816 3954 3018 4011 τούτοις
3062 3948 3115 4005 δὲ
3164 3949 3417 4005 δείκνυσιν
3457 3949 3721 4027 ὀλόκληρον

2111 4048 2301 4103 ἑαυτοῦ
2352 4051 2440 4106 τὴν
2472 4046 2663 4105 εὐσεϐῆ
2713 4049 2911 4101 πίστιν.
2964 4043 3065 4116 (De
3107 4041 3379 4099 Sententia
3427 4040 3716 4114 Dionysii,

2103 4154 2255 4195 num.
2281 4154 2390 4208 xw,
2425 4154 2478 4209 p.
2503 4135 2660 4207 εδδ.)
3662 4136 3669 4139 ⁷

1813 4294 2307 4355 COMMENTARII.

480 4446 499 4464 ‘
532 4438 762 4513 Basilius
854 4439 955 4494 tria
1028 4439 1326 4511 fragmenta
1402 4441 1789 4512 subsequentia
1843 4441 2236 4501 nobisDtiam
2262 4455 2356 4498 seu
2399 4443 2693 4499 essentiam
2749 4452 2805 4498 ct
2851 4445 3023 4498 usiam
3079 4442 3365 4513 intelligit,
3414 4456 3586 4513 eaque
3640 4457 3719 4498 ra-

404 4512 737 4584 asscrvavit,
766 4526 830 4565 ac
874 4520 1206 4581 postremum
1236 4513 1453 4584 quidem
1504 4514 1679 4580 primo
1719 4514 1839 4567 luco
1882 4529 2007 4584 pro,

404 4583 590 4639 ferens
614 4624 629 4638 .
670 4578 970 4652 prmutuitct
1017 4585 1128 4653 ipsa
1171 4600 1200 4637 a
1232 4578 1291 4639 se
1313 4578 1562 4638 eihihcri
1595 4584 1776 4643 verba.
1806 4578 2004 4653 quibus

403 4654 687 4727 Dionysius
736 4655 1190 4709 Alexandriuusiu
1247 4657 1469 4710 secunda
1532 4655 1598 4708 ad
1650 4656 2002 4722 cognominem

404 4727 619 4796 epistola
659 4744 962 4815 sermonem,
993 4732 1113 4815 περὶ
1152 4727 1376 4803 ἔλεγχον
1390 4731 1481 4815 ’καὶ
1503 4728 1794 4802 ἀπολογίας.
1830 4727 1997 4815 finiit,

402 4813 498 4852 seu
559 4815 693 4868 Opus
744 4800 944 4865 denun
992 4798 1204 4871 aginnts
1249 4798 1485 4856 Et'ljsnlvit
1513 4810 1566 4853 et
1596 4798 1809 4871 ctfttStt.
1860 4798 1995 4857 Tum

404 4870 546 4938 quod
595 4885 692 4925 nns
740 4872 969 4937 primum
1024 4870 1303 4938 ponimus,
1336 4872 1459 4926 huic
1499 4870 1822 4939 subjiciens.
1866 4870 1998 4929 illud

404 4941 537 4992 citat
580 4942 630 4993 in
686 4941 827 4996 hunc
857 4943 1073 4996 modum
1106 4958 1124 4995 :
1157 4940 1304 4995 Idem
1330 4955 1376 4996 et
1398 4945 1535 4995 circa
1571 4942 1791 4995 medium
1819 4943 1998 5010 scripti

405 5010 628 5084 loquitur
653 5012 892 5067 adversus
930 5013 1274 5069 Sabelliuuos.
1321 5012 1475 5068 Unde
1514 5014 1689 5081 palam
1733 5023 1817 5084 est
1861 5030 1996 5084 opus

404 5079 571 5143 illttd,
622 5084 762 5157 t|lI‘_Ni
808 5084 1141 5157 Athanasius
1190 5086 1240 5138 iu
1287 5079 1525 5157 quatuor
1559 5085 1726 5157 libros
1756 5079 1994 5157 divisum

403 5161 551 5228 notat
575 5192 589 5215 ,
618 5167 646 5205 τι
696 5151 897 5228 Basilo
929 5158 979 5210 in
1008 5168 1237 5228 quatuor
1283 5151 1537 5226 ("pismlas
1566 5155 1784 5210 minime
1827 5154 1995 5213 fuisse

404 5224 751 5297 ἀίξιίηυιυηις
796 5224 1038 5297 alioquin
1083 5232 1126 5286 is
1171 5224 1362 5283 ductor
1408 5228 1572 5282 totius
1632 5229 1812 5296 οιιοΐὶε
1849 5228 1994 5282 clau-

403 5295 573 5370 sulam
604 5311 665 5350 ea:
693 5309 903 5368 quarta,
924 5295 1039 5355 nun
1070 5319 1132 5358 ea:
1171 5300 1395 5356 secunda
1434 5301 1648 5370 epistola
1675 5295 1991 5356 laudasset.

402 5363 537 5445 Ipse
570 5363 1080 5445 ctianrsubjlcctnni
1128 5373 1380 5445 Dionysii
1437 5363 1807 5445 li‘SiilllUllilllll
1852 5372 1992 5427 circa

402 5440 625 5513 medium
663 5442 838 5507 scripti
891 5441 1075 5494 haberi
1122 5440 1397 5510 iudicans,
1452 5456 1621 5497 tntum
1682 5443 1810 5497 illud
1856 5460 1992 5513 OptIS

401 5511 547 5563 velut
594 5526 756 5563 unum
803 5513 1098 5582 scriptum,
1133 5530 1362 5567 unamve
1403 5516 1684 5581 epismlam
1710 5555 1723 5576 ,
1772 5511 1990 5570 nundi-

400 5594 585 5634 versas
638 5595 860 5637 censere
889 5598 950 5638 se
979 5585 1281 5639 cnnlirnnu.
1333 5584 1510 5639 Pluris
1553 5586 1773 5638 interest
1802 5586 1989 5639 miser.

401 5652 879 5728 vareldiscrimen,
911 5670 1018 5727 quo
1047 5656 1283 5728 Dionysii
1314 5656 1424 5710 duo
1466 5656 1607 5712 idem
1644 5656 1990 5717 ἀποστάσεως

401 5722 719 5781 vocabulum
748 5722 1168 5800 usurpant.Nam
1184 5722 1465 5785 Romanus
1482 5729 1581 5786 hac
1595 5743 1727 5787 voce
1747 5730 1990 5786 substan-

2111 4516 2259 4569 tiune
2325 4524 2425 4568 tres
2500 4516 2802 4585 hypostases
2880 4516 2929 4570 in
2992 4515 3102 4569 Deo
3156 4512 3445 4569 admittere
3500 4512 3716 4585 refugit.

2110 4585 2479 4657 Alexandrino
2530 4601 2655 4640 veru
2692 4587 2823 4639 nihil
2876 4587 3018 4639 aliud
3076 4585 3400 4657 [typoslasis,
3442 4586 3542 4640 nisi
3572 4585 3717 4656 quod

2108 4656 2313 4711 Latinis
2343 4673 2574 4726 persona?
2599 4671 2832 4720 nomen,
2866 4667 3039 4712 sonat.
3075 4656 3340 4725 Quocirca
3382 4666 3432 4713 et
3474 4668 3573 4711 tres
3625 4660 3718 4726 hy-

2108 4740 2336 4796 postuses
2404 4731 2671 4782 catholico
2730 4730 3003 4797 praedicat.
3066 4729 3192 4783 Ideo
3249 4731 3395 4783 enim
3461 4729 3716 4798 Diotiysio

2106 4799 2332 4871 aliisque
2372 4801 2459 4867 qui
2504 4799 2801 4855 Sabellium
2843 4801 3229 4871 impugname
3255 4842 3270 4867 ,
3307 4819 3411 4853 nun
3459 4799 3717 4853 sufﬁcere

2106 4870 2390 4926 videbatur
2436 4872 2596 4924 trium
2663 4870 3018 4939 personarum
3078 4872 3431 4940 prmdicalio,
3483 4872 3606 4939 quia
3661 4881 3717 4925 ct

2106 4941 2375 4997 Stliellius
2432 4952 2543 4996 tres
2604 4943 2655 4996 in
2715 4943 2825 4997 Deo
2882 4958 3181 5011 perstinas,
3235 4943 3423 5012 quales
3476 4957 3615 4995 unus
3661 4953 3716 4997 et

2103 5013 2245 5067 idem
2298 5018 2461 5068 homo
2514 5013 2564 5066 in
2625 5014 2836 5086 theatro
2888 5024 3264 5086 rt-presetttare
3304 5022 3515 5086 pmcst,
3572 5013 3715 5067 ultro

2102 5086 2480 5140 Coulilebatut‘.
2510 5083 2845 5154 Quamquam
2875 5083 3102 5140 Basilius
3123 5085 3476 5139 (Imsariensis
3502 5101 3589 5153 ep.
3619 5086 3709 5151 4|,

2102 5156 2172 5228 ad
2212 5156 2498 5211 Maximum
2546 5157 2943 5225 philosophum.
2989 5157 3050 5211 Di
3074 5171 3302 5228 mysunu
3336 5157 3628 5228 aliquando
3659 5158 3709 5209 in

2104 5226 2214 5305 pet)
2261 5245 2366 5305 non
2397 5231 2570 5305 solum
2600 5229 2873 5305 inpetrata
2902 5226 3390 5305 anoaréaewgscd
3436 5240 3490 5282 et
3535 5230 3714 5305 ούσίας

2100 5296 2342 5375 διαφορὰν
2368 5296 2737 5375 constituisse,
2758 5306 2905 5375 item
2940 5300 3183 5373 όμούσιον
3215 5300 3388 5369 primo
3416 5303 3706 5375 respuisse,

2070 5385 2166 5423 .ac
2190 5370 2538 5440 ριἱςιιιιηιιιιιιι
2570 5372 2620 5424 ἰιι
2647 5373 2892 5441 apulogia
2925 5370 2990 5424 ad
3018 5376 3398 5442 cognominem
3428 5372 3591 5424 inissa
3614 5370 3714 5422 atl-

2103 5442 2320 5498 nlisin‘e
2347 5443 2556 5497 scribit.
2597 5442 2710 5509 Quo
2742 5447 2935 5513 factum
2960 5453 3067 5505 cst,
3117 5445 3320 5509 innuit,
3363 5451 3417 5494 ut
3446 5443 3621 5513 rarius
3649 5442 3715 5493 sit

2098 5514 2442 5583 deprehensus
2458 5525 2501 5567 ct
2520 5511 2814 5567 inconstans
2832 5515 2883 5565 iu
2901 5513 3360 5583 conscriptionibus
3373 5512 3497 5565 suis.
3512 5511 3711 5583 Verum

2096 5582 2253 5640 aliter
2279 5600 2401 5639 eum
2424 5626 2438 5651 ,
2471 5585 2515 5639 si
2546 5585 2823 5639 Athanasii
2857 5586 3149 5653 cpidulam
3172 5586 3241 5641 de
3276 5583 3543 5639 sententia
3587 5582 3711 5637 Dio-

2096 5659 2237 5729 nysii
2269 5667 2402 5713 tunc
2428 5658 2688 5729 legisset,
2717 5656 3028 5713 locuturum
3052 5656 3221 5715 fuisse
3245 5654 3509 5784 Βὲτοηὶιιδ
3530 5664 3699 5723 putat.

3323 5740 3584 5784 ousrau'r.

3323 5740 3584 5787 OUS'I‘ANT.
