3990 6060
257 202 373 265 129

831 346 1166 404 EPISTULA
1208 346 1298 402 IV.

336 481 425 539 Ab
453 480 688 538 Eusebio
715 482 811 538 lib.
839 498 915 539 vtt
944 483 1076 539 Hist.
1100 526 1114 549 ,
1139 500 1257 556 cap.
1291 485 1324 541 9
1346 496 1681 544 memoratur
1712 488 1869 560 Epis-

260 575 374 629 loh
402 575 644 648 Dionysii
670 575 1023 631 Alexandrini
1052 576 1119 631 ad
1142 579 1454 651 Dionysium
1482 581 1783 636 Romanum
1807 582 1876 638 de

263 668 518 724 aniano
543 689 554 722 :
586 684 686 725 nec
716 670 787 726 de
815 670 1041 740 epistola
1076 674 1179 727 iSta
1208 674 1499 745 quidquam
1530 676 1751 731 aliunde
1775 690 1874 731 no-

259 766 465 820 vimus.
493 763 662 819 Porro
686 763 958 819 Luciauus
988 765 1101 830 ille,
1131 766 1199 821 de
1246 783 1382 836 quo,
1409 783 1504 823 seu
1529 768 1683 840 cujus
1703 768 1875 839 gratia

261 860 465 926 scripta
523 864 681 921 erat,
740 855 979 911 creditur
1028 857 1286 928 Cypriani
1343 873 1665 924 successor,
1720 860 1876 929 cujus

262 951 494 1024 Optatus
563 952 661 1005 lib.
712 966 730 1006 ι
785 952 1032 1005 meminit
1078 952 1163 1007 his
1209 952 1427 1007 verbis:
1466 972 1485 1005 ι
1522 952 1656 1007 Erat
1706 952 1876 1009 altare

260 1044 386 1099 loco
426 1058 560 1109 suo,
609 1042 663 1097 in
705 1058 813 1113 quo
861 1042 1071 1114 pacifici
1122 1046 1362 1115 episc0pi
1416 1055 1564 1101 retro
1615 1048 1875 1116 temporis

262 1138 620 1204 obtulerunt,
689 1137 992 1210 Cyprianus
1013 1179 1029 1204 ,
1055 1137 1329 1196 Lucianus
1350 1150 1405 1195 et
1425 1141 1625 1196 caueri.
1660 1161 1678 1193 ι
1723 1140 1874 1196 Ideo-

264 1244 381 1301 que
412 1230 663 1300 scriptam
688 1246 796 1285 non
824 1230 1102 1285 immerito
1132 1233 1407 1287 existimat.
1427 1235 1508 1288 vir
1530 1232 1793 1298 eruditus,
1819 1242 1877 1288 ιιι

263 1325 415 1380 inter
446 1323 703 1393 Stephani
754 1323 1120 1396 Cyprianique
1148 1341 1497 1382 successores
1542 1343 1642 1396 pax
1673 1327 1873 1381 illibata

264 1429 601 1475 servaretur.
646 1418 1114 1486 Quemadmodum
1162 1420 1306 1475 enim
1352 1428 1509 1475 antea
1556 1418 1715 1474 simul
1755 1434 1876 1474 sns-

263 1512 458 1569 citavit
506 1512 644 1569 Deus
685 1522 743 1569 et
782 1511 1092 1580 Victorem,
1134 1521 1194 1567 ut
1249 1514 1393 1568 circa
1451 1514 1594 1569 diem
1652 1512 1874 1569 Pascha:

258 1608 623 1678 apostolicam
680 1614 924 1663 tueretur
966 1605 1350 1671 traditionem,
1392 1619 1447 1663 et
1478 1606 1741 1662 lrenmum
1769 1650 1784 1675 ,
1817 1616 1875 1663 ut

258 1716 456 1773 pacem
487 1701 629 1756 inter
674 1700 1008 1757 dissidentes
1050 1701 1310 1756 ecclesias
1353 1714 1745 1769 componeret;
1794 1700 1870 1755 ita

729 202 1100 265 CONCILIUM
1134 201 1479 263 ROMANUM
1521 197 1590 258 IN
1627 197 1859 259 CAUSA
1898 195 2189 260 DIONYSII
2231 197 2709 260 ALEXANDRINI
2747 197 3084 262 HABITUM.

3471 204 3578 264 130

1977 318 2391 375 Cresariensium
2426 319 2794 389 captivitatem
2834 320 3127 391 contigisse
3153 317 3463 390 conjectura
3494 331 3580 378 est

1898 424 1949 485 Α
1978 421 2097 483 post
2149 428 2345 467 annum
2391 410 2533 479 260,
2578 427 2682 481 quo
2731 411 3043 466 Valerianus
3086 428 3114 466 a
3158 412 3335 468 Persis
3371 412 3580 470 deletus

1978 520 2275 576 captusque
2303 516 2403 560 cst.
2459 505 2668 560 Exinde
2711 505 2854 560 enim
2906 506 3257 562 barbarorum
3307 508 3577 564 incursio-

1978 602 2139 657 nibus
2188 602 2378 655 viciuac
2418 599 2784 654 Romanorum
2839 600 3129 669 provincia:
3169 610 3351 671 patere
3399 616 3582 671 cmpe-

1978 702 2122 748 runt.
2180 690 2508 747 Nominatitn
2551 706 2680 746 vero
2736 690 3000 762 Scythas,
3043 690 3146 746 hoc
3192 702 3275 747 est
3312 691 3575 760 Gotthos,

1978 785 2120 842 circa
2178 800 2378 839 annum
2434 783 2578 850 264,
2627 784 2679 838 in
2710 782 3063 854 Cappadocia:
3090 785 3337 842 civitates
3381 801 3575 841 excur-

1978 880 2148 941 risse,
2209 878 2440 947 indeque
2491 877 2675 948 plures
2739 877 2982 948 captivos
3050 892 3235 933 secum
3289 879 3580 937 abduxisse

1978 970 2372 1041 Philostorgius
2418 969 2514 1024 lib.
2547 985 2626 1038 tt,
2673 984 2798 1039 cap.
2829 970 2863 1026 5
2888 1012 2902 1037 ,
2960 969 3143 1027 tradit.

2737 1064 2825 1119 Vl.

2052 1160 2205 1230 Apud
2236 1161 2526 1216 Eusebium
2558 1160 2653 1214 lib.
2683 1175 2788 1228 vn,
2834 1174 2954 1230 cap.
3001 1160 3100 1228 50,
3146 1161 3356 1217 concilii
3389 1162 3579 1219 Antio-

1977 1255 2134 1309 cheni
2167 1254 2363 1324 legitur
2411 1253 2639 1324 epistola
2680 1271 2697 1303 ‹
2738 1253 3000 1324 Dionysio
3029 1252 3309 1326 (romano)
3341 1252 3578 1309 Maximo

1978 1347 2100 1417 (qui
2142 1347 2398 1418 Dionysio
2438 1344 2803 1400 Alexandrino
2844 1346 3217 1416 successerat)
3245 1356 3299 1403 et
3327 1346 3577 1401 omnibus

1978 1440 2301 1508 ubicumque
2348 1440 2400 1492 in
2465 1439 2600 1494 orbe
2662 1449 2929 1493 terrarum
2994 1438 3218 1508 Collegis
3262 1438 3575 1509 episcopis,

1976 1532 2351 1604 presbyteris,
2404 1532 2685 1599 diaconis,
2744 1543 2801 1587 et
2863 1532 3131 1587 universae
3175 1531 3436 1588 Ecclesia:
3485 1547 3577 1588 ca-

1977 1624 2196 1679 tholicae
2245 1642 2264 1675 ι
2321 1624 2614 1694 inscripta,
2674 1640 2777 1695 qua
2819 1624 3023 1680 Paulus
3067 1624 3470 1681 Samosatensis
3512 1625 3580 1683 ab

1978 1716 2292 1787 episcOpatu
2320 1717 2613 1787 depulsus,
2640 1726 2697 1771 et
2743 1718 2795 1771 iu
2826 1720 2946 1786 ejus
2992 1718 3166 1773 locum
3205 1718 3447 1783 Domnus
3467 1715 3581 1771 suf-

258 1805 317 1851 et
355 1810 469 1850 non
526 1795 646 1850 sine
688 1794 783 1851 Dei
847 1804 978 1849 nutu
1026 1793 1220 1848 eodem
1264 1803 1504 1863 tempore
1562 1792 1873 1862 Stephanus

1979 1809 2148 1865 fectus
2171 1812 2531 1865 renuntiatur.
2572 1809 2719 1865 Pcne
2744 1810 2961 1880 quidem
3006 1821 3115 1865 tota
3148 1809 3479 1865 describitur
3508 1807 3578 1863 ab

256 1903 502 1945 romana:
551 1886 811 1943 Ecclesiae
855 1896 909 1942 et
967 1885 1257 1958 Dionysius
1309 1886 1678 1941 alexandrina:
1729 1902 1868 1956 pra:-

256 1980 519 2047 fuerunt;
565 1980 662 2036 sed
707 1989 765 2034 ut
794 1979 885 2035 ille
914 1978 1112 2034 divina:
1156 1980 1300 2035 circa
1330 1979 1655 2049 baptismum
1705 1980 1871 2036 tradi-

259 2075 429 2131 tionis
458 2073 653 2130 vindex
672 2116 690 2141 ,
719 2074 809 2130 hic
840 2077 989 2146 pacis
1020 2074 1406 2130 ecclesiasticae
1448 2087 1732 2146 sequester
1777 2092 1869 2132 es-

256 2178 365 2225 set.
420 2169 552 2237 ρυω
599 2178 781 2223 autem
827 2168 896 2225 de
945 2168 1046 2224 hac
1096 2172 1323 2240 epistola
1366 2170 1764 2240 conjiciuntur,
1813 2180 1873 2227 ut

259 2262 331 2317 ad
393 2262 545 2317 initia
596 2262 942 2334 pontificatus
985 2264 1228 2336 Dionysii
1274 2264 1507 2321 Romani
1562 2266 1866 2337 referatur,

254 2358 555 2430 postulant.

1027 2456 1093 2512 ν.

333 2546 577 2619 Dionysii
604 2548 831 2605 Romani
861 2549 1200 2621 episcopi'ad
1230 2550 1620 2607 Cmsarieusem
1658 2552 1709 2607 in
1735 2552 1870 2623 Cap-

257 2642 494 2713 padocia
520 2643 810 2699 Ecclesiam
840 2644 1186 2700 desideratur
1212 2646 1441 2715 epistola
1466 2688 1481 2711 ,
1524 2662 1684 2717 quam
1716 2646 1868 2701 Basi-

251 2738 366 2793 lius
395 2737 637 2807 ejusdem
667 2739 898 2794 civitatis
919 2741 1207 2809 episcopus
1238 2738 1503 2795 Caesareae
1530 2749 1864 2796 asservatam

251 2841 421 2903 atque
450 2833 565 2902 ipsa
610 2833 874 2903 majorum
926 2834 1186 2888 memoria
1223 2834 1496 2889 celebrem
1529 2849 1653 2890 esse
1698 2845 1864 2889 testa-

255 2934 349 2980 tur
377 2924 552 2990 (Bari!
595 2968 612 2992 ,
642 2944 726 2998 ep.
758 2926 902 2993 220,
945 2937 990 2982 et
1023 2925 1237 2984 Damus.
1258 2969 1274 2993 ,
1316 2944 1397 2999 ep.
1425 2927 1462 2982 2
1484 2971 1499 2995 ,
1534 2945 1587 2983 η.
1623 2929 1704 2997 '5).
1735 2929 1864 2984 Dio-

253 3032 445 3089 uysms
491 3033 614 3073 cum
669 3018 771 3074 hac
820 3020 1071 3089 epistola,
1130 3037 1230 3091 qua
1273 3019 1638 3076 Cmsarienses
1662 3035 1862 3076 conso-

251 3111 471 3165 labatur
496 3110 767 3177 aftlictos,
804 3112 1008 3182 legatos
1036 3112 1285 3169 mittebat
1318 3114 1411 3185 qui
1443 3114 1638 3169 fratres
1665 3130 1862 3170 eorum

1977 1901 2246 1969 Eusebio;
2293 1902 2389 1959 sed
2429 1916 2551 1957 cum
2604 1911 2803 1972 praeter
2844 1902 3255 1973 inscriptionem
3299 1902 3433 1959 nihil
3475 1901 3578 1959 ha-

1974 1997 2102 2054 beat
2136 1998 2408 2067 speciale,
2442 1996 2587 2068 quod
2616 2008 2710 2052 aut
2745 1996 2812 2052 ad
2846 1996 3159 2069 Dionysium
3183 2039 3199 2063 ,
3230 2004 3323 2052 aut
3364 1997 3429 2052 ad
3457 1996 3577 2068 ejus

1976 2090 2161 2146 sedem
2212 2093 2468 2154 attineat,
2503 2104 2622 2145 eam
2664 2089 2902 2144 indicare
2935 2090 3067 2144 satis
3103 2087 3385 2143 habemus.
3428 2085 3576 2143 Cott-

1975 2183 2158 2238 cilium
2204 2190 2386 2237 autem
2412 2180 2810 2238 Antiochenam
2832 2223 2848 2247 ,
2900 2180 3043 2236 unde
3072 2182 3270 2251 scripta
3313 2190 3434 2249 est,
3469 2180 3578 2236 Eu-

1976 2275 2192 2341 sebius,
2226 2275 2322 2329 lib.
2374 2291 2444 2341 tt,
2504 2290 2556 2330 c.
2610 2273 2714 2340 ΞΕ),
2768 2273 3100 2329 celebratum
3151 2272 3327 2327 dicitt
3373 2284 3578 2343 tempo-

1975 2368 2126 2424 ribus
2148 2368 2426 2423 Aureliani
2452 2367 2799 2438 itnperat0ris
2827 2386 2848 2419 ι
2881 2385 2893 2421 :
2916 2367 3006 2437 qui
3035 2365 3254 2436 quidem
3279 2381 3423 2421 anno
3445 2365 3575 2434 270,

1975 2463 2119 2518 circa
2171 2477 2411 2518 mensem
2458 2461 2682 2531 apriletn
2736 2460 2963 2517 Claudio
3008 2459 3053 2515 ll
3098 2461 3379 2517 successit.
3427 2458 3578 2517 Unde

1974 2572 2081 2612 non
2132 2556 2292 2625 longe
2344 2563 2471 2610 ante
2543 2554 2785 2625 Dionysii
2858 2554 3029 2609 llOSll‘i
3080 2553 3318 2620 obitum,
3361 2561 3455 2607 aut
3509 2566 3577 2607 eo

1974 2650 2138 2707 etiam
2195 2658 2439 2715 mortuo,
2486 2648 2582 2705 sed
2632 2664 2754 2704 cum
2802 2648 2993 2701 mortis
3035 2646 3153 2716 ejus
3182 2647 3426 2701 nuntium
3467 2646 3579 2700 Au-

1976 2740 2229 2797 tiochiam
2282 2741 2522 2797 nondum
2565 2739 2934 2811 pervenisset,
2967 2738 3276 2808 conscripta
3313 2738 3571 2792 creditur.

2719 2833 2831 2889 VII.

2048 2930 2304 3003 Dionysio
2341 2944 2494 3002 papae
2532 2928 2770 2985 Isidorus
2816 2926 3084 2984 Mercator
3127 2927 3264 2983 duas
3292 2925 3575 2997 supposuit

1971 3024 2259 3096 epistolas,
2306 3040 2467 3079 unam
2506 3023 2574 3078 ad
2619 3022 2894 3079 Urbanum
2941 3020 3260 3093 praefectum
3286 3062 3301 3087 ,
3343 3021 3574 3078 alteram

1971 3119 2037 3173 ad
2066 3119 2325 3174 Severum
2353 3118 2700 3189 episcopum,
2734 3133 2835 3174 suo
2875 3117 2996 3173 loco
3020 3131 3143 3172 cum
3174 3115 3401 3186 reliquis
3429 3116 3572 3185 ejus-

251 3217 282 3257 a
331 3203 653 3274 captivitate
709 3203 1022 3275 redemptos
1087 3205 1405 3262 liberarent.
1466 3206 1619 3263 lianc
1679 3219 1862 3264 autem
1890 3227 1934 3289 ρ
1970 3211 2092 3268 dem
2133 3211 2344 3283 opificis
2389 3210 2650 3267 edendas.

254 3394 3566 3466 ω

779 3441 1913 3711 EMIUM
2000 3562 3035 3716 ROMANUM

735 3858 801 3917 IN
839 3861 1067 3921 CAUSA
1099 3862 1391 3920 DIONYSll
1431 3863 1927 3931 ALEXANDRINI,
1974 3865 2059 3922 DE
2101 3866 2653 3928 SABELLIANISMO
2692 3870 3050 3929 ACCUSATI.

1127 4064 1360 4105 HABITUI!
1388 4065 1526 4106 ANNO
1548 4066 1740 4107 ccum
1760 4090 1773 4116 ,
1803 4065 2047 4107 TEMPOBE
2091 4067 2317 4110 DIONYSII
2355 4069 2501 4110 pars;
2527 4055 2625 4127 (1).

1614 4210 2256 4264 amarentet»

318 4359 608 4417 Concilium
640 4368 928 4411 romanum.
953 4353 1069 4410 Hoc
1094 4352 1382 4408 concilium
1414 4360 1637 4409 auctore
1667 4352 1865 4425 Diony~
1891 4351 1943 4412 D
1971 4366 2097 4407 num
2124 4352 2189 4408 ad
2212 4352 2499 4408 concilium
2523 4352 2654 4408 citat
2681 4360 2735 4409 et
2754 4352 2879 4425 quid
2920 4351 2988 4409 de
3021 4360 3206 4411 natura
3237 4369 3302 4412 ac
3333 4354 3570 4413 ineffabil

247 4457 327 4512 sio
354 4468 491 4527 papa
541 4451 873 4507 celebratum
920 4457 1002 4502 est
1048 4446 1255 4512 Romae,
1306 4462 1446 4500 anno
1494 4447 1702 4501 Domini
1754 4447 1863 4505 265

247 4548 391 4604 hanc
414 4548 484 4602 ob
539 4559 759 4601 causam
794 4562 807 4597 :
838 4558 959 4598 cum
1004 4540 1335 4607 Sabelliana,
1376 4540 1615 4609 hmresis,
1642 4551 1863 4596 auctore

244 4645 486 4703 Sabeltio
513 4645 710 4699 oborta
742 4657 804 4697 ac
843 4649 1129 4711 propagata
1154 4681 1169 4703 ,
1202 4638 1604 4709 gloriosissima:
1645 4647 1698 4692 et
1728 4637 1861 4691 ado-

246 4739 431 4793 randa:
476 4734 728 4791 Trinitati
776 4747 1133 4806 personarum
1175 4729 1574 4785 distinctionem
1603 4729 1858 4797 auferret,

250 4828 539 4902 Dionysius
561 4826 957 4884 Alexandrinus
980 4825 1059 4878 sui
1087 4823 1249 4878 officii
1268 4838 1386 4877 esse
1411 4831 1556 4876 ratus
1588 4821 1858 4878 hominem

247 4921 514 4993 Libycum
546 4919 649 4974 sibi
681 4918 952 4973 subditum
983 4916 1255 4981 refellere,
1289 4915 1338 4969 in
1370 4930 1491 4970 eum
1537 4914 1860 4970 lucubratio-

246 5032 357 5073 nes
388 5015 641 5085 qttasdam
694 5013 950 5081 scripsit,
985 5011 1177 5082 quibus
1207 5008 1645 5077 sinistrojudicio
1669 5009 1862 5063 Penta-

246 5110 651 5183 politanorum,
702 5126 807 5165 non
851 5122 1201 5180 personarum
1255 5115 1496 5170 tantum,
1548 5104 1642 5159 sed
1698 5106 1858 5160 etiam

246 5212 469 5260 natura“:
493 5202 679 5258 divina:
706 5202 1105 5257 distinctionem
1127 5215 1189 5255 ac
1210 5198 1574 5253 diversitatem
1594 5207 1854 5254 tueretur.

248 5294 646 5364 Pentapolitani
674 5296 835 5366 igitur
874 5292 1125 5349 eumdem
1170 5290 1480 5362 Dionysium
1538 5290 1858 5345 Alexandri-

246 5405 400 5451 num.
440 5388 592 5458 quasi
642 5387 711 5444 de
761 5387 865 5443 fide
889 5396 945 5441 et
994 5386 1254 5440 Triuitate
1279 5402 1381 5438 non
1416 5395 1560 5438 recte
1609 5389 1853 5451 sentiret,

244 5482 392 5557 apud
437 5483 752 5555 Dionysium
804 5480 1108 5551 pontificem
1151 5488 1425 5535 accusant.
1470 5478 1712 5534 Pontifex
1759 5479 1859 5533 hoc

246 5576 631 5651 episcoporum
658 5585 928 5632 conventu
957 5573 1179 5641 indicto,
1202 5572 1512 5643 Dionysium
1538 5570 1858 5631 Alexandri-

243 5734 261 5763 .
318 5688 411 5767 (Ι)
441 5686 645 5753 Dubius
676 5696 763 5748 est
785 5704 977 5746 annus.

1967 4445 2374 4516 gloriosissimze
2424 4445 2705 4500 Trinitatis
2761 4447 3059 4501 substantia
3117 4456 3351 4510 sentiat.
3406 4466 3567 4506 unam

1968 4539 2304 4603 eamdemve,
2331 4556 2400 4594 an
2426 4555 2553 4594 vero
2584 4540 2853 4595 diversam
2888 4540 2943 4595 in
2975 4542 3146 4596 tribus
3171 4543 3415 4612 personis
3440 4542 3571 4599 sub-

1967 4634 2244 4690 sistentem
2271 4633 2507 4689 divinam
2538 4643 2782 4687 naturam
2815 4648 2938 4690 esse
2963 4634 3170 4703 credat,
3212 4640 3415 4704 scripto
3447 4649 3569 4705 pro-

1967 4727 2106 4782 ﬁteri
2155 4726 2391 4781 mandat.
2446 4725 2745 4795 Episcopus
2796 4725 3192 4782 Alexandrinus
3236 4726 3568 4783 caltttnniosc

1966 4828 2247 4874 accu~atus
2267 4860 2283 4886 ,
2314 4818 2581 4887 pontificis
2604 4818 2826 4873 decreto
2856 4827 3026 4889 paret,
3056 4820 3334 4889 epistolam
3369 4806 3567 4873 mentis

1966 4929 2077 4968 sua:
2130 4912 2385 4977 indicem,
2419 4919 2474 4966 et
2503 4910 2746 4965 criminis
2790 4912 2985 4981 objecti
3041 4909 3415 4980 purgatricent,
3444 4925 3567 4980 qua:

1965 5015 2111 5062 extat
2131 5007 2268 5075 aptnt
2291 5005 2576 5059 Baronium
2599 5006 2699 5059 hoc
2725 5019 2889 5071 anno,
2916 5019 3065 5057 num.
3090 5003 3182 5069 54,
3201 5017 3321 5057 cum
3337 5015 3568 5073 quatuor

1965 5098 2314 5171 apulogeticis
2344 5098 2490 5152 libris
2517 5114 2613 5169 pro
2634 5099 2715 5154 sui
2748 5097 3063 5154 defensione
3089 5096 3411 5165 conscriptis
3438 5111 3564 5165 pro-

1968 5192 2175 5261 pediem
2208 5190 2518 5254 afferendis,
2552 5191 2735 5247 mittit.
2775 5189 2979 5256 Quibus
3009 5187 3235 5255 habitis,
3270 5204 3391 5244 cum
3424 5187 3565 5244 Pen-

1966 5286 2381 5356 tapolitanorum
2420 5287 2808 5347 accusantium,
2837 5291 2891 5338 et
2924 5282 3161 5354 Dionysii
3190 5297 3310 5339 sese
3323 5268 3566 5352 purgan-

1968 5380 2034 5433 tis
2088 5394 2247 5433 causa
2294 5379 2382 5432 diu
2428 5380 2764 5446 multumque
2814 5376 3055 5432 discussa
3098 5377 3308 5443 fuisset,
3362 5374 3564 5445 prtevio

1965 5481 2179 5527 maturo
2204 5470 2433 5526 consilio
2453 5512 2469 5538 ,
2503 5470 2789 5537 Dionysius
2814 5468 3211 5525 Alexandrinus
3239 5467 3522 5536 episcopus
3544 5505 3560 5531 ,

1964 5566 2205 5622 omnium
2250 5568 2649 5636 episc0porum,
2707 5563 2797 5635 qui
2853 5563 2977 5619 huic
3023 5561 3252 5618 concilio
3304 5557 3565 5613 interfue-

1966 5669 2113 5729 runt,
2147 5662 2413 5718 sententia
2440 5670 2505 5713 ac
2540 5654 2749 5728 judicio
2776 5657 2844 5716 ab
2875 5662 3256 5713 accusatorum
3284 5650 3560 5709 calumnia
