3990 6060
369 159 463 216 i5!

1003 146 1378 209 CONCILIUM
1416 144 1763 209 ROMANUM
1800 146 1871 208 IN
1908 149 2138 215 CAUSA
2181 148 2475 214 DIONYSII
2512 154 3011 217 ALEXANDBINL

3576 156 3695 217 {33‘

367 282 503 331 teste
527 270 839 337 Athanasio,
882 267 937 325 in
978 268 1073 324 illo
1102 267 1491 324 commentario
1521 283 1679 338 quem
1725 268 1793 326 de
1840 286 1964 326 sen-
1991 274 2043 333 Α
2067 272 2213 327 lutus
2242 286 2324 330 ρει
2366 276 2527 347 (Vide
2578 277 2806 348 Baron.,
2851 292 2997 335 anno
3024 275 3167 348 265,
3199 294 3350 339 num.
3377 277 3449 337 '50
3470 318 3486 348 ,
3514 292 3689 351 usque

366 366 532 424 tentia
562 363 802 435 Dionysii
834 360 1091 419 adversus
1133 359 1362 415 Arianos
1389 361 1746 432 conscripsit,
1787 361 1948 420 abso~

2048 366 2115 423 ad
2147 366 2265 439 50).
2321 358 2357 368 ’ί

1037 534 1933 621 ΑΕΕΧΑΝΒΒΙΝλἘ

2117 522 2451 630 ῘΝΟΒΙ
2503 547 3027 634 DIONYSII

1611 719 1704 777 EX
1745 719 2040 780 LIBELLO
2077 724 2435 787 SYNODICO.

447 866 696 943 Synodus
721 862 902 920 divina
929 868 986 918 et
1008 866 1194 916 sancta
1217 857 1562 931 particularis
1586 900 1604 925 ,
1633 858 1981 915 Alexandria:

2158 868 2368 931 Σύνοδος
2404 873 2513 928 θεία
2542 875 2627 930 καὶ
2671 874 2783 954 ἱερὰ
2821 879 3026 952 μερική,
3068 876 3120 932 ἐν
3148 874 3490 956 Ἀλεξανδρείᾳ
3533 897 3694 937 συνα-

379 964 606 1021 collecta
638 977 669 1014 a
717 956 1030 1014 confessore
1081 954 1357 1025 Dionysio,
1414 952 1655 1024 ejusdem
1712 954 1984 1023 archiepi-

2117 966 2369 1038 ροιοθεῖσα
2418 966 2521 1022 ὑπὸ
2565 977 2656 1025 τοῦ
2697 971 3008 1047 ὁμολογήτου
3056 976 3343 1034 Διονυσίου.
3370 980 3461 1031 τοῦ
3500 976 3701 1038 ταύτης·

381 1072 577 1128 sc0po:
603 1070 721 1125 quae
743 1048 1037 1108 Szihellium
1060 1045 1357 1102 divinitatis
1387 1046 1664 1101 inimicum
1690 1046 1983 1103 abdicavit.

2117 1058 2366 1135 τρκερέως,
2401 1062 2781 1142 ἀποκηρυξασα
2809 1066 2895 1123 τὸν
2920 1068 3190 1124 Σαϐελλὶου
3214 1069 3301 1125 τὸν
3327 1070 3567 1125 ἀντίθεον.

452 1140 703 1223 εγὴοάυε
752 1147 931 1202 divina
986 1154 1041 1199 et
1088 1151 1269 1198 sancta
1325 1140 1666 1212 provincialis
1695 1181 1711 1205 ,
1758 1140 1987 1197 collecta

383 1243 727 1303 Alexandrim
770 1241 839 1296 ab
865 1240 1056 1296 eodem
1089 1237 1347 1309 Dionysio
1374 1252 1390 1290 :
1424 1250 1544 1306 quae
1593 1236 1900 1302 damnavit,
1933 1243 1988 1291 et

386 1350 505 1412 post
534 1340 765 1393 mortem
795 1333 1064 1389 abdicavit
1096 1332 1451 1401 Nepotianum
1474 1331 1788 1401 episcopum
1818 1329 1990 1402 (Egy-

386 1431 461 1503 pti
488 1440 543 1487 et
570 1427 886 1486 Cerinthum
921 1442 935 1478 :
966 1435 1240 1495 tamquam
1271 1434 1665 1487 asseverantes,
1700 1437 1875 1492 eoqite
1902 1437 1991 1477 er—

2162 1149 2374 1215 Σύνοδος
2427 1157 2536 1211 Θεία
2588 1162 2676 1214 καὶ
2732 1159 2846 1237 ἱερὰ
2892 1167 3112 1227 camuri,
3164 1164 3591 1239 συναθροίοθησα
3649 1161 3711 1217 ἓν

2092 1239 2456 1322 ’Δλεξανδρεία,
2488 1249 2592 1303 ὑπὸ
2621 1256 2714 1324 τοίξ
2757 1256 3113 1332 προειρηένου
3158 1259 3446 1321 Διονυσίου,
3487 1275 3707 1313 κατασβ

2096 1336 2309 1391 κάσασα
2360 1343 2447 1394 καὶ
2493 1342 2869 1418 ἀποκήρυξασα
2912 1349 3044 1418 μετὰ
3089 1349 3300 1404 θάνατον
3329 1390 3341 1410 .
3398 1348 3708 1404 Νεποτιανὸν
3758 1398 3773 1411 ,

2096 1428 2376 1486 ἐπίσκοπον
2414 1434 2696 1506 Αἰγύπτου.
2723 1438 2795 1492 τὰ
2821 1440 3053 1515 Κήρινθον
3080 1456 3094 1471 ⁸
3127 1443 3194 1501 ὡς
3219 1438 3710 1515 διαϐεϐαιουμένους

386 1499 499 1581 rori
533 1523 794 1595 plurimos
833 1521 969 1575 alios
998 1519 1369 1583 involventes,
1401 1517 1454 1571 in
1488 1525 1701 1571 terrena
1738 1514 1985 1571 llierusa.

2117 1522 2161 1575 ’ἀ
2208 1521 2448 1591 πλεῑαδα,
2482 1526 2867 1591 ἐξαπατῶντας,
2912 1532 2962 1585 ἐν
3016 1540 3077 1603 τῇ
3124 1533 3330 1607 ἐπινείῳ
3372 1532 3714 1609 Ἰερουσαλήμ

389 1618 493 1673 lem
545 1616 745 1672 Christi
777 1628 897 1671 esse
944 1626 1168 1684 regnum
1195 1652 1212 1679 ,
1252 1620 1307 1691 et
1336 1610 1695 1665 millenarium
1725 1624 1989 1664 annorum

389 1712 648 1769 docentes
678 1729 692 1766 :
722 1720 775 1765 et
795 1717 1055 1780 prxterea
1083 1708 1243 1762 boum
1267 1705 1533 1761 sacriﬁcia
1570 1711 1624 1760 et
1648 1704 1826 1760 ovium
1849 1717 1996 1759 mac—

394 1808 622 1863 tationes
646 1810 917 1874 tamquam
945 1800 1216 1871 legitimas
1242 1800 1542 1871 exigentes.

2094 1617 2188 1667 τοῦ
2215 1621 2442 1689 Χριστοῦ
2484 1611 2610 1673 εἶναι
2646 1626 2736 1680 τήν
2776 1621 3059 1693 βασιλείαν.
3106 1629 3193 1680 καὶ
3236 1634 3325 1685 τήν
3381 1622 3713 1700 χιλιετηρίδοι

2095 1700 2497 1778 δογματίζοντας
2522 1728 2534 1740 ·
2564 1711 2695 1788 πρὸς
2724 1714 2927 1776 τούτοις
2973 1712 3261 1786 βουθυσίας
3306 1720 3395 1773 καὶ
3443 1717 3713 1791 μηλοσφατ

2096 1800 2214 1874 νίας·
2242 1801 2662 1874 νομοθετοῦντας.
3638 1808 3649 1813 Α
3672 1797 3694 1809 ψ

1034 1939 1368 1998 EPISTULA
1396 1938 1521 2011 1(1)
1564 1935 1855 1996 DlONYSIl
1891 1933 2095 1994 PAPE
2135 1936 2231 1993 AD
2266 1936 2599 1996 URBANUM
2641 1940 3101 2003 PREFECTUM.

402 2059 656 2119 Hortatur
704 2074 819 2114 eum
842 2057 1055 2128 diligere
1086 2066 1133 2112 et
1177 2054 1420 2121 scrutari,
1467 2064 1522 2109 ut
1548 2053 1926 2109 rationabiliter
1950 2061 1999 2107 et
2094 2054 2400 2124 justiﬁcabit
2430 2068 2538 2122 eor,
2561 2058 2941 2128 jucunditatem
2965 2066 3118 2128 atque
3154 2062 3402 2134 gaudium
3426 2054 3586 2118 dabit.
3610 2057 3678 2118 Ti
3703 2093 3706 2097 η

464 2156 716 2228 sapienter
764 2153 1008 2224 disponat
1059 2159 1105 2206 et
1131 2150 1335 2222 judicet
1377 2166 1439 2205 ea
1466 2164 1580 2220 qua:
1623 2148 1703 2203 illi
1731 2146 2002 2202 commissa

469 2259 607 2305 ειυιτ.

504 2381 785 2454 Dionysius
826 2379 1095 2452 episcopus
1124 2372 1334 2435 Urbano
1370 2376 1611 2451 prtefecto
1655 2377 1892 2433 salutem.

469 2540 748 2598 Summum
777 2539 979 2594 bonum
1010 2544 1095 2593 est
1123 2541 1324 2592 amare
1353 2544 1599 2591 amantes
1626 2549 1720 2600 se;
1755 2543 1811 2589 et
1838 2545 2006 2590 econ-

402 2646 481 2691 tra
509 2678 524 2701 ,
557 2633 709 2704 pejus
735 2632 934 2688 malum
965 2640 1071 2687 non
1103 2639 1217 2696 est,
1241 2645 1401 2700 quam
1429 2640 1487 2685 ut
1516 2630 1662 2685 cives
1684 2628 1891 2684 civibus
1924 2628 2009 2682 in-

401 2730 633 2784 videant.
667 2727 878 2783 Gratias
907 2725 1174 2797 siquidem
1201 2727 1410 2795 agimus
1434 2734 1538 2778 ture
1561 2723 1839 2788 charitati,
1860 2719 2005 2789 quod

404 2822 588 2877 lideles
613 2819 787 2875 sancti
817 2818 958 2873 Petri
1005 2818 1144 2873 bene
1183 2817 1418 2885 suscipis
1460 2826 1515 2870 ct
1553 2815 1797 2886 adjuvas.
1855 2813 2006 2870 Unde

2105 2147 2260 2201 menti
2305 2145 2473 2202 Deum
2509 2148 2634 2204 bene
2677 2153 2773 2207 erit
2809 2162 2857 2208 et
2895 2153 2949 2208 in
2986 2150 3164 2210 diebus
3193 2157 3650 2212 consummationis
3678 2149 3709 2196 δ

2110 2241 2255 2296 illius
2306 2240 2649 2300 benedicatur.
2710 2244 2990 2303 Plenitudo
3047 2249 3315 2321 sapientia:
3375 2260 3477 2317 est,
3544 2252 3720 2309 timere

2108 2332 2296 2400 Deum,
2325 2344 2372 2389 et
2396 2336 2661 2406 plenitudo
2705 2354 2737 2392 a
2761 2340 3011 2410 fructibus
3034 2341 3197 2396 illius.
3228 2340 3428 2397 Corona
3452 2343 3723 2411 sapientia!

2109 2428 2261 2483 timor
2290 2425 2521 2496 Domini,
2544 2431 2748 2498 replens
2769 2448 2948 2503 pacem
2975 2444 3022 2488 et
3043 2434 3224 2490 salutis
3251 2435 3477 2506 fructum
3508 2453 3522 2490 :
3553 2447 3602 2490 et
3642 2435 3719 2490 vi-

2112 2520 2186 2575 dit
2214 2530 2258 2576 et
2283 2522 2623 2577 dinumerauit
2648 2540 2782 2580 eam.
2822 2524 3054 2596 Utraque
3089 2537 3260 2583 autem
3284 2538 3404 2583 sunt
3430 2527 3567 2582 dona
3596 2526 3712 2596 Dei,

2108 2616 2318 2669 scientia
2339 2625 2387 2671 et
2416 2617 2723 2672 intellectus.
2772 2618 3043 2690 Sapientia
3081 2623 3450 2692 compartietur
3488 2620 3718 2692 pruden-

2111 2707 2195 2762 tia:
2226 2717 2272 2773 ε,
2307 2717 2353 2762 et
2380 2709 2598 2780 gloriam
2624 2712 2898 2766 tenentium
2944 2729 2999 2768 se
3043 2715 3256 2768 exultat.
3306 2713 3482 2769 Radix
3507 2716 3720 2786 sapien-

2111 2801 2193 2855 tia:
2217 2809 2311 2867 est,
2359 2801 2534 2855 timere
2560 2800 2726 2857 Deum
2754 2818 2773 2856 :
2802 2804 2936 2858 rami
2979 2806 3113 2860 enim
3164 2802 3331 2860 illius’
3358 2807 3595 2878 longaevi.
3650 2804 3721 2862 In

402 2867 1421 2981 ginno—aunobis-nostrisque
1442 2950 1458 2976 ,
1488 2918 1545 2965 et
1574 2867 1649 2964 ιιιθί
1681 2918 2007 2980 tuorumque
2031 2867 2077 2930 C
2109 2894 2362 2949 thesauris
2403 2895 2688 2965 sapientia,
2720 2898 3007 2955 intellectus
3042 2908 3090 2955 et
3126 2900 3352 2955 scientiae
3377 2900 3723 2972 religiositas;

405 3023 511 3063 non
542 3005 811 3062 modicam
835 3018 1021 3059 curam
1045 3002 1268 3059 habere.
1291 3002 1632 3074 Quapropter
1656 3009 1803 3057 tuam
1833 3001 2009 3057 horta-

404 3117 524 3155 mur
551 3100 914 3164 dilectionem,
950 3107 1007 3152 ut
1038 3096 1236 3151 bonum
1267 3096 1409 3167 quod
1435 3096 1644 3168 cmpisti
1663 3094 1769 3169 (2),
1793 3109 2009 3165 semper

406 3193 631 3263 implere
668 3206 774 3247 non
806 3189 1057 3256 differas,
1090 3189 1212 3255 quia
1261 3205 1367 3244 non
1393 3189 1638 3244 laudatur
1669 3188 1880 3243 initium
1910 3185 2007 3244 sed

408 3285 548 3340 linis.
578 3282 905 3354 Sapientiam
930 3282 1091 3336 etiam
1133 3292 1184 3336 te
1213 3281 1494 3336 hortamur
1519 3280 1743 3352 diligere
1773 3289 1829 3335 et
1855 3295 2010 3334 scru-

407 3378 507 3433 tari
537 3386 597 3433 ut
618 3375 1012 3432 rationabiliter
1040 3382 1096 3431 et
1124 3376 1401 3444 sapienter
1428 3374 1684 3444 diSponas
1711 3382 1767 3429 et
1802 3373 2010 3445 iudices

407 3482 469 3522 ea
519 3481 639 3536 quae
692 3465 784 3519 tibi
833 3464 1120 3518 commissa
1163 3471 1291 3518 sunt
1337 3462 1553 3519 dicente
1623 3463 1851 3517 Domino
1909 3479 2009 3534 per

407 3557 722 3628 prophetam
751 3575 762 3610 :
794 3554 1110 3621 Erudimini,
1144 3555 1233 3626 qui
1253 3555 1500 3626 iudicatis
1519 3555 1898 3628 terram(l’sal.
1925 3556 2007 3629 tr).

407 3650 553 3705 Time
586 3667 703 3721 ergo
733 3648 919 3714 Deum,
943 3658 991 3702 et
1017 3647 1259 3702 inundata
1300 3649 1416 3717 ejus
1439 3654 1585 3703 serva
1609 3647 1860 3718 (Eccles.,
1888 3648 2007 3720 xtl).

408 3741 476 3796 Et
504 3741 660 3813 dilige
686 3758 800 3796 eum
827 3741 943 3795 totis
977 3740 1282 3806 visceribus,
1311 3752 1357 3795 et
1386 3742 1677 3812 proximum
1709 3754 1853 3797 tuum
1882 3744 2014 3797 sicut

411 3836 629 3907 teipsum
668 3834 886 3907 (Mam,
936 3837 1054 3906 xu).
1094 3833 1238 3889 Deus
1282 3834 1564 3892 altissimus
1592 3839 1781 3893 creavit
1809 3839 2014 3909 sapien-

412 3930 535 3982 tium
574 3930 629 3982 in
674 3926 875 3998 Spiritu
902 3937 1079 3983 sancto
1127 3926 1380 3999 (Eccles.,
1406 3927 1470 4000 l),
1503 3941 1550 3984 et
1580 3932 1703 3985 vidit
1730 3973 1745 3995 ,
1794 3943 1839 3986 et
1870 3932 2017 3986 dinu-

412 4021 643 4084 meravit,
674 4028 721 4074 et
758 4036 963 4074 mensus
1002 4030 1095 4075 est.
1134 4019 1196 4074 Et
1242 4019 1427 4088 eﬂ‘udit
1458 4022 1605 4076 illaut
1652 4039 1810 4092 super
1844 4025 2018 4079 omnia

412 4130 568 4184 opera
617 4130 745 4181 sua,
798 4123 846 4167 et
899 4128 1051 4180 super
1082 4127 1283 4166 onmem
1313 4128 1543 4177 carnem,
1590 4121 1617 4150 ει
1648 4114 1825 4169 datum
1867 4132 2018 4170 suum

414 4206 628 4277 prtebuit
706 4206 853 4260 illam
929 4206 1259 4277 diligentibus
1330 4222 1384 4261 se
1441 4208 1593 4261 timor
1648 4206 1857 4262 Domini
1906 4209 2020 4281 glov

2108 2986 2362 3040 eatecratio
2381 2996 2548 3041 autem
2579 2989 2926 3060 peccatoribus
2945 3033 2959 3057 ,
2987 2991 3260 3061 sapientia.
3296 2988 3476 3046 Timor
3514 2991 3725 3046 Domini

2110 3080 2309 3150 repellit
2330 3091 2590 3152 peccatum
2621 3100 2640 3138 :
2664 3100 2784 3138 nam
2822 3086 2912 3157 qui
2948 3086 3265 3141 sine‘timore
3288 3096 3379 3149 est,
3405 3102 3507 3142 non
3538 3086 3724 3159 poterit

2102 3172 2403 3246 jttstiﬁcari.
2434 3176 2718 3234 Iracundia
2740 3180 2875 3234 enim
2909 3182 3246 3237 animositatis
3272 3181 3433 3247 illius,
3466 3179 3722 3235 subversio

2113 3268 2253 3335 illis“
2276 3279 2369 3324 est.
2406 3269 2577 3342 Usque
2619 3272 2673 3326 in
2717 3282 2915 3345 tempus
2937 3275 3199 3331 sustinebit
3228 3277 3444 3345 patiens,
3470 3285 3517 3331 et
3549 3279 3724 3347 postea

2111 3362 2332 3417 redditio
2368 3366 2730 3436 jucunditatis.
2785 3364 2964 3422 Bonus
3006 3384 3182 3423 sensus
3210 3384 3368 3441 usque
3410 3360 3481 3422 ad
3527 3377 3724 3439 tempus

2114 3457 2383 3512 abscondet
2428 3459 2580 3515 verba
2607 3460 2781 3531 illius,
2834 3473 2882 3517 et
2927 3461 3064 3516 labia
3110 3463 3386 3518 multarunt
3415 3460 3724 3517 enarrabunt

2113 3562 2317 3604 sensum
2346 3548 2506 3605 illius.
2540 3538 2607 3607 In
2635 3552 2888 3609 thesauris
2914 3554 3201 3625 sapientiae,
3233 3555 3544 3625 signiﬁcatio
3571 3553 3727 3608 disci-

2117 3640 2274 3711 ptime
2304 3660 2317 3697 :
2349 3642 2602 3700 execratio
2632 3654 2800 3701 autem
2846 3634 3121 3717 peccaturi,
3168 3648 3368 3703 cultura
3420 3645 3539 3702 Dei.
3592 3645 3723 3715 Fili,

2116 3737 2481 3805 concupiscens
2529 3738 2855 3809 sapientiam,
2902 3756 3146 3795 conserva
3184 3742 3465 3815 justitiam,
3493 3749 3542 3794 et
3586 3738 3726 3795 Deus

2115 3828 2359 3894 prtebebit
2382 3829 2527 3883 illam
2558 3831 2668 3899 tibi,
2699 3833 2956 3903 sapientia
2986 3834 3125 3887 enim
3149 3844 3199 3888 et
3233 3834 3532 3901 disciplina,
3572 3833 3726 3886 timor

2116 3918 2331 3975 Domini
2355 3937 2374 3976 :
2398 3932 2443 3976 et
2468 3923 2607 3994 quod
2634 3924 3005 3994 beneplacitum
3035 3936 3107 3980 est
3133 3926 3234 3993 illi,
3267 3926 3396 3995 ﬁdes
3422 3936 3468 3979 et
3489 3938 3729 3979 mansue-

2120 4013 2263 4080 tudo,
2290 4024 2337 4069 et
2378 4016 2607 4088 implebit
2649 4019 2919 4073 thesauros
2948 4020 3078 4087 ejus.
3130 4017 3419 4074 Continuam
3442 4035 3546 4073 non
3564 4018 3656 4085 sis,
3681 4023 3729 4072 et

2119 4106 2433 4163 incredibilis
2450 4110 2621 4164 timori
2649 4108 2889 4173 Domini,
2913 4121 2958 4164 et
2987 4128 3050 4165 ne
3072 4112 3346 4167 accesseris
3376 4111 3446 4166 ad
3484 4128 3601 4165 eum
3630 4109 3729 4163 du-

2122 4198 2246 4265 plici
2272 4202 2443 4253 corde.
2477 4198 2561 4255 Ne
2586 4202 2745 4272 fueris
2767 4202 3035 4272 hypocrita
3064 4204 3115 4257 in
3138 4212 3412 4274 conspectu
3443 4202 3725 4269 hominum,

412 4267 586 4365 riatio,
638 4307 685 4353 et
734 4299 913 4351 ltetitia
934 4339 948 4365 ,
978 4267 1048 4351 etv
1075 4314 1267 4353 corona
1296 4300 1643 4355 exultationis.
1678 4300 1857 4355 Timor
1900 4267 2015 4357 Do-
2041 4267 2096 4330 Β
2123 4300 2167 4347 ει
2196 4309 2297 4348 ηοη
2327 4293 2689 4350 scandalizet“
2734 4295 2882 4351 labiis
2905 4297 3025 4351 luis.
3052 4296 3270 4351 Attende
3293 4297 3347 4351 in
3375 4296 3502 4361 illis,
3527 4311 3590 4350 ne
3620 4298 3730 4364 [ον-

414 4391 541 4444 mini
590 4389 857 4443 delectabit
904 4404 1015 4453 cor,
1039 4397 1085 4442 et
1131 4388 1271 4442 dabit
1303 4390 1531 4444 ltetitiam
1580 4400 1628 4445 et
1672 4392 1915 4462 gaudium
1962 4394 2019 4447 in

417 4481 735 4553 longitudine
762 4480 980 4547 dierum,
1009 4481 1203 4534 timenti
1219 4477 1387 4535 Deum
1410 4481 1535 4537 bene
1556 4483 1649 4537 erit
1677 4484 1730 4537 in
1756 4486 2017 4553 extremis,

416 4583 463 4628 et
489 4574 543 4627 in
569 4574 651 4627 die
679 4553 1020 4643 defunctionis
1045 4588 1151 4627 sua:
1180 4571 1520 4629 benedicatur.
1551 4571 1769 4629 Dilectio
1794 4574 1892 4630 Dei
1919 4576 2016 4631 lto-

416 4664 661 4722 norabilis
709 4665 985 4737 sapientia.
1021 4664 1218 4734 Quibus
1257 4676 1427 4722 autem
1468 4669 1768 4739 apparuerit
1806 4670 1860 4723 in
1908 4670 2019 4726 uisu

416 4759 637 4831 diligunt
659 4758 907 4815 cumbin
952 4758 1164 4827 visione,
1208 4769 1255 4814 et
1290 4760 1345 4815 in
1393 4762 1652 4833 agnitione
1705 4763 2022 4835 magnalium

416 4867 644 4906 suorum.
676 4851 892 4907 Initium
912 4852 1179 4922 sapientiw
1203 4852 1355 4907 timor
1383 4851 1613 4909 Domini.
1644 4854 1714 4909 Et
1749 4872 1866 4909 cum
1882 4856 2017 4926 ﬁde-

419 4940 552 4997 libus
596 4943 652 4996 in
690 4946 843 5000 vulva
886 4951 1184 4998 concreatus
1221 4952 1317 5011 est,
1345 4954 1391 4999 et
1431 4962 1549 5000 cum
1603 4946 1771 5002 electis
1819 4948 2021 5017 feminis

420 5034 675 5107 graditur,
727 5046 773 5090 et
819 5053 935 5090 cum
970 5036 1127 5108 justis
1167 5035 1403 5107 ﬁdelibus
1434 5048 1456 5075 ο
1499 5038 1813 5111 agnoscitur.
1848 5039 2022 5096 Timor

419 5128 630 5184 Domini
656 5128 883 5184 scientiis
918 5130 1248 5202 religiositas.
1281 5130 1613 5202 Religiositas
1666 5132 1944 5202 custodiet,
1976 5142 2024 5190 et

494 5265 577 5339 (l)
598 5264 729 5322 Haec
756 5275 811 5323 et
833 5279 1066 5337 sequens
1093 5268 1293 5339 pariter
1319 5271 1597 5328 νοθεύεται.

2124 4399 2171 4451 te
2200 4389 2376 4458 cadas,
2420 4401 2465 4445 et
2512 4409 2674 4463 ponas
2703 4391 3006 4447 scandalum
3046 4394 3235 4447 animi:
3276 4401 3402 4456 tum,
3433 4402 3479 4445 et
3499 4388 3731 4444 adducas

2120 4482 2565 4539 inhonorationem
2588 4485 2677 4539 tibi
2697 4527 2711 4551 ,
2742 4495 2790 4540 et
2815 4487 2996 4541 revelet
3036 4484 3178 4540 Deus
3207 4486 3452 4540 absconsa
3475 4493 3585 4537 tua.
3626 4481 3733 4538 Pro

2120 4574 2247 4640 tide,
2277 4574 2460 4641 frater,
2488 4586 2544 4633 et
2562 4576 2791 4648 justitia,
2823 4594 2887 4634 ac
2914 4593 3011 4649 pro
3038 4578 3216 4633 salute
3244 4578 3452 4633 anima:
3482 4586 3587 4633 tuae
3612 4589 3732 4631 cer-

2122 4675 2172 4720 ta
2203 4681 2440 4738 semper,
2472 4679 2528 4725 et
2555 4685 2653 4742 pro
2676 4670 2945 4741 adjutorio
2980 4669 3226 4739 fratrum,
3259 4670 3489 4726 viriliter
3514 4682 3633 4739 age,
3660 4675 3719 4722 ut

2124 4774 2155 4814 a
2197 4760 2428 4818 Domino
2481 4765 2715 4835 recipias
2765 4766 3281 4821 remunerationem.
3320 4763 3589 4833 Scriptum
3648 4765 3733 4816 est

2127 4854 2270 4909 cnim
2292 4871 2305 4907 :
2331 4852 2463 4924 Fili,
2488 4872 2733 4912 conserva
2759 4867 2978 4931 tempus,
3006 4867 3053 4913 et
3077 4858 3244 4913 devita
3269 4872 3302 4911 a
3322 4855 3457 4910 malo
3479 4850 3730 4926 (Eccles.,

2123 4949 2226 5021 ιν).
2259 4946 2368 5005 Pro
2394 4950 2571 5005 anima
2598 4961 2687 5006 tua
2718 4968 2821 5007 non
2849 4948 3183 5023 canfundaris
3206 4950 3372 5004 dicere
3409 4961 3605 5002 verum.
3637 4942 3732 4999 Est

2128 5043 2261 5098 enim
2288 5044 2519 5116 confusio
2544 5044 2800 5101 adducens
2821 5054 3106 5117 peccatum,
3134 5054 3181 5099 et
3203 5051 3275 5099 est
3301 5038 3536 5111 confusio
3560 5036 3729 5092 addu-

2128 5153 2245 5192 cens
2269 5136 2485 5208 gloriam
2513 5148 2562 5195 et
2602 5141 2842 5210 gratiam.
2873 5137 2958 5196 Nc
3004 5138 3228 5210 accipias
3272 5136 3458 5207 faciem
3488 5132 3731 5189 adversus

2142 5302 2143 5305 ‘
2198 5276 2293 5354 Δ(2)
2319 5278 2463 5335 ldem
2495 5292 2577 5336 est
2603 5281 2848 5354 epistolae
2879 5290 3064 5341 textus
3090 5297 3216 5340 cum
3251 5281 3309 5339 2.
3339 5280 3535 5340 Felicis
3559 5292 3631 5347 tv,
3664 5273 3735 5334 si-

2138 5351 2334 5406 militer
2358 5351 2678 5412 adulterata.
2872 5380 2883 5391 ·

1640 5453 2029 5519 LECTIONES
2084 5460 2501 5525 VARIANTES.

483 5562 1038 5683 :ggmelnazbecundnm
1059 5560 1229 5618 datum
1250 5577 1393 5621 suum
1410 5573 1464 5623 et
1484 5569 1695 5637 prebet,
1718 5571 1862 5627 Labb.

487 5667 510 5726 ὸ
535 5667 1013 5754 ῑυῖιίεἱΐᾶᾱοιὼιιε,
1036 5691 1185 5746 Labb.

2190 5577 2219 5619 ει
2237 5579 2608 5646 Qonsolationis,
2633 5582 2781 5636 Labb.

2195 5643 2522 5718 {scientiam
2563 5643 2617 5699 et
2637 5647 2964 5715 intellectum
2991 5648 3273 5718 prudentis:
3308 5647 3553 5713 sapientia
3600 5660 3733 5702 com.

2116 5708 2373 5771 partietur,
2400 5708 2543 5761 Labb.
