3990 6060
398 220 503 277 155

1428 213 1518 271 DE
1559 212 1618 274 S.
1658 215 1904 275 FELICE
1941 208 2232 273 ROMANO
2272 214 2653 275 PONTIFICE.

3589 217 3695 278 156

394 334 662 393 confessio
717 332 1029 407 (professio,
1070 331 1141 389 ita
1187 331 1240 388 in
1282 331 1413 407 ms.)
1463 336 1758 404 periculosa
1802 346 1888 393 est
1931 345 1986 391 et
2012 342 2065 398 Λ
2091 326 2328 408 mitiget,
2380 338 2561 409 pigros
2600 344 2862 404 exacuat,
2918 335 3134 393 desides
3173 336 3441 394 hortando
3502 349 3524 377 ο
3572 352 3709 395 suc-'

317 470 323 476 .
393 430 592 504 (Hadr.
624 431 747 485 colt.
780 433 873 496 tib,
898 440 944 484 et
963 446 1049 483 an.
1085 438 1401 499 mterpretat.
1429 431 1688 486 constitut.
1722 432 1807 497 l2,
1840 432 1916 486 tit.
1948 447 1986 499 t,

394 524 484 579 lib.
535 540 612 591 ιι,
662 524 778 577 cod.
821 520 1079 577 Tlteodos.
1127 522 1182 584 5,
1213 539 1263 593 q.
1296 521 1353 588 4,
1384 522 1577 596 Alieni)
1627 525 1834 580 admitti
1882 541 1987 581 non

393 615 579 673 debet.
608 615 868 673 Similiter
892 615 1052 670 alieni
1083 617 1288 670 erroris
1327 620 1533 672 socium
1555 660 1570 686 ,
1605 619 1692 673 vel
1720 633 1749 673 a
1785 618 1867 673 sui
1894 635 1989 673 vo-

394 710 632 766 luntarie
661 707 923 779 propositi
950 709 1163 764 tramite
1189 710 1552 777 recedentem,
1584 719 1676 767 aut
1702 714 1869 768 sacris
1898 729 1993 785 pa-

394 811 537 857 trum
576 800 776 871 regulis
806 809 862 856 et
885 800 1359 856 constitutionibus
1391 802 1798 873 impedientem,
1822 807 1994 860 susci-

396 910 526 966 pere
572 910 678 951 non
728 910 1049 965 possumus,
1096 910 1197 949 nec
1243 894 1537 964 debemus,
1589 914 1691 954 nec
1733 900 1996 971 impetere

397 1000 544 1045 recte
572 987 862 1044 crudentes
882 1032 897 1053 ,
927 989 1014 1044 vel
1046 1000 1356 1045 sanctorum
1388 1002 1599 1061 patrum
1630 995 1998 1051 sanctionibus

397 1085 837 1153 obtemperantes
885 1084 1249 1155 permittimus
1293 1104 1306 1140 :
1354 1090 1477 1155 quia
1536 1088 1762 1142 infames
1810 1104 1999 1146 omnes

396 1192 517 1234 esse
558 1192 876 1243 censemus,
909 1178 999 1248 qui
1042 1192 1193 1233 suam
1230 1189 1321 1233 aut
1348 1178 1711 1235 Cluistianam
1745 1183 2001 1253 pt‘tPVari-

397 1280 586 1328 cantor
619 1271 816 1342 legem,
836 1280 930 1326 aut
959 1271 1309 1341 apostolicam
1337 1273 1424 1326 vel
1448 1275 1746 1344 regularem
1771 1276 2002 1331 libenter

398 1371 731 1434 postponunt
783 1366 1180 1418 auctoritatem.
1233 1363 1359 1419 Haec
1409 1363 1490 1437 (l)
1559 1367 1739 1436 itaque
1770 1409 1785 1430 ,
1838 1366 2003 1422 frater

400 1456 739 1519 charissime,
772 1472 890 1525 quae
922 1471 1019 1526 pro
1045 1454 1240 1511 ail‘ectu
1290 1458 1642 1513 Sacerdotalis
1671 1460 1906 1515 nominis
1948 1470 2003 1517 et

398 1546 622 1603 honoris
648 1544 1043 1613 impendimus,
1076 1545 1170 1601 tibi
1209 1548 1421 1614 tuisque
1457 1549 1721 1617 subditis,
1747 1560 1803 1606 et
1828 1552 2004 1607 omni-

400 1640 500 1696 bus
528 1639 791 1704 tenenda,
840 1652 893 1695 et
936 1641 1057 1696 aliis
1100 1639 1431 1707 nuntianda,
1470 1652 1631 1712 atque
1663 1645 1999 1715 prmdicanda

401 1732 719 1789 mandamus
739 1774 753 1798 ,
788 1731 984 1802 quibus
1014 1742 1066 1786 et
1099 1732 1273 1802 pietas
1301 1733 1367 1788 ad
1400 1734 1685 1790 utilitatem
1710 1777 1723 1800 ,
1753 1746 1809 1790 et
1837 1735 1907 1791 sit
1933 1736 2002 1791 ad

401 1826 631 1882 fructum
673 1826 909 1882 dilectio.
943 1824 1097 1881 Unde
1125 1826 1488 1896 ahjurgando,
1527 1827 1792 1883 hortando
1814 1872 1828 1895 ,
1874 1844 2003 1884 sua-

405 1916 601 1984 dendo,
651 1916 997 1983 blandiendo,
1045 1917 1375 1973 consolando
1403 1927 1451 1983 α,
1489 1918 1766 1989 prodesse,
1814 1921 2006 1992 quibus

403 2024 708 2079 possumus,
736 2010 1069 2066 featinemus.
1090 2009 1294 2081 Lingua
1324 2018 1507 2065 nostra
1532 2012 1687 2067 bonis
1710 2014 2006 2069 fomentum

401 2101 501 2167 sit,
587 2102 766 2172 pravis
832 2101 1075 2157 aculeus.
1125 2100 1366 2157 Timidus
1415 2101 1444 2140 δ
1501 2104 1784 2174 retundat,
1843 2106 2010 2163 iratos

474 2241 557 2312 (l)
589 2242 646 2299 S.
676 2240 863 2313 Greg.,
904 2242 1067 2314 epist.
1114 2240 1239 2303 H3.
1274 2241 1367 2297 lib.
1396 2256 1491 2310 vn,
1534 2241 1689 2314 cujus
1730 2242 1892 2298 verba
1937 2257 2001 2298 ac

400 2314 613 2401 styllrn‘m‘
631 2312 924 2401 nemggnon
950 2312 1131 2369 statim
1161 2323 1441 2384 agnoscet.

399 2456 417 2528 ἴ
587 2384 1068 2528 meitizbgionysius
1098 2470 1244 2528 papa
1290 2466 1425 2513 teste
1464 2467 1655 2513 sancto
1704 2458 2001 2514 Athanasio

400 2526 494 2584 lib.
526 2526 595 2583 de
622 2526 857 2584 decretis
882 2526 1072 2600 synodi
1093 2526 1325 2584 Nicaeus:
1367 2529 1626 2586 adversus
1660 2530 2002 2586 Sabellianos

2094 430 2320 494 cendat,
2369 430 2757 501 refugientibus
2808 430 3066 498 suadeat,
3111 433 3319 502 asperis
3366 432 3692 500 blandiatur,

2094 522 2412 593 desperatos
2439 523 2776 589 consolatur,
2822 532 2881 577 ut
2930 523 3056 594 quia
3097 522 3351 580 doctores
3379 522 3407 561 ά
3441 523 3696 593 dicimur,

2095 619 2235 674 viam
2264 619 2452 674 salutis
2478 617 2849 689 gradientibus
2874 615 3242 673 ostendamus.
3280 616 3462 672 Simus
3492 618 3543 671 in
3576 632 3702 673 cus-

2098 713 2240 768 todia
2259 712 2566 783 vigilantes,
2589 710 2791 766 aditum
2821 719 3008 766 contra
3039 709 3217 765 hostio
3241 709 3462 766 insidias
3484 709 3702 766 solliciti

2101 806 2427 861 muniamus.
2457 804 2525 858 Et
2578 806 2624 858 si
2679 802 2894 873 quando
2927 802 3188 872 perditam
3214 811 3236 839 ε
3265 818 3421 858 ovem
3451 802 3521 859 de
3548 818 3702 859 com-

2101 899 2281 953 missis
2309 898 2559 968 gregibos
2582 912 2737 953 error
2765 896 3070 962 abduxerit,
3101 904 3216 951 toto
3246 896 3391 952 illam
3421 897 3613 953 annisu
3633 896 3703 953 ad

2102 993 2283 1049 caulas
2306 992 2606 1048 dominicas
2635 1008 2895 1049 revocare
2924 991 3319 1048 contendamus
3341 1033 3357 1055 .
3390 1001 3447 1047 ut
3474 992 3541 1048 de
3577 1007 3704 1063 pas-

2106 1086 2239 1141 toris
2279 1085 2497 1141 nomine
2534 1085 2678 1155 quod
2731 1084 3025 1150 habemus,
3069 1100 3176 1141 n0n
3208 1084 3564 1155 supplicium,
3609 1082 3706 1140 sed

2108 1179 2387 1249 prtemium
2434 1193 2851 1248 consequamur.
2885 1178 3019 1247 Quia
3055 1193 3185 1251 ergo
3234 1179 3287 1233 in
3328 1172 3415 1233 his
3458 1178 3708 1235 munibus

2105 1272 2325 1341 divinae.
2353 1272 2540 1342 gratiae
2592 1272 2921 1340 adjutoriunt
2976 1285 3113 1341 opus
3160 1279 3275 1332 est,
3322 1269 3710 1341 omnipotentis

2110 1363 2238 1425 Dei,
2266 1362 2498 1417 assiduis
2544 1363 2797 1431 precibus
2824 1363 3168 1417 clementiam
3201 1377 3508 1439 .exoremus
3529 1403 3544 1427 ,
3576 1375 3710 1433 qua-

2110 1464 2267 1510 tenus
2306 1453 2372 1508 ad
2406 1452 2523 1508 haec
2553 1454 2709 1510 nobis
2750 1454 3058 1525 operanda,
3105 1463 3160 1509 et
3202 1455 3337 1510 velle
3377 1453 3610 1520 tribuat,
3654 1462 3713 1511 et

2106 1564 2266 1620 posse
2295 1547 2591 1614 concedat,
2619 1559 2779 1617 atque
2806 1548 2858 1602 in
2897 1563 2962 1604 ea
3005 1564 3103 1603 nos
3131 1548 3248 1613 via,
3295 1562 3417 1603 cum
3450 1546 3712 1603 fructibus

2109 1643 2234 1698 boni
2273 1642 2452 1712 aperis
2473 1684 2487 1706 ,
2519 1657 2678 1712 quam
2709 1656 2770 1698 se
2802 1653 2985 1712 pastor
3015 1650 3290 1713 pastorum
3328 1655 3450 1696 esse
3481 1648 3715 1695 testatus

2108 1745 2221 1802 est,
2267 1737 2481 1806 dirigat,
2536 1745 2594 1789 ut
2633 1735 2752 1791 sine
2793 1749 2900 1805 quo
2948 1736 3082 1790 nihil
3123 1749 3285 1806 agere
3323 1749 3609 1804 possumus
3663 1730 3711 1799 τ,

2110 1840 2207 1899 per
2254 1827 2430 1898 ipsum
2479 1828 2707 1898 implore
2753 1828 2934 1883 omnia
2986 1827 3285 1883 valeamus.
3328 1826 3460 1880 Data
3516 1840 3546 1878 v
3588 1823 3715 1880 ldus

2111 1922 2538 1994 septembris(2)
2585 1921 2809 1978 Claudio
2847 1931 2903 1978 et
2948 1919 3183 1978 Paterno
3223 1922 3356 1979 viris
3397 1919 3715 1977 clarissimis

2112 2006 2425 2071 consu.ibus
2454 2012 2556 2086 (5).

2107 2243 2369 2316 i_n<ignem
2420 2242 2637 2316 scripsit
2666 2241 2949 2313 epistolam
2976 2240 3031 2298 in
3071 2240 3177 2313 qita
3228 2240 3475 2316 unitatem
3516 2237 3615 2296 Dei
3655 2239 3717 2316 in

2106 2313 2359 2371 Tritittate
2382 2325 2430 2371 et
2454 2314 2761 2370 Trinitatem
2790 2318 2844 2370 in
2873 2317 3070 2369 unitate
3088 2314 3305 2385 egregie
3332 2313 3714 2370 coulormavit.

2106 2386 2319 2443 Utinam
2359 2402 2421 2443 ea
2466 2404 2607 2443 nunc
2647 2390 2864 2443 adesset
2902 2387 2970 2441 ad
3011 2384 3340 2443 refellendos
3368 2400 3541 2443 novos
3570 2394 3721 2441 vete-

2106 2474 2306 2530 resque
2335 2459 2570 2516 Arianos
2588 2472 2644 2516 et
2664 2459 3023 2517 Sabellianos.

1599 2668 1982 2726 LECTIONES
2024 2665 2446 2724 VARIANTES.

401 2788 431 2849 (κ
464 2787 496 2849 ξι
529 2783 1008 2839 ConsulendO’Labb.

463 2846 493 2887 1)
518 2849 768 2909 Tumidos,
796 2848 943 2898 labi).

467 2915 490 2945 °
515 2910 766 2972 Hortatur,
792 2910 937 2962 Labb.

2173 2783 2200 2823 d
2233 2783 2472 2843 Doctores
2497 2782 2612 2833 Lab.

2177 2851 2200 2907 ἒ
2225 2848 2325 2897 Per
2343 2849 2507 2907 devia,
2535 2844 2648 2897 Lab.

2177 2906 2198 2946 ί
2239 2910 2430 2962 Facere
2454 2906 2576 2960 nihil
2598 2908 2920 2973 assurgimus,
2948 2906 3063 2959 Lab.

616 3074 696 3083 .-

407 3059 3711 3126 ω
1686 3101 3470 3124 _______________________----_.._._._

482 3244 722 3355 DE
776 3242 929 3359 ε.
1015 3244 1654 3362 FELIGE
1743 3237 2541 3360 ROMANO
2600 3230 3648 3379 PONTII‘ICE,

1733 3438 2013 3497 NOTITIA
2052 3434 2437 3495 HISTOBICA.

1736 3611 1840 3623 .—

1843 3592 2394 3625 #—

478 3746 632 3805 Felia;
654 3744 734 3816 Yﬁt
781 3741 1058 3813 Pontifex,
1090 3738 1355 3794 Romanus
1401 3753 1537 3792 anno
1579 3734 1709 3801 269,
1734 3733 1816 3789 die
1839 3731 1911 3788 28
1938 3731 2012 3786 vel
2037 3730 2085 3797 ρ
2117 3735 2334 3796 straret,
2382 3726 2674 3784 Sabellium
2703 3727 3027 3785 confutaret.
3080 3727 3270 3785 Eidem
3302 3728 3464 3784 ritum
3494 3724 3727 3785 faciendi

403 3842 465 3901 5|
503 3837 806 3895 decembris.
859 3863 932 3877 —
969 3831 1125 3888 Felix
1175 3832 1343 3903 patria
1388 3830 1666 3885 Romanus
1714 3826 2016 3882 Constantii

403 3936 546 3992 filius
574 3932 665 3989 die
686 3930 760 3987 ‘28
797 3929 880 3985 vel
913 3938 1189 3999 postremo
1213 3924 1337 3979 anni
1365 3924 1495 3988 269,
1545 3924 1597 3977 in
1648 3920 1884 3992 Dionysii
1930 3919 2008 3973 lo-

404 4044 526 4085 cum
571 4025 898 4081 substitutus
939 4030 1024 4078 est
1059 4019 1163 4093 (l).
1204 4019 1301 4074 Hic
1331 4017 1586 4073 insistens
1604 4014 2016 4087 prmdt-cessoris

405 4123 490 4179 sui
533 4118 778 4190 vestigiis
824 4116 957 4172 nihil
1005 4113 1279 4185 antiquius
1320 4111 1527 4177 habuit,
1576 4125 1735 4182 quam
1782 4107 2017 4163 barreses

404 4219 745 4287 insurgentes
792 4212 845 4267 in
899 4209 1195 4266 Ecclesiam
1267 4204 1574 4277 proﬂigare.
1652 4200 2014 4270 Quamobrem

407 4324 530 4366 cum
576 4319 769 4362 recens
825 4311 973 4358 esset
1017 4300 1211 4355 vulnus
1240 4314 1269 4353 a
1299 4298 1467 4353 Paulo
1496 4297 1851 4351 Samosateno
1880 4292 2017 4347 inlli-

410 4415 556 4460 Ctum
579 4398 863 4456 catholicae
890 4393 1131 4459 veritati,
1183 4390 1410 4447 necdum
1442 4391 1669 4445 obducta
1699 4388 1918 4444 cicatrix
1949 4386 2017 4441 de

406 4511 593 4553 errore
622 4492 865 4557 Sabellii,
898 4490 1013 4562 ipse
1059 4488 1128 4544 de
1158 4486 1278 4543 Filii
1314 4486 1406 4567 Dei
1450 4484 1753 4548 divinitate,
1778 4497 1841 4537 ac
1872 4481 2016 4551 pari-

407 4600 492 4647 ter
520 4588 875 4653 humanitate,
923 4582 1238 4652 naturisque
1286 4580 1492 4635 duabus
1540 4577 1594 4632 in
1646 4592 1750 4632 una
1782 4575 2017 4630 Persona

406 4681 675 4739 diuini-tis
730 4676 797 4733 ad
857 4676 1148 4732 Maximum
1218 4673 1529 4742 episcopum
1606 4665 2018 4724 alexandrinum

411 4775 660 4847 Dionysii
712 4783 1087 4829 successorem
1118 4765 1335 4833 scripsit
1362 4762 1670 4835 epistolam.
1720 4776 1822 4830 qua
1855 4757 2017 4813 veluti
2045 4763 2097 4823 Β

407 4868 627 4931 ancipiti
647 4863 827 4933 gladio
844 4875 1129 4931 utramque
1148 4859 1396 4913 haeresim
1420 4871 1526 4911 uno
1545 4855 1649 4910 ictu
1666 4851 1974 4909 conluderet
1998 4866 2013 4916 ;

409 4970 470 5017 ιιι
492 4960 619 5016 dum
648 4964 700 5015 in
725 4960 944 5016 Christo
975 4964 1222 5012 naturam
1253 4960 1580 5007 monstraret
1607 4949 1841 5002 divinam
1876 4944 2016 5000 indi-

411 5054 527 5110 vise
555 5052 874 5108 ltumztnitati
905 5050 1273 5121 coniunctam,
1308 5044 1457 5101 Pauli
1485 5042 1734 5098 hzrresim
1761 5040 2020 5096 condem-

410 5155 571 5205 naret
623 5162 638 5200 :
680 5142 807 5199 dum
841 5159 970 5199 vero
1001 5143 1292 5197 humanam
1321 5139 1373 5192 in
1406 5139 1598 5193 eodem
1626 5134 1945 5207 prredicaret
1990 5149 2021 5188 a

411 5239 597 5296 divina
629 5252 753 5293 esse
782 5245 988 5290 natum
1018 5235 1343 5306 proprietate
1371 5230 1701 5295 distinctam,
1747 5239 1801 5283 et
1827 5227 2021 5282 divina:

409 5330 729 5388 substantia:
759 5329 812 5383 in
843 5328 1016 5383 tribus
1061 5325 1309 5398 personis
1354 5322 1757 5379 subsistentiam
1790 5320 2016 5376 demon-

486 5465 566 5540 (l)
594 5464 793 5521 Euseb.
821 5462 958 5518 Hist.
987 5461 1165 5540 ecctes.
1187 5502 1201 5525 ,
1232 5460 1480 5540 lilnnvn,
1531 5472 1662 5540 cap.‘
1814 5466 1867 5540 et
1911 5455 2015 5540 5?;

410 5528 626 5613 Pagius,
658 5541 950 5613 etiannum
983 5534 1194 5613 174,__u.
1336 5530 1488 5613 (Ἄγε.
1511 5529 1579 5613 με
1604 5528 1807 5613 ceriﬁer
1831 5528 1903 5581 les
1932 5528 2020 5580 da-

412 5600 657 5746 tieesgpag.
684 5610 827 5679 2L3;
869 5600 1183 5673 Saccarelli,
1232 5602 1371 5658 Hist.
1401 5600 1565 5673 _eccl.,
1602 5610 1733 5655 tom.
1781 5613 1856 5666 tv,
1891 5614 2013 5670 pag.

2115 3821 2379 3878 sacrificia
2405 3836 2563 3892 supra
2592 3822 2869 3892 sepulchra
2896 3830 2987 3877 aut
3012 3823 3282 3879 memorias
3331 3831 3611 3893 martyrum
3643 3820 3724 3893 (2)

2190 3960 2271 4035 (2)
2298 3961 2485 4035 Bona,
2523 3960 2620 4016 lib.
2653 3957 3485 4035 t._Rer.Jliturg.,Acap._19.§5.
3519 3959 3596 4015 De
3617 3958 3728 4035 Ee-

2117 4030 2223 4090 lice
2255 4035 2428 4101 primo
2457 4032 2681 4087 Summo
2708 4031 2973 4088 Pontifice
3002 4030 3195 4087 scribit
3234 4030 3551 4086 Anastasius
3581 4048 3594 4083 :
3631 4030 3728 4086 Hic

2119 4104 2398 4162 consuluit
2448 4119 2606 4172 supra
2653 4104 2939 4175 sepulchra
2984 4113 3077 4157 aut
3106 4102 3398 4175 memorias
3428 4111 3726 4175 martyrum

2121 4177 2317 4231 mi~sas
2345 4175 2631 4241 celebrari,
2658 4172 2781 4243 quia
2817 4175 3063 4229 fortassis
3104 4175 3174 4229 de
3202 4174 3301 4229 hoc
3328 4173 3499 4244 legem
3532 4172 3725 4241 edidit,

2121 4264 2189 4303 ne
2214 4248 2369 4302 aliter
2400 4247 2514 4300 ﬁeri
2548 4255 2750 4315 posset.
2784 4245 2921 4300 Hinc
2949 4245 3372 4301 existimaverim
3406 4255 3584 4300 ortuut
3614 4259 3731 4300 mo-

2120 4334 2235 4374 rem
2288 4317 2642 4372 consecrandi
2695 4317 2882 4372 altaria
2933 4331 3054 4371 cuin
3108 4316 3379 4387 reliquiisﬁ
3404 4327 3721 4387 martyrum.

2122 4389 2407 4453 Baronius,
2433 4390 2498 4442 ad
2526 4404 2725 4442 annum
2751 4388 2880 4448 275.
2898 4386 2995 4457 ἓξ,
3016 4387 3206 4442 scribit
3238 4405 3250 4441 ε
3292 4405 3311 4438 ‹
3347 4386 3621 4457 Eiusmodi
3648 4388 3732 4440 in-

2122 4461 2455 4515 stitutionem
2486 4461 2642 4517 leuat».
2664 4469 2790 4514 ante
2816 4459 3014 4515 Felicis
3036 4474 3186 4530 papzc
3218 4467 3458 4530 tempora
3484 4456 3731 4513 Ecclesia

2120 4533 2219 4586 sibi
2252 4531 2555 4586 vindicat...
2586 4530 2782 4587 Felicis
2809 4545 2940 4600 ergo
2983 4529 3260 4585 decretum
3292 4529 3619 4584 stabilivisse
3646 4531 3731 4583 vi-

2121 4603 2297 4670 detur,
2343 4604 2482 4673 quod
2515 4603 2720 4673 absque
2761 4603 2963 4668 scripto
2993 4615 3233 4665 eanone,
3269 4601 3559 4656 traditione
3607 4612 3731 4655 tan-

2126 4684 2236 4728 tum
2292 4674 2609 4737 simpliciter
2654 4683 2981 4728 servaretur.
3036 4692 3054 4725 ι
3114 4674 3167 4727 In
3222 4673 3322 4727 hac
3353 4674 3615 4727 sententia
3644 4680 3730 4725 est

2124 4749 2286 4799 etiam
2322 4743 2718 4799 Tillemonlius.
2768 4745 3036 4800 (lu-terum
3090 4749 3141 4798 in
3176 4743 3320 4798 ltune
3349 4745 3520 4810 ipsum
3563 4742 3729 4797 ritum

2121 4817 2283 4870 verba
2344 4815 2743 4885 Apocalypseos
2770 4830 2891 4885 eap.
2931 4831 2982 4870 vr
3032 4838 3044 4870 :
3080 4835 3099 4868 ι
3138 4822 3315 4881 Quare
3346 4815 3452 4885 vidi
3482 4829 3729 4884 sumptus

2123 4888 2309 4943 Altare
2330 4886 2421 4941 Dei
2442 4884 2647 4942 animas
2665 4884 3067 4957 interfectorum
3086 4895 3307 4957 propter
3319 4884 3689 4957 Vc-rbumllt-i,
3703 4903 3722 4937 ι

2125 4969 2344 5013 notante
2377 4958 2558 5021 Bertto
2586 4960 2635 5011 in
2665 4956 2803 5014 Hist.
2832 4960 3035 5027 certes,
3062 4954 3193 5013 tom.
3226 4973 3285 5022 ll,
3321 4974 3353 5023 υ
3403 4958 3532 5018 33.5.
3560 4954 3588 5028 §
3618 4971 3726 5021 tux,

2126 5030 2349 5085 Dissert.
2395 5033 2461 5082 de
2510 5028 2666 5083 Rom.
2702 5028 2983 5096 Episcop,
3034 5045 3161 5085 ειυς.
3211 5045 3293 5095 ιιι,
3341 5028 3613 5099 colligitur
3655 5042 3727 5099 ex

2125 5102 2433 5162 Ambrosio,
2469 5099 2568 5169 Ep.
2610 5100 2700 5166 22,
2751 5102 2883 5155 alias
2910 5102 2999 5165 54,
3029 5116 3083 5156 nt
3106 5104 3220 5155 ait:
3256 5119 3275 5151 α
3310 5098 3617 5155 διιερόιιειιιι
3648 5098 3728 5152 νὶ-

2126 5175 2305 5228 etima:
2351 5171 2721 5240 triumphales,
2755 5175 2841 5227 ttbi
2883 5171 3131 5230 Christus
3159 5172 3331 5225 hostia
3362 5180 3479 5235 est;
3513 5170 3608 5225 sed
3640 5169 3729 5224 ille

2126 5258 2290 5314 super
2316 5245 2510 5314 altare,
2543 5245 2633 5311 qui
2680 5260 2775 5312 pro
2820 5244 3126 5300 hominibus
3154 5257 3345 5314 passus
3373 5253 3478 5307 est,
3514 5243 3598 5314 isti
3629 5240 3729 5295 sub

2124 5312 2301 5387 altari,
2335 5314 2425 5384 qui
2475 5312 2620 5368 illius
2653 5314 2912 5383 tcdempti
2964 5329 3087 5370 sunt
3133 5312 3412 5387 passione:
3439 5333 3460 5367 ι
3494 5313 3624 5367 Vide
3674 5319 3733 5365 et

2126 5386 2443 5442 Sermoitem
2478 5386 2617 5441 inter
2658 5392 3004 5451 attgttstianos
3032 5388 3101 5442 de
3127 5388 3250 5451 $8.,
3297 5403 3443 5441 Illllll.
3479 5398 3551 5443 χι.
3589 5398 3729 5437 nunc

2125 5457 2180 5512 in
2211 5454 2566 5524 appendicem
2601 5459 2879 5527 reiectum.
2912 5457 3209 5514 Coolirmat
3255 5458 3423 5527 ipsius
3455 5455 3589 5510 ritus
3638 5469 3731 5527 ve-

2125 5538 2376 5583 tustatem
2424 5524 2989 5601 priscaroutauorum
3037 5524 3348 5601 pontificum
3383 5524 3729 5601 consuetudo

2124 5613 2334 5655 sacrum
2364 5594 2651 5669 peragendi
2684 5614 2845 5669 supra
2875 5594 3156 5657 beatorum
3188 5598 3556 5668 apostolorqu
3586 5594 3730 5669 Petri

2123 5679 2180 5728 et
2206 5667 2380 5727 Pauli‘
2405 5667 2786 5742 sepulchrum:
2828 5673 2970 5730 unde
3018 5674 3381 5733 Hieronymus
3426 5668 3548 5725 adv.
3583 5667 3729 5742 Vigi-
