  <div class='ocr_page' id='page_1' title='image "/cluster/home/n/w/nwhite01/storage/ocr_20150623/5/hvd.32044073505083/075.png"; bbox 0 0 3990 6060; ppageno 0'>
   <div class='ocr_carea' id='block_1_1' title="bbox 429 273 534 331">
    <p class='ocr_par' dir='ltr' id='par_1_1' title="bbox 429 273 534 331">
     <span class='ocr_line' id='line_1_1' title="bbox 429 273 534 331; baseline 0.019 -2"><span class='ocrx_word' id='word_1_1' title='bbox 429 273 534 331; x_wconf 70' lang='grc'><strong>159</strong></span> 
     </span>
    </p>
   </div>
   <div class='ocr_carea' id='block_1_2' title="bbox 1458 250 2745 325">
    <p class='ocr_par' dir='ltr' id='par_1_2' title="bbox 1458 250 2745 325">
     <span class='ocr_line' id='line_1_2' title="bbox 1458 250 2745 325; baseline -0.005 -1"><span class='ocrx_word' id='word_1_2' title='bbox 1458 265 1548 324; x_wconf 89' lang='lat' dir='ltr'><strong>DE</strong></span> <span class='ocrx_word' id='word_1_3' title='bbox 1587 265 1645 325; x_wconf 92' lang='lat' dir='ltr'><strong>S.</strong></span> <span class='ocrx_word' id='word_1_4' title='bbox 1685 256 1933 323; x_wconf 87' lang='lat' dir='ltr'><strong>FELICE</strong></span> <span class='ocrx_word' id='word_1_5' title='bbox 1966 250 2253 319; x_wconf 78' lang='lat' dir='ltr'><strong>ROMANO</strong></span> <span class='ocrx_word' id='word_1_6' title='bbox 2289 256 2673 320; x_wconf 86' lang='lat' dir='ltr'><strong>PONTIFICE.</strong></span> <span class='ocrx_word' id='word_1_7' title='bbox 2742 258 2745 261; x_wconf 34' lang='grc' dir='ltr'><strong><em>λ</em></strong></span> 
     </span>
    </p>
   </div>
   <div class='ocr_carea' id='block_1_3' title="bbox 3607 262 3711 327">
    <p class='ocr_par' dir='ltr' id='par_1_3' title="bbox 3607 262 3711 327">
     <span class='ocr_line' id='line_1_3' title="bbox 3607 262 3711 327; baseline 0.019 -2"><span class='ocrx_word' id='word_1_8' title='bbox 3607 262 3711 327; x_wconf 71' lang='lat' dir='ltr'><strong>MO</strong></span> 
     </span>
    </p>
   </div>
   <div class='ocr_carea' id='block_1_4' title="bbox 421 372 3715 459">
    <p class='ocr_par' dir='ltr' id='par_1_4' title="bbox 421 372 3715 459">
     <span class='ocr_line' id='line_1_4' title="bbox 421 372 3715 459; baseline -0.001 -21"><span class='ocrx_word' id='word_1_9' title='bbox 421 387 669 459; x_wconf 77' lang='lat' dir='ltr'><strong>Papirius</strong></span> <span class='ocrx_word' id='word_1_10' title='bbox 699 387 769 443; x_wconf 83' lang='lat' dir='ltr'><strong>ita</strong></span> <span class='ocrx_word' id='word_1_11' title='bbox 797 386 1033 444; x_wconf 85' lang='lat' dir='ltr'><strong>Felicem</strong></span> <span class='ocrx_word' id='word_1_12' title='bbox 1081 384 1373 455; x_wconf 80' lang='lat' dir='ltr'><strong>alloquitur</strong></span> <span class='ocrx_word' id='word_1_13' title='bbox 1398 400 1411 437; x_wconf 92' lang='lat'><strong>:</strong></span> <span class='ocrx_word' id='word_1_14' title='bbox 1467 403 1485 435; x_wconf 78' lang='grc' dir='ltr'><strong>ι</strong></span> <span class='ocrx_word' id='word_1_15' title='bbox 1519 383 1616 438; x_wconf 74' lang='lat' dir='ltr'><strong>Vir</strong></span> <span class='ocrx_word' id='word_1_16' title='bbox 1670 381 1815 437; x_wconf 91' lang='lat' dir='ltr'><strong>fuisti</strong></span> <span class='ocrx_word' id='word_1_17' title='bbox 1872 379 1977 433; x_wconf 88' lang='lat' dir='ltr'><strong>fide</strong></span> <span class='ocrx_word' id='word_1_18' title='bbox 2001 420 2016 445; x_wconf 91' lang='lat'><strong>,</strong></span> <span class='ocrx_word' id='word_1_19' title='bbox 2046 372 2095 438; x_wconf 79' lang='grc' dir='ltr'>Λ</span> <span class='ocrx_word' id='word_1_20' title='bbox 2123 373 2305 442; x_wconf 76' lang='lat' dir='ltr'><strong>fuerit,</strong></span> <span class='ocrx_word' id='word_1_21' title='bbox 2340 385 2397 431; x_wconf 90' lang='lat' dir='ltr'><strong>ut</strong></span> <span class='ocrx_word' id='word_1_22' title='bbox 2433 376 2686 446; x_wconf 72' lang='lat' dir='ltr'><strong>quaelibet</strong></span> <span class='ocrx_word' id='word_1_23' title='bbox 2713 390 2801 432; x_wconf 91' lang='lat' dir='ltr'><strong>res</strong></span> <span class='ocrx_word' id='word_1_24' title='bbox 2822 417 2837 443; x_wconf 91' lang='lat'><strong>,</strong></span> <span class='ocrx_word' id='word_1_25' title='bbox 2866 390 2985 447; x_wconf 63' lang='lat' dir='ltr'><strong>quae</strong></span> <span class='ocrx_word' id='word_1_26' title='bbox 3028 376 3096 433; x_wconf 88' lang='lat' dir='ltr'><strong>de</strong></span> <span class='ocrx_word' id='word_1_27' title='bbox 3122 375 3347 435; x_wconf 77' lang='lat' dir='ltr'><strong>diversis</strong></span> <span class='ocrx_word' id='word_1_28' title='bbox 3376 380 3619 436; x_wconf 83' lang='lat' dir='ltr'><strong>ecclesiis</strong></span> <span class='ocrx_word' id='word_1_29' title='bbox 3645 382 3715 436; x_wconf 89' lang='lat' dir='ltr'><strong>ad</strong></span> 
     </span>
    </p>
   </div>
   <div class='ocr_carea' id='block_1_5' title="bbox 423 472 2017 548">
    <p class='ocr_par' dir='ltr' id='par_1_5' title="bbox 423 472 2017 548">
     <span class='ocr_line' id='line_1_5' title="bbox 423 472 2017 548; baseline -0.008 -13"><span class='ocrx_word' id='word_1_30' title='bbox 423 481 557 548; x_wconf 84' lang='lat' dir='ltr'><strong>vita,</strong></span> <span class='ocrx_word' id='word_1_31' title='bbox 582 479 809 535; x_wconf 87' lang='lat' dir='ltr'><strong>scientia</strong></span> <span class='ocrx_word' id='word_1_32' title='bbox 838 480 1015 535; x_wconf 90' lang='lat' dir='ltr'><strong>clarus</strong></span> <span class='ocrx_word' id='word_1_33' title='bbox 1037 520 1051 543; x_wconf 88' lang='lat'><strong>,</strong></span> <span class='ocrx_word' id='word_1_34' title='bbox 1081 486 1136 531; x_wconf 90' lang='lat' dir='ltr'><strong>et</strong></span> <span class='ocrx_word' id='word_1_35' title='bbox 1172 477 1429 548; x_wconf 78' lang='lat' dir='ltr'><strong>martyrio</strong></span> <span class='ocrx_word' id='word_1_36' title='bbox 1457 473 1733 530; x_wconf 86' lang='lat' dir='ltr'><strong>subeundo</strong></span> <span class='ocrx_word' id='word_1_37' title='bbox 1760 472 1983 526; x_wconf 81' lang='lat' dir='ltr'><strong>idoneus</strong></span> <span class='ocrx_word' id='word_1_38' title='bbox 2003 512 2017 535; x_wconf 91' lang='lat'><strong>,</strong></span> 
     </span>
    </p>
   </div>
   <div class='ocr_carea' id='block_1_6' title="bbox 423 565 2021 636">
    <p class='ocr_par' dir='ltr' id='par_1_6' title="bbox 423 565 2021 636">
     <span class='ocr_line' id='line_1_6' title="bbox 423 565 2021 636; baseline -0.006 -9"><span class='ocrx_word' id='word_1_39' title='bbox 423 583 483 628; x_wconf 91' lang='lat' dir='ltr'><strong>ut</strong></span> <span class='ocrx_word' id='word_1_40' title='bbox 505 581 734 629; x_wconf 87' lang='lat' dir='ltr'><strong>eventus</strong></span> <span class='ocrx_word' id='word_1_41' title='bbox 759 571 962 627; x_wconf 82' lang='lat' dir='ltr'><strong>docuit.</strong></span> <span class='ocrx_word' id='word_1_42' title='bbox 994 568 1051 625; x_wconf 90' lang='lat' dir='ltr'><strong>Id</strong></span> <span class='ocrx_word' id='word_1_43' title='bbox 1086 571 1228 623; x_wconf 90' lang='lat' dir='ltr'><strong>enim</strong></span> <span class='ocrx_word' id='word_1_44' title='bbox 1272 568 1371 623; x_wconf 87' lang='lat' dir='ltr'><strong>sub</strong></span> <span class='ocrx_word' id='word_1_45' title='bbox 1402 567 1726 632; x_wconf 81' lang='lat' dir='ltr'><strong>Aureliano,</strong></span> <span class='ocrx_word' id='word_1_46' title='bbox 1755 565 1898 636; x_wconf 91' lang='lat' dir='ltr'><strong>quod</strong></span> <span class='ocrx_word' id='word_1_47' title='bbox 1925 579 2021 619; x_wconf 90' lang='lat' dir='ltr'><strong>ne-</strong></span> 
     </span>
    </p>
   </div>
   <div class='ocr_carea' id='block_1_7' title="bbox 423 646 2015 733">
    <p class='ocr_par' dir='ltr' id='par_1_7' title="bbox 423 646 2015 733">
     <span class='ocr_line' id='line_1_7' title="bbox 423 646 2015 733; baseline -0.004 -17"><span class='ocrx_word' id='word_1_48' title='bbox 423 664 535 733; x_wconf 79' lang='lat' dir='ltr'><strong>gari</strong></span> <span class='ocrx_word' id='word_1_49' title='bbox 560 678 666 717; x_wconf 91' lang='lat' dir='ltr'><strong>non</strong></span> <span class='ocrx_word' id='word_1_50' title='bbox 700 669 896 732; x_wconf 87' lang='lat' dir='ltr'><strong>potest.</strong></span> <span class='ocrx_word' id='word_1_51' title='bbox 927 673 1139 724; x_wconf 83' lang='lat' dir='ltr'><strong>severo,</strong></span> <span class='ocrx_word' id='word_1_52' title='bbox 1165 659 1484 723; x_wconf 89' lang='lat' dir='ltr'><strong>truculento,</strong></span> <span class='ocrx_word' id='word_1_53' title='bbox 1530 666 1693 728; x_wconf 90' lang='lat' dir='ltr'><strong>utque</strong></span> <span class='ocrx_word' id='word_1_54' title='bbox 1720 646 2015 712; x_wconf 82' lang='lat' dir='ltr'><strong>FlaviiVo-</strong></span> 
     </span>
    </p>
   </div>
   <div class='ocr_carea' id='block_1_8' title="bbox 422 748 2019 829">
    <p class='ocr_par' dir='ltr' id='par_1_8' title="bbox 422 748 2019 829">
     <span class='ocr_line' id='line_1_8' title="bbox 422 748 2019 829; baseline -0.005 -18"><span class='ocrx_word' id='word_1_55' title='bbox 422 758 558 829; x_wconf 86' lang='lat' dir='ltr'><strong>pisci</strong></span> <span class='ocrx_word' id='word_1_56' title='bbox 587 757 754 812; x_wconf 91' lang='lat' dir='ltr'><strong>verbo</strong></span> <span class='ocrx_word' id='word_1_57' title='bbox 782 765 921 820; x_wconf 89' lang='lat' dir='ltr'><strong>utar,</strong></span> <span class='ocrx_word' id='word_1_58' title='bbox 952 754 1299 824; x_wconf 83' lang='lat' dir='ltr'><strong>sanguinario</strong></span> <span class='ocrx_word' id='word_1_59' title='bbox 1342 752 1616 823; x_wconf 85' lang='lat' dir='ltr'><strong>principe,</strong></span> <span class='ocrx_word' id='word_1_60' title='bbox 1651 763 1705 807; x_wconf 91' lang='lat' dir='ltr'><strong>et</strong></span> <span class='ocrx_word' id='word_1_61' title='bbox 1736 748 2019 806; x_wconf 83' lang='lat' dir='ltr'><strong>christiani</strong></span> 
     </span>
    </p>
   </div>
   <div class='ocr_carea' id='block_1_9' title="bbox 424 844 2019 929">
    <p class='ocr_par' dir='ltr' id='par_1_9' title="bbox 424 844 2019 929">
     <span class='ocr_line' id='line_1_9' title="bbox 424 844 2019 929; baseline -0.006 -25"><span class='ocrx_word' id='word_1_62' title='bbox 424 850 659 905; x_wconf 89' lang='lat' dir='ltr'><strong>nominis</strong></span> <span class='ocrx_word' id='word_1_63' title='bbox 679 847 1029 903; x_wconf 90' lang='lat' dir='ltr'><strong>acerbissimo</strong></span> <span class='ocrx_word' id='word_1_64' title='bbox 1053 846 1206 902; x_wconf 90' lang='lat' dir='ltr'><strong>hoste</strong></span> <span class='ocrx_word' id='word_1_65' title='bbox 1236 862 1330 916; x_wconf 88' lang='lat' dir='ltr'><strong>pro</strong></span> <span class='ocrx_word' id='word_1_66' title='bbox 1352 844 2019 929; x_wconf 54' lang='lat' dir='ltr'><strong>Christoconstantissinm</strong></span> 
     </span>
    </p>
   </div>
   <div class='ocr_carea' id='block_1_10' title="bbox 424 934 2021 1008">
    <p class='ocr_par' dir='ltr' id='par_1_10' title="bbox 424 934 2021 1008">
     <span class='ocr_line' id='line_1_10' title="bbox 424 934 2021 1008; baseline -0.006 -11"><span class='ocrx_word' id='word_1_67' title='bbox 424 942 659 1008; x_wconf 84' lang='lat' dir='ltr'><strong>subiisti,</strong></span> <span class='ocrx_word' id='word_1_68' title='bbox 687 949 744 996; x_wconf 85' lang='lat' dir='ltr'><strong>ut</strong></span> <span class='ocrx_word' id='word_1_69' title='bbox 772 939 1001 996; x_wconf 86' lang='lat' dir='ltr'><strong>decebat</strong></span> <span class='ocrx_word' id='word_1_70' title='bbox 1030 938 1329 995; x_wconf 82' lang='lat' dir='ltr'><strong>Constantii</strong></span> <span class='ocrx_word' id='word_1_71' title='bbox 1356 937 1551 1004; x_wconf 85' lang='lat' dir='ltr'><strong>ﬁlium,</strong></span> <span class='ocrx_word' id='word_1_72' title='bbox 1580 937 1684 993; x_wconf 89' lang='lat' dir='ltr'><strong>hoc</strong></span> <span class='ocrx_word' id='word_1_73' title='bbox 1710 937 1851 992; x_wconf 91' lang='lat' dir='ltr'><strong>enim</strong></span> <span class='ocrx_word' id='word_1_74' title='bbox 1883 934 2021 1006; x_wconf 88' lang='lat' dir='ltr'><strong>patri</strong></span> 
     </span>
    </p>
   </div>
   <div class='ocr_carea' id='block_1_11' title="bbox 416 1030 2018 1105">
    <p class='ocr_par' dir='ltr' id='par_1_11' title="bbox 416 1030 2018 1105">
     <span class='ocr_line' id='line_1_11' title="bbox 416 1030 2018 1105; baseline -0.003 -15"><span class='ocrx_word' id='word_1_75' title='bbox 416 1047 509 1091; x_wconf 88' lang='lat' dir='ltr'><strong>tuo</strong></span> <span class='ocrx_word' id='word_1_76' title='bbox 527 1050 720 1090; x_wconf 87' lang='lat' dir='ltr'><strong>nomen</strong></span> <span class='ocrx_word' id='word_1_77' title='bbox 743 1044 881 1090; x_wconf 89' lang='lat' dir='ltr'><strong>erat.</strong></span> <span class='ocrx_word' id='word_1_78' title='bbox 905 1033 1091 1105; x_wconf 80' lang='lat' dir='ltr'><strong>Itaque</strong></span> <span class='ocrx_word' id='word_1_79' title='bbox 1113 1049 1219 1089; x_wconf 92' lang='lat' dir='ltr'><strong>non</strong></span> <span class='ocrx_word' id='word_1_80' title='bbox 1236 1033 1508 1088; x_wconf 89' lang='lat' dir='ltr'><strong>immerito</strong></span> <span class='ocrx_word' id='word_1_81' title='bbox 1523 1030 1759 1104; x_wconf 91' lang='lat' dir='ltr'><strong>Cyrillus</strong></span> <span class='ocrx_word' id='word_1_82' title='bbox 1783 1030 2018 1086; x_wconf 87' lang='lat' dir='ltr'><strong>Alexan-</strong></span> 
     </span>
    </p>
   </div>
   <div class='ocr_carea' id='block_1_12' title="bbox 420 1120 2019 1196">
    <p class='ocr_par' dir='ltr' id='par_1_12' title="bbox 420 1120 2019 1196">
     <span class='ocr_line' id='line_1_12' title="bbox 420 1120 2019 1196; baseline -0.004 -13"><span class='ocrx_word' id='word_1_83' title='bbox 420 1120 629 1194; x_wconf 89' lang='lat' dir='ltr'><strong>drinus,</strong></span> <span class='ocrx_word' id='word_1_84' title='bbox 659 1135 713 1183; x_wconf 89' lang='lat' dir='ltr'><strong>et</strong></span> <span class='ocrx_word' id='word_1_85' title='bbox 736 1125 1053 1182; x_wconf 81' lang='lat' dir='ltr'><strong>Vincentius</strong></span> <span class='ocrx_word' id='word_1_86' title='bbox 1080 1126 1415 1191; x_wconf 77' lang='lat' dir='ltr'><strong>Lirinensis,</strong></span> <span class='ocrx_word' id='word_1_87' title='bbox 1457 1125 1549 1196; x_wconf 87' lang='lat' dir='ltr'><strong>qui</strong></span> <span class='ocrx_word' id='word_1_88' title='bbox 1590 1124 1690 1180; x_wconf 87' lang='lat' dir='ltr'><strong>sub</strong></span> <span class='ocrx_word' id='word_1_89' title='bbox 1727 1122 2019 1179; x_wconf 79' lang='lat' dir='ltr'><strong>Caelestino</strong></span> 
     </span>
    </p>
   </div>
   <div class='ocr_carea' id='block_1_13' title="bbox 429 1216 2021 1294">
    <p class='ocr_par' dir='ltr' id='par_1_13' title="bbox 429 1216 2021 1294">
     <span class='ocr_line' id='line_1_13' title="bbox 429 1216 2021 1294; baseline -0.005 -15"><span class='ocrx_word' id='word_1_90' title='bbox 429 1224 603 1294; x_wconf 89' lang='lat' dir='ltr'><strong>primo</strong></span> <span class='ocrx_word' id='word_1_91' title='bbox 632 1223 838 1287; x_wconf 81' lang='lat' dir='ltr'><strong>vixere,</strong></span> <span class='ocrx_word' id='word_1_92' title='bbox 888 1232 941 1277; x_wconf 93' lang='lat' dir='ltr'><strong>te</strong></span> <span class='ocrx_word' id='word_1_93' title='bbox 984 1231 1225 1277; x_wconf 91' lang='lat' dir='ltr'><strong>sanctum</strong></span> <span class='ocrx_word' id='word_1_94' title='bbox 1273 1228 1564 1291; x_wconf 87' lang='lat' dir='ltr'><strong>martyrem</strong></span> <span class='ocrx_word' id='word_1_95' title='bbox 1607 1218 1901 1289; x_wconf 87' lang='lat' dir='ltr'><strong>appellant.</strong></span> <span class='ocrx_word' id='word_1_96' title='bbox 1950 1216 2021 1272; x_wconf 86' lang='lat' dir='ltr'><strong>Et</strong></span> 
     </span>
    </p>
   </div>
   <div class='ocr_carea' id='block_1_14' title="bbox 428 1312 2020 1387">
    <p class='ocr_par' dir='ltr' id='par_1_14' title="bbox 428 1312 2020 1387">
     <span class='ocr_line' id='line_1_14' title="bbox 428 1312 2020 1387; baseline -0.003 -17"><span class='ocrx_word' id='word_1_97' title='bbox 428 1316 566 1371; x_wconf 91' lang='lat' dir='ltr'><strong>alius</strong></span> <span class='ocrx_word' id='word_1_98' title='bbox 596 1316 688 1371; x_wconf 91' lang='lat' dir='ltr'><strong>ille</strong></span> <span class='ocrx_word' id='word_1_99' title='bbox 737 1316 1022 1387; x_wconf 85' lang='lat' dir='ltr'><strong>episcopus</strong></span> <span class='ocrx_word' id='word_1_100' title='bbox 1047 1325 1100 1370; x_wconf 91' lang='lat' dir='ltr'><strong>te</strong></span> <span class='ocrx_word' id='word_1_101' title='bbox 1142 1315 1471 1387; x_wconf 86' lang='lat' dir='ltr'><strong>producebat</strong></span> <span class='ocrx_word' id='word_1_102' title='bbox 1500 1322 1710 1379; x_wconf 87' lang='lat' dir='ltr'><strong>testem,</strong></span> <span class='ocrx_word' id='word_1_103' title='bbox 1743 1312 2020 1367; x_wconf 69' lang='lat' dir='ltr'><strong>Romana:-</strong></span> 
     </span>
    </p>
   </div>
   <div class='ocr_carea' id='block_1_15' title="bbox 422 1403 2020 1480">
    <p class='ocr_par' dir='ltr' id='par_1_15' title="bbox 422 1403 2020 1480">
     <span class='ocr_line' id='line_1_15' title="bbox 422 1403 2020 1480; baseline -0.004 -18"><span class='ocrx_word' id='word_1_104' title='bbox 422 1422 525 1480; x_wconf 92' lang='lat' dir='ltr'><strong>que</strong></span> <span class='ocrx_word' id='word_1_105' title='bbox 558 1407 811 1462; x_wconf 70' lang='lat' dir='ltr'><strong>Ecclesim</strong></span> <span class='ocrx_word' id='word_1_106' title='bbox 848 1406 1124 1462; x_wconf 90' lang='lat' dir='ltr'><strong>doctorem</strong></span> <span class='ocrx_word' id='word_1_107' title='bbox 1166 1405 1474 1477; x_wconf 81' lang='lat' dir='ltr'><strong>appellabat</strong></span> <span class='ocrx_word' id='word_1_108' title='bbox 1498 1405 1715 1460; x_wconf 88' lang='lat' dir='ltr'><strong>dicens:</strong></span> <span class='ocrx_word' id='word_1_109' title='bbox 1750 1403 2020 1459; x_wconf 80' lang='lat' dir='ltr'><strong>Sententia</strong></span> 
     </span>
    </p>
   </div>
   <div class='ocr_carea' id='block_1_16' title="bbox 429 1482 2018 1570">
    <p class='ocr_par' dir='ltr' id='par_1_16' title="bbox 429 1482 2018 1570">
     <span class='ocr_line' id='line_1_16' title="bbox 429 1482 2018 1570; baseline -0.003 -16"><span class='ocrx_word' id='word_1_110' title='bbox 429 1486 620 1555; x_wconf 74' lang='lat' dir='ltr'><strong>Felicis</strong></span> <span class='ocrx_word' id='word_1_111' title='bbox 649 1500 957 1554; x_wconf 73' lang='lat' dir='ltr'><strong>sanctissimi</strong></span> <span class='ocrx_word' id='word_1_112' title='bbox 986 1500 1214 1570; x_wconf 83' lang='lat' dir='ltr'><strong>episcopi</strong></span> <span class='ocrx_word' id='word_1_113' title='bbox 1244 1510 1289 1553; x_wconf 88' lang='lat' dir='ltr'><strong>et</strong></span> <span class='ocrx_word' id='word_1_114' title='bbox 1335 1500 1574 1570; x_wconf 80' lang='lat' dir='ltr'><strong>martyris</strong></span> <span class='ocrx_word' id='word_1_115' title='bbox 1602 1497 1802 1552; x_wconf 86' lang='lat' dir='ltr'><strong>romani</strong></span> <span class='ocrx_word' id='word_1_116' title='bbox 1827 1497 1889 1550; x_wconf 89' lang='lat' dir='ltr'><strong>de</strong></span> <span class='ocrx_word' id='word_1_117' title='bbox 1920 1482 2018 1549; x_wconf 66' lang='lat' dir='ltr'><strong>in-</strong></span> 
     </span>
    </p>
   </div>
   <div class='ocr_carea' id='block_1_17' title="bbox 430 1588 2017 1660">
    <p class='ocr_par' dir='ltr' id='par_1_17' title="bbox 430 1588 2017 1660">
     <span class='ocr_line' id='line_1_17' title="bbox 430 1588 2017 1660; baseline -0.004 -13"><span class='ocrx_word' id='word_1_118' title='bbox 430 1594 725 1647; x_wconf 86' lang='lat' dir='ltr'><strong>carnatione</strong></span> <span class='ocrx_word' id='word_1_119' title='bbox 775 1592 922 1647; x_wconf 84' lang='lat' dir='ltr'><strong>Verbi</strong></span> <span class='ocrx_word' id='word_1_120' title='bbox 949 1601 994 1646; x_wconf 89' lang='lat' dir='ltr'><strong>et</strong></span> <span class='ocrx_word' id='word_1_121' title='bbox 1029 1592 1180 1647; x_wconf 84' lang='lat' dir='ltr'><strong>Fide.</strong></span> <span class='ocrx_word' id='word_1_122' title='bbox 1223 1611 1241 1644; x_wconf 77' lang='grc' dir='ltr'><strong>ι</strong></span> <span class='ocrx_word' id='word_1_123' title='bbox 1287 1591 1467 1646; x_wconf 90' lang='lat' dir='ltr'><strong>lnnnit</strong></span> <span class='ocrx_word' id='word_1_124' title='bbox 1511 1591 1596 1645; x_wconf 88' lang='lat' dir='ltr'><strong>his</strong></span> <span class='ocrx_word' id='word_1_125' title='bbox 1632 1589 1811 1646; x_wconf 84' lang='lat' dir='ltr'><strong>verbis</strong></span> <span class='ocrx_word' id='word_1_126' title='bbox 1842 1588 2017 1660; x_wconf 86' lang='lat' dir='ltr'><strong>Papy-</strong></span> 
     </span>
    </p>
   </div>
   <div class='ocr_carea' id='block_1_18' title="bbox 427 1686 2017 1758">
    <p class='ocr_par' dir='ltr' id='par_1_18' title="bbox 427 1686 2017 1758">
     <span class='ocr_line' id='line_1_18' title="bbox 427 1686 2017 1758; baseline -0.003 -16"><span class='ocrx_word' id='word_1_127' title='bbox 427 1689 539 1743; x_wconf 88' lang='lat' dir='ltr'><strong>rius</strong></span> <span class='ocrx_word' id='word_1_128' title='bbox 583 1687 640 1743; x_wconf 92' lang='lat' dir='ltr'><strong>S.</strong></span> <span class='ocrx_word' id='word_1_129' title='bbox 687 1686 885 1742; x_wconf 88' lang='lat' dir='ltr'><strong>Felicis</strong></span> <span class='ocrx_word' id='word_1_130' title='bbox 932 1686 1213 1758; x_wconf 81' lang='lat' dir='ltr'><strong>epistolam</strong></span> <span class='ocrx_word' id='word_1_131' title='bbox 1256 1686 1321 1741; x_wconf 87' lang='lat' dir='ltr'><strong>ad</strong></span> <span class='ocrx_word' id='word_1_132' title='bbox 1371 1686 1656 1740; x_wconf 75' lang='lat' dir='ltr'><strong>Maximum</strong></span> <span class='ocrx_word' id='word_1_133' title='bbox 1706 1687 2017 1752; x_wconf 75' lang='lat' dir='ltr'><strong>episcopum</strong></span> 
     </span>
    </p>
   </div>
   <div class='ocr_carea' id='block_1_19' title="bbox 2123 467 3717 541">
    <p class='ocr_par' dir='ltr' id='par_1_19' title="bbox 2123 467 3717 541">
     <span class='ocr_line' id='line_1_19' title="bbox 2123 467 3717 541; baseline 0.005 -21"><span class='ocrx_word' id='word_1_134' title='bbox 2123 467 2268 536; x_wconf 84' lang='lat' dir='ltr'><strong>ipsos</strong></span> <span class='ocrx_word' id='word_1_135' title='bbox 2299 470 2703 536; x_wconf 79' lang='lat' dir='ltr'><strong>referebantur,</strong></span> <span class='ocrx_word' id='word_1_136' title='bbox 2734 484 2853 523; x_wconf 92' lang='lat' dir='ltr'><strong>cum</strong></span> <span class='ocrx_word' id='word_1_137' title='bbox 2887 468 3109 541; x_wconf 84' lang='lat' dir='ltr'><strong>synodis</strong></span> <span class='ocrx_word' id='word_1_138' title='bbox 3136 472 3598 527; x_wconf 89' lang='lat' dir='ltr'><strong>communicarent</strong></span> <span class='ocrx_word' id='word_1_139' title='bbox 3618 514 3633 538; x_wconf 90' lang='lat'><strong>,</strong></span> <span class='ocrx_word' id='word_1_140' title='bbox 3662 483 3717 528; x_wconf 86' lang='lat' dir='ltr'><strong>et</strong></span> 
     </span>
    </p>
   </div>
   <div class='ocr_carea' id='block_1_20' title="bbox 2123 560 3716 635">
    <p class='ocr_par' dir='ltr' id='par_1_20' title="bbox 2123 560 3716 635">
     <span class='ocr_line' id='line_1_20' title="bbox 2123 560 3716 635; baseline 0.004 -20"><span class='ocrx_word' id='word_1_141' title='bbox 2123 560 2319 616; x_wconf 83' lang='lat' dir='ltr'><strong>exinde</strong></span> <span class='ocrx_word' id='word_1_142' title='bbox 2357 577 2614 632; x_wconf 87' lang='lat' dir='ltr'><strong>respousa</strong></span> <span class='ocrx_word' id='word_1_143' title='bbox 2664 562 2771 617; x_wconf 87' lang='lat' dir='ltr'><strong>illis</strong></span> <span class='ocrx_word' id='word_1_144' title='bbox 2812 562 3022 630; x_wconf 88' lang='lat' dir='ltr'><strong>darent,</strong></span> <span class='ocrx_word' id='word_1_145' title='bbox 3064 578 3293 635; x_wconf 88' lang='lat' dir='ltr'><strong>cumque</strong></span> <span class='ocrx_word' id='word_1_146' title='bbox 3322 581 3526 621; x_wconf 87' lang='lat' dir='ltr'><strong>morem</strong></span> <span class='ocrx_word' id='word_1_147' title='bbox 3560 582 3716 622; x_wconf 86' lang='lat' dir='ltr'><strong>eum-</strong></span> 
     </span>
    </p>
   </div>
   <div class='ocr_carea' id='block_1_21' title="bbox 2125 653 3717 726">
    <p class='ocr_par' dir='ltr' id='par_1_21' title="bbox 2125 653 3717 726">
     <span class='ocr_line' id='line_1_21' title="bbox 2125 653 3717 726; baseline 0.005 -20"><span class='ocrx_word' id='word_1_148' title='bbox 2125 653 2246 707; x_wconf 80' lang='lat' dir='ltr'><strong>dem</strong></span> <span class='ocrx_word' id='word_1_149' title='bbox 2278 653 2593 710; x_wconf 88' lang='lat' dir='ltr'><strong>decessores</strong></span> <span class='ocrx_word' id='word_1_150' title='bbox 2644 655 2786 709; x_wconf 90' lang='lat' dir='ltr'><strong>illius</strong></span> <span class='ocrx_word' id='word_1_151' title='bbox 2832 671 2928 726; x_wconf 86' lang='lat' dir='ltr'><strong>per</strong></span> <span class='ocrx_word' id='word_1_152' title='bbox 2958 655 3107 726; x_wconf 85' lang='lat' dir='ltr'><strong>plura</strong></span> <span class='ocrx_word' id='word_1_153' title='bbox 3148 658 3342 711; x_wconf 57' lang='lat' dir='ltr'><strong>sarcula</strong></span> <span class='ocrx_word' id='word_1_154' title='bbox 3381 659 3579 713; x_wconf 88' lang='lat' dir='ltr'><strong>imitari</strong></span> <span class='ocrx_word' id='word_1_155' title='bbox 3610 675 3717 714; x_wconf 92' lang='lat' dir='ltr'><strong>non</strong></span> 
     </span>
    </p>
   </div>
   <div class='ocr_carea' id='block_1_22' title="bbox 2122 744 3715 820">
    <p class='ocr_par' dir='ltr' id='par_1_22' title="bbox 2122 744 3715 820">
     <span class='ocr_line' id='line_1_22' title="bbox 2122 744 3715 820; baseline 0.005 -22"><span class='ocrx_word' id='word_1_156' title='bbox 2122 744 2460 813; x_wconf 89' lang='lat' dir='ltr'><strong>destiterint;</strong></span> <span class='ocrx_word' id='word_1_157' title='bbox 2495 746 2615 815; x_wconf 90' lang='lat' dir='ltr'><strong>quis</strong></span> <span class='ocrx_word' id='word_1_158' title='bbox 2659 747 2834 816; x_wconf 82' lang='lat' dir='ltr'><strong>ipsum</strong></span> <span class='ocrx_word' id='word_1_159' title='bbox 2884 764 2996 805; x_wconf 89' lang='lat' dir='ltr'><strong>rem</strong></span> <span class='ocrx_word' id='word_1_160' title='bbox 3040 746 3343 820; x_wconf 74' lang='lat' dir='ltr'><strong>neglexisse</strong></span> <span class='ocrx_word' id='word_1_161' title='bbox 3382 750 3715 819; x_wconf 89' lang='lat' dir='ltr'><strong>crediderit,</strong></span> 
     </span>
    </p>
   </div>
   <div class='ocr_carea' id='block_1_23' title="bbox 2123 836 3709 911">
    <p class='ocr_par' dir='ltr' id='par_1_23' title="bbox 2123 836 3709 911">
     <span class='ocr_line' id='line_1_23' title="bbox 2123 836 3709 911; baseline 0.006 -22"><span class='ocrx_word' id='word_1_162' title='bbox 2123 836 2277 907; x_wconf 68' lang='lat' dir='ltr'><strong>Quam</strong></span> <span class='ocrx_word' id='word_1_163' title='bbox 2307 838 2647 907; x_wconf 88' lang='lat' dir='ltr'><strong>imperatoris</strong></span> <span class='ocrx_word' id='word_1_164' title='bbox 2674 839 2873 894; x_wconf 89' lang='lat' dir='ltr'><strong>ethnici</strong></span> <span class='ocrx_word' id='word_1_165' title='bbox 2897 840 3157 911; x_wconf 87' lang='lat' dir='ltr'><strong>judicium</strong></span> <span class='ocrx_word' id='word_1_166' title='bbox 3191 842 3285 897; x_wconf 92' lang='lat' dir='ltr'><strong>toti</strong></span> <span class='ocrx_word' id='word_1_167' title='bbox 3315 843 3570 899; x_wconf 66' lang='lat' dir='ltr'><strong>Ecclesiae</strong></span> <span class='ocrx_word' id='word_1_168' title='bbox 3600 852 3709 899; x_wconf 91' lang='lat' dir='ltr'><strong>tam</strong></span> 
     </span>
    </p>
   </div>
   <div class='ocr_carea' id='block_1_24' title="bbox 2121 930 3721 1005">
    <p class='ocr_par' dir='ltr' id='par_1_24' title="bbox 2121 930 3721 1005">
     <span class='ocr_line' id='line_1_24' title="bbox 2121 930 3721 1005; baseline 0.006 -22"><span class='ocrx_word' id='word_1_169' title='bbox 2121 930 2253 985; x_wconf 87' lang='lat' dir='ltr'><strong>utile</strong></span> <span class='ocrx_word' id='word_1_170' title='bbox 2274 972 2289 997; x_wconf 96' lang='lat'><strong>,</strong></span> <span class='ocrx_word' id='word_1_171' title='bbox 2321 930 2747 1001; x_wconf 84' lang='lat' dir='ltr'><strong>nominatimque</strong></span> <span class='ocrx_word' id='word_1_172' title='bbox 2777 947 3015 988; x_wconf 74' lang='lat' dir='ltr'><strong>romana:</strong></span> <span class='ocrx_word' id='word_1_173' title='bbox 3042 945 3149 988; x_wconf 87' lang='lat' dir='ltr'><strong>tam</strong></span> <span class='ocrx_word' id='word_1_174' title='bbox 3175 934 3467 1005; x_wconf 86' lang='lat' dir='ltr'><strong>gloriosum</strong></span> <span class='ocrx_word' id='word_1_175' title='bbox 3499 935 3721 992; x_wconf 85' lang='lat' dir='ltr'><strong>deside-</strong></span> 
     </span>
    </p>
   </div>
   <div class='ocr_carea' id='block_1_25' title="bbox 2121 1020 3718 1099">
    <p class='ocr_par' dir='ltr' id='par_1_25' title="bbox 2121 1020 3718 1099">
     <span class='ocr_line' id='line_1_25' title="bbox 2121 1020 3718 1099; baseline 0.003 -22"><span class='ocrx_word' id='word_1_176' title='bbox 2121 1022 2312 1077; x_wconf 82' lang='lat' dir='ltr'><strong>rabat?</strong></span> <span class='ocrx_word' id='word_1_177' title='bbox 2337 1020 2487 1077; x_wconf 84' lang='lat' dir='ltr'><strong>Tunc</strong></span> <span class='ocrx_word' id='word_1_178' title='bbox 2518 1035 2816 1092; x_wconf 88' lang='lat' dir='ltr'><strong>opportuna</strong></span> <span class='ocrx_word' id='word_1_179' title='bbox 2844 1020 3012 1080; x_wconf 85' lang='lat' dir='ltr'><strong>Felici</strong></span> <span class='ocrx_word' id='word_1_180' title='bbox 3043 1024 3166 1080; x_wconf 89' lang='lat' dir='ltr'><strong>data</strong></span> <span class='ocrx_word' id='word_1_181' title='bbox 3195 1035 3280 1082; x_wconf 86' lang='lat' dir='ltr'><strong>est</strong></span> <span class='ocrx_word' id='word_1_182' title='bbox 3307 1029 3521 1082; x_wconf 86' lang='lat' dir='ltr'><strong>occasio</strong></span> <span class='ocrx_word' id='word_1_183' title='bbox 3546 1069 3561 1095; x_wconf 94' lang='lat'><strong>,</strong></span> <span class='ocrx_word' id='word_1_184' title='bbox 3611 1043 3718 1099; x_wconf 87' lang='lat' dir='ltr'><strong>qua</strong></span> 
     </span>
    </p>
   </div>
   <div class='ocr_carea' id='block_1_26' title="bbox 2122 1112 3715 1187">
    <p class='ocr_par' dir='ltr' id='par_1_26' title="bbox 2122 1112 3715 1187">
     <span class='ocr_line' id='line_1_26' title="bbox 2122 1112 3715 1187; baseline 0.005 -21"><span class='ocrx_word' id='word_1_185' title='bbox 2122 1112 2319 1169; x_wconf 79' lang='lat' dir='ltr'><strong>Christi</strong></span> <span class='ocrx_word' id='word_1_186' title='bbox 2364 1126 2732 1186; x_wconf 83' lang='lat' dir='ltr'><strong>propugnaret</strong></span> <span class='ocrx_word' id='word_1_187' title='bbox 2775 1117 3036 1173; x_wconf 87' lang='lat' dir='ltr'><strong>Deitatem</strong></span> <span class='ocrx_word' id='word_1_188' title='bbox 3064 1132 3126 1173; x_wconf 88' lang='lat' dir='ltr'><strong>ac</strong></span> <span class='ocrx_word' id='word_1_189' title='bbox 3166 1119 3423 1175; x_wconf 83' lang='lat' dir='ltr'><strong>refutaret</strong></span> <span class='ocrx_word' id='word_1_190' title='bbox 3456 1120 3715 1187; x_wconf 89' lang='lat' dir='ltr'><strong>Paulum,</strong></span> 
     </span>
    </p>
   </div>
   <div class='ocr_carea' id='block_1_27' title="bbox 2122 1209 3724 1285">
    <p class='ocr_par' dir='ltr' id='par_1_27' title="bbox 2122 1209 3724 1285">
     <span class='ocr_line' id='line_1_27' title="bbox 2122 1209 3724 1285; baseline 0.005 -24"><span class='ocrx_word' id='word_1_191' title='bbox 2122 1209 2214 1278; x_wconf 91' lang='lat' dir='ltr'><strong>qui</strong></span> <span class='ocrx_word' id='word_1_192' title='bbox 2244 1212 2478 1263; x_wconf 79' lang='lat' dir='ltr'><strong>Artcmze</strong></span> <span class='ocrx_word' id='word_1_193' title='bbox 2504 1225 2767 1266; x_wconf 76' lang='lat' dir='ltr'><strong>revocans</strong></span> <span class='ocrx_word' id='word_1_194' title='bbox 2798 1211 3129 1282; x_wconf 87' lang='lat' dir='ltr'><strong>impietatem</strong></span> <span class='ocrx_word' id='word_1_195' title='bbox 3164 1213 3289 1280; x_wconf 90' lang='lat' dir='ltr'><strong>Deo,</strong></span> <span class='ocrx_word' id='word_1_196' title='bbox 3326 1224 3382 1268; x_wconf 90' lang='lat' dir='ltr'><strong>ut</strong></span> <span class='ocrx_word' id='word_1_197' title='bbox 3408 1213 3724 1285; x_wconf 86' lang='lat' dir='ltr'><strong>antiocheni</strong></span> 
     </span>
    </p>
   </div>
   <div class='ocr_carea' id='block_1_28' title="bbox 2120 1290 3725 1379">
    <p class='ocr_par' dir='ltr' id='par_1_28' title="bbox 2120 1290 3725 1379">
     <span class='ocr_line' id='line_1_28' title="bbox 2120 1290 3725 1379; baseline 0.003 -25"><span class='ocrx_word' id='word_1_198' title='bbox 2120 1313 2303 1371; x_wconf 84' lang='lat' dir='ltr'><strong>patres</strong></span> <span class='ocrx_word' id='word_1_199' title='bbox 2353 1290 2677 1371; x_wconf 70' lang='lat' dir='ltr'><strong>loquuntur,</strong></span> <span class='ocrx_word' id='word_1_200' title='bbox 2730 1304 2919 1358; x_wconf 84' lang='lat' dir='ltr'><strong>bellum</strong></span> <span class='ocrx_word' id='word_1_201' title='bbox 2963 1306 3236 1373; x_wconf 82' lang='lat' dir='ltr'><strong>indicebat,</strong></span> <span class='ocrx_word' id='word_1_202' title='bbox 3294 1308 3725 1379; x_wconf 79' lang='grc' dir='ltr'><strong>ἀντιτασσόμενον</strong></span> 
     </span>
    </p>
   </div>
   <div class='ocr_carea' id='block_1_29' title="bbox 2124 1394 3723 1474">
    <p class='ocr_par' dir='ltr' id='par_1_29' title="bbox 2124 1394 3723 1474">
     <span class='ocr_line' id='line_1_29' title="bbox 2124 1394 3723 1474; baseline 0.004 -23"><span class='ocrx_word' id='word_1_203' title='bbox 2124 1398 2278 1452; x_wconf 76' lang='grc' dir='ltr'>αὐτὸν</span> <span class='ocrx_word' id='word_1_204' title='bbox 2300 1406 2372 1471; x_wconf 87' lang='grc' dir='ltr'><strong><em>τῷ</em></strong></span> <span class='ocrx_word' id='word_1_205' title='bbox 2389 1406 2498 1472; x_wconf 82' lang='grc' dir='ltr'><strong>Θεῷ</strong></span> <span class='ocrx_word' id='word_1_206' title='bbox 2521 1415 2535 1463; x_wconf 90' lang='grc'>;</span> <span class='ocrx_word' id='word_1_207' title='bbox 2560 1399 2681 1467; x_wconf 82' lang='lat' dir='ltr'><strong>quia</strong></span> <span class='ocrx_word' id='word_1_208' title='bbox 2697 1394 2933 1454; x_wconf 86' lang='lat' dir='ltr'><strong>divinam</strong></span> <span class='ocrx_word' id='word_1_209' title='bbox 2956 1399 3175 1455; x_wconf 88' lang='lat' dir='ltr'><strong>Christo</strong></span> <span class='ocrx_word' id='word_1_210' title='bbox 3203 1410 3451 1457; x_wconf 90' lang='lat' dir='ltr'><strong>naturam</strong></span> <span class='ocrx_word' id='word_1_211' title='bbox 3472 1402 3723 1474; x_wconf 77' lang='lat' dir='ltr'><strong>negabat.</strong></span> 
     </span>
    </p>
   </div>
   <div class='ocr_carea' id='block_1_30' title="bbox 2123 1476 3727 1566">
    <p class='ocr_par' dir='ltr' id='par_1_30' title="bbox 2123 1476 3727 1566">
     <span class='ocr_line' id='line_1_30' title="bbox 2123 1476 3727 1566; baseline 0.006 -24"><span class='ocrx_word' id='word_1_212' title='bbox 2123 1476 2391 1560; x_wconf 82' lang='lat' dir='ltr'><strong>Quidquid</strong></span> <span class='ocrx_word' id='word_1_213' title='bbox 2420 1506 2483 1545; x_wconf 83' lang='lat' dir='ltr'><strong>ea</strong></span> <span class='ocrx_word' id='word_1_214' title='bbox 2505 1490 2794 1548; x_wconf 88' lang='lat' dir='ltr'><strong>occasione</strong></span> <span class='ocrx_word' id='word_1_215' title='bbox 2815 1492 3001 1549; x_wconf 83' lang='lat' dir='ltr'><strong>aliisve</strong></span> <span class='ocrx_word' id='word_1_216' title='bbox 3030 1496 3244 1566; x_wconf 79' lang='lat' dir='ltr'><strong>seripsit</strong></span> <span class='ocrx_word' id='word_1_217' title='bbox 3270 1495 3439 1559; x_wconf 80' lang='lat' dir='ltr'><strong>Felix,</strong></span> <span class='ocrx_word' id='word_1_218' title='bbox 3463 1497 3533 1551; x_wconf 87' lang='lat' dir='ltr'><strong>ita</strong></span> <span class='ocrx_word' id='word_1_219' title='bbox 3559 1498 3727 1552; x_wconf 83' lang='lat' dir='ltr'><strong>inter-</strong></span> 
     </span>
    </p>
   </div>
   <div class='ocr_carea' id='block_1_31' title="bbox 2121 1581 3725 1659">
    <p class='ocr_par' dir='ltr' id='par_1_31' title="bbox 2121 1581 3725 1659">
     <span class='ocr_line' id='line_1_31' title="bbox 2121 1581 3725 1659; baseline 0.006 -22"><span class='ocrx_word' id='word_1_220' title='bbox 2121 1585 2213 1651; x_wconf 93' lang='lat' dir='ltr'><strong>iit,</strong></span> <span class='ocrx_word' id='word_1_221' title='bbox 2255 1596 2313 1638; x_wconf 92' lang='lat' dir='ltr'><strong>ut</strong></span> <span class='ocrx_word' id='word_1_222' title='bbox 2358 1586 2446 1640; x_wconf 80' lang='lat' dir='ltr'><strong>vix</strong></span> <span class='ocrx_word' id='word_1_223' title='bbox 2487 1586 2757 1642; x_wconf 89' lang='lat' dir='ltr'><strong>modicum</strong></span> <span class='ocrx_word' id='word_1_224' title='bbox 2792 1581 3149 1659; x_wconf 71' lang='lat' dir='ltr'><strong>fragmentum</strong></span> <span class='ocrx_word' id='word_1_225' title='bbox 3180 1584 3399 1646; x_wconf 83' lang='lat' dir='ltr'><strong>nomine</strong></span> <span class='ocrx_word' id='word_1_226' title='bbox 3439 1591 3608 1658; x_wconf 88' lang='lat' dir='ltr'><strong>ipsius</strong></span> <span class='ocrx_word' id='word_1_227' title='bbox 3637 1592 3725 1646; x_wconf 54' lang='lat' dir='ltr'><strong>in-</strong></span> 
     </span>
    </p>
   </div>
   <div class='ocr_carea' id='block_1_32' title="bbox 2123 1679 3726 1753">
    <p class='ocr_par' dir='ltr' id='par_1_32' title="bbox 2123 1679 3726 1753">
     <span class='ocr_line' id='line_1_32' title="bbox 2123 1679 3726 1753; baseline 0.005 -20"><span class='ocrx_word' id='word_1_228' title='bbox 2123 1679 2380 1749; x_wconf 88' lang='lat' dir='ltr'><strong>scriptum</strong></span> <span class='ocrx_word' id='word_1_229' title='bbox 2403 1680 2472 1736; x_wconf 89' lang='lat' dir='ltr'><strong>ad</strong></span> <span class='ocrx_word' id='word_1_230' title='bbox 2497 1695 2594 1735; x_wconf 90' lang='lat' dir='ltr'><strong>nos</strong></span> <span class='ocrx_word' id='word_1_231' title='bbox 2619 1683 2945 1751; x_wconf 83' lang='lat' dir='ltr'><strong>pervenerit.</strong></span> <span class='ocrx_word' id='word_1_232' title='bbox 2975 1682 3127 1739; x_wconf 82' lang='lat' dir='ltr'><strong>Hunc</strong></span> <span class='ocrx_word' id='word_1_233' title='bbox 3147 1693 3325 1740; x_wconf 86' lang='lat' dir='ltr'><strong>tamen</strong></span> <span class='ocrx_word' id='word_1_234' title='bbox 3350 1685 3565 1753; x_wconf 85' lang='lat' dir='ltr'><strong>scriptis</strong></span> <span class='ocrx_word' id='word_1_235' title='bbox 3584 1685 3726 1741; x_wconf 87' lang='lat' dir='ltr'><strong>cele-</strong></span> 
     </span>
    </p>
   </div>
   <div class='ocr_carea' id='block_1_33' title="bbox 429 1770 3727 1849">
    <p class='ocr_par' dir='ltr' id='par_1_33' title="bbox 429 1770 3727 1849">
     <span class='ocr_line' id='line_1_33' title="bbox 429 1770 3727 1849; baseline -0 -14"><span class='ocrx_word' id='word_1_236' title='bbox 429 1779 861 1838; x_wconf 75' lang='lat' dir='ltr'><strong>Alexandrinum</strong></span> <span class='ocrx_word' id='word_1_237' title='bbox 906 1790 1093 1835; x_wconf 84' lang='lat' dir='ltr'><strong>contra</strong></span> <span class='ocrx_word' id='word_1_238' title='bbox 1122 1779 1370 1834; x_wconf 63' lang='lat' dir='ltr'><strong>hzr‘resim</strong></span> <span class='ocrx_word' id='word_1_239' title='bbox 1415 1777 1637 1834; x_wconf 90' lang='lat' dir='ltr'><strong>Sabellii</strong></span> <span class='ocrx_word' id='word_1_240' title='bbox 1664 1785 1716 1831; x_wconf 91' lang='lat' dir='ltr'><strong>et</strong></span> <span class='ocrx_word' id='word_1_241' title='bbox 1744 1775 1894 1830; x_wconf 83' lang='lat' dir='ltr'><strong>Pauli</strong></span> <span class='ocrx_word' id='word_1_242' title='bbox 1921 1775 2017 1831; x_wconf 77' lang='lat' dir='ltr'><strong>Sa-</strong></span> <span class='ocrx_word' id='word_1_243' title='bbox 2047 1776 2095 1836; x_wconf 81' lang='lat' dir='ltr'><strong>B</strong></span> <span class='ocrx_word' id='word_1_244' title='bbox 2124 1770 2271 1825; x_wconf 80' lang='lat' dir='ltr'><strong>breui</strong></span> <span class='ocrx_word' id='word_1_245' title='bbox 2319 1773 2625 1837; x_wconf 83' lang='lat' dir='ltr'><strong>exstitisse,</strong></span> <span class='ocrx_word' id='word_1_246' title='bbox 2671 1773 2771 1831; x_wconf 93' lang='lat' dir='ltr'><strong>hoc</strong></span> <span class='ocrx_word' id='word_1_247' title='bbox 2809 1791 2914 1829; x_wconf 92' lang='lat' dir='ltr'><strong>non</strong></span> <span class='ocrx_word' id='word_1_248' title='bbox 2953 1776 3057 1831; x_wconf 86' lang='lat' dir='ltr'><strong>levi</strong></span> <span class='ocrx_word' id='word_1_249' title='bbox 3099 1788 3416 1847; x_wconf 81' lang='lat' dir='ltr'><strong>argumento</strong></span> <span class='ocrx_word' id='word_1_250' title='bbox 3445 1788 3551 1844; x_wconf 87' lang='lat' dir='ltr'><strong>est,</strong></span> <span class='ocrx_word' id='word_1_251' title='bbox 3583 1776 3727 1849; x_wconf 88' lang='lat' dir='ltr'><strong>quod</strong></span> 
     </span>
    </p>
   </div>
   <div class='ocr_carea' id='block_1_34' title="bbox 426 1874 712 1929">
    <p class='ocr_par' dir='ltr' id='par_1_34' title="bbox 426 1874 712 1929">
     <span class='ocr_line' id='line_1_34' title="bbox 426 1874 712 1929; baseline -0.003 0"><span class='ocrx_word' id='word_1_252' title='bbox 426 1874 712 1929; x_wconf 87' lang='lat' dir='ltr'><strong>mosateni.</strong></span> 
     </span>
    </p>
   </div>
   <div class='ocr_carea' id='block_1_35' title="bbox 500 1944 2019 2039">
    <p class='ocr_par' dir='ltr' id='par_1_35' title="bbox 500 1944 2019 2039">
     <span class='ocr_line' id='line_1_35' title="bbox 500 1944 2019 2039; baseline -0.002 -19"><span class='ocrx_word' id='word_1_253' title='bbox 500 1966 667 2022; x_wconf 83' lang='lat' dir='ltr'><strong>Felici</strong></span> <span class='ocrx_word' id='word_1_254' title='bbox 694 1967 899 2023; x_wconf 85' lang='lat' dir='ltr'><strong>reddita</strong></span> <span class='ocrx_word' id='word_1_255' title='bbox 922 1944 1156 2038; x_wconf 77' lang='lat' dir='ltr'><strong>Epistula</strong></span> <span class='ocrx_word' id='word_1_256' title='bbox 1186 1968 1445 2039; x_wconf 81' lang='lat' dir='ltr'><strong>encyciica</strong></span> <span class='ocrx_word' id='word_1_257' title='bbox 1482 1969 1591 2038; x_wconf 86' lang='lat' dir='ltr'><strong>ejus</strong></span> <span class='ocrx_word' id='word_1_258' title='bbox 1614 1964 1862 2020; x_wconf 81' lang='lat' dir='ltr'><strong>decessori</strong></span> <span class='ocrx_word' id='word_1_259' title='bbox 1896 1962 2019 2018; x_wconf 89' lang='lat' dir='ltr'><strong>Dio-</strong></span> 
     </span>
    </p>
   </div>
   <div class='ocr_carea' id='block_1_36' title="bbox 425 2046 2016 2133">
    <p class='ocr_par' dir='ltr' id='par_1_36' title="bbox 425 2046 2016 2133">
     <span class='ocr_line' id='line_1_36' title="bbox 425 2046 2016 2133; baseline -0.003 -18"><span class='ocrx_word' id='word_1_260' title='bbox 425 2062 572 2132; x_wconf 82' lang='lat' dir='ltr'><strong>nysia</strong></span> <span class='ocrx_word' id='word_1_261' title='bbox 600 2060 661 2115; x_wconf 85' lang='lat' dir='ltr'><strong>ab</strong></span> <span class='ocrx_word' id='word_1_262' title='bbox 688 2063 993 2116; x_wconf 84' lang='lat' dir='ltr'><strong>antiochena</strong></span> <span class='ocrx_word' id='word_1_263' title='bbox 1035 2046 1229 2133; x_wconf 77' lang='lat' dir='ltr'><strong>synodo</strong></span> <span class='ocrx_word' id='word_1_264' title='bbox 1283 2062 1551 2130; x_wconf 80' lang='lat' dir='ltr'><strong>inscripta.</strong></span> <span class='ocrx_word' id='word_1_265' title='bbox 1575 2090 1644 2100; x_wconf 90' lang='lat'><strong><em>—</em></strong></span> <span class='ocrx_word' id='word_1_266' title='bbox 1668 2056 2016 2126; x_wconf 82' lang='lat' dir='ltr'><strong>Compertum</strong></span> 
     </span>
    </p>
   </div>
   <div class='ocr_carea' id='block_1_37' title="bbox 429 2154 2020 2226">
    <p class='ocr_par' dir='ltr' id='par_1_37' title="bbox 429 2154 2020 2226">
     <span class='ocr_line' id='line_1_37' title="bbox 429 2154 2020 2226; baseline -0.002 -18"><span class='ocrx_word' id='word_1_267' title='bbox 429 2164 514 2208; x_wconf 90' lang='lat' dir='ltr'><strong>est</strong></span> <span class='ocrx_word' id='word_1_268' title='bbox 543 2168 610 2209; x_wconf 87' lang='lat' dir='ltr'><strong>ex</strong></span> <span class='ocrx_word' id='word_1_269' title='bbox 642 2154 876 2209; x_wconf 84' lang='lat' dir='ltr'><strong>Eusebio</strong></span> <span class='ocrx_word' id='word_1_270' title='bbox 902 2154 1006 2226; x_wconf 81' lang='lat' dir='ltr'><strong>(l),</strong></span> <span class='ocrx_word' id='word_1_271' title='bbox 1039 2154 1353 2209; x_wconf 87' lang='lat' dir='ltr'><strong>nominatim</strong></span> <span class='ocrx_word' id='word_1_272' title='bbox 1384 2154 1640 2225; x_wconf 87' lang='lat' dir='ltr'><strong>Dionysio</strong></span> <span class='ocrx_word' id='word_1_273' title='bbox 1665 2168 1899 2207; x_wconf 76' lang='lat' dir='ltr'><strong>romana-</strong></span> <span class='ocrx_word' id='word_1_274' title='bbox 1924 2168 2020 2205; x_wconf 80' lang='lat' dir='ltr'><strong>ur-</strong></span> 
     </span>
    </p>
   </div>
   <div class='ocr_carea' id='block_1_38' title="bbox 431 2244 2022 2318">
    <p class='ocr_par' dir='ltr' id='par_1_38' title="bbox 431 2244 2022 2318">
     <span class='ocr_line' id='line_1_38' title="bbox 431 2244 2022 2318; baseline -0.001 -17"><span class='ocrx_word' id='word_1_275' title='bbox 431 2244 514 2301; x_wconf 90' lang='lat' dir='ltr'><strong>bis</strong></span> <span class='ocrx_word' id='word_1_276' title='bbox 541 2247 797 2316; x_wconf 88' lang='lat' dir='ltr'><strong>episcopo</strong></span> <span class='ocrx_word' id='word_1_277' title='bbox 839 2247 1152 2315; x_wconf 88' lang='lat' dir='ltr'><strong>inscriptam</strong></span> <span class='ocrx_word' id='word_1_278' title='bbox 1189 2262 1309 2302; x_wconf 89' lang='lat' dir='ltr'><strong>esse</strong></span> <span class='ocrx_word' id='word_1_279' title='bbox 1334 2247 1662 2318; x_wconf 88' lang='lat' dir='ltr'><strong>encyclicam</strong></span> <span class='ocrx_word' id='word_1_280' title='bbox 1713 2244 2022 2300; x_wconf 87' lang='lat' dir='ltr'><strong>antiocheni</strong></span> 
     </span>
    </p>
   </div>
   <div class='ocr_carea' id='block_1_39' title="bbox 428 2318 2022 2409">
    <p class='ocr_par' dir='ltr' id='par_1_39' title="bbox 428 2318 2022 2409">
     <span class='ocr_line' id='line_1_39' title="bbox 428 2318 2022 2409; baseline 0 -17"><span class='ocrx_word' id='word_1_281' title='bbox 428 2338 640 2392; x_wconf 90' lang='lat' dir='ltr'><strong>concilii</strong></span> <span class='ocrx_word' id='word_1_282' title='bbox 664 2318 968 2409; x_wconf 84' lang='lat' dir='ltr'><strong>epistolam,</strong></span> <span class='ocrx_word' id='word_1_283' title='bbox 991 2354 1092 2409; x_wconf 89' lang='lat' dir='ltr'><strong>qua</strong></span> <span class='ocrx_word' id='word_1_284' title='bbox 1119 2339 1188 2394; x_wconf 92' lang='lat' dir='ltr'><strong>de</strong></span> <span class='ocrx_word' id='word_1_285' title='bbox 1219 2339 1385 2394; x_wconf 90' lang='lat' dir='ltr'><strong>Paulo</strong></span> <span class='ocrx_word' id='word_1_286' title='bbox 1408 2339 1774 2394; x_wconf 90' lang='lat' dir='ltr'><strong>Samosatensi</strong></span> <span class='ocrx_word' id='word_1_287' title='bbox 1802 2339 1872 2393; x_wconf 93' lang='lat' dir='ltr'><strong>ob</strong></span> <span class='ocrx_word' id='word_1_288' title='bbox 1900 2354 2022 2409; x_wconf 83' lang='lat' dir='ltr'><strong>per-</strong></span> 
     </span>
    </p>
   </div>
   <div class='ocr_carea' id='block_1_40' title="bbox 427 2426 2020 2499">
    <p class='ocr_par' dir='ltr' id='par_1_40' title="bbox 427 2426 2020 2499">
     <span class='ocr_line' id='line_1_40' title="bbox 427 2426 2020 2499; baseline 0.003 -18"><span class='ocrx_word' id='word_1_289' title='bbox 427 2444 641 2484; x_wconf 84' lang='lat' dir='ltr'><strong>versam</strong></span> <span class='ocrx_word' id='word_1_290' title='bbox 672 2426 971 2484; x_wconf 87' lang='lat' dir='ltr'><strong>doctrinam</strong></span> <span class='ocrx_word' id='word_1_291' title='bbox 999 2445 1061 2485; x_wconf 89' lang='lat' dir='ltr'><strong>ac</strong></span> <span class='ocrx_word' id='word_1_292' title='bbox 1083 2445 1274 2499; x_wconf 87' lang='lat' dir='ltr'><strong>pravos</strong></span> <span class='ocrx_word' id='word_1_293' title='bbox 1300 2446 1477 2486; x_wconf 88' lang='lat' dir='ltr'><strong>mores</strong></span> <span class='ocrx_word' id='word_1_294' title='bbox 1492 2446 1521 2485; x_wconf 90' lang='lat' dir='ltr'><strong>a</strong></span> <span class='ocrx_word' id='word_1_295' title='bbox 1544 2431 1675 2485; x_wconf 87' lang='lat' dir='ltr'><strong>sede</strong></span> <span class='ocrx_word' id='word_1_296' title='bbox 1696 2431 2020 2485; x_wconf 90' lang='lat' dir='ltr'><strong>antiochena</strong></span> 
     </span>
    </p>
   </div>
   <div class='ocr_carea' id='block_1_41' title="bbox 432 2521 2019 2593">
    <p class='ocr_par' dir='ltr' id='par_1_41' title="bbox 432 2521 2019 2593">
     <span class='ocr_line' id='line_1_41' title="bbox 432 2521 2019 2593; baseline 0.002 -17"><span class='ocrx_word' id='word_1_297' title='bbox 432 2521 670 2590; x_wconf 89' lang='lat' dir='ltr'><strong>dejecto,</strong></span> <span class='ocrx_word' id='word_1_298' title='bbox 725 2531 781 2577; x_wconf 90' lang='lat' dir='ltr'><strong>et</strong></span> <span class='ocrx_word' id='word_1_299' title='bbox 814 2522 1039 2576; x_wconf 86' lang='lat' dir='ltr'><strong>Domino</strong></span> <span class='ocrx_word' id='word_1_300' title='bbox 1070 2522 1123 2576; x_wconf 92' lang='lat' dir='ltr'><strong>in</strong></span> <span class='ocrx_word' id='word_1_301' title='bbox 1157 2525 1276 2593; x_wconf 91' lang='lat' dir='ltr'><strong>ejus</strong></span> <span class='ocrx_word' id='word_1_302' title='bbox 1303 2523 1476 2578; x_wconf 91' lang='lat' dir='ltr'><strong>locum</strong></span> <span class='ocrx_word' id='word_1_303' title='bbox 1509 2523 1731 2579; x_wconf 79' lang='lat' dir='ltr'><strong>suii‘ecto</strong></span> <span class='ocrx_word' id='word_1_304' title='bbox 1759 2524 2019 2579; x_wconf 89' lang='lat' dir='ltr'><strong>admone-</strong></span> 
     </span>
    </p>
   </div>
   <div class='ocr_carea' id='block_1_42' title="bbox 426 2611 2022 2687">
    <p class='ocr_par' dir='ltr' id='par_1_42' title="bbox 426 2611 2022 2687">
     <span class='ocr_line' id='line_1_42' title="bbox 426 2611 2022 2687; baseline 0.003 -20"><span class='ocrx_word' id='word_1_305' title='bbox 426 2623 596 2667; x_wconf 88' lang='lat' dir='ltr'><strong>retur.</strong></span> <span class='ocrx_word' id='word_1_306' title='bbox 634 2630 652 2664; x_wconf 78' lang='grc' dir='ltr'><strong>ι</strong></span> <span class='ocrx_word' id='word_1_307' title='bbox 686 2611 839 2680; x_wconf 86' lang='lat' dir='ltr'><strong>Quod</strong></span> <span class='ocrx_word' id='word_1_308' title='bbox 877 2613 1116 2683; x_wconf 89' lang='lat' dir='ltr'><strong>quidem,</strong></span> <span class='ocrx_word' id='word_1_309' title='bbox 1152 2634 1170 2666; x_wconf 74' lang='grc' dir='ltr'><strong>ι</strong></span> <span class='ocrx_word' id='word_1_310' title='bbox 1198 2615 1372 2685; x_wconf 82' lang='lat' dir='ltr'><strong>inquit</strong></span> <span class='ocrx_word' id='word_1_311' title='bbox 1409 2615 1659 2686; x_wconf 80' lang='lat' dir='ltr'><strong>Synodus</strong></span> <span class='ocrx_word' id='word_1_312' title='bbox 1689 2615 1788 2687; x_wconf 68' lang='lat'>(2),</span> <span class='ocrx_word' id='word_1_313' title='bbox 1820 2616 2022 2671; x_wconf 91' lang='lat' dir='ltr'><strong>idcirco</strong></span> 
     </span>
    </p>
   </div>
   <div class='ocr_carea' id='block_1_43' title="bbox 428 2704 2018 2780">
    <p class='ocr_par' dir='ltr' id='par_1_43' title="bbox 428 2704 2018 2780">
     <span class='ocr_line' id='line_1_43' title="bbox 428 2704 2018 2780; baseline 0.004 -22"><span class='ocrx_word' id='word_1_314' title='bbox 428 2705 584 2759; x_wconf 92' lang='lat' dir='ltr'><strong>vobis</strong></span> <span class='ocrx_word' id='word_1_315' title='bbox 609 2704 976 2775; x_wconf 87' lang='lat' dir='ltr'><strong>signiﬁcamus</strong></span> <span class='ocrx_word' id='word_1_316' title='bbox 997 2748 1010 2770; x_wconf 92' lang='lat'><strong>,</strong></span> <span class='ocrx_word' id='word_1_317' title='bbox 1047 2715 1103 2761; x_wconf 91' lang='lat' dir='ltr'><strong>ut</strong></span> <span class='ocrx_word' id='word_1_318' title='bbox 1143 2707 1210 2761; x_wconf 91' lang='lat' dir='ltr'><strong>ad</strong></span> <span class='ocrx_word' id='word_1_319' title='bbox 1252 2723 1374 2763; x_wconf 92' lang='lat' dir='ltr'><strong>eum</strong></span> <span class='ocrx_word' id='word_1_320' title='bbox 1400 2707 1715 2780; x_wconf 90' lang='lat' dir='ltr'><strong>(Domuum)</strong></span> <span class='ocrx_word' id='word_1_321' title='bbox 1746 2709 2018 2777; x_wconf 85' lang='lat' dir='ltr'><strong>scribatis,</strong></span> 
     </span>
    </p>
   </div>
   <div class='ocr_carea' id='block_1_44' title="bbox 426 2799 2023 2871">
    <p class='ocr_par' dir='ltr' id='par_1_44' title="bbox 426 2799 2023 2871">
     <span class='ocr_line' id='line_1_44' title="bbox 426 2799 2023 2871; baseline 0.002 -17"><span class='ocrx_word' id='word_1_322' title='bbox 426 2808 482 2854; x_wconf 89' lang='lat' dir='ltr'><strong>et</strong></span> <span class='ocrx_word' id='word_1_323' title='bbox 506 2799 574 2854; x_wconf 90' lang='lat' dir='ltr'><strong>ab</strong></span> <span class='ocrx_word' id='word_1_324' title='bbox 600 2813 666 2854; x_wconf 92' lang='lat' dir='ltr'><strong>eo</strong></span> <span class='ocrx_word' id='word_1_325' title='bbox 689 2800 1199 2855; x_wconf 90' lang='lat' dir='ltr'><strong>communicatorias</strong></span> <span class='ocrx_word' id='word_1_326' title='bbox 1222 2801 1429 2855; x_wconf 89' lang='lat' dir='ltr'><strong>litteras</strong></span> <span class='ocrx_word' id='word_1_327' title='bbox 1448 2802 1745 2871; x_wconf 88' lang='lat' dir='ltr'><strong>accipiatis.</strong></span> <span class='ocrx_word' id='word_1_328' title='bbox 1772 2801 1868 2856; x_wconf 86' lang='lat' dir='ltr'><strong>Hic</strong></span> <span class='ocrx_word' id='word_1_329' title='bbox 1893 2816 2023 2857; x_wconf 91' lang='lat' dir='ltr'><strong>vero</strong></span> 
     </span>
    </p>
   </div>
   <div class='ocr_carea' id='block_1_45' title="bbox 427 2890 2021 2963">
    <p class='ocr_par' dir='ltr' id='par_1_45' title="bbox 427 2890 2021 2963">
     <span class='ocr_line' id='line_1_45' title="bbox 427 2890 2021 2963; baseline 0.001 -18"><span class='ocrx_word' id='word_1_330' title='bbox 427 2891 674 2963; x_wconf 86' lang='lat' dir='ltr'><strong>(Paulus)</strong></span> <span class='ocrx_word' id='word_1_331' title='bbox 707 2890 773 2946; x_wconf 89' lang='lat' dir='ltr'><strong>ad</strong></span> <span class='ocrx_word' id='word_1_332' title='bbox 810 2892 1084 2946; x_wconf 88' lang='lat' dir='ltr'><strong>Artemam</strong></span> <span class='ocrx_word' id='word_1_333' title='bbox 1129 2892 1364 2953; x_wconf 87' lang='lat' dir='ltr'><strong>scribat,</strong></span> <span class='ocrx_word' id='word_1_334' title='bbox 1406 2902 1462 2947; x_wconf 87' lang='lat' dir='ltr'><strong>et</strong></span> <span class='ocrx_word' id='word_1_335' title='bbox 1501 2892 1574 2958; x_wconf 92' lang='lat' dir='ltr'><strong>ii,</strong></span> <span class='ocrx_word' id='word_1_336' title='bbox 1621 2893 1711 2962; x_wconf 91' lang='lat' dir='ltr'><strong>qui</strong></span> <span class='ocrx_word' id='word_1_337' title='bbox 1744 2893 2021 2948; x_wconf 87' lang='lat' dir='ltr'><strong>Artemam</strong></span> 
     </span>
    </p>
   </div>
   <div class='ocr_carea' id='block_1_46' title="bbox 427 2982 2008 3055">
    <p class='ocr_par' dir='ltr' id='par_1_46' title="bbox 427 2982 2008 3055">
     <span class='ocr_line' id='line_1_46' title="bbox 427 2982 2008 3055; baseline 0.001 -16"><span class='ocrx_word' id='word_1_338' title='bbox 427 2994 724 3049; x_wconf 88' lang='lat' dir='ltr'><strong>sectantur,</strong></span> <span class='ocrx_word' id='word_1_339' title='bbox 767 2999 888 3038; x_wconf 92' lang='lat' dir='ltr'><strong>cum</strong></span> <span class='ocrx_word' id='word_1_340' title='bbox 934 2984 1028 3039; x_wconf 91' lang='lat' dir='ltr'><strong>illo</strong></span> <span class='ocrx_word' id='word_1_341' title='bbox 1055 2986 1474 3041; x_wconf 88' lang='lat' dir='ltr'><strong>communicent.</strong></span> <span class='ocrx_word' id='word_1_342' title='bbox 1533 2982 1659 3040; x_wconf 75' lang='lat' dir='ltr'><strong>Hzec</strong></span> <span class='ocrx_word' id='word_1_343' title='bbox 1682 2995 1864 3041; x_wconf 88' lang='lat' dir='ltr'><strong>autem</strong></span> <span class='ocrx_word' id='word_1_344' title='bbox 1891 2985 2008 3055; x_wconf 83' lang='lat' dir='ltr'><strong>epi-</strong></span> 
     </span>
    </p>
   </div>
   <div class='ocr_carea' id='block_1_47' title="bbox 427 3076 2020 3149">
    <p class='ocr_par' dir='ltr' id='par_1_47' title="bbox 427 3076 2020 3149">
     <span class='ocr_line' id='line_1_47' title="bbox 427 3076 2020 3149; baseline 0.001 -20"><span class='ocrx_word' id='word_1_345' title='bbox 427 3076 564 3131; x_wconf 82' lang='lat' dir='ltr'><strong>stola</strong></span> <span class='ocrx_word' id='word_1_346' title='bbox 593 3091 714 3131; x_wconf 93' lang='lat' dir='ltr'><strong>cum</strong></span> <span class='ocrx_word' id='word_1_347' title='bbox 745 3076 1028 3149; x_wconf 78' lang='lat' dir='ltr'><strong>Dionysio,</strong></span> <span class='ocrx_word' id='word_1_348' title='bbox 1060 3086 1236 3133; x_wconf 87' lang='lat' dir='ltr'><strong>morte</strong></span> <span class='ocrx_word' id='word_1_349' title='bbox 1268 3078 1667 3133; x_wconf 88' lang='lat' dir='ltr'><strong>interveniente</strong></span> <span class='ocrx_word' id='word_1_350' title='bbox 1688 3119 1703 3145; x_wconf 92' lang='lat'><strong>,</strong></span> <span class='ocrx_word' id='word_1_351' title='bbox 1736 3077 1876 3133; x_wconf 90' lang='lat' dir='ltr'><strong>tradi</strong></span> <span class='ocrx_word' id='word_1_352' title='bbox 1914 3094 2020 3131; x_wconf 90' lang='lat' dir='ltr'><strong>non</strong></span> 
     </span>
    </p>
   </div>
   <div class='ocr_carea' id='block_1_48' title="bbox 2123 1866 3729 1935">
    <p class='ocr_par' dir='ltr' id='par_1_48' title="bbox 2123 1866 3729 1935">
     <span class='ocr_line' id='line_1_48' title="bbox 2123 1866 3729 1935; baseline 0.004 -18"><span class='ocrx_word' id='word_1_353' title='bbox 2123 1878 2245 1918; x_wconf 91' lang='lat' dir='ltr'><strong>cum</strong></span> <span class='ocrx_word' id='word_1_354' title='bbox 2275 1866 2700 1935; x_wconf 77' lang='lat' dir='ltr'><strong>Apollinaristae,</strong></span> <span class='ocrx_word' id='word_1_355' title='bbox 2735 1879 2793 1921; x_wconf 91' lang='lat' dir='ltr'><strong>ut</strong></span> <span class='ocrx_word' id='word_1_356' title='bbox 2822 1879 3126 1923; x_wconf 85' lang='lat' dir='ltr'><strong>commenta</strong></span> <span class='ocrx_word' id='word_1_357' title='bbox 3146 1884 3240 1924; x_wconf 90' lang='lat' dir='ltr'><strong>sua</strong></span> <span class='ocrx_word' id='word_1_358' title='bbox 3267 1871 3583 1925; x_wconf 86' lang='lat' dir='ltr'><strong>auctoritate</strong></span> <span class='ocrx_word' id='word_1_359' title='bbox 3610 1870 3729 1925; x_wconf 85' lang='lat' dir='ltr'><strong>ido-</strong></span> 
     </span>
    </p>
   </div>
   <div class='ocr_carea' id='block_1_49' title="bbox 2122 1957 3728 2033">
    <p class='ocr_par' dir='ltr' id='par_1_49' title="bbox 2122 1957 3728 2033">
     <span class='ocr_line' id='line_1_49' title="bbox 2122 1957 3728 2033; baseline 0.006 -24"><span class='ocrx_word' id='word_1_360' title='bbox 2122 1970 2227 2011; x_wconf 87' lang='lat' dir='ltr'><strong>nea</strong></span> <span class='ocrx_word' id='word_1_361' title='bbox 2261 1958 2396 2011; x_wconf 88' lang='lat' dir='ltr'><strong>tueri</strong></span> <span class='ocrx_word' id='word_1_362' title='bbox 2428 1957 2743 2013; x_wconf 86' lang='lat' dir='ltr'><strong>viderentur</strong></span> <span class='ocrx_word' id='word_1_363' title='bbox 2764 2002 2779 2025; x_wconf 92' lang='lat'><strong>,</strong></span> <span class='ocrx_word' id='word_1_364' title='bbox 2827 1962 2970 2015; x_wconf 74' lang='lat' dir='ltr'><strong>varia</strong></span> <span class='ocrx_word' id='word_1_365' title='bbox 3003 1968 3165 2031; x_wconf 82' lang='lat' dir='ltr'><strong>opera</strong></span> <span class='ocrx_word' id='word_1_366' title='bbox 3200 1976 3304 2016; x_wconf 91' lang='lat' dir='ltr'><strong>non</strong></span> <span class='ocrx_word' id='word_1_367' title='bbox 3334 1963 3583 2018; x_wconf 81' lang='lat' dir='ltr'><strong>obscuris</strong></span> <span class='ocrx_word' id='word_1_368' title='bbox 3609 1964 3728 2033; x_wconf 88' lang='lat' dir='ltr'><strong>qui-</strong></span> 
     </span>
    </p>
   </div>
   <div class='ocr_carea' id='block_1_50' title="bbox 2123 2048 3725 2127">
    <p class='ocr_par' dir='ltr' id='par_1_50' title="bbox 2123 2048 3725 2127">
     <span class='ocr_line' id='line_1_50' title="bbox 2123 2048 3725 2127; baseline 0.006 -25"><span class='ocrx_word' id='word_1_369' title='bbox 2123 2048 2371 2114; x_wconf 86' lang='lat' dir='ltr'><strong>busdam,</strong></span> <span class='ocrx_word' id='word_1_370' title='bbox 2399 2051 2497 2105; x_wconf 86' lang='lat' dir='ltr'><strong>sed</strong></span> <span class='ocrx_word' id='word_1_371' title='bbox 2522 2050 2905 2121; x_wconf 84' lang='lat' dir='ltr'><strong>insignioribus</strong></span> <span class='ocrx_word' id='word_1_372' title='bbox 2931 2052 3186 2109; x_wconf 71' lang='lat' dir='ltr'><strong>Ecclesia:</strong></span> <span class='ocrx_word' id='word_1_373' title='bbox 3219 2054 3725 2127; x_wconf 69' lang='lat' dir='ltr'><strong>scriptoribussup-</strong></span> 
     </span>
    </p>
   </div>
   <div class='ocr_carea' id='block_1_51' title="bbox 2123 2143 3727 2218">
    <p class='ocr_par' dir='ltr' id='par_1_51' title="bbox 2123 2143 3727 2218">
     <span class='ocr_line' id='line_1_51' title="bbox 2123 2143 3727 2218; baseline 0.007 -26"><span class='ocrx_word' id='word_1_374' title='bbox 2123 2156 2326 2209; x_wconf 90' lang='lat' dir='ltr'><strong>ponere</strong></span> <span class='ocrx_word' id='word_1_375' title='bbox 2340 2143 2651 2211; x_wconf 85' lang='lat' dir='ltr'><strong>studerent;</strong></span> <span class='ocrx_word' id='word_1_376' title='bbox 2680 2145 2836 2213; x_wconf 83' lang='lat' dir='ltr'><strong>hujus</strong></span> <span class='ocrx_word' id='word_1_377' title='bbox 2858 2150 3019 2201; x_wconf 88' lang='lat' dir='ltr'><strong>etiam</strong></span> <span class='ocrx_word' id='word_1_378' title='bbox 3048 2147 3206 2218; x_wconf 53' lang='lat' dir='ltr'><strong>Papae</strong></span> <span class='ocrx_word' id='word_1_379' title='bbox 3229 2152 3449 2203; x_wconf 87' lang='lat' dir='ltr'><strong>nomine</strong></span> <span class='ocrx_word' id='word_1_380' title='bbox 3469 2149 3727 2204; x_wconf 83' lang='lat' dir='ltr'><strong>nonnulla</strong></span> 
     </span>
    </p>
   </div>
   <div class='ocr_carea' id='block_1_52' title="bbox 2124 2232 3728 2312">
    <p class='ocr_par' dir='ltr' id='par_1_52' title="bbox 2124 2232 3728 2312">
     <span class='ocr_line' id='line_1_52' title="bbox 2124 2232 3728 2312; baseline 0.008 -28"><span class='ocrx_word' id='word_1_381' title='bbox 2124 2232 2223 2285; x_wconf 88' lang='lat' dir='ltr'><strong>sibi</strong></span> <span class='ocrx_word' id='word_1_382' title='bbox 2253 2234 2607 2306; x_wconf 70' lang='lat' dir='ltr'><strong>coniungenda</strong></span> <span class='ocrx_word' id='word_1_383' title='bbox 2635 2237 2926 2294; x_wconf 84' lang='lat' dir='ltr'><strong>duxerunt.</strong></span> <span class='ocrx_word' id='word_1_384' title='bbox 2965 2239 3154 2311; x_wconf 81' lang='lat' dir='ltr'><strong>Neque</strong></span> <span class='ocrx_word' id='word_1_385' title='bbox 3183 2242 3343 2296; x_wconf 84' lang='lat' dir='ltr'><strong>etiam</strong></span> <span class='ocrx_word' id='word_1_386' title='bbox 3369 2241 3728 2312; x_wconf 83' lang='lat' dir='ltr'><strong>neglexerunt</strong></span> 
     </span>
    </p>
   </div>
   <div class='ocr_carea' id='block_1_53' title="bbox 2124 2324 3726 2400">
    <p class='ocr_par' dir='ltr' id='par_1_53' title="bbox 2124 2324 3726 2400">
     <span class='ocr_line' id='line_1_53' title="bbox 2124 2324 3726 2400; baseline 0.009 -21"><span class='ocrx_word' id='word_1_387' title='bbox 2124 2324 2365 2394; x_wconf 85' lang='lat' dir='ltr'><strong>ephcsini</strong></span> <span class='ocrx_word' id='word_1_388' title='bbox 2390 2337 2570 2397; x_wconf 89' lang='lat' dir='ltr'><strong>patres</strong></span> <span class='ocrx_word' id='word_1_389' title='bbox 2590 2331 2834 2400; x_wconf 85' lang='lat' dir='ltr'><strong>ejusdem</strong></span> <span class='ocrx_word' id='word_1_390' title='bbox 2865 2335 3183 2388; x_wconf 84' lang='lat' dir='ltr'><strong>auctoritate</strong></span> <span class='ocrx_word' id='word_1_391' title='bbox 3206 2334 3365 2390; x_wconf 84' lang='lat' dir='ltr'><strong>ﬁdem</strong></span> <span class='ocrx_word' id='word_1_392' title='bbox 3391 2338 3549 2393; x_wconf 91' lang='lat' dir='ltr'><strong>tueri.</strong></span> <span class='ocrx_word' id='word_1_393' title='bbox 3584 2338 3726 2393; x_wconf 88' lang='lat' dir='ltr'><strong>Sane</strong></span> 
     </span>
    </p>
   </div>
   <div class='ocr_carea' id='block_1_54' title="bbox 2124 2412 3730 2501">
    <p class='ocr_par' dir='ltr' id='par_1_54' title="bbox 2124 2412 3730 2501">
     <span class='ocr_line' id='line_1_54' title="bbox 2124 2412 3730 2501; baseline 0.008 -29"><span class='ocrx_word' id='word_1_394' title='bbox 2124 2419 2265 2473; x_wconf 89' lang='lat' dir='ltr'><strong>inter</strong></span> <span class='ocrx_word' id='word_1_395' title='bbox 2293 2412 2512 2475; x_wconf 79' lang='lat' dir='ltr'><strong>Patrum</strong></span> <span class='ocrx_word' id='word_1_396' title='bbox 2546 2424 2855 2479; x_wconf 86' lang='lat' dir='ltr'><strong>testimonia</strong></span> <span class='ocrx_word' id='word_1_397' title='bbox 2886 2425 3244 2497; x_wconf 81' lang='lat' dir='ltr'><strong>fragmentum</strong></span> <span class='ocrx_word' id='word_1_398' title='bbox 3272 2430 3491 2484; x_wconf 85' lang='lat' dir='ltr'><strong>laudant</strong></span> <span class='ocrx_word' id='word_1_399' title='bbox 3522 2428 3601 2501; x_wconf 84' lang='lat' dir='ltr'>(i)</span> <span class='ocrx_word' id='word_1_400' title='bbox 3631 2431 3730 2485; x_wconf 79' lang='lat' dir='ltr'><strong>Fe-</strong></span> 
     </span>
    </p>
   </div>
   <div class='ocr_carea' id='block_1_55' title="bbox 2125 2512 3727 2593">
    <p class='ocr_par' dir='ltr' id='par_1_55' title="bbox 2125 2512 3727 2593">
     <span class='ocr_line' id='line_1_55' title="bbox 2125 2512 3727 2593; baseline 0.007 -29"><span class='ocrx_word' id='word_1_401' title='bbox 2125 2512 2235 2565; x_wconf 82' lang='lat' dir='ltr'><strong>licis</strong></span> <span class='ocrx_word' id='word_1_402' title='bbox 2261 2512 2571 2569; x_wconf 75' lang='lat' dir='ltr'><strong>sanctissimi</strong></span> <span class='ocrx_word' id='word_1_403' title='bbox 2606 2516 2850 2587; x_wconf 76' lang='lat' dir='ltr'><strong>Episwpi</strong></span> <span class='ocrx_word' id='word_1_404' title='bbox 2878 2516 3079 2583; x_wconf 78' lang='lat' dir='ltr'><strong>Romw,</strong></span> <span class='ocrx_word' id='word_1_405' title='bbox 3113 2532 3160 2574; x_wconf 89' lang='lat' dir='ltr'><strong>et</strong></span> <span class='ocrx_word' id='word_1_406' title='bbox 3184 2520 3430 2593; x_wconf 75' lang='lat' dir='ltr'><strong>Martyris</strong></span> <span class='ocrx_word' id='word_1_407' title='bbox 3458 2523 3524 2576; x_wconf 86' lang='lat' dir='ltr'><strong>ad</strong></span> <span class='ocrx_word' id='word_1_408' title='bbox 3550 2522 3727 2577; x_wconf 75' lang='lat' dir='ltr'><strong>Maxi-</strong></span> 
     </span>
    </p>
   </div>
   <div class='ocr_carea' id='block_1_56' title="bbox 2125 2603 3729 2685">
    <p class='ocr_par' dir='ltr' id='par_1_56' title="bbox 2125 2603 3729 2685">
     <span class='ocr_line' id='line_1_56' title="bbox 2125 2603 3729 2685; baseline 0.009 -29"><span class='ocrx_word' id='word_1_409' title='bbox 2125 2614 2268 2657; x_wconf 81' lang='lat' dir='ltr'><strong>mum</strong></span> <span class='ocrx_word' id='word_1_410' title='bbox 2315 2603 2635 2677; x_wconf 77' lang='lat' dir='ltr'><strong>Episc&#39;op’um</strong></span> <span class='ocrx_word' id='word_1_411' title='bbox 2682 2618 2729 2662; x_wconf 84' lang='lat' dir='ltr'><strong>et</strong></span> <span class='ocrx_word' id='word_1_412' title='bbox 2760 2610 2965 2665; x_wconf 82' lang='lat' dir='ltr'><strong>Clerum</strong></span> <span class='ocrx_word' id='word_1_413' title='bbox 3010 2612 3437 2680; x_wconf 72' lang='lat' dir='ltr'><strong>Alexandrinum,</strong></span> <span class='ocrx_word' id='word_1_414' title='bbox 3487 2615 3627 2685; x_wconf 73' lang='grc' dir='ltr'><strong>(μιοά</strong></span> <span class='ocrx_word' id='word_1_415' title='bbox 3675 2624 3729 2670; x_wconf 84' lang='lat' dir='ltr'><strong>et</strong></span> 
     </span>
    </p>
   </div>
   <div class='ocr_carea' id='block_1_57' title="bbox 2124 2695 3720 2771">
    <p class='ocr_par' dir='ltr' id='par_1_57' title="bbox 2124 2695 3720 2771">
     <span class='ocr_line' id='line_1_57' title="bbox 2124 2695 3720 2771; baseline 0.008 -23"><span class='ocrx_word' id='word_1_416' title='bbox 2124 2695 2364 2767; x_wconf 88' lang='lat' dir='ltr'><strong>Cyrillus</strong></span> <span class='ocrx_word' id='word_1_417' title='bbox 2416 2698 2765 2771; x_wconf 80' lang='lat' dir='ltr'><strong>Apologetlco</strong></span> <span class='ocrx_word' id='word_1_418' title='bbox 2795 2703 3060 2760; x_wconf 82' lang='lat' dir='ltr'><strong>adversus</strong></span> <span class='ocrx_word' id='word_1_419' title='bbox 3091 2704 3394 2763; x_wconf 80' lang='lat' dir='ltr'><strong>Orientales</strong></span> <span class='ocrx_word' id='word_1_420' title='bbox 3431 2708 3495 2761; x_wconf 87' lang='lat' dir='ltr'><strong>ad</strong></span> <span class='ocrx_word' id='word_1_421' title='bbox 3522 2707 3720 2763; x_wconf 85' lang='lat' dir='ltr'><strong>Anatb.</strong></span> 
     </span>
    </p>
   </div>
   <div class='ocr_carea' id='block_1_58' title="bbox 2125 2788 3730 2868">
    <p class='ocr_par' dir='ltr' id='par_1_58' title="bbox 2125 2788 3730 2868">
     <span class='ocr_line' id='line_1_58' title="bbox 2125 2788 3730 2868; baseline 0.009 -27"><span class='ocrx_word' id='word_1_422' title='bbox 2125 2788 2213 2842; x_wconf 86' lang='lat' dir='ltr'><strong>Vl.</strong></span> <span class='ocrx_word' id='word_1_423' title='bbox 2247 2791 2507 2858; x_wconf 88' lang='lat' dir='ltr'><strong>inseruit,</strong></span> <span class='ocrx_word' id='word_1_424' title='bbox 2560 2801 2615 2847; x_wconf 93' lang='lat' dir='ltr'><strong>ct</strong></span> <span class='ocrx_word' id='word_1_425' title='bbox 2659 2793 2854 2849; x_wconf 86' lang='lat' dir='ltr'><strong>Marius</strong></span> <span class='ocrx_word' id='word_1_426' title='bbox 2900 2795 3162 2851; x_wconf 78' lang='lat' dir='ltr'><strong>Mercator</strong></span> <span class='ocrx_word' id='word_1_427' title='bbox 3204 2797 3283 2868; x_wconf 77' lang='lat'>(2)</span> <span class='ocrx_word' id='word_1_428' title='bbox 3324 2800 3592 2854; x_wconf 81' lang='lat' dir='ltr'><strong>latinitate</strong></span> <span class='ocrx_word' id='word_1_429' title='bbox 3633 2798 3730 2855; x_wconf 83' lang='lat' dir='ltr'><strong>do-</strong></span> 
     </span>
    </p>
   </div>
   <div class='ocr_carea' id='block_1_59' title="bbox 2126 2885 2292 2939">
    <p class='ocr_par' dir='ltr' id='par_1_59' title="bbox 2126 2885 2292 2939">
     <span class='ocr_line' id='line_1_59' title="bbox 2126 2885 2292 2939; baseline -0.006 0"><span class='ocrx_word' id='word_1_430' title='bbox 2126 2885 2292 2939; x_wconf 79' lang='lat' dir='ltr'><strong>navit.</strong></span> 
     </span>
    </p>
   </div>
   <div class='ocr_carea' id='block_1_60' title="bbox 2198 2976 3734 3051">
    <p class='ocr_par' dir='ltr' id='par_1_60' title="bbox 2198 2976 3734 3051">
     <span class='ocr_line' id='line_1_60' title="bbox 2198 2976 3734 3051; baseline 0.008 -21"><span class='ocrx_word' id='word_1_431' title='bbox 2198 2976 2449 3048; x_wconf 85' lang='lat' dir='ltr'><strong>Ejusdem</strong></span> <span class='ocrx_word' id='word_1_432' title='bbox 2494 2982 2765 3051; x_wconf 75' lang='lat' dir='ltr'><strong>frngmenti</strong></span> <span class='ocrx_word' id='word_1_433' title='bbox 2807 2983 3070 3037; x_wconf 81' lang='lat' dir='ltr'><strong>sinceritas</strong></span> <span class='ocrx_word' id='word_1_434' title='bbox 3117 2985 3422 3039; x_wconf 82' lang='lat' dir='ltr'><strong>adstruitur.</strong></span> <span class='ocrx_word' id='word_1_435' title='bbox 3464 2985 3580 3040; x_wconf 87' lang='lat' dir='ltr'><strong>Non</strong></span> <span class='ocrx_word' id='word_1_436' title='bbox 3636 2986 3734 3042; x_wconf 90' lang='lat' dir='ltr'><strong>de-</strong></span> 
     </span>
    </p>
   </div>
   <div class='ocr_carea' id='block_1_61' title="bbox 2125 3074 3730 3149">
    <p class='ocr_par' dir='ltr' id='par_1_61' title="bbox 2125 3074 3730 3149">
     <span class='ocr_line' id='line_1_61' title="bbox 2125 3074 3730 3149; baseline 0.007 -26"><span class='ocrx_word' id='word_1_437' title='bbox 2125 3080 2249 3124; x_wconf 90' lang='lat' dir='ltr'><strong>sunt</strong></span> <span class='ocrx_word' id='word_1_438' title='bbox 2281 3081 2458 3127; x_wconf 86' lang='lat' dir='ltr'><strong>tamen</strong></span> <span class='ocrx_word' id='word_1_439' title='bbox 2490 3074 2580 3141; x_wconf 87' lang='lat' dir='ltr'><strong>qui</strong></span> <span class='ocrx_word' id='word_1_440' title='bbox 2604 3075 2958 3144; x_wconf 77' lang='lat' dir='ltr'><strong>fragmentum</strong></span> <span class='ocrx_word' id='word_1_441' title='bbox 2992 3079 3093 3132; x_wconf 91' lang='lat' dir='ltr'><strong>hoc</strong></span> <span class='ocrx_word' id='word_1_442' title='bbox 3118 3078 3283 3133; x_wconf 88' lang='lat' dir='ltr'><strong>Felici</strong></span> <span class='ocrx_word' id='word_1_443' title='bbox 3310 3088 3496 3134; x_wconf 79' lang='lat' dir='ltr'><strong>nostro</strong></span> <span class='ocrx_word' id='word_1_444' title='bbox 3521 3078 3730 3149; x_wconf 85' lang='lat' dir='ltr'><strong>abjudi-</strong></span> 
     </span>
    </p>
   </div>
   <div class='ocr_carea' id='block_1_62' title="bbox 426 3165 3732 3243">
    <p class='ocr_par' dir='ltr' id='par_1_62' title="bbox 426 3165 3732 3243">
     <span class='ocr_line' id='line_1_62' title="bbox 426 3165 3732 3243; baseline 0.001 -19"><span class='ocrx_word' id='word_1_445' title='bbox 426 3170 725 3240; x_wconf 87' lang='lat' dir='ltr'><strong>potuisset,</strong></span> <span class='ocrx_word' id='word_1_446' title='bbox 779 3170 970 3224; x_wconf 88' lang='lat' dir='ltr'><strong>saltem</strong></span> <span class='ocrx_word' id='word_1_447' title='bbox 1029 3170 1332 3225; x_wconf 88' lang='lat' dir='ltr'><strong>successori</strong></span> <span class='ocrx_word' id='word_1_448' title='bbox 1379 3170 1516 3241; x_wconf 76' lang='lat' dir='ltr'><strong>ejus,</strong></span> <span class='ocrx_word' id='word_1_449' title='bbox 1565 3169 2021 3242; x_wconf 85' lang='lat' dir='ltr'><strong>quemadmodum</strong></span> <span class='ocrx_word' id='word_1_450' title='bbox 2050 3169 2095 3232; x_wconf 89' lang='lat' dir='ltr'><strong>C</strong></span> <span class='ocrx_word' id='word_1_451' title='bbox 2129 3173 2337 3231; x_wconf 73' lang='lat' dir='ltr'><strong>cautes,</strong></span> <span class='ocrx_word' id='word_1_452' title='bbox 2378 3165 2508 3219; x_wconf 91' lang='lat' dir='ltr'><strong>illud</strong></span> <span class='ocrx_word' id='word_1_453' title='bbox 2554 3167 2742 3231; x_wconf 75' lang='lat' dir='ltr'><strong>Felici,</strong></span> <span class='ocrx_word' id='word_1_454' title='bbox 2774 3171 2920 3238; x_wconf 88' lang='lat' dir='ltr'><strong>quia</strong></span> <span class='ocrx_word' id='word_1_455' title='bbox 2952 3171 3271 3226; x_wconf 83' lang='lat' dir='ltr'><strong>Constantio</strong></span> <span class='ocrx_word' id='word_1_456' title='bbox 3296 3174 3630 3243; x_wconf 74' lang='lat' dir='ltr'><strong>imperatore</strong></span> <span class='ocrx_word' id='word_1_457' title='bbox 3675 3173 3732 3229; x_wconf 92' lang='lat' dir='ltr'><strong>in</strong></span> 
     </span>
    </p>
   </div>
   <div class='ocr_carea' id='block_1_63' title="bbox 426 3260 2024 3334">
    <p class='ocr_par' dir='ltr' id='par_1_63' title="bbox 426 3260 2024 3334">
     <span class='ocr_line' id='line_1_63' title="bbox 426 3260 2024 3334; baseline 0.001 -18"><span class='ocrx_word' id='word_1_458' title='bbox 426 3260 676 3327; x_wconf 86' lang='lat' dir='ltr'><strong>subinde,</strong></span> <span class='ocrx_word' id='word_1_459' title='bbox 690 3262 903 3332; x_wconf 88' lang='lat' dir='ltr'><strong>quoties</strong></span> <span class='ocrx_word' id='word_1_460' title='bbox 926 3261 1157 3332; x_wconf 80' lang='lat' dir='ltr'><strong>idipsurn</strong></span> <span class='ocrx_word' id='word_1_461' title='bbox 1186 3263 1432 3334; x_wconf 90' lang='lat' dir='ltr'><strong>contigit,</strong></span> <span class='ocrx_word' id='word_1_462' title='bbox 1448 3277 1664 3333; x_wconf 88' lang='lat' dir='ltr'><strong>semper</strong></span> <span class='ocrx_word' id='word_1_463' title='bbox 1686 3263 1882 3317; x_wconf 82' lang='lat' dir='ltr'><strong>factum</strong></span> <span class='ocrx_word' id='word_1_464' title='bbox 1899 3277 2024 3318; x_wconf 86' lang='lat' dir='ltr'><strong>esse</strong></span> 
     </span>
    </p>
   </div>
   <div class='ocr_carea' id='block_1_64' title="bbox 429 3352 1035 3418">
    <p class='ocr_par' dir='ltr' id='par_1_64' title="bbox 429 3352 1035 3418">
     <span class='ocr_line' id='line_1_64' title="bbox 429 3352 1035 3418; baseline -0.002 -10"><span class='ocrx_word' id='word_1_465' title='bbox 429 3361 660 3418; x_wconf 78' lang='lat' dir='ltr'><strong>coastat,</strong></span> <span class='ocrx_word' id='word_1_466' title='bbox 692 3352 901 3408; x_wconf 82' lang='lat' dir='ltr'><strong>reddita</strong></span> <span class='ocrx_word' id='word_1_467' title='bbox 933 3363 1035 3408; x_wconf 89' lang='lat' dir='ltr'><strong>est.</strong></span> 
     </span>
    </p>
   </div>
   <div class='ocr_carea' id='block_1_65' title="bbox 501 3443 2023 3517">
    <p class='ocr_par' dir='ltr' id='par_1_65' title="bbox 501 3443 2023 3517">
     <span class='ocr_line' id='line_1_65' title="bbox 501 3443 2023 3517; baseline 0.001 -17"><span class='ocrx_word' id='word_1_468' title='bbox 501 3446 765 3500; x_wconf 80' lang='lat' dir='ltr'><strong>Aureliani</strong></span> <span class='ocrx_word' id='word_1_469' title='bbox 798 3443 1132 3517; x_wconf 85' lang='lat' dir='ltr'><strong>Imperatoris</strong></span> <span class='ocrx_word' id='word_1_470' title='bbox 1150 3448 1405 3517; x_wconf 87' lang='lat' dir='ltr'><strong>judicium</strong></span> <span class='ocrx_word' id='word_1_471' title='bbox 1433 3446 1678 3502; x_wconf 70' lang='lat' dir='ltr'><strong>Romana:</strong></span> <span class='ocrx_word' id='word_1_472' title='bbox 1701 3448 1809 3501; x_wconf 83' lang='lat' dir='ltr'><strong>sedi</strong></span> <span class='ocrx_word' id='word_1_473' title='bbox 1832 3449 2023 3516; x_wconf 85' lang='lat' dir='ltr'><strong>glorio-</strong></span> 
     </span>
    </p>
   </div>
   <div class='ocr_carea' id='block_1_66' title="bbox 427 3541 2022 3612">
    <p class='ocr_par' dir='ltr' id='par_1_66' title="bbox 427 3541 2022 3612">
     <span class='ocr_line' id='line_1_66' title="bbox 427 3541 2022 3612; baseline 0.001 -15"><span class='ocrx_word' id='word_1_474' title='bbox 427 3558 635 3597; x_wconf 84' lang='lat' dir='ltr'><strong>sum.—</strong></span> <span class='ocrx_word' id='word_1_475' title='bbox 664 3541 882 3596; x_wconf 87' lang='lat' dir='ltr'><strong>Interim</strong></span> <span class='ocrx_word' id='word_1_476' title='bbox 909 3541 1123 3603; x_wconf 89' lang='lat' dir='ltr'><strong>Paulus.</strong></span> <span class='ocrx_word' id='word_1_477' title='bbox 1152 3545 1362 3597; x_wconf 87' lang='lat' dir='ltr'><strong>tametsi</strong></span> <span class='ocrx_word' id='word_1_478' title='bbox 1389 3542 1589 3597; x_wconf 86' lang='lat' dir='ltr'><strong>celebri</strong></span> <span class='ocrx_word' id='word_1_479' title='bbox 1618 3542 1756 3597; x_wconf 84' lang='lat' dir='ltr'><strong>adeo</strong></span> <span class='ocrx_word' id='word_1_480' title='bbox 1777 3543 1987 3612; x_wconf 88' lang='lat' dir='ltr'><strong>synodo</strong></span> <span class='ocrx_word' id='word_1_481' title='bbox 2008 3583 2022 3608; x_wconf 89' lang='lat'><strong>,</strong></span> 
     </span>
    </p>
   </div>
   <div class='ocr_carea' id='block_1_67' title="bbox 432 3634 2027 3706">
    <p class='ocr_par' dir='ltr' id='par_1_67' title="bbox 432 3634 2027 3706">
     <span class='ocr_line' id='line_1_67' title="bbox 432 3634 2027 3706; baseline 0.001 -18"><span class='ocrx_word' id='word_1_482' title='bbox 432 3651 591 3705; x_wconf 88' lang='lat' dir='ltr'><strong>quam</strong></span> <span class='ocrx_word' id='word_1_483' title='bbox 642 3634 911 3706; x_wconf 86' lang='lat' dir='ltr'><strong>octoginta</strong></span> <span class='ocrx_word' id='word_1_484' title='bbox 967 3635 1237 3704; x_wconf 82' lang='lat' dir='ltr'><strong>episcOpis</strong></span> <span class='ocrx_word' id='word_1_485' title='bbox 1285 3636 1594 3691; x_wconf 90' lang='lat' dir='ltr'><strong>constitisse</strong></span> <span class='ocrx_word' id='word_1_486' title='bbox 1632 3635 1869 3689; x_wconf 85' lang='lat' dir='ltr'><strong>Hilarius</strong></span> <span class='ocrx_word' id='word_1_487' title='bbox 1916 3645 2027 3689; x_wconf 81' lang='lat' dir='ltr'><strong>tra-</strong></span> 
     </span>
    </p>
   </div>
   <div class='ocr_carea' id='block_1_68' title="bbox 432 3726 2027 3801">
    <p class='ocr_par' dir='ltr' id='par_1_68' title="bbox 432 3726 2027 3801">
     <span class='ocr_line' id='line_1_68' title="bbox 432 3726 2027 3801; baseline -0.001 -18"><span class='ocrx_word' id='word_1_488' title='bbox 432 3727 509 3783; x_wconf 91' lang='lat' dir='ltr'><strong>dit</strong></span> <span class='ocrx_word' id='word_1_489' title='bbox 538 3726 639 3801; x_wconf 82' lang='lat'>(5),</span> <span class='ocrx_word' id='word_1_490' title='bbox 682 3728 1104 3794; x_wconf 84' lang='lat' dir='ltr'><strong>condemnatus,</strong></span> <span class='ocrx_word' id='word_1_491' title='bbox 1138 3744 1168 3782; x_wconf 91' lang='lat' dir='ltr'><strong>e</strong></span> <span class='ocrx_word' id='word_1_492' title='bbox 1194 3727 1356 3782; x_wconf 91' lang='lat' dir='ltr'><strong>domo</strong></span> <span class='ocrx_word' id='word_1_493' title='bbox 1387 3728 1751 3783; x_wconf 89' lang='lat' dir='ltr'><strong>antiochensis</strong></span> <span class='ocrx_word' id='word_1_494' title='bbox 1779 3728 2027 3782; x_wconf 69' lang='lat' dir='ltr'><strong>ecclesiae</strong></span> 
     </span>
    </p>
   </div>
   <div class='ocr_carea' id='block_1_69' title="bbox 434 3810 2024 3893">
    <p class='ocr_par' dir='ltr' id='par_1_69' title="bbox 434 3810 2024 3893">
     <span class='ocr_line' id='line_1_69' title="bbox 434 3810 2024 3893; baseline -0.001 -16"><span class='ocrx_word' id='word_1_495' title='bbox 434 3821 711 3889; x_wconf 90' lang='lat' dir='ltr'><strong>recedere,</strong></span> <span class='ocrx_word' id='word_1_496' title='bbox 745 3837 971 3893; x_wconf 86' lang='lat' dir='ltr'><strong>eamque</strong></span> <span class='ocrx_word' id='word_1_497' title='bbox 1002 3822 1208 3877; x_wconf 87' lang='lat' dir='ltr'><strong>Domno</strong></span> <span class='ocrx_word' id='word_1_498' title='bbox 1235 3822 1536 3877; x_wconf 81' lang='lat' dir='ltr'><strong>concedere</strong></span> <span class='ocrx_word' id='word_1_499' title='bbox 1566 3820 1654 3875; x_wconf 89' lang='lat' dir='ltr'><strong>diu</strong></span> <span class='ocrx_word' id='word_1_500' title='bbox 1682 3810 2024 3876; x_wconf 78' lang='lat' dir='ltr'><strong>detrectavit.</strong></span> 
     </span>
    </p>
   </div>
   <div class='ocr_carea' id='block_1_70' title="bbox 434 3914 2031 3985">
    <p class='ocr_par' dir='ltr' id='par_1_70' title="bbox 434 3914 2031 3985">
     <span class='ocr_line' id='line_1_70' title="bbox 434 3914 2031 3985; baseline -0.001 -14"><span class='ocrx_word' id='word_1_501' title='bbox 434 3917 719 3984; x_wconf 81' lang='lat' dir='ltr'><strong>Quocirca,</strong></span> <span class='ocrx_word' id='word_1_502' title='bbox 755 3936 774 3967; x_wconf 78' lang='grc' dir='ltr'>ί</span> <span class='ocrx_word' id='word_1_503' title='bbox 803 3916 1174 3985; x_wconf 87' lang='lat' dir='ltr'><strong>interpellatus</strong></span> <span class='ocrx_word' id='word_1_504' title='bbox 1204 3915 1496 3985; x_wconf 85' lang='lat' dir='ltr'><strong>imperator</strong></span> <span class='ocrx_word' id='word_1_505' title='bbox 1541 3915 1896 3982; x_wconf 87' lang='lat' dir='ltr'><strong>Aurelianus,</strong></span> <span class='ocrx_word' id='word_1_506' title='bbox 1924 3914 2031 3969; x_wconf 84' lang='lat' dir='ltr'><strong>Eu-</strong></span> 
     </span>
    </p>
   </div>
   <div class='ocr_carea' id='block_1_71' title="bbox 434 4006 2032 4082">
    <p class='ocr_par' dir='ltr' id='par_1_71' title="bbox 434 4006 2032 4082">
     <span class='ocr_line' id='line_1_71' title="bbox 434 4006 2032 4082; baseline -0.004 -17"><span class='ocrx_word' id='word_1_507' title='bbox 434 4011 569 4068; x_wconf 89' lang='lat' dir='ltr'><strong>sebii</strong></span> <span class='ocrx_word' id='word_1_508' title='bbox 598 4010 867 4066; x_wconf 86' lang='lat' dir='ltr'><strong>sententia</strong></span> <span class='ocrx_word' id='word_1_509' title='bbox 902 4008 981 4082; x_wconf 71' lang='lat' dir='ltr'><strong>(.i)</strong></span> <span class='ocrx_word' id='word_1_510' title='bbox 1012 4009 1115 4065; x_wconf 92' lang='lat' dir='ltr'><strong>hoc</strong></span> <span class='ocrx_word' id='word_1_511' title='bbox 1144 4009 1416 4078; x_wconf 79' lang='lat' dir='ltr'><strong>negotium</strong></span> <span class='ocrx_word' id='word_1_512' title='bbox 1438 4008 1741 4064; x_wconf 88' lang='lat' dir='ltr'><strong>rectissime</strong></span> <span class='ocrx_word' id='word_1_513' title='bbox 1771 4006 2032 4076; x_wconf 87' lang='lat' dir='ltr'><strong>dijudica-</strong></span> 
     </span>
    </p>
   </div>
   <div class='ocr_carea' id='block_1_72' title="bbox 436 4098 2031 4171">
    <p class='ocr_par' dir='ltr' id='par_1_72' title="bbox 436 4098 2031 4171">
     <span class='ocr_line' id='line_1_72' title="bbox 436 4098 2031 4171; baseline -0.003 -15"><span class='ocrx_word' id='word_1_514' title='bbox 436 4104 535 4170; x_wconf 87' lang='lat' dir='ltr'><strong>vit,</strong></span> <span class='ocrx_word' id='word_1_515' title='bbox 561 4102 627 4159; x_wconf 90' lang='lat' dir='ltr'><strong>iis</strong></span> <span class='ocrx_word' id='word_1_516' title='bbox 655 4103 874 4157; x_wconf 92' lang='lat' dir='ltr'><strong>domum</strong></span> <span class='ocrx_word' id='word_1_517' title='bbox 906 4100 1041 4156; x_wconf 89' lang='lat' dir='ltr'><strong>tradi</strong></span> <span class='ocrx_word' id='word_1_518' title='bbox 1071 4099 1393 4171; x_wconf 71' lang='lat' dir='ltr'><strong>prmcipiens</strong></span> <span class='ocrx_word' id='word_1_519' title='bbox 1422 4100 1617 4171; x_wconf 90' lang='lat' dir='ltr'><strong>quibus</strong></span> <span class='ocrx_word' id='word_1_520' title='bbox 1662 4098 1824 4153; x_wconf 86' lang='lat' dir='ltr'><strong>italici</strong></span> <span class='ocrx_word' id='word_1_521' title='bbox 1854 4099 2031 4153; x_wconf 88' lang='lat' dir='ltr'><strong>chris-</strong></span> 
     </span>
    </p>
   </div>
   <div class='ocr_carea' id='block_1_73' title="bbox 440 4193 2031 4267">
    <p class='ocr_par' dir='ltr' id='par_1_73' title="bbox 440 4193 2031 4267">
     <span class='ocr_line' id='line_1_73' title="bbox 440 4193 2031 4267; baseline -0.004 -15"><span class='ocrx_word' id='word_1_522' title='bbox 440 4198 595 4252; x_wconf 78' lang='lat' dir='ltr'><strong>tiana:</strong></span> <span class='ocrx_word' id='word_1_523' title='bbox 623 4196 900 4267; x_wconf 82' lang='lat' dir='ltr'><strong>religionis</strong></span> <span class='ocrx_word' id='word_1_524' title='bbox 920 4195 1192 4251; x_wconf 78' lang='lat' dir='ltr'><strong>antisdtes</strong></span> <span class='ocrx_word' id='word_1_525' title='bbox 1219 4205 1272 4251; x_wconf 87' lang='lat' dir='ltr'><strong>et</strong></span> <span class='ocrx_word' id='word_1_526' title='bbox 1301 4210 1557 4250; x_wconf 89' lang='lat' dir='ltr'><strong>romanus</strong></span> <span class='ocrx_word' id='word_1_527' title='bbox 1584 4195 1870 4265; x_wconf 85' lang='lat' dir='ltr'><strong>episcopus</strong></span> <span class='ocrx_word' id='word_1_528' title='bbox 1894 4193 2031 4248; x_wconf 83' lang='lat' dir='ltr'><strong>scri-</strong></span> 
     </span>
    </p>
   </div>
   <div class='ocr_carea' id='block_1_74' title="bbox 439 4288 2035 4360">
    <p class='ocr_par' dir='ltr' id='par_1_74' title="bbox 439 4288 2035 4360">
     <span class='ocr_line' id='line_1_74' title="bbox 439 4288 2035 4360; baseline -0.004 -12"><span class='ocrx_word' id='word_1_529' title='bbox 439 4292 648 4348; x_wconf 83' lang='lat' dir='ltr'><strong>herent.</strong></span> <span class='ocrx_word' id='word_1_530' title='bbox 680 4291 791 4345; x_wconf 85' lang='lat' dir='ltr'><strong>Hac</strong></span> <span class='ocrx_word' id='word_1_531' title='bbox 832 4300 1010 4345; x_wconf 90' lang='lat' dir='ltr'><strong>autem</strong></span> <span class='ocrx_word' id='word_1_532' title='bbox 1054 4291 1107 4343; x_wconf 92' lang='lat' dir='ltr'><strong>in</strong></span> <span class='ocrx_word' id='word_1_533' title='bbox 1136 4305 1296 4345; x_wconf 85' lang='lat' dir='ltr'><strong>causa</strong></span> <span class='ocrx_word' id='word_1_534' title='bbox 1330 4289 1666 4360; x_wconf 85' lang='lat' dir='ltr'><strong>interpellari</strong></span> <span class='ocrx_word' id='word_1_535' title='bbox 1711 4288 1894 4358; x_wconf 89' lang='lat' dir='ltr'><strong>nequit</strong></span> <span class='ocrx_word' id='word_1_536' title='bbox 1925 4289 2035 4341; x_wconf 86' lang='lat' dir='ltr'><strong>Au-</strong></span> 
     </span>
    </p>
   </div>
   <div class='ocr_carea' id='block_1_75' title="bbox 442 4379 2035 4451">
    <p class='ocr_par' dir='ltr' id='par_1_75' title="bbox 442 4379 2035 4451">
     <span class='ocr_line' id='line_1_75' title="bbox 442 4379 2035 4451; baseline -0.004 -13"><span class='ocrx_word' id='word_1_537' title='bbox 442 4384 679 4439; x_wconf 86' lang='lat' dir='ltr'><strong>relianus</strong></span> <span class='ocrx_word' id='word_1_538' title='bbox 701 4425 715 4450; x_wconf 92' lang='lat'><strong>,</strong></span> <span class='ocrx_word' id='word_1_539' title='bbox 746 4380 849 4435; x_wconf 91' lang='lat' dir='ltr'><strong>nisi</strong></span> <span class='ocrx_word' id='word_1_540' title='bbox 890 4389 1169 4451; x_wconf 84' lang='lat' dir='ltr'><strong>postquam</strong></span> <span class='ocrx_word' id='word_1_541' title='bbox 1194 4381 1261 4447; x_wconf 91' lang='lat' dir='ltr'><strong>is,</strong></span> <span class='ocrx_word' id='word_1_542' title='bbox 1296 4380 1530 4436; x_wconf 87' lang='lat' dir='ltr'><strong>Zeuobia</strong></span> <span class='ocrx_word' id='word_1_543' title='bbox 1556 4379 1792 4435; x_wconf 89' lang='lat' dir='ltr'><strong>Orientis</strong></span> <span class='ocrx_word' id='word_1_544' title='bbox 1817 4379 2035 4434; x_wconf 88' lang='lat' dir='ltr'><strong>domina</strong></span> 
     </span>
    </p>
   </div>
   <div class='ocr_carea' id='block_1_76' title="bbox 443 4464 2035 4545">
    <p class='ocr_par' dir='ltr' id='par_1_76' title="bbox 443 4464 2035 4545">
     <span class='ocr_line' id='line_1_76' title="bbox 443 4464 2035 4545; baseline -0.003 -13"><span class='ocrx_word' id='word_1_545' title='bbox 443 4486 499 4532; x_wconf 89' lang='lat' dir='ltr'><strong>et</strong></span> <span class='ocrx_word' id='word_1_546' title='bbox 538 4464 686 4532; x_wconf 83' lang='lat' dir='ltr'><strong>Pauli</strong></span> <span class='ocrx_word' id='word_1_547' title='bbox 716 4484 937 4545; x_wconf 89' lang='lat' dir='ltr'><strong>patrona</strong></span> <span class='ocrx_word' id='word_1_548' title='bbox 966 4473 1196 4538; x_wconf 89' lang='lat' dir='ltr'><strong>devicta,</strong></span> <span class='ocrx_word' id='word_1_549' title='bbox 1234 4474 1575 4528; x_wconf 84' lang='lat' dir='ltr'><strong>Antiochiam</strong></span> <span class='ocrx_word' id='word_1_550' title='bbox 1606 4475 1809 4542; x_wconf 89' lang='lat' dir='ltr'><strong>recepit</strong></span> <span class='ocrx_word' id='word_1_551' title='bbox 1840 4493 1852 4527; x_wconf 89' lang='lat'>:</span> <span class='ocrx_word' id='word_1_552' title='bbox 1893 4473 2035 4543; x_wconf 91' lang='lat' dir='ltr'><strong>quod</strong></span> 
     </span>
    </p>
   </div>
   <div class='ocr_carea' id='block_1_77' title="bbox 2128 3255 3732 3336">
    <p class='ocr_par' dir='ltr' id='par_1_77' title="bbox 2128 3255 3732 3336">
     <span class='ocr_line' id='line_1_77' title="bbox 2128 3255 3732 3336; baseline 0.008 -28"><span class='ocrx_word' id='word_1_553' title='bbox 2128 3255 2326 3311; x_wconf 88' lang='lat' dir='ltr'><strong>Liberii</strong></span> <span class='ocrx_word' id='word_1_554' title='bbox 2355 3258 2531 3312; x_wconf 85' lang='lat' dir='ltr'><strong>locum</strong></span> <span class='ocrx_word' id='word_1_555' title='bbox 2562 3259 2881 3332; x_wconf 83' lang='lat' dir='ltr'><strong>subrogatus</strong></span> <span class='ocrx_word' id='word_1_556' title='bbox 2901 3276 3004 3326; x_wconf 73' lang='grc' dir='ltr'><strong>εει,</strong></span> <span class='ocrx_word' id='word_1_557' title='bbox 3024 3263 3371 3320; x_wconf 80' lang='lat' dir='ltr'><strong>tribuendum</strong></span> <span class='ocrx_word' id='word_1_558' title='bbox 3399 3274 3602 3336; x_wconf 84' lang='lat' dir='ltr'><strong>putent.</strong></span> <span class='ocrx_word' id='word_1_559' title='bbox 3630 3265 3732 3321; x_wconf 87' lang='lat' dir='ltr'><strong>Ve-</strong></span> 
     </span>
    </p>
   </div>
   <div class='ocr_carea' id='block_1_78' title="bbox 2125 3352 3773 3428">
    <p class='ocr_par' dir='ltr' id='par_1_78' title="bbox 2125 3352 3773 3428">
     <span class='ocr_line' id='line_1_78' title="bbox 2125 3352 3773 3428; baseline 0.006 -26"><span class='ocrx_word' id='word_1_560' title='bbox 2125 3365 2243 3402; x_wconf 88' lang='lat' dir='ltr'><strong>rum</strong></span> <span class='ocrx_word' id='word_1_561' title='bbox 2268 3352 2400 3404; x_wconf 88' lang='lat' dir='ltr'><strong>levis</strong></span> <span class='ocrx_word' id='word_1_562' title='bbox 2420 3361 2502 3405; x_wconf 87' lang='lat' dir='ltr'><strong>est</strong></span> <span class='ocrx_word' id='word_1_563' title='bbox 2518 3354 2737 3408; x_wconf 88' lang='lat' dir='ltr'><strong>omnino</strong></span> <span class='ocrx_word' id='word_1_564' title='bbox 2754 3358 2916 3421; x_wconf 80' lang='lat' dir='ltr'><strong>ratio,</strong></span> <span class='ocrx_word' id='word_1_565' title='bbox 2943 3358 3061 3426; x_wconf 72' lang='lat' dir='ltr'><strong>qua:</strong></span> <span class='ocrx_word' id='word_1_566' title='bbox 3082 3370 3177 3411; x_wconf 87' lang='lat' dir='ltr'><strong>eos</strong></span> <span class='ocrx_word' id='word_1_567' title='bbox 3196 3358 3250 3411; x_wconf 75' lang='lat' dir='ltr'><strong>in</strong></span> <span class='ocrx_word' id='word_1_568' title='bbox 3278 3357 3585 3427; x_wconf 90' lang='lat' dir='ltr'><strong>hujusmodi</strong></span> <span class='ocrx_word' id='word_1_569' title='bbox 3613 3358 3731 3428; x_wconf 86' lang='lat' dir='ltr'><strong>opi-</strong></span> <span class='ocrx_word' id='word_1_570' title='bbox 3762 3364 3773 3376; x_wconf 90' lang='grc'><strong><em>⁸</em></strong></span> 
     </span>
    </p>
   </div>
   <div class='ocr_carea' id='block_1_79' title="bbox 2130 3445 3727 3524">
    <p class='ocr_par' dir='ltr' id='par_1_79' title="bbox 2130 3445 3727 3524">
     <span class='ocr_line' id='line_1_79' title="bbox 2130 3445 3727 3524; baseline 0.006 -28"><span class='ocrx_word' id='word_1_571' title='bbox 2130 3445 2345 3500; x_wconf 86' lang='lat' dir='ltr'><strong>nionem</strong></span> <span class='ocrx_word' id='word_1_572' title='bbox 2369 3445 2611 3500; x_wconf 80' lang='lat' dir='ltr'><strong>adduxit.</strong></span> <span class='ocrx_word' id='word_1_573' title='bbox 2630 3447 2744 3503; x_wconf 84' lang='lat' dir='ltr'><strong>lloc</strong></span> <span class='ocrx_word' id='word_1_574' title='bbox 2766 3450 2963 3520; x_wconf 86' lang='lat' dir='ltr'><strong>quippe</strong></span> <span class='ocrx_word' id='word_1_575' title='bbox 2979 3467 3086 3505; x_wconf 91' lang='lat' dir='ltr'><strong>uno</strong></span> <span class='ocrx_word' id='word_1_576' title='bbox 3109 3452 3360 3506; x_wconf 78' lang='lat' dir='ltr'><strong>‘nituntur</strong></span> <span class='ocrx_word' id='word_1_577' title='bbox 3383 3462 3727 3524; x_wconf 83' lang='lat' dir='ltr'><strong>argumento,</strong></span> 
     </span>
    </p>
   </div>
   <div class='ocr_carea' id='block_1_80' title="bbox 2128 3534 3736 3616">
    <p class='ocr_par' dir='ltr' id='par_1_80' title="bbox 2128 3534 3736 3616">
     <span class='ocr_line' id='line_1_80' title="bbox 2128 3534 3736 3616; baseline 0.004 -22"><span class='ocrx_word' id='word_1_578' title='bbox 2128 3534 2269 3609; x_wconf 86' lang='lat' dir='ltr'><strong>quod</strong></span> <span class='ocrx_word' id='word_1_579' title='bbox 2304 3538 2660 3611; x_wconf 72' lang='lat' dir='ltr'><strong>fragmentum</strong></span> <span class='ocrx_word' id='word_1_580' title='bbox 2702 3536 2845 3600; x_wconf 86' lang='lat' dir='ltr'><strong>istud</strong></span> <span class='ocrx_word' id='word_1_581' title='bbox 2888 3547 2938 3600; x_wconf 92' lang='lat' dir='ltr'><strong>in</strong></span> <span class='ocrx_word' id='word_1_582' title='bbox 2971 3546 3233 3616; x_wconf 88' lang='lat' dir='ltr'><strong>ephesiuo</strong></span> <span class='ocrx_word' id='word_1_583' title='bbox 3274 3545 3535 3613; x_wconf 90' lang='lat' dir='ltr'><strong>concilio,</strong></span> <span class='ocrx_word' id='word_1_584' title='bbox 3585 3556 3641 3600; x_wconf 93' lang='lat' dir='ltr'><strong>ut</strong></span> <span class='ocrx_word' id='word_1_585' title='bbox 3678 3553 3736 3601; x_wconf 89' lang='lat' dir='ltr'><strong>et</strong></span> 
     </span>
    </p>
   </div>
   <div class='ocr_carea' id='block_1_81' title="bbox 2130 3635 3736 3713">
    <p class='ocr_par' dir='ltr' id='par_1_81' title="bbox 2130 3635 3736 3713">
     <span class='ocr_line' id='line_1_81' title="bbox 2130 3635 3736 3713; baseline 0.006 -25"><span class='ocrx_word' id='word_1_586' title='bbox 2130 3635 2272 3705; x_wconf 86' lang='lat' dir='ltr'><strong>apud</strong></span> <span class='ocrx_word' id='word_1_587' title='bbox 2300 3636 2557 3707; x_wconf 87' lang='lat' dir='ltr'><strong>Cyrillum</strong></span> <span class='ocrx_word' id='word_1_588' title='bbox 2585 3638 2710 3693; x_wconf 79' lang='lat' dir='ltr'><strong>Julii</strong></span> <span class='ocrx_word' id='word_1_589' title='bbox 2738 3655 2895 3710; x_wconf 68' lang='lat' dir='ltr'><strong>papae</strong></span> <span class='ocrx_word' id='word_1_590' title='bbox 2922 3642 3237 3696; x_wconf 87' lang='lat' dir='ltr'><strong>testimonio</strong></span> <span class='ocrx_word' id='word_1_591' title='bbox 3264 3650 3640 3713; x_wconf 83' lang='lat' dir='ltr'><strong>postponatur.</strong></span> <span class='ocrx_word' id='word_1_592' title='bbox 3676 3641 3736 3698; x_wconf 87' lang='lat' dir='ltr'><strong>Si</strong></span> 
     </span>
    </p>
   </div>
   <div class='ocr_carea' id='block_1_82' title="bbox 2131 3727 3737 3793">
    <p class='ocr_par' dir='ltr' id='par_1_82' title="bbox 2131 3727 3737 3793">
     <span class='ocr_line' id='line_1_82' title="bbox 2131 3727 3737 3793; baseline 0.006 -14"><span class='ocrx_word' id='word_1_593' title='bbox 2131 3732 2308 3782; x_wconf 77' lang='lat' dir='ltr'><strong>autem</strong></span> <span class='ocrx_word' id='word_1_594' title='bbox 2338 3727 2543 3783; x_wconf 66' lang='lat' dir='ltr'><strong>Valere‘t</strong></span> <span class='ocrx_word' id='word_1_595' title='bbox 2564 3730 2666 3783; x_wconf 79' lang='lat' dir='ltr'><strong>ista</strong></span> <span class='ocrx_word' id='word_1_596' title='bbox 2697 3732 2857 3793; x_wconf 80' lang='lat' dir='ltr'><strong>ratio,</strong></span> <span class='ocrx_word' id='word_1_597' title='bbox 2887 3731 3030 3787; x_wconf 82' lang='lat' dir='ltr'><strong>Julio</strong></span> <span class='ocrx_word' id='word_1_598' title='bbox 3061 3742 3123 3787; x_wconf 64' lang='lat' dir='ltr'><strong>ac</strong></span> <span class='ocrx_word' id='word_1_599' title='bbox 3150 3734 3331 3789; x_wconf 84' lang='lat' dir='ltr'><strong>Felice</strong></span> <span class='ocrx_word' id='word_1_600' title='bbox 3358 3733 3622 3789; x_wconf 80' lang='lat' dir='ltr'><strong>dicendus</strong></span> <span class='ocrx_word' id='word_1_601' title='bbox 3648 3748 3737 3790; x_wconf 89' lang='lat' dir='ltr'><strong>es-</strong></span> 
     </span>
    </p>
   </div>
   <div class='ocr_carea' id='block_1_83' title="bbox 2134 3818 3735 3896">
    <p class='ocr_par' dir='ltr' id='par_1_83' title="bbox 2134 3818 3735 3896">
     <span class='ocr_line' id='line_1_83' title="bbox 2134 3818 3735 3896; baseline 0.004 -21"><span class='ocrx_word' id='word_1_602' title='bbox 2134 3833 2215 3876; x_wconf 86' lang='lat' dir='ltr'><strong>set</strong></span> <span class='ocrx_word' id='word_1_603' title='bbox 2242 3818 2509 3890; x_wconf 85' lang='lat' dir='ltr'><strong>posterior</strong></span> <span class='ocrx_word' id='word_1_604' title='bbox 2558 3823 2896 3895; x_wconf 82' lang='lat' dir='ltr'><strong>Cyprianus;</strong></span> <span class='ocrx_word' id='word_1_605' title='bbox 2946 3826 3213 3893; x_wconf 85' lang='lat' dir='ltr'><strong>siquidem</strong></span> <span class='ocrx_word' id='word_1_606' title='bbox 3265 3828 3310 3882; x_wconf 82' lang='lat' dir='ltr'><strong>is</strong></span> <span class='ocrx_word' id='word_1_607' title='bbox 3356 3828 3477 3896; x_wconf 79' lang='lat' dir='ltr'><strong>post</strong></span> <span class='ocrx_word' id='word_1_608' title='bbox 3506 3826 3631 3882; x_wconf 91' lang='lat' dir='ltr'><strong>illos</strong></span> <span class='ocrx_word' id='word_1_609' title='bbox 3679 3828 3735 3882; x_wconf 91' lang='lat' dir='ltr'><strong>in</strong></span> 
     </span>
    </p>
   </div>
   <div class='ocr_carea' id='block_1_84' title="bbox 2136 3913 3737 3983">
    <p class='ocr_par' dir='ltr' id='par_1_84' title="bbox 2136 3913 3737 3983">
     <span class='ocr_line' id='line_1_84' title="bbox 2136 3913 3737 3983; baseline 0.006 -18"><span class='ocrx_word' id='word_1_610' title='bbox 2136 3913 2394 3981; x_wconf 69' lang='lat' dir='ltr'><strong>pra-dicto</strong></span> <span class='ocrx_word' id='word_1_611' title='bbox 2433 3917 2667 3970; x_wconf 84' lang='lat' dir='ltr'><strong>concilio</strong></span> <span class='ocrx_word' id='word_1_612' title='bbox 2708 3918 2934 3983; x_wconf 84' lang='lat' dir='ltr'><strong>citatur;</strong></span> <span class='ocrx_word' id='word_1_613' title='bbox 2964 3930 3020 3973; x_wconf 88' lang='lat' dir='ltr'><strong>et</strong></span> <span class='ocrx_word' id='word_1_614' title='bbox 3045 3931 3260 3974; x_wconf 88' lang='lat' dir='ltr'><strong>rursum</strong></span> <span class='ocrx_word' id='word_1_615' title='bbox 3289 3919 3473 3976; x_wconf 88' lang='lat' dir='ltr'><strong>Felice</strong></span> <span class='ocrx_word' id='word_1_616' title='bbox 3500 3932 3564 3975; x_wconf 76' lang='lat' dir='ltr'><strong>ac</strong></span> <span class='ocrx_word' id='word_1_617' title='bbox 3592 3919 3737 3975; x_wconf 86' lang='lat' dir='ltr'><strong>Julio</strong></span> 
     </span>
    </p>
   </div>
   <div class='ocr_carea' id='block_1_85' title="bbox 2136 4006 3737 4082">
    <p class='ocr_par' dir='ltr' id='par_1_85' title="bbox 2136 4006 3737 4082">
     <span class='ocr_line' id='line_1_85' title="bbox 2136 4006 3737 4082; baseline 0.006 -24"><span class='ocrx_word' id='word_1_618' title='bbox 2136 4006 2408 4074; x_wconf 82' lang='lat' dir='ltr'><strong>antiquior</strong></span> <span class='ocrx_word' id='word_1_619' title='bbox 2461 4008 2767 4063; x_wconf 86' lang='lat' dir='ltr'><strong>censendus</strong></span> <span class='ocrx_word' id='word_1_620' title='bbox 2815 4011 2954 4063; x_wconf 80' lang='lat' dir='ltr'><strong>feret</strong></span> <span class='ocrx_word' id='word_1_621' title='bbox 2984 4012 3193 4066; x_wconf 79' lang='lat' dir='ltr'><strong>Atticus</strong></span> <span class='ocrx_word' id='word_1_622' title='bbox 3237 4012 3537 4082; x_wconf 79' lang='lat' dir='ltr'><strong>Episcopus</strong></span> <span class='ocrx_word' id='word_1_623' title='bbox 3577 4013 3638 4067; x_wconf 78' lang='grc' dir='ltr'><strong>Ο.</strong></span> <span class='ocrx_word' id='word_1_624' title='bbox 3672 4012 3737 4067; x_wconf 86' lang='grc' dir='ltr'><strong>Ρ.</strong></span> 
     </span>
    </p>
   </div>
   <div class='ocr_carea' id='block_1_86' title="bbox 2136 4095 3739 4176">
    <p class='ocr_par' dir='ltr' id='par_1_86' title="bbox 2136 4095 3739 4176">
     <span class='ocr_line' id='line_1_86' title="bbox 2136 4095 3739 4176; baseline 0.009 -29"><span class='ocrx_word' id='word_1_625' title='bbox 2136 4095 2336 4167; x_wconf 84' lang='lat' dir='ltr'><strong>quippe</strong></span> <span class='ocrx_word' id='word_1_626' title='bbox 2361 4098 2448 4165; x_wconf 84' lang='lat' dir='ltr'><strong>qui</strong></span> <span class='ocrx_word' id='word_1_627' title='bbox 2479 4099 2682 4155; x_wconf 88' lang='lat' dir='ltr'><strong>eisdem</strong></span> <span class='ocrx_word' id='word_1_628' title='bbox 2711 4102 2763 4155; x_wconf 88' lang='lat' dir='ltr'><strong>in</strong></span> <span class='ocrx_word' id='word_1_629' title='bbox 2788 4100 3005 4158; x_wconf 82' lang='lat' dir='ltr'><strong>laudato</strong></span> <span class='ocrx_word' id='word_1_630' title='bbox 3024 4096 3215 4176; x_wconf 77' lang='lat' dir='ltr'><strong>Cyr-illi</strong></span> <span class='ocrx_word' id='word_1_631' title='bbox 3247 4107 3602 4175; x_wconf 68' lang='lat' dir='ltr'><strong>prteponitu‘r.</strong></span> <span class='ocrx_word' id='word_1_632' title='bbox 3631 4100 3739 4161; x_wconf 86' lang='lat' dir='ltr'><strong>Sed</strong></span> 
     </span>
    </p>
   </div>
   <div class='ocr_carea' id='block_1_87' title="bbox 2138 4186 3738 4266">
    <p class='ocr_par' dir='ltr' id='par_1_87' title="bbox 2138 4186 3738 4266">
     <span class='ocr_line' id='line_1_87' title="bbox 2138 4186 3738 4266; baseline 0.006 -23"><span class='ocrx_word' id='word_1_633' title='bbox 2138 4186 2457 4245; x_wconf 79' lang='lat' dir='ltr'><strong>Vincentius</strong></span> <span class='ocrx_word' id='word_1_634' title='bbox 2498 4186 2803 4247; x_wconf 84' lang='lat' dir='ltr'><strong>Lirinensis</strong></span> <span class='ocrx_word' id='word_1_635' title='bbox 2833 4192 2939 4265; x_wconf 73' lang='grc' dir='ltr'><strong>(ὅ),</strong></span> <span class='ocrx_word' id='word_1_636' title='bbox 2985 4206 3039 4250; x_wconf 90' lang='lat' dir='ltr'><strong>et</strong></span> <span class='ocrx_word' id='word_1_637' title='bbox 3074 4188 3335 4266; x_wconf 84' lang='lat' dir='ltr'><strong>llypatius</strong></span> <span class='ocrx_word' id='word_1_638' title='bbox 3376 4194 3738 4265; x_wconf 77' lang='lat' dir='ltr'><strong>Ephesiorum</strong></span> 
     </span>
    </p>
   </div>
   <div class='ocr_carea' id='block_1_88' title="bbox 2141 4283 3740 4359">
    <p class='ocr_par' dir='ltr' id='par_1_88' title="bbox 2141 4283 3740 4359">
     <span class='ocr_line' id='line_1_88' title="bbox 2141 4283 3740 4359; baseline 0.008 -24"><span class='ocrx_word' id='word_1_639' title='bbox 2141 4283 2426 4351; x_wconf 81' lang='lat' dir='ltr'><strong>episcopus</strong></span> <span class='ocrx_word' id='word_1_640' title='bbox 2472 4285 2528 4336; x_wconf 87' lang='lat' dir='ltr'><strong>in</strong></span> <span class='ocrx_word' id='word_1_641' title='bbox 2568 4285 2858 4342; x_wconf 83' lang='lat' dir='ltr'><strong>collatione</strong></span> <span class='ocrx_word' id='word_1_642' title='bbox 2914 4298 3037 4342; x_wconf 85' lang='lat' dir='ltr'><strong>cum</strong></span> <span class='ocrx_word' id='word_1_643' title='bbox 3089 4290 3395 4359; x_wconf 83' lang='lat' dir='ltr'><strong>acephalis,</strong></span> <span class='ocrx_word' id='word_1_644' title='bbox 3426 4290 3515 4346; x_wconf 84' lang='lat' dir='ltr'><strong>ubi</strong></span> <span class='ocrx_word' id='word_1_645' title='bbox 3547 4292 3740 4347; x_wconf 88' lang='lat' dir='ltr'><strong>eadem</strong></span> 
     </span>
    </p>
   </div>
   <div class='ocr_carea' id='block_1_89' title="bbox 2140 4379 3743 4459">
    <p class='ocr_par' dir='ltr' id='par_1_89' title="bbox 2140 4379 3743 4459">
     <span class='ocr_line' id='line_1_89' title="bbox 2140 4379 3743 4459; baseline 0.009 -29"><span class='ocrx_word' id='word_1_646' title='bbox 2140 4379 2447 4432; x_wconf 83' lang='lat' dir='ltr'><strong>testimonia</strong></span> <span class='ocrx_word' id='word_1_647' title='bbox 2483 4392 2911 4437; x_wconf 66' lang='lat' dir='ltr'><strong>commemorant</strong></span> <span class='ocrx_word' id='word_1_648' title='bbox 2931 4426 2944 4448; x_wconf 90' lang='lat'><strong>,</strong></span> <span class='ocrx_word' id='word_1_649' title='bbox 2973 4380 3210 4442; x_wconf 76' lang='lat' dir='ltr'><strong>Felicem</strong></span> <span class='ocrx_word' id='word_1_650' title='bbox 3241 4387 3418 4453; x_wconf 89' lang='lat' dir='ltr'><strong>Julio,</strong></span> <span class='ocrx_word' id='word_1_651' title='bbox 3448 4398 3605 4459; x_wconf 90' lang='lat' dir='ltr'><strong>prout</strong></span> <span class='ocrx_word' id='word_1_652' title='bbox 3628 4390 3743 4445; x_wconf 78' lang='lat' dir='ltr'><strong>exi-</strong></span> 
     </span>
    </p>
   </div>
   <div class='ocr_carea' id='block_1_90' title="bbox 2142 4471 3742 4549">
    <p class='ocr_par' dir='ltr' id='par_1_90' title="bbox 2142 4471 3742 4549">
     <span class='ocr_line' id='line_1_90' title="bbox 2142 4471 3742 4549; baseline 0.008 -24"><span class='ocrx_word' id='word_1_653' title='bbox 2142 4471 2219 4541; x_wconf 80' lang='lat' dir='ltr'><strong>git</strong></span> <span class='ocrx_word' id='word_1_654' title='bbox 2250 4480 2548 4542; x_wconf 86' lang='lat' dir='ltr'><strong>temporum</strong></span> <span class='ocrx_word' id='word_1_655' title='bbox 2578 4474 2730 4540; x_wconf 90' lang='lat' dir='ltr'><strong>ordo,</strong></span> <span class='ocrx_word' id='word_1_656' title='bbox 2768 4489 3107 4549; x_wconf 81' lang='lat' dir='ltr'><strong>praeponunt.</strong></span> <span class='ocrx_word' id='word_1_657' title='bbox 3146 4480 3414 4537; x_wconf 56' lang='lat' dir='ltr'><strong>Praeterea</strong></span> <span class='ocrx_word' id='word_1_658' title='bbox 3446 4496 3604 4537; x_wconf 90' lang='lat' dir='ltr'><strong>nemo</strong></span> <span class='ocrx_word' id='word_1_659' title='bbox 3631 4496 3742 4537; x_wconf 88' lang='lat' dir='ltr'><strong>non</strong></span> 
     </span>
    </p>
   </div>
   <div class='ocr_carea' id='block_1_91' title="bbox 446 4550 3742 4650">
    <p class='ocr_par' dir='ltr' id='par_1_91' title="bbox 446 4550 3742 4650">
     <span class='ocr_line' id='line_1_91' title="bbox 446 4550 3742 4650; baseline 0.002 -26"><span class='ocrx_word' id='word_1_660' title='bbox 446 4556 662 4641; x_wconf 86' lang='lat' dir='ltr'><strong>quidem</strong></span> <span class='ocrx_word' id='word_1_661' title='bbox 693 4558 792 4623; x_wconf 87' lang='lat' dir='ltr'><strong>sub</strong></span> <span class='ocrx_word' id='word_1_662' title='bbox 818 4567 1021 4624; x_wconf 83' lang='lat' dir='ltr'><strong>exitum</strong></span> <span class='ocrx_word' id='word_1_663' title='bbox 1067 4565 1192 4620; x_wconf 90' lang='lat' dir='ltr'><strong>anni</strong></span> <span class='ocrx_word' id='word_1_664' title='bbox 1235 4550 1342 4620; x_wconf 72' lang='lat'><strong>272</strong></span> <span class='ocrx_word' id='word_1_665' title='bbox 1379 4564 1669 4636; x_wconf 87' lang='lat' dir='ltr'><strong>contigisse</strong></span> <span class='ocrx_word' id='word_1_666' title='bbox 1707 4566 1903 4621; x_wconf 89' lang='lat' dir='ltr'><strong>eruditi</strong></span> <span class='ocrx_word' id='word_1_667' title='bbox 1934 4584 2029 4622; x_wconf 79' lang='lat' dir='ltr'><strong>no-</strong></span> <span class='ocrx_word' id='word_1_668' title='bbox 2060 4567 2115 4629; x_wconf 90' lang='lat' dir='ltr'><strong>D</strong></span> <span class='ocrx_word' id='word_1_669' title='bbox 2143 4566 2288 4622; x_wconf 89' lang='lat' dir='ltr'><strong>videt</strong></span> <span class='ocrx_word' id='word_1_670' title='bbox 2332 4568 2612 4640; x_wconf 85' lang='lat' dir='ltr'><strong>indignum</strong></span> <span class='ocrx_word' id='word_1_671' title='bbox 2650 4586 2872 4643; x_wconf 84' lang='lat' dir='ltr'><strong>prorsus</strong></span> <span class='ocrx_word' id='word_1_672' title='bbox 2920 4574 3087 4631; x_wconf 79' lang='lat' dir='ltr'><strong>fuiSse</strong></span> <span class='ocrx_word' id='word_1_673' title='bbox 3118 4584 3267 4631; x_wconf 78' lang='lat' dir='ltr'><strong>tanta</strong></span> <span class='ocrx_word' id='word_1_674' title='bbox 3300 4577 3553 4650; x_wconf 83' lang='lat' dir='ltr'><strong>Synodo,</strong></span> <span class='ocrx_word' id='word_1_675' title='bbox 3588 4589 3648 4634; x_wconf 85' lang='lat' dir='ltr'><strong>ut</strong></span> <span class='ocrx_word' id='word_1_676' title='bbox 3674 4578 3742 4634; x_wconf 83' lang='lat' dir='ltr'><strong>ad</strong></span> 
     </span>
    </p>
   </div>
   <div class='ocr_carea' id='block_1_92' title="bbox 453 4673 587 4720">
    <p class='ocr_par' dir='ltr' id='par_1_92' title="bbox 453 4673 587 4720">
     <span class='ocr_line' id='line_1_92' title="bbox 453 4673 587 4720; baseline -0.022 0"><span class='ocrx_word' id='word_1_677' title='bbox 453 4673 587 4720; x_wconf 89' lang='lat' dir='ltr'><strong>tant.</strong></span> 
     </span>
    </p>
   </div>
   <div class='ocr_carea' id='block_1_93' title="bbox 451 4753 2040 4826">
    <p class='ocr_par' dir='ltr' id='par_1_93' title="bbox 451 4753 2040 4826">
     <span class='ocr_line' id='line_1_93' title="bbox 451 4753 2040 4826; baseline -0.004 -11"><span class='ocrx_word' id='word_1_678' title='bbox 451 4788 457 4815; x_wconf 74' lang='grc' dir='ltr'>ς</span> <span class='ocrx_word' id='word_1_679' title='bbox 525 4761 655 4815; x_wconf 87' lang='lat' dir='ltr'><strong>Tam</strong></span> <span class='ocrx_word' id='word_1_680' title='bbox 686 4756 900 4824; x_wconf 87' lang='lat' dir='ltr'><strong>celebre</strong></span> <span class='ocrx_word' id='word_1_681' title='bbox 935 4754 1194 4826; x_wconf 88' lang='lat' dir='ltr'><strong>judicium</strong></span> <span class='ocrx_word' id='word_1_682' title='bbox 1234 4754 1558 4824; x_wconf 84' lang='lat' dir='ltr'><strong>postulabat,</strong></span> <span class='ocrx_word' id='word_1_683' title='bbox 1589 4763 1646 4809; x_wconf 91' lang='lat' dir='ltr'><strong>ut</strong></span> <span class='ocrx_word' id='word_1_684' title='bbox 1686 4753 1835 4810; x_wconf 86' lang='lat' dir='ltr'><strong>Felix</strong></span> <span class='ocrx_word' id='word_1_685' title='bbox 1883 4769 2040 4826; x_wconf 89' lang='lat' dir='ltr'><strong>quam</strong></span> 
     </span>
    </p>
   </div>
   <div class='ocr_carea' id='block_1_94' title="bbox 458 4846 2041 4924">
    <p class='ocr_par' dir='ltr' id='par_1_94' title="bbox 458 4846 2041 4924">
     <span class='ocr_line' id='line_1_94' title="bbox 458 4846 2041 4924; baseline -0.003 -17"><span class='ocrx_word' id='word_1_686' title='bbox 458 4855 687 4924; x_wconf 90' lang='lat' dir='ltr'><strong>primum</strong></span> <span class='ocrx_word' id='word_1_687' title='bbox 718 4866 840 4907; x_wconf 91' lang='lat' dir='ltr'><strong>cum</strong></span> <span class='ocrx_word' id='word_1_688' title='bbox 870 4850 1081 4904; x_wconf 82' lang='lat' dir='ltr'><strong>caeteris</strong></span> <span class='ocrx_word' id='word_1_689' title='bbox 1099 4847 1264 4902; x_wconf 73' lang='lat' dir='ltr'><strong>Italize</strong></span> <span class='ocrx_word' id='word_1_690' title='bbox 1290 4848 1559 4919; x_wconf 87' lang='lat' dir='ltr'><strong>episcopis</strong></span> <span class='ocrx_word' id='word_1_691' title='bbox 1579 4846 1889 4904; x_wconf 83' lang='lat' dir='ltr'><strong>conveniret</strong></span> <span class='ocrx_word' id='word_1_692' title='bbox 1915 4866 1930 4916; x_wconf 93' lang='lat'><strong>;</strong></span> <span class='ocrx_word' id='word_1_693' title='bbox 1958 4848 2041 4903; x_wconf 87' lang='lat' dir='ltr'><strong>in-</strong></span> 
     </span>
    </p>
   </div>
   <div class='ocr_carea' id='block_1_95' title="bbox 458 4942 2044 5014">
    <p class='ocr_par' dir='ltr' id='par_1_95' title="bbox 458 4942 2044 5014">
     <span class='ocr_line' id='line_1_95' title="bbox 458 4942 2044 5014; baseline -0.003 -13"><span class='ocrx_word' id='word_1_694' title='bbox 458 4947 629 5014; x_wconf 89' lang='lat' dir='ltr'><strong>deque</strong></span> <span class='ocrx_word' id='word_1_695' title='bbox 651 4961 771 5001; x_wconf 90' lang='lat' dir='ltr'><strong>cum</strong></span> <span class='ocrx_word' id='word_1_696' title='bbox 800 4944 865 4999; x_wconf 90' lang='lat' dir='ltr'><strong>iis</strong></span> <span class='ocrx_word' id='word_1_697' title='bbox 893 4943 959 4998; x_wconf 87' lang='lat' dir='ltr'><strong>ad</strong></span> <span class='ocrx_word' id='word_1_698' title='bbox 990 4944 1251 4997; x_wconf 86' lang='lat' dir='ltr'><strong>Domuum</strong></span> <span class='ocrx_word' id='word_1_699' title='bbox 1280 4942 1573 5008; x_wconf 86' lang='lat' dir='ltr'><strong>scriberet,</strong></span> <span class='ocrx_word' id='word_1_700' title='bbox 1603 4956 1723 4997; x_wconf 89' lang='lat' dir='ltr'><strong>sese</strong></span> <span class='ocrx_word' id='word_1_701' title='bbox 1750 4951 1919 4998; x_wconf 84' lang='lat' dir='ltr'><strong>ratam</strong></span> <span class='ocrx_word' id='word_1_702' title='bbox 1950 4942 2044 4998; x_wconf 84' lang='lat' dir='ltr'><strong>ha-</strong></span> 
     </span>
    </p>
   </div>
   <div class='ocr_carea' id='block_1_96' title="bbox 459 5034 2042 5103">
    <p class='ocr_par' dir='ltr' id='par_1_96' title="bbox 459 5034 2042 5103">
     <span class='ocr_line' id='line_1_96' title="bbox 459 5034 2042 5103; baseline -0.001 -8"><span class='ocrx_word' id='word_1_703' title='bbox 459 5040 589 5095; x_wconf 89' lang='lat' dir='ltr'><strong>bere</strong></span> <span class='ocrx_word' id='word_1_704' title='bbox 612 5039 753 5092; x_wconf 87' lang='lat' dir='ltr'><strong>illius</strong></span> <span class='ocrx_word' id='word_1_705' title='bbox 781 5036 1217 5103; x_wconf 88' lang='lat' dir='ltr'><strong>ordinationem,</strong></span> <span class='ocrx_word' id='word_1_706' title='bbox 1250 5044 1305 5090; x_wconf 87' lang='lat' dir='ltr'><strong>et</strong></span> <span class='ocrx_word' id='word_1_707' title='bbox 1345 5034 1496 5089; x_wconf 89' lang='lat' dir='ltr'><strong>Pauli</strong></span> <span class='ocrx_word' id='word_1_708' title='bbox 1537 5035 2042 5093; x_wconf 86' lang='lat' dir='ltr'><strong>condemnationem</strong></span> 
     </span>
    </p>
   </div>
   <div class='ocr_carea' id='block_1_97' title="bbox 459 5129 2041 5202">
    <p class='ocr_par' dir='ltr' id='par_1_97' title="bbox 459 5129 2041 5202">
     <span class='ocr_line' id='line_1_97' title="bbox 459 5129 2041 5202; baseline -0.003 -12"><span class='ocrx_word' id='word_1_709' title='bbox 459 5134 798 5190; x_wconf 80' lang='lat' dir='ltr'><strong>continuare.</strong></span> <span class='ocrx_word' id='word_1_710' title='bbox 847 5131 955 5187; x_wconf 89' lang='lat' dir='ltr'><strong>Nec</strong></span> <span class='ocrx_word' id='word_1_711' title='bbox 984 5131 1126 5186; x_wconf 90' lang='lat' dir='ltr'><strong>ullus</strong></span> <span class='ocrx_word' id='word_1_712' title='bbox 1156 5130 1365 5185; x_wconf 88' lang='lat' dir='ltr'><strong>videtur</strong></span> <span class='ocrx_word' id='word_1_713' title='bbox 1402 5129 1676 5186; x_wconf 87' lang='lat' dir='ltr'><strong>dubitandi</strong></span> <span class='ocrx_word' id='word_1_714' title='bbox 1710 5131 1880 5198; x_wconf 87' lang='lat' dir='ltr'><strong>locus,</strong></span> <span class='ocrx_word' id='word_1_715' title='bbox 1914 5133 2041 5202; x_wconf 87' lang='lat' dir='ltr'><strong>quin</strong></span> 
     </span>
    </p>
   </div>
   <div class='ocr_carea' id='block_1_98' title="bbox 462 5222 2043 5295">
    <p class='ocr_par' dir='ltr' id='par_1_98' title="bbox 462 5222 2043 5295">
     <span class='ocr_line' id='line_1_98' title="bbox 462 5222 2043 5295; baseline -0.004 -10"><span class='ocrx_word' id='word_1_716' title='bbox 462 5227 613 5286; x_wconf 77' lang='lat' dir='ltr'><strong>Felix</strong></span> <span class='ocrx_word' id='word_1_717' title='bbox 641 5227 716 5290; x_wconf 90' lang='lat' dir='ltr'><strong>id,</strong></span> <span class='ocrx_word' id='word_1_718' title='bbox 745 5226 887 5295; x_wconf 88' lang='lat' dir='ltr'><strong>quod</strong></span> <span class='ocrx_word' id='word_1_719' title='bbox 918 5225 1156 5280; x_wconf 91' lang='lat' dir='ltr'><strong>muneris</strong></span> <span class='ocrx_word' id='word_1_720' title='bbox 1183 5224 1263 5277; x_wconf 90' lang='lat' dir='ltr'><strong>sui</strong></span> <span class='ocrx_word' id='word_1_721' title='bbox 1292 5230 1442 5287; x_wconf 88' lang='lat' dir='ltr'><strong>erat,</strong></span> <span class='ocrx_word' id='word_1_722' title='bbox 1488 5237 1553 5276; x_wconf 89' lang='lat' dir='ltr'><strong>eo</strong></span> <span class='ocrx_word' id='word_1_723' title='bbox 1584 5223 1636 5277; x_wconf 93' lang='lat' dir='ltr'><strong>in</strong></span> <span class='ocrx_word' id='word_1_724' title='bbox 1666 5222 1882 5294; x_wconf 87' lang='lat' dir='ltr'><strong>negotio</strong></span> <span class='ocrx_word' id='word_1_725' title='bbox 1906 5239 2043 5292; x_wconf 74' lang='lat' dir='ltr'><strong>prac-</strong></span> 
     </span>
    </p>
   </div>
   <div class='ocr_carea' id='block_1_99' title="bbox 462 5312 2043 5388">
    <p class='ocr_par' dir='ltr' id='par_1_99' title="bbox 462 5312 2043 5388">
     <span class='ocr_line' id='line_1_99' title="bbox 462 5312 2043 5388; baseline -0.004 -7"><span class='ocrx_word' id='word_1_726' title='bbox 462 5322 679 5381; x_wconf 75' lang='lat' dir='ltr'><strong>sﬁterit.</strong></span> <span class='ocrx_word' id='word_1_727' title='bbox 696 5320 831 5376; x_wconf 88' lang='lat' dir='ltr'><strong>Cum</strong></span> <span class='ocrx_word' id='word_1_728' title='bbox 853 5320 996 5375; x_wconf 90' lang='lat' dir='ltr'><strong>enim</strong></span> <span class='ocrx_word' id='word_1_729' title='bbox 1022 5312 1397 5374; x_wconf 88' lang='lat' dir='ltr'><strong>deccssoribus</strong></span> <span class='ocrx_word' id='word_1_730' title='bbox 1417 5314 1534 5384; x_wconf 81' lang='lat' dir='ltr'><strong>ejus</strong></span> <span class='ocrx_word' id='word_1_731' title='bbox 1562 5314 1612 5370; x_wconf 90' lang='lat' dir='ltr'><strong>id</strong></span> <span class='ocrx_word' id='word_1_732' title='bbox 1636 5316 1801 5371; x_wconf 89' lang='lat' dir='ltr'><strong>moris</strong></span> <span class='ocrx_word' id='word_1_733' title='bbox 1830 5331 2043 5388; x_wconf 87' lang='lat' dir='ltr'><strong>semper</strong></span> 
     </span>
    </p>
   </div>
   <div class='ocr_carea' id='block_1_100' title="bbox 538 5446 1772 5534">
    <p class='ocr_par' dir='ltr' id='par_1_100' title="bbox 538 5446 1772 5534">
     <span class='ocr_line' id='line_1_100' title="bbox 538 5446 1772 5534; baseline -0.009 -17"><span class='ocrx_word' id='word_1_734' title='bbox 538 5463 615 5534; x_wconf 81' lang='grc'><strong>(1)</strong></span> <span class='ocrx_word' id='word_1_735' title='bbox 656 5458 880 5534; x_wconf 45' lang='grc' dir='ltr'><strong>Ειιεβὶξ,</strong></span> <span class='ocrx_word' id='word_1_736' title='bbox 912 5454 1049 5534; x_wconf 76' lang='lat' dir='ltr'><strong>Hist.</strong></span> <span class='ocrx_word' id='word_1_737' title='bbox 1080 5454 1272 5534; x_wconf 70' lang='lat' dir='ltr'><strong>ec’c‘lcs.</strong></span> <span class='ocrx_word' id='word_1_738' title='bbox 1305 5451 1394 5506; x_wconf 89' lang='lat' dir='ltr'><strong>lih.</strong></span> <span class='ocrx_word' id='word_1_739' title='bbox 1426 5462 1496 5505; x_wconf 76' lang='lat' dir='ltr'><strong>vn</strong></span> <span class='ocrx_word' id='word_1_740' title='bbox 1518 5494 1531 5518; x_wconf 90' lang='lat'><strong>,</strong></span> <span class='ocrx_word' id='word_1_741' title='bbox 1556 5458 1673 5534; x_wconf 83' lang='lat' dir='ltr'><strong>c:tp_.</strong></span> 
     </span>
    </p>
   </div>
   <div class='ocr_carea' id='block_1_101' title="bbox 534 5524 2044 5609">
    <p class='ocr_par' dir='ltr' id='par_1_101' title="bbox 534 5524 2044 5609">
     <span class='ocr_line' id='line_1_101' title="bbox 534 5524 2044 5609; baseline 0.027 -66"><span class='ocrx_word' id='word_1_742' title='bbox 534 5524 795 5609; x_wconf 35' lang='lat' dir='ltr'><strong>(zLApu-g</strong></span> <span class='ocrx_word' id='word_1_743' title='bbox 823 5530 1046 5609; x_wconf 50' lang='lat' dir='ltr'><strong>Euseb,</strong></span> <span class='ocrx_word' id='word_1_744' title='bbox 1080 5527 1197 5609; x_wconf 58' lang='grc' dir='ltr'><strong>ιοςρ</strong></span> <span class='ocrx_word' id='word_1_745' title='bbox 1218 5527 1406 5609; x_wconf 40' lang='lat' dir='ltr'><strong>cit-ah,</strong></span> <span class='ocrx_word' id='word_1_746' title='bbox 1437 5534 1488 5577; x_wconf 89' lang='lat' dir='ltr'><strong>et</strong></span> <span class='ocrx_word' id='word_1_747' title='bbox 1530 5525 1670 5594; x_wconf 83' lang='lat' dir='ltr'><strong>apud</strong></span> <span class='ocrx_word' id='word_1_748' title='bbox 1703 5524 1890 5594; x_wconf 81' lang='lat' dir='ltr'><strong>Mansi,</strong></span> <span class='ocrx_word' id='word_1_749' title='bbox 1922 5526 2044 5583; x_wconf 80' lang='lat' dir='ltr'><strong>Cul-</strong></span> 
     </span>
    </p>
   </div>
   <div class='ocr_carea' id='block_1_102' title="bbox 450 5590 1400 5666">
    <p class='ocr_par' dir='ltr' id='par_1_102' title="bbox 450 5590 1400 5666">
     <span class='ocr_line' id='line_1_102' title="bbox 450 5590 1400 5666; baseline -0.016 -1"><span class='ocrx_word' id='word_1_750' title='bbox 450 5590 574 5665; x_wconf 75' lang='lat' dir='ltr'><strong>tec‘i.</strong></span> <span class='ocrx_word' id='word_1_751' title='bbox 597 5590 830 5666; x_wconf 59' lang='lat' dir='ltr'><strong>mittit,</strong></span> <span class='ocrx_word' id='word_1_752' title='bbox 862 5606 989 5654; x_wconf 86' lang='lat' dir='ltr'><strong>tom.</strong></span> <span class='ocrx_word' id='word_1_753' title='bbox 1026 5590 1063 5664; x_wconf 73' lang='grc' dir='ltr'><strong>ι,</strong></span> <span class='ocrx_word' id='word_1_754' title='bbox 1093 5596 1212 5665; x_wconf 57' lang='lat' dir='ltr'><strong>pag.</strong></span> <span class='ocrx_word' id='word_1_755' title='bbox 1243 5592 1400 5653; x_wconf 74' lang='lat' dir='ltr'><strong>i100.</strong></span> 
     </span>
    </p>
   </div>
   <div class='ocr_carea' id='block_1_103' title="bbox 525 5666 1595 5744">
    <p class='ocr_par' dir='ltr' id='par_1_103' title="bbox 525 5666 1595 5744">
     <span class='ocr_line' id='line_1_103' title="bbox 525 5666 1595 5744; baseline -0.011 -11"><span class='ocrx_word' id='word_1_756' title='bbox 525 5679 602 5744; x_wconf 75' lang='lat'>(5)</span> <span class='ocrx_word' id='word_1_757' title='bbox 633 5675 886 5744; x_wconf 80' lang='lat' dir='ltr'><strong>Hilarius,</strong></span> <span class='ocrx_word' id='word_1_758' title='bbox 910 5671 1024 5724; x_wconf 88' lang='lat' dir='ltr'><strong>libr.</strong></span> <span class='ocrx_word' id='word_1_759' title='bbox 1048 5675 1117 5744; x_wconf 71' lang='lat' dir='ltr'><strong>ac</strong></span> <span class='ocrx_word' id='word_1_760' title='bbox 1147 5667 1392 5737; x_wconf 79' lang='lat' dir='ltr'><strong>Synodis,</strong></span> <span class='ocrx_word' id='word_1_761' title='bbox 1421 5683 1475 5721; x_wconf 93' lang='lat' dir='ltr'><strong>n.</strong></span> <span class='ocrx_word' id='word_1_762' title='bbox 1504 5666 1595 5723; x_wconf 79' lang='grc'><strong>86.</strong></span> 
     </span>
    </p>
   </div>
   <div class='ocr_carea' id='block_1_104' title="bbox 530 5740 1197 5820">
    <p class='ocr_par' dir='ltr' id='par_1_104' title="bbox 530 5740 1197 5820">
     <span class='ocr_line' id='line_1_104' title="bbox 530 5740 1197 5820; baseline -0.013 -19"><span class='ocrx_word' id='word_1_763' title='bbox 530 5740 608 5820; x_wconf 68' lang='grc'><strong>(4)</strong></span> <span class='ocrx_word' id='word_1_764' title='bbox 632 5746 851 5808; x_wconf 83' lang='lat' dir='ltr'><strong>Euseb,</strong></span> <span class='ocrx_word' id='word_1_765' title='bbox 876 5743 993 5795; x_wconf 85' lang='lat' dir='ltr'><strong>loco</strong></span> <span class='ocrx_word' id='word_1_766' title='bbox 1017 5740 1197 5795; x_wconf 88' lang='lat' dir='ltr'><strong>citato.</strong></span> 
     </span>
    </p>
   </div>
   <div class='ocr_carea' id='block_1_105' title="bbox 2146 4652 3744 4729">
    <p class='ocr_par' dir='ltr' id='par_1_105' title="bbox 2146 4652 3744 4729">
     <span class='ocr_line' id='line_1_105' title="bbox 2146 4652 3744 4729; baseline 0.01 -18"><span class='ocrx_word' id='word_1_767' title='bbox 2146 4652 2521 4716; x_wconf 63' lang='lat' dir='ltr'><strong>Stabilien’d‘am</strong></span> <span class='ocrx_word' id='word_1_768' title='bbox 2557 4658 2715 4718; x_wconf 72' lang='lat' dir='ltr'><strong>fidem</strong></span> <span class='ocrx_word' id='word_1_769' title='bbox 2738 4708 2751 4729; x_wconf 86' lang='lat'><strong>,</strong></span> <span class='ocrx_word' id='word_1_770' title='bbox 2786 4666 3021 4722; x_wconf 77' lang='lat' dir='ltr'><strong>hominis</strong></span> <span class='ocrx_word' id='word_1_771' title='bbox 3063 4666 3129 4724; x_wconf 84' lang='lat' dir='ltr'><strong>ab</strong></span> <span class='ocrx_word' id='word_1_772' title='bbox 3160 4666 3480 4727; x_wconf 72' lang='lat' dir='ltr'><strong>Arianorum</strong></span> <span class='ocrx_word' id='word_1_773' title='bbox 3510 4665 3744 4727; x_wconf 82' lang='lat' dir='ltr'><strong>factione</strong></span> 
     </span>
    </p>
   </div>
   <div class='ocr_carea' id='block_1_106' title="bbox 2146 4742 3743 4820">
    <p class='ocr_par' dir='ltr' id='par_1_106' title="bbox 2146 4742 3743 4820">
     <span class='ocr_line' id='line_1_106' title="bbox 2146 4742 3743 4820; baseline 0.009 -16"><span class='ocrx_word' id='word_1_774' title='bbox 2146 4751 2202 4805; x_wconf 93' lang='lat' dir='ltr'><strong>in</strong></span> <span class='ocrx_word' id='word_1_775' title='bbox 2244 4742 2491 4809; x_wconf 77' lang='lat' dir='ltr'><strong>catholici</strong></span> <span class='ocrx_word' id='word_1_776' title='bbox 2532 4756 2784 4812; x_wconf 81' lang='lat' dir='ltr'><strong>antiStitis</strong></span> <span class='ocrx_word' id='word_1_777' title='bbox 2811 4754 2988 4814; x_wconf 86' lang='lat' dir='ltr'><strong>locum</strong></span> <span class='ocrx_word' id='word_1_778' title='bbox 3028 4762 3217 4817; x_wconf 87' lang='lat' dir='ltr'><strong>intrusi</strong></span> <span class='ocrx_word' id='word_1_779' title='bbox 3266 4766 3583 4820; x_wconf 86' lang='lat' dir='ltr'><strong>auctoritate</strong></span> <span class='ocrx_word' id='word_1_780' title='bbox 3620 4775 3743 4819; x_wconf 89' lang='lat' dir='ltr'><strong>ute-</strong></span> 
     </span>
    </p>
   </div>
   <div class='ocr_carea' id='block_1_107' title="bbox 2148 4845 3743 4926">
    <p class='ocr_par' dir='ltr' id='par_1_107' title="bbox 2148 4845 3743 4926">
     <span class='ocr_line' id='line_1_107' title="bbox 2148 4845 3743 4926; baseline 0.009 -28"><span class='ocrx_word' id='word_1_781' title='bbox 2148 4853 2316 4899; x_wconf 88' lang='lat' dir='ltr'><strong>retur.</strong></span> <span class='ocrx_word' id='word_1_782' title='bbox 2341 4845 2524 4916; x_wconf 81' lang='lat' dir='ltr'><strong>Neque</strong></span> <span class='ocrx_word' id='word_1_783' title='bbox 2545 4862 2674 4903; x_wconf 89' lang='lat' dir='ltr'><strong>vero</strong></span> <span class='ocrx_word' id='word_1_784' title='bbox 2704 4853 3011 4906; x_wconf 83' lang='lat' dir='ltr'><strong>sanctissimi</strong></span> <span class='ocrx_word' id='word_1_785' title='bbox 3036 4856 3263 4926; x_wconf 77' lang='lat' dir='ltr'><strong>episcopi</strong></span> <span class='ocrx_word' id='word_1_786' title='bbox 3304 4856 3482 4910; x_wconf 80' lang='lat' dir='ltr'><strong>Roma:</strong></span> <span class='ocrx_word' id='word_1_787' title='bbox 3512 4867 3561 4910; x_wconf 84' lang='lat' dir='ltr'><strong>et</strong></span> <span class='ocrx_word' id='word_1_788' title='bbox 3589 4856 3743 4912; x_wconf 78' lang='lat' dir='ltr'><strong>Mar-</strong></span> 
     </span>
    </p>
   </div>
   <div class='ocr_carea' id='block_1_108' title="bbox 2148 4930 3744 5022">
    <p class='ocr_par' dir='ltr' id='par_1_108' title="bbox 2148 4930 3744 5022">
     <span class='ocr_line' id='line_1_108' title="bbox 2148 4930 3744 5022; baseline 0.011 -32"><span class='ocrx_word' id='word_1_789' title='bbox 2148 4939 2275 5008; x_wconf 71' lang='lat' dir='ltr'><strong>tyris</strong></span> <span class='ocrx_word' id='word_1_790' title='bbox 2300 4930 2505 5005; x_wconf 57' lang='lat' dir='ltr'><strong>titulus,</strong></span> <span class='ocrx_word' id='word_1_791' title='bbox 2556 4950 2664 5012; x_wconf 82' lang='lat' dir='ltr'><strong>quo</strong></span> <span class='ocrx_word' id='word_1_792' title='bbox 2690 4942 2919 4999; x_wconf 80' lang='lat' dir='ltr'><strong>Felicem</strong></span> <span class='ocrx_word' id='word_1_793' title='bbox 2948 4945 3181 5019; x_wconf 84' lang='lat' dir='ltr'><strong>Cyrillus</strong></span> <span class='ocrx_word' id='word_1_794' title='bbox 3207 4958 3260 5003; x_wconf 90' lang='lat' dir='ltr'><strong>et</strong></span> <span class='ocrx_word' id='word_1_795' title='bbox 3286 4947 3531 5019; x_wconf 74' lang='lat' dir='ltr'><strong>ephcsini</strong></span> <span class='ocrx_word' id='word_1_796' title='bbox 3560 4961 3744 5022; x_wconf 86' lang='lat' dir='ltr'><strong>patres</strong></span> 
     </span>
    </p>
   </div>
   <div class='ocr_carea' id='block_1_109' title="bbox 2151 5036 3743 5119">
    <p class='ocr_par' dir='ltr' id='par_1_109' title="bbox 2151 5036 3743 5119">
     <span class='ocr_line' id='line_1_109' title="bbox 2151 5036 3743 5119; baseline 0.013 -33"><span class='ocrx_word' id='word_1_797' title='bbox 2151 5036 2435 5101; x_wconf 64' lang='lat' dir='ltr'><strong>ekornan‘t,</strong></span> <span class='ocrx_word' id='word_1_798' title='bbox 2468 5037 2519 5092; x_wconf 90' lang='lat' dir='ltr'><strong>in</strong></span> <span class='ocrx_word' id='word_1_799' title='bbox 2545 5038 2814 5095; x_wconf 87' lang='lat' dir='ltr'><strong>hominem</strong></span> <span class='ocrx_word' id='word_1_800' title='bbox 2840 5040 3149 5111; x_wconf 88' lang='lat' dir='ltr'><strong>hujnsmodi</strong></span> <span class='ocrx_word' id='word_1_801' title='bbox 3178 5048 3453 5102; x_wconf 69' lang='lat' dir='ltr'><strong>conrenit.</strong></span> <span class='ocrx_word' id='word_1_802' title='bbox 3489 5046 3609 5119; x_wconf 88' lang='lat' dir='ltr'><strong>Ipsa</strong></span> <span class='ocrx_word' id='word_1_803' title='bbox 3649 5049 3743 5106; x_wconf 90' lang='lat' dir='ltr'><strong>de-</strong></span> 
     </span>
    </p>
   </div>
   <div class='ocr_carea' id='block_1_110' title="bbox 2150 5127 3744 5210">
    <p class='ocr_par' dir='ltr' id='par_1_110' title="bbox 2150 5127 3744 5210">
     <span class='ocr_line' id='line_1_110' title="bbox 2150 5127 3744 5210; baseline 0.011 -32"><span class='ocrx_word' id='word_1_804' title='bbox 2150 5127 2312 5196; x_wconf 85' lang='lat' dir='ltr'><strong>nique</strong></span> <span class='ocrx_word' id='word_1_805' title='bbox 2334 5130 2631 5197; x_wconf 82' lang='lat' dir='ltr'><strong>inscriptio,</strong></span> <span class='ocrx_word' id='word_1_806' title='bbox 2656 5144 2776 5201; x_wconf 81' lang='lat' dir='ltr'><strong>quae</strong></span> <span class='ocrx_word' id='word_1_807' title='bbox 2798 5132 3011 5190; x_wconf 77' lang='lat' dir='ltr'><strong>Maximi</strong></span> <span class='ocrx_word' id='word_1_808' title='bbox 3032 5137 3379 5193; x_wconf 78' lang='lat' dir='ltr'><strong>Alexandrini</strong></span> <span class='ocrx_word' id='word_1_809' title='bbox 3406 5154 3602 5196; x_wconf 90' lang='lat' dir='ltr'><strong>nomen</strong></span> <span class='ocrx_word' id='word_1_810' title='bbox 3633 5152 3744 5210; x_wconf 66' lang='lat' dir='ltr'><strong>pra:</strong></span> 
     </span>
    </p>
   </div>
   <div class='ocr_carea' id='block_1_111' title="bbox 2151 5219 3744 5305">
    <p class='ocr_par' dir='ltr' id='par_1_111' title="bbox 2151 5219 3744 5305">
     <span class='ocr_line' id='line_1_111' title="bbox 2151 5219 3744 5305; baseline 0.011 -35"><span class='ocrx_word' id='word_1_811' title='bbox 2151 5232 2210 5271; x_wconf 92' lang='lat' dir='ltr'><strong>se</strong></span> <span class='ocrx_word' id='word_1_812' title='bbox 2235 5219 2354 5283; x_wconf 77' lang='lat' dir='ltr'><strong>fert,</strong></span> <span class='ocrx_word' id='word_1_813' title='bbox 2388 5220 2634 5277; x_wconf 75' lang='lat' dir='ltr'><strong>dubitare</strong></span> <span class='ocrx_word' id='word_1_814' title='bbox 2663 5236 2761 5278; x_wconf 88' lang='lat' dir='ltr'><strong>nos</strong></span> <span class='ocrx_word' id='word_1_815' title='bbox 2804 5236 2912 5280; x_wconf 85' lang='lat' dir='ltr'><strong>non</strong></span> <span class='ocrx_word' id='word_1_816' title='bbox 2942 5229 3087 5295; x_wconf 73' lang='lat' dir='ltr'><strong>sinit,</strong></span> <span class='ocrx_word' id='word_1_817' title='bbox 3123 5231 3249 5299; x_wconf 91' lang='lat' dir='ltr'><strong>quin</strong></span> <span class='ocrx_word' id='word_1_818' title='bbox 3277 5232 3579 5288; x_wconf 74' lang='lat' dir='ltr'><strong>subnexnm</strong></span> <span class='ocrx_word' id='word_1_819' title='bbox 3606 5230 3744 5305; x_wconf 79' lang='lat' dir='ltr'><strong>frag-</strong></span> 
     </span>
    </p>
   </div>
   <div class='ocr_carea' id='block_1_112' title="bbox 2151 5306 3745 5398">
    <p class='ocr_par' dir='ltr' id='par_1_112' title="bbox 2151 5306 3745 5398">
     <span class='ocr_line' id='line_1_112' title="bbox 2151 5306 3745 5398; baseline 0.012 -34"><span class='ocrx_word' id='word_1_820' title='bbox 2151 5324 2388 5368; x_wconf 89' lang='lat' dir='ltr'><strong>mentum</strong></span> <span class='ocrx_word' id='word_1_821' title='bbox 2417 5306 2646 5388; x_wconf 69' lang='lat' dir='ltr'><strong>liyrillus</strong></span> <span class='ocrx_word' id='word_1_822' title='bbox 2691 5324 2743 5375; x_wconf 86' lang='lat' dir='ltr'><strong>et</strong></span> <span class='ocrx_word' id='word_1_823' title='bbox 2770 5320 3027 5391; x_wconf 86' lang='lat' dir='ltr'><strong>ephesina</strong></span> <span class='ocrx_word' id='word_1_824' title='bbox 3070 5326 3309 5398; x_wconf 88' lang='lat' dir='ltr'><strong>synodus</strong></span> <span class='ocrx_word' id='word_1_825' title='bbox 3334 5330 3479 5385; x_wconf 77' lang='lat' dir='ltr'><strong>velut</strong></span> <span class='ocrx_word' id='word_1_826' title='bbox 3502 5328 3697 5384; x_wconf 81' lang='lat' dir='ltr'><strong>Felicis</strong></span> <span class='ocrx_word' id='word_1_827' title='bbox 3721 5328 3745 5383; x_wconf 84' lang='grc' dir='ltr'><strong>Ι</strong></span> 
     </span>
    </p>
   </div>
   <div class='ocr_carea' id='block_1_113' title="bbox 2152 5410 3742 5497">
    <p class='ocr_par' dir='ltr' id='par_1_113' title="bbox 2152 5410 3742 5497">
     <span class='ocr_line' id='line_1_113' title="bbox 2152 5410 3742 5497; baseline 0.014 -38"><span class='ocrx_word' id='word_1_828' title='bbox 2152 5410 2511 5466; x_wconf 79' lang='lat' dir='ltr'><strong>testimonium</strong></span> <span class='ocrx_word' id='word_1_829' title='bbox 2544 5414 2828 5472; x_wconf 74' lang='lat' dir='ltr'><strong>laudarim.</strong></span> <span class='ocrx_word' id='word_1_830' title='bbox 2862 5420 3073 5491; x_wconf 84' lang='lat' dir='ltr'><strong>Quippe</strong></span> <span class='ocrx_word' id='word_1_831' title='bbox 3118 5426 3389 5497; x_wconf 86' lang='lat' dir='ltr'><strong>encyclica</strong></span> <span class='ocrx_word' id='word_1_832' title='bbox 3423 5426 3612 5497; x_wconf 88' lang='lat' dir='ltr'><strong>synodi</strong></span> <span class='ocrx_word' id='word_1_833' title='bbox 3644 5434 3742 5481; x_wconf 53' lang='lat' dir='ltr'><strong>an.</strong></span> 
     </span>
    </p>
   </div>
   <div class='ocr_carea' id='block_1_114' title="bbox 2146 5500 3747 5582">
    <p class='ocr_par' dir='ltr' id='par_1_114' title="bbox 2146 5500 3747 5582">
     <span class='ocr_line' id='line_1_114' title="bbox 2146 5500 3747 5582; baseline 0.014 -31"><span class='ocrx_word' id='word_1_834' title='bbox 2146 5500 2411 5557; x_wconf 74' lang='lat' dir='ltr'><strong>tiocitcna’:</strong></span> <span class='ocrx_word' id='word_1_835' title='bbox 2433 5502 2679 5574; x_wconf 73' lang='lat' dir='ltr'><strong>epistola,</strong></span> <span class='ocrx_word' id='word_1_836' title='bbox 2706 5510 2961 5582; x_wconf 85' lang='lat' dir='ltr'><strong>Dionysio</strong></span> <span class='ocrx_word' id='word_1_837' title='bbox 2989 5512 3236 5571; x_wconf 79' lang='lat' dir='ltr'><strong>Romano</strong></span> <span class='ocrx_word' id='word_1_838' title='bbox 3258 5517 3415 5572; x_wconf 81' lang='lat' dir='ltr'><strong>simul</strong></span> <span class='ocrx_word' id='word_1_839' title='bbox 3438 5524 3492 5573; x_wconf 82' lang='lat' dir='ltr'><strong>et</strong></span> <span class='ocrx_word' id='word_1_840' title='bbox 3516 5506 3747 5575; x_wconf 74' lang='lat' dir='ltr'><strong>Maximo</strong></span> 
     </span>
    </p>
   </div>
   <div class='ocr_carea' id='block_1_115' title="bbox 2221 5600 3290 5701">
    <p class='ocr_par' dir='ltr' id='par_1_115' title="bbox 2221 5600 3290 5701">
     <span class='ocr_line' id='line_1_115' title="bbox 2221 5600 3290 5701; baseline 0.012 -30"><span class='ocrx_word' id='word_1_841' title='bbox 2327 5606 2786 5701; x_wconf 37' lang='lat' dir='ltr'><strong>Cpncil‘tiilphes”</strong></span> <span class='ocrx_word' id='word_1_842' title='bbox 2812 5637 2916 5682; x_wconf 89' lang='lat' dir='ltr'><strong>act.</strong></span> <span class='ocrx_word' id='word_1_843' title='bbox 2949 5645 2986 5692; x_wconf 84' lang='grc' dir='ltr'><strong>ι.</strong></span> <span class='ocrx_word' id='word_1_844' title='bbox 3012 5645 3131 5701; x_wconf 77' lang='lat' dir='ltr'><strong>pag.</strong></span> <span class='ocrx_word' id='word_1_845' title='bbox 3165 5630 3290 5701; x_wconf 70' lang='lat'><strong>512.</strong></span> 
     </span>
    </p>
   </div>
   <div class='ocr_carea' id='block_1_116' title="bbox 2222 5678 3643 5831">
    <p class='ocr_par' dir='ltr' id='par_1_116' title="bbox 2222 5678 3643 5831">
     <span class='ocr_line' id='line_1_116' title="bbox 2222 5678 3643 5831; baseline 0.014 -93"><span class='ocrx_word' id='word_1_846' title='bbox 2338 5684 2463 5771; x_wconf 65' lang='lat' dir='ltr'><strong>Mar.</strong></span> <span class='ocrx_word' id='word_1_847' title='bbox 2497 5678 2743 5777; x_wconf 36' lang='lat' dir='ltr'><strong>ﬂerent&quot;</strong></span> <span class='ocrx_word' id='word_1_848' title='bbox 2773 5678 3424 5769; x_wconf 40' lang='lat' dir='ltr'><strong>ciuili-tradit.</strong></span> <span class='ocrx_word' id='word_1_849' title='bbox 3461 5705 3643 5762; x_wconf 87' lang='lat' dir='ltr'><strong>Baluz.</strong></span> 
     </span>
     <span class='ocr_line' id='line_1_117' title="bbox 2222 5758 3418 5831; baseline 0.015 -17"><span class='ocrx_word' id='word_1_850' title='bbox 2222 5759 2276 5829; x_wconf 77' lang='grc'><strong>(5</strong></span> <span class='ocrx_word' id='word_1_851' title='bbox 2327 5758 2571 5819; x_wconf 77' lang='lat' dir='ltr'><strong>Vincent.</strong></span> <span class='ocrx_word' id='word_1_852' title='bbox 2601 5762 2794 5831; x_wconf 84' lang='lat' dir='ltr'><strong>Ltrtn.,</strong></span> <span class='ocrx_word' id='word_1_853' title='bbox 2823 5767 3154 5831; x_wconf 86' lang='lat' dir='ltr'><strong>Commonit..</strong></span> <span class='ocrx_word' id='word_1_854' title='bbox 3179 5786 3298 5831; x_wconf 80' lang='lat' dir='ltr'><strong>can.</strong></span> <span class='ocrx_word' id='word_1_855' title='bbox 3329 5775 3418 5831; x_wconf 65' lang='grc'><strong>49.</strong></span> 
     </span>
    </p>
   </div>
   <div class='ocr_carea' id='block_1_117' title="bbox 2218 5758 3418 5845">
    <p class='ocr_par' dir='ltr' id='par_1_117' title="bbox 2218 5758 3418 5845">
     <span class='ocr_line' id='line_1_118' title="bbox 2218 5758 3418 5845; baseline 0.015 -31"><span class='ocrx_word' id='word_1_856' title='bbox 2218 5758 2295 5831; x_wconf 77' lang='grc'><strong>(5)</strong></span> <span class='ocrx_word' id='word_1_857' title='bbox 2327 5758 2571 5819; x_wconf 85' lang='lat' dir='ltr'><strong>Vincent.</strong></span> <span class='ocrx_word' id='word_1_858' title='bbox 2601 5758 2794 5837; x_wconf 37' lang='lat' dir='ltr'><strong>Liritif,</strong></span> <span class='ocrx_word' id='word_1_859' title='bbox 2823 5758 3154 5841; x_wconf 58' lang='lat' dir='ltr'><strong>commouit,</strong></span> <span class='ocrx_word' id='word_1_860' title='bbox 3179 5758 3298 5845; x_wconf 74' lang='lat' dir='ltr'><strong>cap.</strong></span> <span class='ocrx_word' id='word_1_861' title='bbox 3329 5758 3418 5832; x_wconf 57' lang='lat' dir='ltr'><strong>i9.</strong></span> 
     </span>
    </p>
   </div>
  </div>
