3990 6060
250 267 354 327 Ml

1292 269 1383 327 DE
1422 271 1481 329 S.
1521 266 1764 328 FELICE
1794 263 2078 323 ROMANO
2103 264 2484 326 PONTIFIGE.

3433 272 3536 331 “2

248 381 630 438 Alexandrino
693 380 952 449 inscripta
977 424 993 449 ,
1053 381 1193 437 hunc
1261 380 1544 439 Maximum
1611 380 1845 454 Dionysii
1875 381 1922 439 A
1952 396 2068 435 rum
2114 381 2481 448 Alexandriae,
2511 380 2635 438 Julii
2662 385 2899 455 episcrtpi
2941 382 3147 452 Romae,
3179 386 3449 444 Ambrosii
3487 398 3542 442 et

249 475 614 533 Alexandrini
677 490 1049 531 successorem
1105 474 1270 531 Felici
1335 488 1521 534 nostro
1586 476 1844 547 aequalem

246 570 443 637 fuisse,
474 581 625 625 certo
654 585 753 625 nos
780 569 958 624 docet.

328 664 554 719 Adverso
581 664 847 736 Lequienii
877 664 1047 736 apim'o
1077 664 1387 719 diluitur.—
1403 664 1601 720 Verum
1633 662 1737 719 alia
1760 676 1847 717 ra-

248 759 403 816 tione
431 752 649 815 Michael
676 756 913 830 Lequien
945 757 1118 813 doctis
1144 758 1196 813 in
1225 756 1611 814 Damascenum
1641 758 1845 812 disser-

254 852 549 907 tationibus
574 850 707 905 nihil
736 850 843 920 iam
871 864 1156 918 superesse
1181 860 1387 918 censet,
1418 867 1511 906 cur
1538 849 1677 905 idem
1708 850 1845 920 frag-

249 953 495 1001 mentum
542 958 651 998 non
697 948 902 997 tantum
930 941 1097 998 Felici
1134 952 1322 997 nostro
1358 942 1642 1013 abrogare,
1676 936 1769 995 sed
1795 949 1847 995 et

248 1037 525 1094 hmrelicis
564 1034 876 1093 adscribere
917 1032 1245 1091 dubitemus.
1302 1034 1407 1091 Ubi
1460 1036 1602 1090 enim
1665 1034 1845 1105 plores

248 1133 514 1205 epistolas
552 1130 675 1188 Julii
717 1132 875 1201 Papa:
931 1133 1152 1188 nomine
1181 1129 1250 1185 ah
1286 1130 1669 1197 apollinaristis
1711 1143 1842 1184 con-

249 1224 412 1281 ﬁctas
438 1240 553 1279 esse
574 1223 839 1294 probavit,
870 1220 1086 1279 tandem
1112 1222 1293 1279 subdit
1318 1221 1421 1294 (i),
1445 1222 1694 1294 epistola,
1727 1237 1844 1292 qua:

248 1316 362 1373 sub
391 1316 583 1373 Felicis
612 1312 837 1371 Romani
868 1316 1086 1373 nomine
1110 1315 1402 1379 ferebatur,
1425 1328 1580 1370 uuam
1606 1323 1844 1369 naturam

247 1420 505 1465 assertum
531 1408 690 1465 fuisse
719 1417 984 1464 testantur
1011 1402 1272 1481 Hypatius
1313 1414 1368 1464 et
1396 1392 1711 1473 Liberatus;
1745 1422 1846 1463 nec

248 1504 486 1576 proinde
510 1501 786 1558 dubitandi
818 1503 970 1560 locus
995 1510 1259 1574 superest,
1290 1504 1415 1575 quin
1447 1519 1511 1559 ex
1544 1503 1757 1569 eodem,
1782 1518 1846 1558 ac

247 1607 500 1665 caetera},
548 1612 684 1669 quas
727 1598 1043 1661 memoravi,
1089 1597 1235 1654 fonte
1263 1597 1543 1669 prodierit.
1579 1596 1636 1652 Si
1666 1606 1843 1652 tamen

242 1690 332 1747 vir
359 1690 605 1746 eruditus
640 1690 873 1747 laudatis
911 1707 939 1744 a
971 1705 1030 1746 se
1062 1689 1275 1764 ilypatii
1312 1704 1374 1745 ac
1404 1688 1642 1746 Liberali
1667 1690 1845 1745 verbis

1949 472 2165 540 Basilii,
2204 474 2478 545 Gregorii,
2524 485 2577 530 et
2623 476 2839 531 alterius
2894 478 3135 549 Gregorii
3179 479 3539 551 Amphilochii

1952 565 2131 631 leonii,
2167 578 2218 623 et
2257 569 2419 622 Attici
2448 568 3035 639 Constantinopolimui,
3068 574 3268 627 nullum
3298 575 3536 628 testium.

1948 660 2093 715 nium
2143 676 2328 716 eorum
2378 661 2445 716 de
2494 678 2596 717 una
2656 672 2845 718 natura
2891 667 3126 734 protulit.
3169 687 3186 718 ι
3239 667 3512 738 Suhjiciun

1948 755 2222 826 acephali:
2261 774 2280 807 (
2314 756 2447 824 Quid
2479 773 2578 826 ego
2622 756 2997 827 suspicanlini,
3030 760 3148 827 quia
3188 778 3287 816 nos
3314 778 3406 816 eas
3439 764 3537 817 fal-

1948 851 2209 907 savimus'?
2248 870 2265 902 ›
2302 850 2571 919 Epistolas
2587 852 2807 918 scilicet,
2833 868 2963 923 quas
2984 852 3175 908 Felicis
3202 855 3538 927 aliorumque

1949 945 2165 1000 nomine
2213 943 2571 1015 proferebant.
2614 946 2813 1011 Quibus
2858 946 3113 1018 Hypatius
3159 948 3415 1003 satisfacit
3457 948 3539 1004 bis

1947 1036 2159 1093 verbis:
2198 1057 2215 1089 (
2251 1036 2360 1092 Vos
2391 1054 2493 1093 non
2523 1039 2857 1107 suspicamur
2877 1083 2892 1106 ,
2924 1039 3017 1094 sed
3045 1040 3291 1111 antiquos
3318 1039 3537 1097 licereli-

1949 1143 2043 1183 cos
2071 1128 2479 1197 apollinarislas.
2510 1149 2527 1181 ›
2552 1126 2684 1184 Tum
2707 1129 2895 1185 iisdem
2923 1130 3189 1187 brerelicis
3219 1131 3543 1189 instantibus

1950 1235 2013 1274 ac
2039 1218 2373 1285 dicentibus,
2412 1239 2430 1271 ‹
2465 1220 2756 1276 Possumus
2782 1223 3092 1291 ostendere,
3125 1226 3246 1295 quia
3275 1227 3337 1281 Β.
3366 1226 3542 1298 Cyril—

1950 1312 2034 1367 lus
2061 1328 2188 1368 usus
2214 1322 2296 1367 est
2319 1314 2435 1369 istis
2463 1315 2781 1369 testimoniis
2807 1316 2858 1369 in
2884 1315 3029 1372 libris
3056 1319 3317 1375 adversus
3352 1320 3544 1375 Diodo-

1950 1420 2067 1458 rum
2117 1413 2172 1459 et
2223 1404 2601 1473 Theodorum;
2648 1427 2667 1459 ›
2724 1410 3020 1478 respondet
3069 1410 3211 1466 idem
3245 1413 3539 1484 liypalius:

1956 1513 1975 1546 ‹
2009 1491 2166 1550 Modo
2195 1499 2427 1554 maxime
2453 1508 2505 1554 et
2532 1499 2652 1553 illus
2672 1501 2930 1557 adversus
2963 1501 3252 1558 Diodorum
3286 1513 3340 1559 et
3367 1504 3545 1561 Theo-

1950 1590 2138 1645 dorum
2167 1590 2332 1647 libros
2353 1593 2631 1664 ambiguos
2659 1592 2850 1660 facilis,
2878 1604 3148 1667 tamquam
3176 1598 3329 1653 fictos
3354 1598 3546 1655 adver-

1950 1698 2043 1738 sus
2071 1694 2312 1738 mortuos
2352 1686 2593 1755 prolatos
2622 1686 2888 1755 dicentes,
2922 1688 3013 1759 qui
3045 1706 3150 1745 non
3181 1701 3430 1759 poterant
3462 1708 3549 1747 re-

243 1792 399 1842 stare
429 1782 694 1851 voluerit,
722 1783 822 1855 ipsi
855 1785 1240 1852 testimonium,
1274 1783 1342 1839 ab
1373 1785 1637 1854 epbesino
1663 1782 1845 1838 conci-
1873 1784 1922 1845 B
1950 1776 2138 1832 fell'ere
2186 1776 2495 1833 falsitatem.
2534 1780 2589 1835 Si
2620 1781 2761 1835 enim
2793 1781 3054 1837 adversus
3086 1796 3325 1840 mortuos
3358 1782 3553 1855 prolati

240 1879 325 1935 lio
356 1896 423 1934 ac
444 1878 651 1949 Cyrillo
678 1877 968 1946 prolatum,
994 1893 1092 1948 pro
1116 1877 1350 1948 genuino
1376 1877 1570 1932 Felicis
1600 1877 1728 1931 fietu
1754 1875 1847 1931 ad-

243 1972 575 2029 mittendum
628 1970 751 2026 erit.
794 1969 861 2026 Et
890 1970 958 2025 ad
992 1968 1277 2043 Hypatium
1306 1969 1521 2041 quidem
1552 1969 1693 2039 quod
1720 1970 1846 2023 atti-

244 2073 362 2131 net,
417 2063 610 2135 duplex
658 2060 942 2133 distinguit
989 2058 1183 2116 Felicis
1236 2060 1639 2123 teslimonium,
1684 2076 1847 2116 unum

242 2156 515 2229 prolatum
544 2171 573 2208 a
598 2153 804 2226 Cyrilio
843 2154 896 2207 in
925 2152 1182 2224 ephesiua
1213 2151 1421 2224 synodo
1452 2162 1505 2207 et
1527 2146 1678 2218 alibi,
1711 2152 1847 2207 alle-

244 2266 371 2306 rum
399 2262 529 2305 vero
572 2249 642 2303 ab
672 2244 944 2320 acephalls
975 2251 1025 2303 in
1052 2246 1268 2317 scriptis
1296 2247 1586 2314 haereticis,
1618 2254 1708 2301 aut
1741 2248 1849 2301 hae—

244 2343 541 2399 reticorum
591 2356 751 2411 opera
802 2341 1069 2412 corruptis
1097 2336 1369 2395 laudatum
1400 2352 1412 2392 :
1449 2348 1558 2393 tum
1593 2338 1696 2393 huc
1726 2350 1849 2409 pos-

247 2443 485 2490 tremum
506 2434 736 2503 rejicere
763 2443 1050 2489 contentus
1071 2442 1128 2488 ut
1153 2433 1416 2505 spurium,
1451 2432 1681 2502 primum
1707 2432 1851 2487 ultro

245 2548 316 2589 ac
344 2532 580 2589 libenter
629 2540 687 2588 ut
738 2534 1028 2604 genuinum
1068 2530 1334 2603 agnoscit.
1374 2528 1549 2586 Verba
1590 2529 1734 2585 illius
1758 2546 1852 2585 ex-

249 2625 586 2699 pendamus.

333 2714 556 2791 Hypatii
604 2716 943 2789 Ephesiorum
990 2714 1235 2790 Episwpi
1265 2725 1311 2771 et
1354 2715 1580 2772 Liberali
1633 2713 1852 2770 Diaconi

256 2812 432 2869 Verba
463 2816 527 2866 de
560 2810 733 2867 eodem
761 2814 1050 2883 fragmento
1094 2826 1335 2881 expensa.
1367 2842 1438 2851 —
1465 2809 1722 2879 Acepbaii
1759 2822 1854 2864 seu

251 2905 535 2964 Severiani
567 2906 621 2961 in
665 2902 989 2973 collatione,
1021 2922 1139 2976 quae
1178 2892 1468 2961 .iustiniani
1514 2902 1856 2973 imperatoris

246 3003 409 3075 jussu
464 3004 515 3056 in
560 3004 711 3073 regia
757 3001 890 3057 orbe
933 3017 1076 3057 anno
1131 2994 1236 3057 533
1280 2998 1459 3055 habita
1494 3008 1604 3067 est,
1638 3008 1854 3054 sanctos

249 3092 705 3152 chalcedOnensis
738 3088 952 3150 concilii
984 3102 1165 3164 patres
1199 3092 1640 3165 transgressionis
1668 3102 1854 3161 postu-

1950 1878 2116 1934 sunt,
2152 1869 2322 1923 multo
2367 1872 2536 1940 magis
2582 1871 2840 1928 adversus
2889 1874 3187 1930 Nestorium
3223 1885 3278 1932 et
3326 1893 3419 1932 eos
3463 1874 3555 1949 qui

1950 1968 2137 2015 contra
2166 1962 2399 2031 capitula
2441 1963 2557 2031 ejus
2588 1965 2943 2037 scripserunt,
2976 1967 3220 2037 proferre
3249 1969 3433 2025 habuit
3462 1987 3557 2027 ea-

1951 2055 2072 2111 dem
2130 2055 2456 2111 testimonia.
2507 2057 2617 2113 Sed
2671 2075 2812 2115 nunc
2880 2061 3091 2118 videtur
3150 2063 3272 2134 quia
3313 2063 3554 2121 bzerelici

1951 2148 2209 2203 falsantes
2238 2148 2563 2204 addiderunt
2592 2166 2677 2207 ea.
2712 2169 2731 2204 ι

2024 2239 2307 2296 Liberatus
2338 2257 2467 2296 vero
2511 2243 2742 2311 primum
2778 2243 2916 2301 hanc
2944 2261 3063 2301 cum
3092 2248 3366 2320 acephalis
3393 2251 3557 2308 colla-

1954 2334 2154 2389 tionem
2184 2349 2304 2404 cap.
2335 2334 2389 2389 9.
2422 2345 2707 2403 memorat,
2738 2352 2799 2391 ac
2826 2337 3019 2395 deinde
3049 2356 3168 2412 cap.
3203 2343 3267 2397 10
3298 2345 3558 2414 perstrin-

1952 2441 2106 2496 gens,
2157 2441 2276 2502 qua:
2328 2426 2571 2495 proxime
2622 2443 2688 2482 ex
2740 2428 2831 2483 illa
2888 2429 3305 2502 descripsimus,
3340 2436 3557 2491 subdit:

1962 2537 1980 2570 ‹
2018 2497 2251 2590 Cyrillus
2277 2529 2507 2588 quatuor
2536 2520 2700 2575 libros
2728 2522 2963 2591 scripsit,
2999 2497 3109 2580 tres
3150 2497 3406 2581 adversus
3436 2528 3562 2583 Dio-

1954 2610 2144 2665 dorum
2172 2618 2227 2664 et
2265 2609 2611 2665 Theodorum
2638 2657 2650 2678 ,
2682 2614 2834 2681 quasi
2862 2626 3046 2668 essent
3096 2616 3398 2673 Nestoriaui
3435 2620 3560 2691 dog-

1956 2701 2115 2755 matis
2153 2711 2402 2756 auctores
2428 2745 2441 2765 ,
2483 2712 2537 2757 et
2561 2703 2722 2757 alium
2756 2703 2821 2758 de
2853 2705 3225 2765 lncarnatione
3248 2710 3474 2779 librum,
3505 2715 3561 2768 in

1957 2794 2149 2864 quibus
2197 2795 2543 2851 continentur
2590 2798 2935 2868 antiquorum
2991 2813 3199 2871 patrum
3246 2818 3498 2877 corrupta
3534 2827 3553 2861 ι

1960 2885 2054 2957 (ita
2083 2894 2237 2941 vetus
2266 2887 2439 2942 codex
2465 2890 2819 2953 corbeiensis,
2852 2892 2939 2946 ubi
2970 2892 3023 2947 in
3053 2895 3277 2965 vulgatis
3302 2900 3563 2955 mendose

1958 2978 2291 3052 incorrupta)
2330 2998 2348 3032 ‹
2385 2978 2707 3047 testimonia,
2741 2982 2793 3036 id
2823 2991 2905 3038 est
2931 2983 3127 3039 Felicis
3154 2987 3334 3059 Papaa,
3369 2990 3561 3064 Diony-

1959 3073 2024 3127 sii
2077 3072 2416 3143 Areupagita:
2454 3074 2856 3129 Corinthiorum
2903 3077 3174 3148 episcopi,
3228 3090 3283 3135 et
3311 3083 3557 3155 Gregorii

252 3188 395 3255 lant,
449 3205 471 3239 ι
506 3188 629 3259 quia
688 3185 766 3261 (‘2)
814 3186 975 3242 beato
1016 3184 1214 3259 Cyrillo
1257 3194 1310 3242 et
1360 3187 1518 3241 beato
1562 3180 1856 3240 Athanasio

1966 3166 2220 3221 mirabilis
2248 3170 2644 3242 θαυματούριγου
2676 3170 3057 3239 cognominati.
3084 3172 3285 3229 Contra
3317 3192 3452 3245 quos
3474 3193 3561 3233 ca-

252 3280 649 3337 Alexandrinze
679 3280 919 3336 civitatis
962 3279 1265 3350 Episcopis,
1298 3274 1476 3334 Felice
1504 3266 1663 3334 etiam
1692 3287 1744 3333 et
1766 3276 1858 3333 Ju-

252 3372 327 3428 iio
358 3372 619 3428 Romana:
649 3371 931 3439 Ecclesire,
980 3372 1243 3445 Gregorio
1284 3374 1411 3443 quin
1442 3373 1600 3427 etiam
1634 3371 1857 3445 mirabi:

251 3462 445 3519 billum
495 3465 725 3529 factore;
758 3474 813 3521 et
845 3442 1111 3536 Dionysio
1144 3442 1461 3535 Areopagita
1507 3478 1666 3519 unam
1699 3442 1857 3518 natu.-

254 3568 376 3613 ram
422 3554 519 3614 Dei
557 3556 723 3614 Verbi
756 3556 1175 3613 decernentibus
1225 3568 1345 3627 post
1384 3550 1675 3613 unitionem
1702 3600 1716 3622 ,
1762 3555 1860 3610 hos

257 3664 454 3709 ornnes
473 3651 796 3723 transgressi
826 3648 922 3720 illi,
944 3660 1071 3725 post
1091 3646 1383 3707 unltionem
1402 3657 1862 3722 prmsumpserunt

256 3744 400 3801 duas
422 3753 635 3800 naturas
651 3743 966 3816 praedicare.
1001 3764 1020 3798 ι
1040 3741 1244 3813 Quibus
1260 3740 1551 3814 respondet
1564 3740 1824 3814 Hypatius
1844 3757 1858 3794 :

264 3858 285 3893 ι
316 3838 380 3894 In
410 3844 615 3893 tantum
654 3837 804 3893 falsa:
845 3847 973 3893 sunt
1012 3832 1265 3909 Epistolze
1306 3837 1419 3892 sive
1458 3835 1861 3892 testificationes

257 3934 389 4000 illae,
422 3948 555 4003 quas
580 3933 781 4005 dicitisf,
815 3942 875 3987 ut
913 3947 1088 4002 neque
1118 3942 1277 3986 unam
1309 3946 1375 3985 ex
1401 3931 1510 3985 illis
1538 3928 1727 3985 beatus
1758 3926 1864 3999 Cy-

258 4027 419 4084 rillus
447 4026 677 4082 voluerit
720 4024 1036 4092 recordari,
1075 4040 1177 4080 nec
1206 4024 1257 4078 in
1289 4022 1577 4093 Epistolis,
1626 4036 1758 4091 quas
1797 4020 1865 4075 ad

256 4120 573 4177 Nestorium
597 4119 824 4190 scripsit,
848 4131 937 4172 aut
953 4117 1007 4172 in
1032 4117 1113 4172 his
1136 4115 1215 4190 (5)
1244 4133 1375 4187 quas
1399 4122 1585 4171 contra
1609 4111 1864 4184 blasphe-

260 4217 401 4271 mias
413 4215 535 4284 ejus
554 4213 771 4283 promlit
791 4212 1196 4268 testiﬁcntiones
1211 4211 1263 4265 in
1283 4218 1467 4264 sancta
1481 4207 1687 4280 synodo
1700 4207 1866 4277 ephe-

260 4304 402 4376 sina,
434 4304 651 4377 quando
681 4296 912 4361 maxime
938 4302 1121 4359 debuit
1150 4298 1392 4373 proferre
1413 4316 1525 4367 eas,
1554 4300 1648 4354 sed
1683 4314 1780 4354 nec
1810 4299 1864 4353 in

263 4390 603 4471 expositione
640 4390 925 4453 duodecim
955 4388 1308 4467 capitulorum
1331 4393 1591 4449 adversus
1615 4389 1866 4446 Theodo-

263 4501 441 4549 retum
470 4500 525 4546 et
567 4490 908 4545 Andream...
942 4488 1037 4545 sed
1081 4502 1180 4543 nec
1210 4488 1468 4541 adversus
1495 4480 1753 4540 orientale
1784 4480 1865 4554 (4)

1964 3262 2147 3316 tholici
2180 3261 2417 3316 veritatis
2460 3260 2773 3317 defensores
2820 3262 2896 3317 sic
2944 3264 3215 3335 acepbalis
3256 3271 3558 3340 responde-

1962 3363 2119 3419 runt,
2151 3354 2269 3408 illos
2297 3354 2466 3408 libros
2497 3370 2604 3408 non
2635 3368 2756 3410 esse
2784 3355 3000 3427 Cyrilli,
3033 3359 3284 3428 quoniam
3320 3361 3564 3418 testimo~
3638 3422 3641 3426 _

1963 3447 2085 3515 niis,
2114 3462 2233 3517 qua:
2253 3448 2304 3501 in
2327 3447 2406 3501 eis
2428 3457 2614 3501 contra
2662 3457 2907 3505 mortuos
2927 3453 3168 3522 posuisse
3194 3453 3406 3522 dicitur,
3432 3471 3563 3510 con-

1964 3548 2045 3594 tra
2097 3539 2363 3594 viventem
2420 3539 2723 3595 Nestorium
2777 3556 2883 3596 non
2935 3552 3017 3599 est
3076 3561 3223 3612 usus,
3284 3562 3459 3617 neque
3504 3549 3581 3605 in’

1966 3636 2231 3706 aliquibus
2259 3638 2531 3706 Epistolis.
2566 3637 2720 3694 Unde
2749 3638 3069 3696 dicuntillos
3095 3641 3257 3697 libros
3304 3660 3404 3701 nec
3447 3645 3562 3701 dic-

1966 3739 2109 3784 tasse
2137 3729 2417 3801 Cyrillum,
2459 3746 2559 3785 nec
2585 3730 2873 3787 edidisse.»
2912 3732 3043 3787 Cum
3068 3734 3228 3805 igitur
3252 3735 3563 3793 Liberalum

1967 3836 2030 3874 ex
2062 3820 2274 3892 Hypatii
2305 3822 2571 3875 sententia
2598 3822 2742 3891 loqui
2766 3822 3108 3879 manifestum
3137 3825 3225 3895 sit,
3258 3843 3422 3883 unum
3438 3844 3565 3884 cen-

1968 3915 2073 3970 seri
2103 3914 2265 3997 debet
2288 3914 2564 3983 utriuSque
2598 3915 2982 3970 testimonium.
3016 3916 3096 3971 Ex
3126 3933 3232 3987 quo
3259 3918 3560 3987 coniicitur,

1967 4006 2129 4061 unius
2168 4006 2515 4076 ejusdemque
2552 4005 2749 4061 Felicis
2790 4009 3007 4063 nomine
3050 4024 3170 4063 cum
3212 4012 3449 4079 geminas
3497 4026 3560 4065 ac

1969 4102 2239 4167 sinceras,
2277 4098 2386 4156 tum
2420 4098 2583 4156 falsas
2609 4111 2701 4155 aut
2739 4102 3066 4157 adulteratas
3095 4105 3392 4175 divulgatas
3418 4107 3561 4163 litte-

1970 4210 2092 4250 ras:
2125 4205 2178 4248 et
2207 4193 2465 4264 genuinas
2495 4192 2708 4263 quidem
2749 4195 2799 4247 in
2831 4195 3090 4263 epbesino
3118 4198 3365 4263 concilio,
3398 4176 3560 4255 falsas

1971 4297 2149 4343 autem
2192 4302 2285 4342 seu
2313 4295 2595 4356 corruptas
2624 4287 2691 4342 ab
2722 4286 2989 4357 acephalis
3020 4287 3182 4345 fuisse
3210 4290 3470 4347 laudatas.

2048 4381 2171 4437 Utut
2200 4382 2254 4436 in
2280 4380 2493 4435 dubium
2536 4382 2759 4435 revocari
2802 4383 2959 4451 possit
3010 4385 3118 4447 eius
3144 4383 3428 4457 integritas.
3464 4387 3563 4443 Ca-

1973 4477 2160 4531 tholica
2187 4488 2351 4529 tamen
2372 4485 2445 4529 est
2475 4476 2742 4529 sententia.
2778 4475 2955 4530 Omnis
2981 4493 3094 4531 vero
3109 4454 3356 4537 dubitatio
3385 4499 3449 4537 ea:
3469 4498 3556 4537 ve.

267 4586 579 4643 condiintn.
622 4601 642 4637 ι
677 4579 815 4639 Tum
866 4577 1298 4638 teatimoniorum
1324 4594 1356 4633 a
1382 4578 1584 4650 Cyriilo
1611 4576 1867 4646 epbesina
1896 4583 1946 4643 1)
1976 4580 2133 4623 terum
2180 4570 2485 4623 auctoritate
2528 4569 2748 4623 sublata.
2778 4598 2849 4610 --
2878 4570 3004 4625 Inde
3037 4582 3213 4628 tamen
3243 4577 3445 4632 moveri
3472 4592 3560 4634 me

265 4680 321 4736 in
351 4679 561 4753 synodo
592 4678 946 4750 prolaturum,
979 4676 1402 4744 nominatimque
1428 4669 1621 4727 Felicis
1647 4671 1870 4727 sinceri-

270 4783 432 4831 tatem
476 4770 700 4839 tuetur,
747 4782 906 4843 atque
946 4771 1030 4825 bis
1058 4770 1282 4841 opponit
1321 4769 1377 4822 in
1412 4767 1558 4820 hunc
1608 4765 1866 4820 modum:

282 4865 421 4921 «Sed
443 4876 499 4922 et
526 4864 633 4921 hoc
659 4860 910 4924 dicimus,
932 4863 1057 4933 quia
1089 4854 1371 4915 duodecim
1387 4857 1744 4928 gioriosorum
1774 4869 1871 4925 pa-

277 4967 423 5014 trum
464 4952 770 5014 testimonia
819 4956 1080 5011 adversus
1130 4952 1361 5008 Nestorii
1409 4949 1770 5019 biaspltemias
1818 4948 1872 5001 in

274 5044 497 5122 Epheso
521 5051 581 5106 Β.
606 5049 841 5124 Cyrillus
866 5043 1148 5119 proferens
1165 5089 1178 5110 ,
1204 5042 1259 5101 id
1288 5054 1372 5099 est
1396 5045 1568 5099 sancti
1586 5040 1729 5097 Petri
1756 5040 1875 5111 epi-

271 5144 434 5214 scopi
460 5143 790 5200 alexandrini
818 5150 875 5199 et
894 5142 1145 5213 martyris
1169 5180 1184 5206 ,
1216 5138 1389 5195 sancti
1416 5137 1609 5193 Felicis
1636 5134 1876 5206 episcopi

272 5238 494 5296 romani
535 5247 587 5293 el
613 5238 881 5311 martyris,
910 5224 1164 5309 Cypriani
1194 5234 1429 5304 episcopi
1449 5230 1875 5301 carthaginensis

272 5342 331 5389 et
374 5331 632 5403 martyris
654 5375 669 5399 ,
700 5332 760 5387 Β.
794 5328 1072 5387 Athanasii
1101 5336 1155 5382 et
1184 5327 1243 5383 Β.
1276 5325 1559 5395 Theophili
1599 5324 1876 5394 episcopo-

351 5451 431 5595 ἓὶ)
464 5451 540 5506 Le
566 5451 759 5519 Quien,
792 5450 1071 5533 Dissertat.
1103 5449 1411 5510 Damasen.,
1446 5462 1505 5505 tt.
1600 5461 1693 5499 vn.

375 5523 657 5595 2)Labh.,
702 5523 924 5595 (Ionem,
975 5530 1102 5575 tum.
1153 5536 1238 5580 IV,
1289 5535 1405 5589 pag.
1441 5517 1560 5595 τηρ
1601 5560 1615 5583 ,
1649 5526 1693 5571 el

375 5515 657 5595 2')7Labb.,
702 5523 924 5595 comit,
975 5530 1102 5575 tum.
1153 5536 1238 5580 IV,
1289 5535 1405 5589 pag.
1649 5526 1703 5571 et
1734 5515 1875 5588 apud

276 5589 473 5657 Manli,
503 5594 714 5650 Collect.
748 5593 972 5659 Concil.,
1006 5602 1137 5647 tom.
1166 5608 1279 5655 vm,
1315 5606 1434 5659 pag.
1464 5589 1587 5646 820.

355 5663 440 5740 (ὃ)
476 5665 552 5721 ita
581 5666 839 5738 intellige,
884 5665 1037 5737 quasi
1085 5679 1209 5719 mox
1248 5664 1515 5734 legeretur
1567 5660 1878 5731 testiﬁcatio-

281 5739 456 5887 m‘llf).
474 5808 588 5867 Hoc
615 5820 697 5867 est
720 5809 775 5869 in
796 5808 1124 5882 Apologetico
1145 5806 1406 5866 adversus
1431 5804 1748 5863 Orientales.

1974 4663 2165 4731 fateor,
2199 4679 2266 4718 ne
2293 4663 2489 4719 Felicis
2515 4665 2797 4733 epistolam
2827 4666 2987 4720 etiam
3017 4669 3068 4722 in
3096 4671 3355 4739 epbesino
3380 4675 3562 4728 conci-

1974 4757 2068 4823 lio,
2095 4757 2691 4829 etaCyrillolaudatam
2712 4759 3110 4828 proindubitata
3137 4763 3386 4827 habeam.
3415 4768 3558 4838 quod

1973 4850 2206 4923 Cyrillus
2229 4850 2279 4904 itt
2310 4851 2532 4921 epistola
2566 4852 2630 4905 ad
2662 4854 2981 4910 Successum
3023 4865 3078 4911 et
3099 4859 3222 4912 alibi
3250 4876 3404 4913 uuam
3425 4862 3563 4919 verbi

1977 4956 2212 5001 naturam
2242 4946 2562 5000 incarnatam
2602 4949 2932 5016 proﬁteatur.
2966 4949 3147 5019 Neque
3173 4952 3314 5006 enim
3345 4955 3562 5013 aliunde

1980 5037 2045 5091 ad
2088 5037 2391 5109 huiusmodi
2437 5039 2821 5108 professionem
2877 5040 3136 5097 adductus
3174 5042 3404 5110 videtur,
3459 5049 3562 5105 nisi

1978 5131 2116 5199 quod
2144 5132 2364 5200 scripta,
2380 5146 2499 5201 qua:
2521 5132 2904 5202 apollinarista:
2917 5133 3183 5191 clarorum
3204 5140 3440 5195 virorum
3460 5158 3560 5197 ηο.

1980 5223 2210 5276 minibus
2240 5222 2610 5278 conﬁnxerunt
2641 5267 2653 5287 ,
2685 5240 2867 5279 eorum
2900 5225 3229 5285 existimavit
3257 5247 3375 5286 esse
3420 5249 3560 5303 quo-

1978 5328 2098 5367 rum
2152 5314 2366 5367 nomina
2414 5328 2524 5383 prae
2545 5330 2603 5369 se
2644 5315 2861 5370 ferrent.
2899 5315 3031 5373 lliuc
3080 5329 3135 5375 et
3182 5320 3469 5380 Flavianus
3505 5326 3563 5382 in

1980 5405 2341 5481 confessione,
2372 5424 2531 5478 quam
2562 5408 2629 5463 ad
2660 5408 3019 5466 Theodosium
3047 5414 3424 5485 imperatorem
3455 5421 3561 5475 mi-

1978 5502 2047 5556 sit
2079 5519 2091 5556 :
2132 5520 2149 5552 ‹
2183 5501 2355 5557 Unum
2397 5502 2632 5572 quidem,
2664 5503 2833 5572 inquit
2865 5504 2962 5578 (l),
2988 5510 3135 5563 verbi
3168 5512 3257 5566 Dei
3291 5525 3556 5582 naturam,

1976 5592 2309 5649 incarnatam
2341 5604 2516 5648 tamen
2554 5604 2606 5648 et
2637 5594 3037 5653 inhumanatam
3060 5643 3075 5669 ,
3121 5602 3298 5658 dicere
3329 5622 3433 5659 non
3461 5623 3559 5663 ne-

1977 5703 2186 5760 gamus,
2219 5706 2282 5743 eo
2310 5688 2451 5758 quod
2478 5703 2548 5743 ex
2573 5689 2830 5745 ambabus
2861 5708 2997 5749 unus
3016 5704 3175 5765 atque
3197 5695 3337 5752 idem
3364 5700 3434 5755 sit
3460 5702 3561 5759 Do-

2051 5800 2129 5873 (i)
2153 5799 2370 5858 Calced.
2394 5801 2624 5872 Concil.,
2655 5812 2803 5874 part.
2825 5820 2943 5877 cap.
2973 5822 3023 5874 v,
3051 5814 3104 5863 et
3131 5806 3341 5867 liberat.
3362 5816 3559 5886 capit.
