3990 6060
440 235 547 295 M5

1767 229 1824 288 S.
1870 225 2134 286 FELICIS
2171 225 2374 284 PAPIE

3615 220 3722 280 144

437 356 616 411 minus
647 361 831 412 noster
850 351 1006 409 Jesus
1036 320 1298 406 Christus.
1337 364 1357 399 ι
1394 347 1528 404 Utut
1550 354 1666 412 est,
1696 345 1743 402 si
1785 345 2020 401 hmretici
2049 344 2102 404 A
2129 345 2300 400 menis
2315 342 2427 397 suis
2449 354 2569 411 cap.
2596 339 2695 407 l4,
2729 344 2858 394 tom.
2877 349 2957 392 ιιι.
2987 332 3337 394 Bibliotheca:
3357 343 3597 394 veterum
3621 338 3722 395 Pa-

438 456 522 504 est
550 447 901 518 fragmentum
933 443 1064 499 illud
1092 440 1284 496 Felicis
1310 441 1525 496 nomine
1551 440 1884 509 inscriptum,
1905 440 2022 509 ejus

379 520 385 526 I
437 553 542 608 est,
573 543 802 613 quicum
832 538 1126 596 catholicus
1146 535 1313 591 videri
1346 535 1577 600 aﬂ‘ectet,
1606 550 1731 590 suas
1752 534 1819 589 ab
1841 533 2024 588 ortho-

435 637 575 693 doxa
607 635 711 690 fide
739 648 898 690 voces
923 639 1217 686 mutuatur.
1250 628 1382 682 Illud
1413 637 1562 683 certe
1609 643 1730 682 cum
1789 626 2023 698 Cyrillus

437 740 493 785 et
540 727 794 799 ephesina
840 723 1076 796 synodus
1133 720 1470 778 sanctissimo
1525 734 1658 790 papa
1707 728 1760 774 et
1786 729 2024 789 martyre

435 821 613 877 Felice
663 835 768 874 non
807 814 1426 888 indignumjudicarint,
1468 825 1628 882 atque
1676 821 1734 866 ut
1779 811 2018 881 ejusdem

435 913 630 969 deinde
655 912 851 968 Marius
879 909 1175 975 Mercator,
1210 907 1523 962 Vincentius
1555 905 1853 961 Lirinensis
1878 947 1892 968 ,
1924 905 2018 958 lli—

428 1009 608 1080 patius
651 1005 1005 1077 Ephesiorum
1053 1005 1358 1074 episcopus,
1409 1000 1610 1068 aliique
1648 998 1899 1055 catholici
1925 998 2022 1054 ad-

429 1099 710 1163 miserint,
747 1097 997 1170 quamdiu
1025 1094 1170 1152 aliud
1201 1110 1306 1149 non
1333 1092 1622 1156 constabit,
1650 1090 1897 1160 religioni
1924 1106 2018 1145 no—

431 1193 515 1248 bis
551 1203 635 1248 est
677 1191 803 1247 hinc
845 1191 974 1246 illud
1013 1189 1350 1244 submovere.
1386 1185 1531 1241 Sane
1563 1193 1620 1238 nt
1656 1185 2016 1240 orthodoxam

429 1287 655 1358 quisque
702 1283 942 1355 proferre
976 1291 1090 1337 tuto
1119 1281 1315 1345 valeat,
1348 1277 1491 1350 quod
1523 1287 1668 1332 tanta
1698 1277 2020 1332 auctoritate

429 1382 665 1439 fulcitur.
1732 1387 1734 1389 '

520 1474 657 1539 Quin
685 1482 731 1526 et
757 1487 819 1526 ea:
840 1470 1016 1525 eodem
1046 1472 1331 1541 fragmento
1345 1465 1660 1538 Apollinaris
1683 1463 1888 1519 Itazresis
1907 1479 2022 1533 pro-

425 1567 652 1638 (ligatur.
684 1563 1095 1632 —Apollinaris
1127 1561 1348 1615 haeresis
1371 1602 1386 1626 ,
1419 1575 1538 1630 qua:
1562 1573 1759 1628 corpus
1782 1557 2019 1611 hominis

421 1660 601 1713 anima
645 1656 731 1712 vel
772 1662 952 1711 mente
991 1653 1305 1709 destitutum
1331 1652 1575 1721 adeoque
1613 1649 1885 1704 hominem
1917 1649 2014 1702 ἰιιι-

421 1751 717 1821 perfectum
746 1765 774 1803 a
807 1748 1023 1802 Christo
1051 1757 1386 1816 assumptum
1430 1746 1675 1808 volebat,
1728 1744 2014 1814 postremis

421 1843 581 1913 hujus
603 1843 780 1897 verbis
811 1841 1143 1910 profligator.
1172 1839 1438 1904 Quocirca
1470 1836 1553 1890 vel
1575 1835 1698 1890 hinc
1728 1836 1964 1905 suspicio
1993 1879 2008 1901 ,

419 1951 491 1990 ne
521 1935 659 1988 forte
687 1933 814 1987 illud
841 1930 1225 2000 apollinarista:
1255 1928 1766 1998 alicujusopilieiutn
1793 1928 1881 1995 sit,
1899 1945 2014 1983 om-

419 2027 551 2082 nino
599 2035 1002 2090 removeretur,
1049 2025 1092 2079 si
1139 2022 1516 2078 haereticorum
1551 2025 1764 2077 illorum
1785 2035 1930 2078 artes
1948 2040 2012 2079 ac

416 2119 635 2174 fraudes
664 2120 912 2185 laterent.
943 2118 1048 2174 Sed
1077 2128 1134 2172 ut
1159 2117 1392 2186 prudens
1426 2117 1737 2173 observavit
1764 2117 2010 2172 laudatus

416 2213 644 2268 Michael
673 2211 1015 2283 Lequienius,
1042 2220 1096 2266 ct
1120 2210 1454 2282 Epiphanius
1484 2209 1562 2282 (ι)
1585 2212 1858 2265 memoria:
1887 2226 2011 2280 pro-

415 2305 591 2370 didit,
640 2305 936 2373 prtedicare
981 2317 1089 2358 non
1138 2303 1403 2358 dubitavit
1455 2301 1645 2356 Vitalis
1694 2300 2010 2372 Apollinarii

413 2397 732 2469 discipulus.
759 2398 962 2451 omnino
987 2398 1241 2467 perfectus
1271 2398 1422 2449 homo
1448 2394 1685 2448 Christus
1714 2396 1912 2461 extitit,
1947 2410 2010 2448 ac

415 2494 766 2550 nihilominus
814 2501 1050 2547 mentem
1078 2507 1108 2544 a
1144 2491 1360 2545 Christo
1387 2498 1689 2559 susceptam
1719 2504 1837 2543 esse
1867 2487 2008 2543 haud

415 2597 730 2644 cunctanter
756 2588 984 2657 negavit.
1009 2585 1161 2654 Quod
1192 2601 1301 2656 quo
1342 2595 1499 2654 pacto
1537 2594 1888 2654 componeret
1917 2601 2008 2640 ro-

418 2693 594 2755 gatus,
652 2681 934 2756 reSpondit
981 2700 994 2736 :
1039 2699 1058 2732 ι
1091 2679 1331 2736 Eatenus
1387 2679 1680 2749 perfectum
1735 2679 2010 2734 hominem

417 2777 586 2833 fuisse
611 2775 860 2837 dicimus,
886 2775 929 2828 si
955 2773 1296 2830 divinitatem
1325 2774 1401 2828 illi
1434 2774 1553 2830 loco
1580 2775 1777 2830 mentis
1800 2776 2006 2830 adscri-

415 2873 629 2931 bamus,
659 2880 715 2926 et
736 2885 956 2926 carnem
979 2881 1141 2940 atque
1160 2873 1394 2925 animam
1426 2872 1781 2942 adjungamus
1819 2876 1915 2939 sic,
1955 2885 2015 2930 ut

415 2965 691 3037 perfectus
712 2963 874 3019 homo
894 2980 958 3019 ex
981 2978 1165 3030 carne,
1191 2965 1369 3018 anima
1397 2979 1450 3019 et
1476 2964 1777 3029 divinitate,
1803 2981 1924 3036 quae
1943 2968 2014 3020 sit

2043 1695 2091 1755 B

2127 447 2266 492 trum
2297 436 2540 492 inseruit.

2197 531 2333 587 Tres
2363 531 2536 586 adhuc
2563 529 2726 586 Felici
2754 529 2772 585 l
2795 529 3134 601 assignantur
3162 529 3402 600 epismlae
3427 546 3458 586 a
3490 530 3722 602 pseudo-

2126 625 2350 681 Isidoro.
2405 625 2581 680 Prima
2637 625 2702 679 ad
2733 624 3020 680 Paternum
3053 624 3366 695 episcopum
3416 641 3514 682 sex
3547 627 3720 697 capita

2127 717 2406 772 continet:
2445 718 2504 772 ιο
2535 717 2687 786 Quod
2734 717 2972 774 fautores
3003 717 3340 774 inimicorum
3381 721 3451 775 ah
3492 734 3719 775 accusa-

2131 811 2276 864 tione
2300 811 2597 881 episcopali
2629 811 3069 866 submoveantur.
3103 811 3166 866 2°
3198 811 3276 867 Ne
3305 813 3535 882 majores
3556 829 3586 869 a
3615 813 3720 869 mi-

2123 917 2313 958 norum
2337 903 2769 960 accusationibus
2798 905 3142 974 impetantur.
3175 907 3239 961 3°
3285 905 3362 961 Ne
3393 908 3444 960 in
3476 922 3532 962 re
3557 907 3720 963 dubia

2125 1012 2229 1051 non
2241 996 2663 1066 judiceturcerta
2678 997 2965 1053 sententia.
2983 997 3122 1054 4°Ut
3137 999 3320 1054 clerici
3340 1014 3464 1054 suas
3481 1001 3720 1056 actiones

2123 1100 2434 1146 exerceant.
2499 1092 2561 1147 5ο
2624 1091 2908 1158 Quomodo
2973 1092 3227 1161 primates
3284 1092 3336 1146 in
3411 1105 3716 1148 accusatum

2123 1183 2437 1256 episc0pum
2464 1200 2523 1241 se
2542 1201 2731 1256 gerere
2759 1185 3012 1241 debeant.
3035 1184 3096 1238 ϐο
3118 1183 3336 1240 .ludices
3365 1185 3623 1240 Ecclesia:
3653 1200 3721 1239 ne

2122 1277 2346 1333 absente
2377 1293 2464 1345 eo,
2491 1281 2648 1347 cujus
2697 1293 2858 1333 causa
2888 1278 3197 1341 ventilatur,
3243 1279 3565 1332 sententiam
3599 1292 3721 1348 pro-

2124 1367 2316 1424 ferant.
2349 1369 2478 1423 Data
2522 1378 2606 1424 est
2634 1369 2792 1423 nonis
2816 1367 2953 1438 junii
2991 1366 3216 1422 Claudio
3244 1376 3300 1422 et
3323 1369 3614 1423 Aureliano
3644 1368 3722 1423 vi-

2123 1461 2198 1517 ris
2231 1463 2438 1519 clariss.
2478 1477 2620 1517 coss.
2649 1493 2720 1502 —
2742 1461 2988 1519 Secunda
3017 1461 3267 1532 epistola,
3300 1461 3370 1517 de
3400 1461 3720 1518 auctoritate

2121 1557 2266 1614 sedis
2292 1559 2626 1628 apostolicae,
2661 1567 2716 1614 et
2753 1558 2820 1614 de
2847 1561 3008 1630 episct
3031 1541 3114 1630 pis
3143 1561 3426 1622 accusatis,
3453 1559 3719 1614 universis

2123 1669 2218 1722 per
2246 1652 2446 1708 Gallias
2472 1651 2742 1723 episcopis
2763 1652 3071 1708 constitutis
3103 1652 3262 1706 missa
3289 1662 3393 1708 est.
3423 1653 3551 1708 Data
3581 1663 3662 1708 est
3685 1667 3718 1705 ν

2119 1745 2239 1801 idus
2286 1746 2511 1817 Augusti
2555 1743 2778 1801 Claudio
2825 1754 2879 1800 et
2915 1744 3149 1800 Paterno
3179 1745 3309 1800 viris
3333 1746 3543 1802 clariss.
3573 1761 3716 1803 coss.

2117 1838 2300 1894 Tertia
2332 1839 2566 1908 denique
2601 1839 2825 1908 epistola
2843 1837 2908 1892 ad
2941 1837 3234 1908 Benignum
3267 1839 3579 1909 episc0pum
3608 1838 3717 1893 duo

2117 1933 2513 2003 complectitur.
2550 1933 2775 1987 Damnat
2815 1935 2882 1987 et'
2909 1947 3041 2000 eos,
3086 1933 3176 2002 qui
3211 1933 3377 1988 filium
3402 1949 3506 1989 non
3535 1932 3718 1989 videre

2117 2025 2329 2081 Patrem
2352 2027 2708 2094 contendunt,
2735 2034 2790 2081 et
2816 2026 2935 2079 illos
2957 2027 3044 2096 qni
3076 2025 3346 2082 aflirmant
3378 2026 3572 2082 Filium
3594 2042 3716 2083 esse

2117 2119 2274 2174 Patre
2301 2121 2561 2176 minorem
2589 2139 2601 2174 :
2639 2121 2769 2175 Data
2801 2119 2954 2175 nonis
2980 2119 3259 2177 Februarii
3285 2121 3512 2177 Claudio
3534 2131 3589 2178 et
3616 2121 3716 2177 Pa-

2116 2222 2270 2268 terno
2299 2214 2430 2268 viris
2472 2213 2684 2270 clariss.
2735 2228 2878 2271 coss.
2928 2217 2998 2268 At
3031 2214 3228 2269 frustra
3258 2214 3546 2270 subdolum
3596 2223 3711 2271 rete

2113 2321 2268 2361 suum
2297 2306 2535 2363 larvatus
2566 2308 2654 2364 ille
2680 2307 2833 2363 Felix
2865 2307 3036 2364 tendit
3077 2307 3322 2365 eruditis.
3357 2309 3554 2364 Prima:
3582 2309 3713 2381 Epi-

2113 2401 2267 2454 stula:
2291 2399 2571 2456 falsissima
2595 2411 2678 2456 est
2703 2402 3047 2473 subscriptio.
3078 2402 3312 2460 Setlente
3339 2403 3514 2460 Felice
3533 2405 3713 2459 nullus

2113 2489 2318 2545 Claudii
2359 2502 2412 2546 et
2453 2493 2726 2548 Aureliani
2760 2495 3090 2549 consulatus.
3139 2495 3347 2550 Initium
3375 2494 3478 2550 hoc
3505 2496 3708 2566 episto-

2114 2584 2202 2646 lae,
2249 2583 2482 2654 gaudere
2536 2600 2624 2640 me
2670 2585 2956 2654 plurimum
2983 2596 3037 2641 et
3061 2586 3304 2642 exultare
3351 2586 3404 2640 in
3434 2587 3662 2642 Domino
3692 2629 3708 2655 ,

2116 2678 2388 2749 verbaque
2417 2681 2694 2750 sequentia
2718 2679 2856 2735 bene
2884 2680 3048 2734 multa
3075 2689 3261 2736 extant
3291 2679 3488 2736 Leonis
3515 2684 3566 2737 in
3593 2682 3708 2752 epi-

2115 2774 2250 2829 stola
2275 2790 2423 2829 xxxt.
2458 2773 2706 2830 Secunda
2749 2774 3072 2843 subscriptio
3102 2785 3459 2831 veteratorem
3511 2775 3712 2846 prodit.

2117 2867 2236 2921 Vita
2261 2868 2312 2920 in
2339 2867 2593 2938 Dionysio
2621 2866 2930 2921 morabatur
2962 2866 3140 2922 idibus
3169 2869 3376 2936 augusti
3405 2867 3632 2924 Claudio
3657 2878 3715 2926 et

2115 2960 2346 3016 Paterno
2372 2974 2512 3015 coss.
2542 2960 2644 3029 Qui
2671 2959 2825 3016 Felix
2853 2975 2984 3032 ergo
3013 2975 3080 3016 eo
3111 2971 3379 3034 tempore,
3413 2962 3710 3018 Galliarum

419 3060 618 3114 mentis
671 3059 839 3112 instar
863 3101 876 3125 ,
914 3058 1131 3113 existat.
1177 3077 1196 3110 ι
1225 3057 1425 3113 Verum
1454 3059 1712 3114 mentitur
1757 3060 2008 3131 iniquitas
2036 3038 2082 3102 (ἶ
2115 3053 2383 3124 episcopis
2405 3094 2421 3118 ,
2466 3053 2791 3110 decretalem
2827 3056 3043 3111 mittere
3078 3071 3230 3112 suam
3261 3056 3477 3127 potuit?
3500 3056 3710 3112 Initium

417 3153 542 3207 sibi.
564 3152 734 3220 Quem
771 3153 915 3208 enim
944 3152 1140 3224 potiori
1169 3152 1404 3208 hominis
1440 3167 1592 3222 parte
1617 3155 1860 3211 caruisse
1883 3171 2012 3210 cen-

415 3254 500 3301 set
520 3285 536 3310 ,
584 3245 856 3300 hominem
883 3245 1178 3314 perfectum
1202 3261 1309 3299 non
1338 3246 1439 3300 nisi
1469 3261 1561 3316 per
1593 3246 2009 3303 ludiﬁcationem

417 3336 674 3406 appellat.
711 3335 982 3392 Hactenus
1008 3335 1348 3392 Contantius.

489 3429 574 3486 Uti
592 3431 642 3485 in
670 3429 881 3486 caeteris
907 3440 1148 3486 veterum
1177 3446 1520 3486 romanorum
1553 3432 1864 3501 pontificum
1899 3436 2012 3499 epi-

413 3527 568 3583 stolis
588 3525 809 3582 edendis
838 3525 1181 3579 tjoutantium
1210 3533 1426 3580 secutus
1453 3535 1535 3580 est
1563 3527 1906 3594 Gallandius;
1940 3529 2010 3584 ita

416 3620 576 3691 hujus
600 3619 799 3689 pariter
829 3616 1112 3688 fragmenti
1146 3616 1403 3672 Feliciani
1446 3617 1741 3674 editionem
1780 3621 2012 3675 adorna-

416 3713 498 3766 vit
541 3711 607 3766 ad
649 3711 927 3780 exemplar
972 3709 1430 3774 Coutantianum;
1464 3711 1706 3781 ejusdem
1739 3712 2010 3768 Coulantii

414 3802 676 3873 judicium
707 3803 774 3859 de
801 3802 905 3858 hoc
935 3802 1256 3874 fragmento,
1289 3812 1452 3875 atque
1482 3805 1741 3861 vindicias
1762 3807 2012 3877 prolego-

493 3897 574 3968 (l)
601 3897 892 3968 Epiphan.,
927 3896 1130 3953 Hazres.
1165 3912 1374 3962 Lxxvtt,
1399 3897 1535 3966 §23.

2111 3164 2326 3220 quoque
2345 3147 2602 3204 decretali
2633 3148 2918 3204 fteneravit
2941 3148 3053 3205 Leo
3070 3149 3297 3219 epistola
3332 3166 3499 3206 xxxtt.
3533 3149 3712 3205 Bono-

2113 3258 2231 3297 rum
2271 3257 2494 3308 operum
2526 3253 2580 3298 et
2611 3242 2996 3312 spiritualium,
3026 3252 3134 3298 etc.
3168 3241 3280 3298 Nec
3307 3259 3416 3298 uno
3440 3245 3544 3298 hoc
3567 3241 3714 3298 furto

2112 3347 2400 3394 contentus
2429 3336 2677 3393 subditus
2709 3336 2797 3393 ille
2824 3337 2974 3394 Felix
2999 3379 3016 3404 ,
3067 3353 3134 3394 ex
3163 3336 3309 3392 Petri
3335 3337 3575 3408 episcopi
3611 3337 3712 3394 Ra-

2114 3432 2362 3487 vennatis
2419 3431 2484 3486 ad
2512 3430 2810 3502 Eutychem
2843 3431 3216 3501 presbyterum
3245 3431 3485 3500 Epistula
3544 3430 3712 3486 verba

2115 3526 2432 3596 desumpsit.
2484 3524 2809 3594 lnspiciatur
2859 3523 3174 3578 Bibliotheca
3219 3540 3406 3596 magna
3452 3522 3708 3588 Patrum,

2116 3629 2222 3674 tom
2247 3635 2341 3683 vn,
2383 3633 2434 3687 p.
2469 3617 2596 3684 979,
2643 3629 2696 3673 et
2726 3615 2918 3680 Mansi,
2947 3616 3119 3688 Ampi.
3153 3616 3352 3671 collect.
3401 3615 3708 3682 concilior.,

2112 3721 2247 3768 tom.
2271 3728 2309 3775 t.
2343 3726 2460 3782 pag.
2493 3710 2703 3766 1105-
2721 3711 2878 3766 HM.
2925 3709 3033 3766 Has
3052 3707 3294 3766 Felicis!
3337 3709 3592 3780 epistolas
3614 3709 3713 3764 fal-

2111 3809 2288 3862 sitatis
2314 3805 2590 3862 couvictas
2614 3805 2836 3860 exhibet
2857 3804 3022 3860 etiam
3053 3801 3364 3860 Blondellus
3395 3803 3447 3858 in
3469 3801 3712 3858 Pseudo-

2112 3901 2339 3965 lsidoro,
2361 3917 2482 3973 pag.
2508 3901 2615 3957 555
2645 3911 2701 3956 et
2724 3915 2842 3971 seq.

1410 4086 2728 4202 FRAGMENTUM

422 4271 464 4332 τε
497 4266 688 4325 Felicis
715 4266 1035 4323 sanctissimi
1059 4264 1296 4336 episcopi
1337 4263 1521 4318 Roma:
1564 4273 1618 4318 ct
1645 4264 1896 4334 martyris
1947 4279 2014 4318 ex

424 4363 646 4434 cpistola
678 4361 744 4416 ad
773 4359 1060 4414 Maximum
1091 4359 1400 4428 episcopum
1429 4365 1484 4411 et
1511 4355 1714 4411 clerum
1771 4356 2014 4411 Alexan-

427 4456 663 4512 drinum.

495 4574 574 4629 De
613 4570 769 4626 Verbi
800 4578 978 4624 autem
1008 4568 1371 4622 incarnatione
1397 4575 1452 4622 et
1506 4566 1629 4631 fide,
1661 4567 1930 4622 credimus
1960 4567 2012 4620 in

2117 4267 2320 4326 Φήλικος
2339 4306 2354 4330 ,
2380 4272 2470 4322 τοῦ
2502 4264 2789 4338 ἁγιωτάτου
2819 4266 3104 4321 ἐπισκόπου
3127 4262 3316 4338 Ῥώμης
3337 4269 3424 4322 καὶ
3446 4265 3713 4344 μάρτυρος

2189 4362 2243 4414 ἐκ
2288 4368 2380 4420 τῆς
2408 4361 2538 4435 πρὸς
2564 4361 2807 4431 Μάξιμον.
2841 4361 2926 4414 τὸν
2957 4361 3238 4415 ἐπίσκοπον
3276 4365 3364 4417 καὶ
3407 4363 3494 4418 τὸν
3531 4362 3712 4434 κλῆρον

2189 4452 2555 4529 Ἀλεξανδρείας
2582 4453 2876 4516 ἐπιστολῆς.

2190 4571 2306 4644 Περί
2332 4566 2386 4623 δὲ
2414 4578 2505 4630 τῆς·
2532 4573 2846 4646 σαρκώσιως
2871 4577 2964 4626 τοῦ
2992 4572 3160 4645 Λόγου
3216 4574 3304 4627 καὶ
3328 4581 3420 4633 τῆς
3457 4573 3706 4638 nierum,

422 4665 707 4721 Dominum
737 4672 975 4717 nostrum
1007 4661 1189 4716 Jesum
1216 4659 1486 4714 Christum
1528 4677 1591 4716 cx
1616 4661 1820 4732 virgine
1849 4659 2012 4715 Maria

2122 4662 2428 4732 πιστεύομεν
2453 4663 2524 4722 εἰς
2555 4664 2640 4718 τὸν
2677 4664 2855 4739 Κύριον
2882 4665 3021 4735 ἡμῶν
3059 4663 3250 4724 Ἰησοῦν
3269 4666 3512 4741 Χριστὸν.
3538 4667 3624 4722 τὸν
3651 4669 3710 4720 ἐκ

421 4768 624 4823 natum,
651 4755 789 4828 quod
807 4757 921 4824 ipse
937 4767 1020 4810 est
1041 4754 1398 4823 sempiternus
1419 4753 1510 4807 Dei
1528 4754 1666 4808 filius
1677 4764 1731 4808 et
1751 4753 2008 4818 Verbum,

419 4866 527 4905 non
554 4862 730 4905 autem
751 4848 952 4903 homoa
977 4849 1084 4902 Deo
1109 4857 1434 4916 assumptus,
1468 4856 1524 4900 ut
1552 4847 1689 4900 alius
1716 4847 1785 4900 sit
1809 4845 1876 4898 ah
1898 4844 2010 4897 illo.

419 4944 604 5015 Neque
623 4944 762 4998 enim
783 4943 1051 4997 hominem
1074 4941 1356 5010 assumpsit
1386 4939 1477 4993 Dei
1499 4939 1683 5005 Filius,
1706 4947 1764 4993 ut
1781 4937 1918 4992 alius
1942 4937 2012 4992 ab

417 5052 487 5094 eo
534 5041 784 5091 exsistat:
817 5034 910 5090 sed
967 5049 1088 5089 cum
1133 5034 1399 5102 perfectus
1451 5032 1590 5087 Deus
1639 5037 1802 5091 esset,
1840 5026 2011 5084 factus

416 5143 502 5190 est
528 5131 688 5189 simul
737 5140 792 5189 et
836 5129 997 5187 homo
1044 5129 1344 5201 perfectus,
1397 5144 1462 5184 ex
1509 5127 1714 5198 virgine
1761 5125 2008 5181 incarna-

425 5236 529 5286 tus.

2116 4766 2206 4818 τῆς
2232 4759 2482 4834 παρθένου
2523 4761 2720 4834 Μαρίας
2765 4759 3051 4831 γενηθέντα,
3083 4757 3160 4815 ὅτι
3202 4759 3354 4820 αὐτὸς
3393 4761 3532 4815 ἐστιν
3561 4759 3587 4813 ὁ
3615 4764 3706 4813 τοῦ

2115 4855 2242 4904 Θεοῦ
2274 4847 2434 4910 ἀΐδιος
2462 4850 2576 4910 Υἱὸς
2601 4853 2687 4903 καὶ
2714 4850 2903 4924 Λόγος,
2934 4854 3020 4904 καὶ
3045 4853 3136 4905 οῦκ
3162 4847 3422 4927 ἅνθρωπος
3450 4851 3552 4905 ῦπό
3576 4856 3707 4904 Θεοῦ

2115 4943 2424 5015 ἀναληφθεὶς.
2455 4943 2517 4996 ἶν’
2543 4944 2713 5018 ἔτερος
2799 4944 2924 5020 παρ’
2945 4946 3147 5000 ἐκεῖνον.
3182 4943 3300 5000 οὐδὲ
3321 4948 3422 5020 γὰρ
3443 4940 3706 5021 ἄνθρωπον

2114 5037 2351 5091 ἀνέλαϐεν
2379 5036 2405 5090 ὁ
2435 5042 2526 5092 τοῦ
2547 5042 2674 5090 Θεοῦ
2697 5037 2926 5097 Υἱὸς-,ἳνα
3011 5039 3183 5114 ἕτερος
3203 5037 3328 5113 παρ’
3357 5037 3531 5092 αὐτόν’
3557 5037 3705 5103 ἀλλὰ,

2113 5133 2237 5190 Θεὸς
2265 5129 2330 5186 ὢν
2358 5131 2562 5194 τέλειος,
2589 5131 2787 5204 γέγονεν
2815 5128 2927 5202 ἅμα
2949 5134 3036 5186 καὶ
3061 5131 3244 5191 τέλειος
3265 5127 3552 5206 ἄνθρωπος,
3577 5149 3712 5205 σαρ-

2125 5223 2298 5284 κωοσίς
2323 5225 2377 5277 ἐκ
2404 5223 2677 5299 παρθένου·
2988 5223 2999 5238 ⁸
