3990 6060
293 215 405 274 145

1437 221 1798 281 EPISTULA!)
1831 222 2060 282 DUBIAS
2098 223 2456 294 QUATUOR.

3478 229 3579 286 146

837 410 934 567 S.
1049 412 1492 570 FELICIS
1600 417 1918 572 PAPIE
2026 422 2076 574 Ι
2183 422 2326 575 E'l‘
2443 424 3035 581 MARTYMS

1082 630 1668 716 EPISTOLE
1727 637 2114 732 DUBIfE
2172 640 2789 749 QUATUon.

888 813 1220 872 EPISTOLA
1261 817 1298 871 I.

726 924 794 963 AD
832 923 1114 963 PATERNO]!
1154 925 1219 963 ΕΡ
1229 923 1443 966 ISCOPUM
1453 951 1466 965 .

287 1027 368 1083 De
386 1025 602 1098 judiciis
633 1036 682 1080 et
718 1023 1132 1079 accusationibus
1157 1034 1201 1078 et
1227 1023 1606 1096 defensionibus
1627 1045 1886 1087 sacrarunt

973 1119 1226 1175 ordinum.

287 1240 334 1297 l.
367 1270 440 1281 —
466 1238 612 1308 Quod
635 1239 948 1292 detractores
974 1245 1022 1290 et
1044 1239 1270 1308 [autores
1297 1239 1620 1294 inimicorum
1647 1241 1710 1295 ab
1730 1259 1881 1297 accu-

370 1332 568 1387 satione
589 1329 871 1401 episcopali
924 1332 1330 1385 submoveantur.

290 1425 368 1482 ll.
404 1423 578 1479 —Ne
617 1428 836 1478 minores
874 1439 904 1476 a
930 1423 1209 1492 majoribus
1263 1425 1667 1479 accusationibus
1723 1427 1881 1498 impe-

365 1530 556 1575 tantur.

293 1614 384 1670 ΙΙΙ.
403 1643 474 1656 -—-
493 1613 560 1668 In
587 1629 646 1666 re
667 1612 820 1667 dubia
849 1629 949 1667 non
964 1613 1226 1683 judicetur
1254 1623 1390 1668 certa
1431 1615 1678 1669 sententia
1705 1616 1768 1669 de
1799 1616 1876 1670 Itis

360 1711 451 1782 qui
487 1709 730 1763 adversus
767 1707 1007 1762 clericum
1056 1723 1261 1762 causam
1286 1708 1510 1779 aliquam
1559 1709 1804 1764 habebunt
1827 1712 1878 1765 in

357 1803 637 1873 provincia.

281 1896 380 1953 IV.
409 1928 478 1938 --
499 1894 682 1953 Clerici
714 1896 935 1950 actiones
961 1911 1080 1951 suas
1109 1906 1391 1950 exerceant.

279 1991 352 2046 γ.
377 2021 449 2031 -
483 1990 736 2044 Primates
763 1991 814 2044 in
843 2001 1135 2045 accusatum
1192 1992 1482 2060 episcOpum
1527 1993 1780 2062 quomodo
1828 2009 1880 2048 se

351 2101 526 2158 gerere
551 2084 780 2140 debeant.
1188 2074 1192 2081 “

287 2178 380 2233 Ἣ.
415 2208 483 2217 -
511 2175 719 2233 Iudices
768 2175 1013 2235 Ecclesia:
1057 2192 1119 2230 ne
1154 2176 1357 2230 absente
1406 2193 1481 2243 eo,
1532 2179 1679 2248 cujus
1722 2195 1878 2234 causa

352 2269 647 2333 ventilatur,
668 2269 973 2324 sententiam
1003 2271 1289 2339 proferant,
1323 2277 1370 2322 et
1395 2284 1459 2322 ne
1487 2268 1768 2338 proditoris
1786 2287 1873 2325 ca-

358 2365 549 2418 lumnia
575 2373 666 2418 aut
697 2379 795 2418 vox
826 2363 1090 2418 audiatur.

288 2456 604 2513 Charissimo
663 2466 813 2528 atque
882 2457 1204 2512 dilectissimo
1257 2457 1481 2512 Paterno
1527 2460 1824 2530 coepiscopo
1854 2500 1868 2524 ,

549 2547 699 2603 Felix
727 2550 993 2619 episcopus
1018 2549 1071 2602 in
1101 2546 1323 2602 Domino
1350 2551 1589 2603 salutem.

355 2685 606 2742 Gaudere
628 2702 708 2742 me
735 2688 1019 2756 plurimum
1050 2688 1135 2760 (S.
1182 2689 1316 2754 Leo,
1349 2706 1432 2760 ep.
1477 2690 1591 2759 51),
1640 2701 1692 2745 et
1717 2693 1868 2746 exul-

290 2788 410 2835 tare
438 2780 490 2834 in
514 2779 750 2841 Domino,
771 2779 1078 2835 dilectionis
1100 2793 1204 2835 tua:
1231 2783 1427 2852 scripta
1457 2781 1722 2849 fecerunt,
1751 2784 1865 2853 qui-

275 2875 381 2931 bus
408 2875 686 2930 evidenter
715 2875 1016 2930 ostenditur
1036 2918 1049 2933 .
1079 2887 1338 2946 quantum
1380 2876 1697 2932 catholicam
1752 2877 1868 2932 dili-

275 2970 357 3040 gis
388 2970 572 3032 ﬁdem,
592 2979 646 3024 et
667 2978 922 3037 quantum
954 2967 1264 3024 htcreticum
1294 2969 1576 3026 deteSIaris
1602 2986 1865 3026 errorem.

1990 823 2113 894 quia
2169 825 2268 879 nisi
2333 826 2670 892 unanimiter,
2727 824 2951 880 faciente
2980 826 3226 893 Domino,
3249 838 3562 885 cunctorum

1990 919 2210 989 provida
2235 930 2506 990 pastorum
2531 922 2683 975 turba
2712 931 3017 987 concurrat,
3037 936 3194 976 omne
3211 921 3372 992 (quod
3400 922 3562 994 absit)

1989 1011 2147 1066 citius
2172 1012 2310 1066 ovile
2336 1012 2578 1070 dilaniet.

2063 1106 2099 1159 Ι.
2131 1107 2469 1177 Quapropter
2516 1109 2870 1176 detractores,
2914 1109 3002 1178 qui
3047 1108 3225 1162 divina
3256 1109 3570 1164 auctoritate

1988 1197 2293 1253 eradicandi
2322 1208 2468 1265 sunt,
2499 1208 2553 1254 ct
2585 1199 2817 1254 fautores
2863 1199 3225 1266 inimicorum,
3259 1200 3325 1254 ab
3352 1201 3564 1270 episco-

1986 1291 2089 1360 pali
2119 1291 2506 1347 submovemus
2529 1291 2890 1347 accusatione.

2055 1383 2116 1439 ll.
2135 1384 2394 1440 Similiter
2421 1401 2486 1440 ne
2507 1385 3565 1458 summorumquispiam(Hadr.,col.19),

1987 1477 2257 1533 minorum
2284 1480 2714 1534 accusationibus
2767 1479 3092 1550 impietatur,
3118 1489 3211 1534 aut
3233 1479 3522 1550 dispereat.

2051 1570 2136 1626 ΙΙΙ.
2170 1571 2354 1643 Neque
2383 1573 2436 1628 in
2465 1591 2522 1629 re
2555 1574 2640 1646 (S.
2673 1572 2852 1645 Greg.,
2886 1591 2968 1646 ep.
2998 1575 3086 1641 30,
3123 1575 3237 1630 lib..
3270 1577 3382 1643 vttt)
3425 1584 3571 1630 certa

1910 1659 1956 1718 B
1978 1663 2248 1734 judicetur
2289 1669 2574 1734 sententia,
2607 1683 2706 1723 nec
2750 1667 2914 1723 ullum
2942 1667 3199 1737 judicium
3221 1709 3236 1733 ,
3269 1667 3370 1722 nisi
3417 1667 3563 1725 ordi-

1984 1758 2231 1814 nabiliter
2259 1759 2521 1821 habitum,
2551 1769 2822 1816 teneatur.

2054 1851 2143 1906 IV.
2173 1851 2228 1908 Si
2255 1853 2376 1923 quis
2401 1869 2564 1923 super
2599 1855 2926 1924 quibuslibet
2970 1855 3284 1910 criminibus
3309 1855 3564 1910 clericum

1985 1945 2302 2014 pulsandum
2345 1945 2654 2012 crediderit,
2690 1947 2740 2000 in
2793 1947 3084 2015 provincia,
3120 1947 3172 2001 in
3199 1961 3302 2017 qua
3341 1944 3561 2018 (Hadr.,

1985 2038 2081 2092 col.
2117 2037 2171 2110 8)
2204 2040 2452 2094 consistit
2475 2039 2565 2094 ille
2599 2040 2687 2111 qui
2719 2040 2977 2110 pulsatur,
3012 2055 3136 2094 suas
3161 2048 3411 2094 exerceat
3439 2048 3462 2077 ο
3487 2054 3569 2094 ac-

1985 2133 2176 2198 tiones,
2207 2148 2306 2188 nec
2346 2133 2577 2187 aestimet
2609 2149 2730 2188 eum
2760 2140 3038 2188 accusator
3064 2132 3212 2198 alibi,
3241 2141 3332 2186 aut
3356 2130 3566 2201 longius

1977 2227 2395 2298 pertrahendam
2436 2227 2805 2297 adjudicium.
2837 2225 2914 2280 ΙΙΙί
2962 2241 3128 2292 vero,
3185 2227 3273 2295 qui
3327 2225 3568 2295 pulsatus

1977 2319 2159 2388 fuerit,
2183 2320 2226 2373 si
2253 2318 2465 2388 judices
2489 2327 2768 2388 suspectos
2801 2317 3071 2383 habuerit,
3103 2316 3263 2372 liceat
3289 2315 3563 2388 appellare

1976 2411 2257 2482 primates.

2051 2504 2111 2557 ν.
2144 2505 2406 2560 Primates
2451 2519 2666 2574 quoque
2714 2515 3022 2559 accusatum
3073 2503 3422 2558 discutientes
3447 2502 3563 2572 epi-

1973 2611 2216 2663 sc0pum,
2243 2611 2348 2650 non
2381 2606 2505 2650 ante
2533 2597 2854 2651 sententiam
2889 2596 3159 2666 proferant
3181 2594 3561 2664 damnationis,

1973 2703 2131 2758 quam
2161 2687 2451 2757 apostolica
2485 2686 2604 2742 freti
2641 2687 2985 2754 .auCtoritate,
3031 2698 3121 2740 aut
3164 2703 3312 2740 reum
3363 2703 3420 2740 se
3449 2686 3562 2756 ipse

1972 2782 2290 2836 emtﬁteatur
2316 2781 2438 2852 (An.
2473 2782 2526 2834 in
2574 2790 2760 2846 const.,
2791 2781 2878 2835 lib.
2911 2797 2983 2845 Ix,
3033 2782 3110 2834 tit.
3140 2782 3229 2844 40,
3260 2779 3374 2834 cod.
3410 2777 3559 2846 Tlte.,

1973 2877 2032 2930 Η
2047 2917 2061 2943 ,
2085 2893 2134 2946 q.
2157 2878 2213 2941 5,
2242 2875 2456 2929 lrritum
2479 2892 2584 2930 esse
2601 2875 2996 2945 episcoporum),
3015 2885 3105 2930 aut
3129 2891 3222 2945 per
3249 2875 3561 2930 innocentes

1971 2983 2024 3028 et
2061 2973 2317 3027 canonice
2356 2971 2691 3026 examinatus
2727 2971 3040 3041 regulariter
3079 2981 3240 3025 testes
3268 2969 3558 3025 convinca-

273 3063 514 3118 llzeresis
540 3063 740 3134 quippe
767 3071 851 3118 est
879 3064 1038 3117 nimis
1084 3063 1266 3134 impia,
1298 3072 1351 3118 et
1381 3065 1703 3133 evangeliea:
1732 3066 1868 3119 veri-
1895 3045 1939 3108 (ἶ
1975 3073 2083 3119 tur.
2116 3065 2284 3120 Aliter
2307 3064 2508 3118 irritam
2541 3079 2661 3119 esse
2681 3079 2968 3120 censemus
2990 3073 3044 3118 et
3068 3061 3317 3133 injustam
3348 3062 3560 3132 episco-

273 3157 400 3211 tatis
421 3156 659 3220 inimica,
678 3170 798 3225 qua:
819 3170 925 3210 non
955 3155 1253 3224 portionem
1277 3155 1508 3225 aliquam
1538 3155 1754 3219 laedere,
1772 3155 1865 3211 sed

275 3251 392 3320 ipsa
422 3251 734 3304 christiana:
775 3250 1050 3319 religionis
1078 3261 1305 3304 conatur
1346 3249 1691 3306 fundamenta
1739 3266 1868 3306 con-

278 3344 504 3399 vellere.
540 3344 922 3414 Quoscumque
953 3352 978 3379 ἰ
1005 3343 1148 3398 enim
1180 3345 1318 3414 rapit
1349 3343 1414 3398 ad
1443 3357 1523 3408 se,
1558 3358 1664 3397 non
1694 3343 1865 3398 solum

275 3439 330 3492 in
361 3438 462 3491 hoc
486 3437 694 3498 vitium,
725 3437 819 3492 sed
849 3438 900 3490 in
933 3435 1097 3490 multa
1127 3435 1228 3490 alia
1253 3435 1376 3490 vitia
1421 3451 1582 3492 ruere
1610 3436 1733 3490 facit
1767 3454 1781 3490 :
1813 3445 1866 3491 et

273 3532 395 3601 ipso
421 3530 681 3584 suadente
709 3530 930 3599 antiquo
949 3530 1123 3592 llOSle,
1152 3543 1256 3583 non
1283 3528 1454 3583 solum
1487 3537 1861 3599 persecutores

274 3623 552 3688 Eaclesize,
589 3621 682 3676 sed
715 3623 875 3677 etiam
906 3621 1246 3676 sacerdotum
1271 3621 1411 3691 ejus,
1440 3621 1590 3676 ﬁunt.
1627 3620 1740 3678 Una
1762 3623 1861 3691 igi-

280 3728 372 3771 tur
402 3726 576 3769 mente
597 3716 867 3785 corrigere
887 3729 1139 3769 curemus
1165 3724 1220 3768 et
1247 3714 1593 3788 insequamur
1631 3715 1783 3778 tales,
1811 3724 1863 3768 et

271 3811 348 3865 ab
377 3810 532 3864 hoste
555 3825 652 3863 suo
675 3809 996 3867 Ecclesiam.
1019 3809 1244 3880 ejusque
1267 3809 1452 3864 ﬁdeles
1479 3819 1533 3864 et
1559 3809 1864 3865 sacerdotes

271 3902 524 3965 Domini,
563 3901 797 3955 nitamur
844 3902 1092 3956 liberare.
1120 3902 1400 3956 Pra'stabit
1446 3903 1592 3956 vires
1620 3903 1863 3972 omnipo—

273 4002 396 4046 tens
450 3993 763 4061 redemptor
811 4003 997 4047 noster
1042 3993 1286 4048 cbaritati
1334 4005 1493 4064 atque
1529 3995 1859 4067 justitize(S.

270 4077 457 4147 (ἐτέθη
504 4094 585 4146 ep.
633 4077 722 4141 56,
777 4079 866 4131 lib.
919 4079 994 4150 tv)
1023 4096 1036 4132 :
1069 4079 1338 4147 przcstabit
1364 4081 1533 4146 nobis,
1561 4081 1714 4149 longe
1745 4097 1774 4134 a
1801 4097 1860 4136 se

268 4170 462 4240 positis
490 4211 505 4234 ,
555 4171 811 4224 unitatem
855 4170 1086 4239 Spiritus
1130 4171 1211 4223 sui
1266 4171 1398 4240 ipse,
1429 4186 1580 4240 CUjllS
1610 4171 1857 4238 artiﬁcio,

270 4265 429 4334 quasi
463 4265 514 4317 in
547 4279 687 4318 arcae
740 4264 979 4328 modum,
1034 4274 1263 4332 quatuor
1316 4264 1498 4318 mundi
1551 4275 1856 4320 constructa

267 4357 547 4422 lateribus,
577 4368 735 4427 atque
768 4357 1168 4427 imputribilium
1212 4357 1477 4428 lignorum
1501 4373 1780 4430 compage,
1801 4368 1857 4414 et

267 4451 534 4506 bitumine
564 4451 842 4506 charitatis
869 4451 1120 4506 adstricta
1152 4459 1235 4526 est
1280 4452 1538 4516 Ecclesia,
1570 4463 1628 4507 ut
1659 4453 1854 4509 nullius

272 4545 599 4599 advel-suate
626 4543 880 4614 Spiritus,
909 4544 1106 4600 nullius
1133 4545 1396 4600 venientis
1421 4547 1754 4604 extrinsecus
1775 4559 1861 4601 tu-

269 4655 424 4694 more
451 4639 644 4694 ﬂuctus
675 4641 1033 4708 perturbetur.
1084 4639 1190 4695 Sed
1233 4641 1686 4710 quemadmodum
1719 4641 1862 4696 illius

269 4713 608 4802 gudernarite
634 4733 828 4801 gratia,
851 4729 1138 4800 petendum
1167 4741 1272 4795 est,
1303 4743 1362 4786 ut
1391 4732 1530 4786 nulla
1560 4747 1657 4786 nos
1677 4747 1863 4802 super-

273 4823 492 4876 veniens
526 4827 768 4878 exterius
795 4823 932 4878 unda
961 4824 1265 4890 conturbet,
1301 4824 1372 4879 ita
1418 4839 1482 4880 ex
1527 4826 1652 4880 totis
1703 4841 1860 4881 oran-

1974 3173 2160 3227 porum
2207 3157 2628 3216 damnationem,
2658 3166 2712 3210 et
2754 3155 2952 3210 idcirco
2975 3171 3002 3207 a
3036 3155 3242 3224 synodo
3271 3161 3564 3207 retractan-

1972 3248 2117 3312 dam,
2154 3249 2224 3303 ita
2260 3259 2315 3302 ut
2345 3248 2619 3320 oppressis
2645 3247 2711 3300 ab
2738 3247 3006 3315 omnibus,
3042 3248 3093 3301 in
3122 3246 3330 3300 cunctis
3361 3244 3556 3298 subve-

1971 3345 2147 3397 niatur
2171 3344 2370 3398 causis.

2041 3437 2130 3493 γι.
2158 3439 2394 3493 Caveant
2423 3435 2608 3510 (Cone.
2644 3435 2848 3500 Carth.,
2883 3452 2956 3500 tv,
2996 3452 3042 3488 c.
3072 3433 3167 3504 28)
3217 3433 3424 3504 judices
3454 3431 3560 3487 Ec-

1969 3529 2168 3594 clesiae,
2200 3545 2267 3583 ne
2298 3529 2516 3583 absente
2545 3544 2610 3582 eo
2638 3528 2793 3597 cujus
2818 3542 2975 3584 causa
3005 3527 3306 3591 ventilatur,
3339 3532 3556 3580 senten-

1971 3624 2098 3678 tiam
2132 3625 2427 3694 proferant,
2461 3622 2583 3692 quia
2632 3623 2778 3676 irrita
2829 3621 2950 3688 erit,
2977 3622 3066 3692 qui
3097 3621 3256 3675 etiam
3298 3621 3556 3674 rationem

1971 3733 2068 3788 pro
2093 3719 2303 3772 actione
2329 3717 2551 3770 fratrum
2580 3717 2632 3770 in
2681 3717 2966 3786 praesentia
3009 3715 3228 3769 dabunt.
3263 3713 3559 3768 Proditoris

1969 3826 2100 3864 vero
2131 3824 2229 3863 nec
2258 3806 2517 3864 calumnia
2538 3849 2554 3873 ,
2599 3821 2699 3862 nec
2723 3823 2826 3860 vox
2856 3804 2884 3842 ἀ
2905 3806 3169 3860 audiatur.
3218 3805 3384 3859 Nemo
3410 3805 3555 3859 enim

1969 3902 2265 3957 debitorem
2314 3901 2543 3972 amplius
2574 3911 2743 3970 potest
2775 3915 3123 3971 cognoscere,
3149 3915 3306 3970 quam
3353 3899 3442 3953 ille
3467 3900 3558 3968 qui

1970 3994 2220 4062 injuriam
2271 3995 2497 4064 ejusque
2540 3993 2787 4047 sustinuit
2819 3992 2971 4065 (Cod.
2999 3991 3127 4046 The.
3153 4033 3168 4054 ,
3201 4003 3360 4046 const.
3392 3993 3445 4058 5,
3479 3993 3554 4044 tit.

1968 4087 2056 4150 10,
2081 4088 2169 4141 lib.
2206 4091 2260 4151 Χ)
2289 4085 2601 4157 nequitiam.
2635 4084 2835 4141 Omnes
2865 4100 2993 4155 ergo
3019 4086 3106 4155 qui
3135 4085 3186 4138 in
3215 4083 3426 4138 Christo
3455 4099 3554 4142 vo-

1963 4179 2076 4234 lunt
2122 4180 2206 4248 pie
2233 4179 2411 4232 vivere
2449 4193 2667 4232 necesse
2695 4188 2778 4232 est
2808 4186 2863 4230 ut
2907 4177 2976 4230 ab
3005 4176 3178 4245 impiis
3203 4175 3552 4232 dissimilibus

1963 4270 2231 4340 patiantur
2261 4269 2566 4339 opprobria,
2595 4278 2651 4324 et
2701 4269 3064 4338 despiciantur
3092 4279 3359 4340 tamquam
3407 4271 3556 4325 stulti

1959 4371 2013 4416 et
2039 4361 2209 4418 insani
2256 4359 2491 4433 (Prosp.,
2521 4370 2647 4414 sent.
2680 4359 2770 4427 52,
2797 4376 2860 4414 ex
2898 4362 3029 4431 Aug.
3057 4363 3109 4414 in
3135 4377 3210 4430 ps.
3242 4361 3430 4433 cxxu),
3456 4361 3548 4433 qui

1967 4457 2249 4527 przesentia
2301 4457 2434 4511 bona
2468 4455 2717 4526 perdunt,
2751 4466 2808 4509 ut
2838 4455 3120 4509 invisibilia
3151 4465 3204 4510 et
3257 4456 3430 4509 futura
3457 4471 3551 4510 ae-

1965 4551 2199 4618 qnirant.
2248 4550 2528 4619 Despectio
2561 4557 2738 4603 tamen
2784 4560 2836 4603 et
2870 4548 3045 4603 irrisio
3086 4549 3267 4603 talium
3321 4549 3372 4603 in
3405 4549 3550 4620 ipsos

1965 4642 2363 4713 retorquebitur
2382 4642 2470 4712 qui
2500 4642 2646 4710 ipsos
2671 4641 2925 4695 infestant
2949 4658 2961 4693 :
2993 4641 3116 4711 quia
3143 4650 3197 4695 et
3226 4641 3552 4696 abundantia

1965 4749 2150 4790 eorum
2193 4736 2244 4789 in
2281 4745 2599 4805 egestatem,
2647 4744 2700 4788 et
2727 4735 2974 4803 superbia
3017 4735 3260 4788 transibit
3289 4737 3338 4786 in
3367 4731 3554 4787 enniu-

1965 4829 2191 4884 sionem.
2223 4828 2559 4899 thuidquid
2585 4827 2749 4897 justis
2772 4827 3149 4883 adversitatum
3176 4826 3260 4879 vel
3289 4823 3555 4880 malorum

279 4915 405 4968 dum
430 4927 511 4969 est
536 4915 849 4981 visceribus,
899 4915 1064 4972 frater
1091 4916 1426 4980 ebarissime,
1458 4926 1515 4971 ut
1541 4932 1653 4972 suae
1681 4920 1861 4985 provi-
1887 4888 1940 4948 D
1968 4921 2254 4992 irrogatur,
2276 4937 2383 4975 non
2413 4932 2494 4974 cst
2517 4934 2671 4991 paena
2689 4919 2951 4984 criminis,
2970 4919 3060 4972 sed
3082 4916 3287 4971 virtutis
3303 4931 3552 4972 exnmen.

274 5009 474 5063 dentizn
519 5011 738 5066 dextera
784 5011 1056 5066 cumulum
1113 5012 1339 5066 sentime
1381 5011 1535 5067 nobis
1591 5011 1858 5068 interioris

275 5102 578 5156 exhauriat.
614 5103 948 5158 Adversarius
995 5104 1194 5175 quippe
1243 5103 1499 5167 diabolus,
1531 5105 1622 5174 qui
1671 5114 1857 5158 contra

271 5196 512 5250 humiles
538 5201 775 5263 saeviens,
817 5201 946 5253 sicut
997 5200 1072 5252 (eo
1123 5204 1328 5269 rugiens
1365 5199 1581 5266 circuit,
1631 5215 1862 5270 quarrens

268 5305 422 5358 quem
465 5287 660 5342 devoret
696 5291 740 5362 (I
770 5288 834 5345 S.
864 5288 1032 5356 Petr.,
1072 5295 1164 5360 .v),
1197 5305 1300 5344 non
1319 5289 1452 5360 jam,
1475 5299 1535 5344 ut
1562 5291 1858 5355 cernimus,

268 5384 463 5438 caulas
501 5383 744 5438 circuivit
771 5382 820 5448 δ,
849 5384 940 5438 sed
970 5384 1040 5438 ita
1067 5383 1240 5439 valide
1269 5385 1320 5438 in
1342 5383 1653 5453 quibusdam
1677 5383 1863 5439 Eccle-

268 5480 363 5532 sia:
381 5480 704 5535 necessariis
723 5478 979 5535 membris
994 5478 1211 5535 dentem
1231 5477 1366 5550 ﬁgit,
1386 5486 1442 5532 ut
1465 5478 1596 5532 nulli
1613 5477 1854 5546 dubium,

1966 5014 2035 5068 Et
2061 5016 2198 5068 sicut
2224 5029 2432 5078 aurum,
2456 5023 2657 5083 quanto
2677 5013 2796 5082 plus
2822 5011 3154 5080 excoquitur,
3185 5017 3333 5064 tanto
3360 5011 3554 5066 melius

1964 5107 2198 5163 efﬁcitur
2229 5127 2242 5161 :
2274 5109 2352 5162 sic
2374 5107 2571 5178 justus,
2602 5116 2803 5175 quanto
2828 5105 2946 5175 plus
2979 5102 3261 5157 tribulatur
3289 5104 3355 5177 (si
3379 5104 3549 5174 ipsam

1965 5201 2364 5256 tribulationem
2404 5201 2668 5270 patienter
2724 5195 3032 5268 portaverit)
3080 5195 3248 5250 uiulto
3289 5197 3469 5266 purior
3495 5206 3551 5253 et

1963 5294 2174 5348 eliarior
2205 5293 2314 5348 Deo
2340 5292 2595 5348 redditur.
2622 5291 2772 5348 Unde
2797 5290 2906 5356 ipsa
2936 5303 3032 5358 per
3073 5304 3132 5343 se
3175 5287 3398 5344 Veritas'
3423 5288 3554 5345 dicit

1966 5386 2052 5458 (S.
2091 5384 2304 5450 Matth,
2329 5383 2381 5456 ν)
2403 5403 2415 5438 :
2441 5383 2586 5438 Beati
2603 5384 2688 5454 qui
2715 5382 3109 5451 persecutionem
3131 5382 3395 5452 patiuntur
3420 5399 3546 5454 pro-

1963 5487 2074 5549 pter
2099 5477 2377 5548 justitiam,
2401 5476 2639 5548 quoniam
2681 5475 2908 5544 ipsorum
2947 5484 3020 5529 est
3047 5489 3258 5544 regnum
3284 5474 3548 5530 calorum.

1473 5616 1849 5677 LECTIONES
1886 5616 2293 5676 VARIANTES.

332 5739 359 5772 ιι
397 5736 720 5799 Quocumque
747 5738 875 5786 enim
901 5737 1056 5800 serpit
1085 5734 1226 5786 Labb.

321 5800 349 5837 b
386 5803 564 5849 liit‘mit
601 5800 735 5846 IAM.

2026 5736 2050 5764 ο
2085 5733 2272 5784 Exerat
2301 5731 2444 5781 Labb.

2025 5795 2050 5834 ἀ
2085 5796 2450 5843 t‘alnmniatm-is
2475 5808 2563 5842 κήκ·
2589 5807 2812 5856 umquam
2842 5795 2974 5842 Mbh.
