  <div class='ocr_page' id='page_1' title='image "/cluster/home/n/w/nwhite01/storage/ocr_20150623/5/hvd.32044073505083/079.png"; bbox 0 0 3990 6060; ppageno 0'>
   <div class='ocr_carea' id='block_1_1' title="bbox 452 189 551 246">
    <p class='ocr_par' dir='ltr' id='par_1_1' title="bbox 452 189 551 246">
     <span class='ocr_line' id='line_1_1' title="bbox 452 189 551 246; baseline 0 -1"><span class='ocrx_word' id='word_1_1' title='bbox 452 189 551 246; x_wconf 74' lang='grc'><strong><em>147</em></strong></span> 
     </span>
    </p>
   </div>
   <div class='ocr_carea' id='block_1_2' title="bbox 1777 173 2387 243">
    <p class='ocr_par' dir='ltr' id='par_1_2' title="bbox 1777 173 2387 243">
     <span class='ocr_line' id='line_1_2' title="bbox 1777 173 2387 243; baseline -0.007 -10"><span class='ocrx_word' id='word_1_2' title='bbox 1777 179 1831 233; x_wconf 89' lang='lat' dir='ltr'><strong><em>S.</em></strong></span> <span class='ocrx_word' id='word_1_3' title='bbox 1878 173 2140 239; x_wconf 76' lang='lat' dir='ltr'><strong><em>FELICIS</em></strong></span> <span class='ocrx_word' id='word_1_4' title='bbox 2185 176 2387 243; x_wconf 72' lang='lat' dir='ltr'><strong>PAP/E</strong></span> 
     </span>
    </p>
   </div>
   <div class='ocr_carea' id='block_1_3' title="bbox 3624 172 3726 235">
    <p class='ocr_par' dir='ltr' id='par_1_3' title="bbox 3624 172 3726 235">
     <span class='ocr_line' id='line_1_3' title="bbox 3624 172 3726 235; baseline 0 -8"><span class='ocrx_word' id='word_1_5' title='bbox 3624 172 3726 235; x_wconf 74' lang='lat' dir='ltr'><strong><em>MS</em></strong></span> 
     </span>
    </p>
   </div>
   <div class='ocr_carea' id='block_1_4' title="bbox 445 287 3728 366">
    <p class='ocr_par' dir='ltr' id='par_1_4' title="bbox 445 287 3728 366">
     <span class='ocr_line' id='line_1_4' title="bbox 445 287 3728 366; baseline -0.005 -7"><span class='ocrx_word' id='word_1_6' title='bbox 445 305 523 360; x_wconf 90' lang='lat' dir='ltr'><strong><em>De</em></strong></span> <span class='ocrx_word' id='word_1_7' title='bbox 546 300 736 358; x_wconf 87' lang='lat' dir='ltr'><strong><em>talibus</em></strong></span> <span class='ocrx_word' id='word_1_8' title='bbox 764 296 1021 354; x_wconf 86' lang='lat' dir='ltr'><strong><em>Dominus</em></strong></span> <span class='ocrx_word' id='word_1_9' title='bbox 1047 309 1142 366; x_wconf 89' lang='lat' dir='ltr'><strong><em>per</em></strong></span> <span class='ocrx_word' id='word_1_10' title='bbox 1168 294 1357 350; x_wconf 87' lang='lat' dir='ltr'><strong><em>lsaiam</em></strong></span> <span class='ocrx_word' id='word_1_11' title='bbox 1385 291 1641 362; x_wconf 77' lang='lat' dir='ltr'><strong>loquitur,</strong></span> <span class='ocrx_word' id='word_1_12' title='bbox 1664 289 1851 345; x_wconf 91' lang='lat' dir='ltr'><strong><em>dicens</em></strong></span> <span class='ocrx_word' id='word_1_13' title='bbox 1873 287 2032 361; x_wconf 83' lang='lat' dir='ltr'><strong><em>(Isa.,</em></strong></span> <span class='ocrx_word' id='word_1_14' title='bbox 2061 294 2116 357; x_wconf 82' lang='grc' dir='ltr'><strong>Α</strong></span> <span class='ocrx_word' id='word_1_15' title='bbox 2141 292 2273 362; x_wconf 86' lang='lat' dir='ltr'><strong><em>ignis</em></strong></span> <span class='ocrx_word' id='word_1_16' title='bbox 2294 305 2467 346; x_wconf 90' lang='lat' dir='ltr'><strong><em>eorum</em></strong></span> <span class='ocrx_word' id='word_1_17' title='bbox 2489 304 2591 344; x_wconf 86' lang='lat' dir='ltr'><strong><em>non</em></strong></span> <span class='ocrx_word' id='word_1_18' title='bbox 2606 290 2947 360; x_wconf 72' lang='lat' dir='ltr'><strong><em>extinguetur,</em></strong></span> <span class='ocrx_word' id='word_1_19' title='bbox 2964 297 3010 342; x_wconf 88' lang='lat' dir='ltr'><strong><em>et</em></strong></span> <span class='ocrx_word' id='word_1_20' title='bbox 3030 296 3176 343; x_wconf 87' lang='lat' dir='ltr'><strong><em>erunt</em></strong></span> <span class='ocrx_word' id='word_1_21' title='bbox 3195 305 3351 361; x_wconf 88' lang='lat' dir='ltr'><strong><em>usque</em></strong></span> <span class='ocrx_word' id='word_1_22' title='bbox 3366 289 3433 344; x_wconf 90' lang='lat' dir='ltr'><strong><em>ad</em></strong></span> <span class='ocrx_word' id='word_1_23' title='bbox 3449 291 3728 345; x_wconf 73' lang='lat' dir='ltr'><strong><em>satietatem</em></strong></span> 
     </span>
    </p>
   </div>
   <div class='ocr_carea' id='block_1_5' title="bbox 449 382 2038 468">
    <p class='ocr_par' dir='ltr' id='par_1_5' title="bbox 449 382 2038 468">
     <span class='ocr_line' id='line_1_5' title="bbox 449 382 2038 468; baseline -0.012 -15"><span class='ocrx_word' id='word_1_24' title='bbox 449 397 593 468; x_wconf 77' lang='lat' dir='ltr'><strong><em>Lm)</em></strong></span> <span class='ocrx_word' id='word_1_25' title='bbox 622 412 635 447; x_wconf 89' lang='lat'><strong>:</strong></span> <span class='ocrx_word' id='word_1_26' title='bbox 666 392 850 461; x_wconf 79' lang='lat' dir='ltr'><strong><em>Audite</em></strong></span> <span class='ocrx_word' id='word_1_27' title='bbox 891 389 1091 447; x_wconf 85' lang='lat' dir='ltr'><strong><em>verbum</em></strong></span> <span class='ocrx_word' id='word_1_28' title='bbox 1123 386 1351 451; x_wconf 82' lang='lat' dir='ltr'><strong><em>Domini,</em></strong></span> <span class='ocrx_word' id='word_1_29' title='bbox 1385 385 1471 455; x_wconf 85' lang='lat' dir='ltr'><strong><em>qui</em></strong></span> <span class='ocrx_word' id='word_1_30' title='bbox 1500 384 1711 443; x_wconf 82' lang='lat' dir='ltr'><strong><em>tremitis</em></strong></span> <span class='ocrx_word' id='word_1_31' title='bbox 1742 389 1807 441; x_wconf 86' lang='lat' dir='ltr'><strong><em>ad</em></strong></span> <span class='ocrx_word' id='word_1_32' title='bbox 1836 382 2038 441; x_wconf 85' lang='lat' dir='ltr'><strong><em>verbum</em></strong></span> 
     </span>
    </p>
   </div>
   <div class='ocr_carea' id='block_1_6' title="bbox 452 476 2040 564">
    <p class='ocr_par' dir='ltr' id='par_1_6' title="bbox 452 476 2040 564">
     <span class='ocr_line' id='line_1_6' title="bbox 452 476 2040 564; baseline -0.01 -19"><span class='ocrx_word' id='word_1_33' title='bbox 452 493 579 564; x_wconf 84' lang='lat' dir='ltr'><strong><em>ejus.</em></strong></span> <span class='ocrx_word' id='word_1_34' title='bbox 619 487 864 543; x_wconf 76' lang='lat' dir='ltr'><strong><em>Dixerunt</em></strong></span> <span class='ocrx_word' id='word_1_35' title='bbox 894 484 1074 555; x_wconf 75' lang='lat' dir='ltr'><strong><em>fratres</em></strong></span> <span class='ocrx_word' id='word_1_36' title='bbox 1104 481 1276 547; x_wconf 84' lang='lat' dir='ltr'><strong><em>vestri,</em></strong></span> <span class='ocrx_word' id='word_1_37' title='bbox 1305 478 1530 539; x_wconf 82' lang='lat' dir='ltr'><strong><em>odieates</em></strong></span> <span class='ocrx_word' id='word_1_38' title='bbox 1551 493 1637 531; x_wconf 88' lang='lat' dir='ltr'><strong><em>vos</em></strong></span> <span class='ocrx_word' id='word_1_39' title='bbox 1668 487 1714 541; x_wconf 82' lang='lat' dir='ltr'><strong><em>et</em></strong></span> <span class='ocrx_word' id='word_1_40' title='bbox 1748 476 2040 542; x_wconf 80' lang='lat' dir='ltr'><strong><em>obiicientes</em></strong></span> 
     </span>
    </p>
   </div>
   <div class='ocr_carea' id='block_1_7' title="bbox 448 567 2034 654">
    <p class='ocr_par' dir='ltr' id='par_1_7' title="bbox 448 567 2034 654">
     <span class='ocr_line' id='line_1_7' title="bbox 448 567 2034 654; baseline -0.009 -17"><span class='ocrx_word' id='word_1_41' title='bbox 448 592 655 654; x_wconf 87' lang='lat' dir='ltr'><strong><em>prapter</em></strong></span> <span class='ocrx_word' id='word_1_42' title='bbox 706 593 884 633; x_wconf 85' lang='lat' dir='ltr'><strong><em>nomen</em></strong></span> <span class='ocrx_word' id='word_1_43' title='bbox 914 590 1076 628; x_wconf 88' lang='lat' dir='ltr'><strong><em>meum</em></strong></span> <span class='ocrx_word' id='word_1_44' title='bbox 1106 589 1119 626; x_wconf 91' lang='lat'><strong>:</strong></span> <span class='ocrx_word' id='word_1_45' title='bbox 1152 570 1474 640; x_wconf 77' lang='lat' dir='ltr'><strong><em>Gloriﬁcetur</em></strong></span> <span class='ocrx_word' id='word_1_46' title='bbox 1501 567 1753 624; x_wconf 78' lang='lat' dir='ltr'><strong><em>Dominus</em></strong></span> <span class='ocrx_word' id='word_1_47' title='bbox 1778 612 1792 636; x_wconf 94' lang='lat'><strong><em>,</em></strong></span> <span class='ocrx_word' id='word_1_48' title='bbox 1824 578 1870 622; x_wconf 91' lang='lat' dir='ltr'><strong><em>et</em></strong></span> <span class='ocrx_word' id='word_1_49' title='bbox 1899 570 2034 623; x_wconf 88' lang='lat' dir='ltr'><strong><em>vide-</em></strong></span> 
     </span>
    </p>
   </div>
   <div class='ocr_carea' id='block_1_8' title="bbox 449 660 2040 734">
    <p class='ocr_par' dir='ltr' id='par_1_8' title="bbox 449 660 2040 734">
     <span class='ocr_line' id='line_1_8' title="bbox 449 660 2040 734; baseline -0.008 -5"><span class='ocrx_word' id='word_1_50' title='bbox 449 675 611 729; x_wconf 80' lang='lat' dir='ltr'><strong><em>bimus</em></strong></span> <span class='ocrx_word' id='word_1_51' title='bbox 636 673 688 725; x_wconf 91' lang='lat' dir='ltr'><strong><em>in</em></strong></span> <span class='ocrx_word' id='word_1_52' title='bbox 720 669 893 724; x_wconf 75' lang='lat' dir='ltr'><strong><em>ltetitia</em></strong></span> <span class='ocrx_word' id='word_1_53' title='bbox 929 675 1091 720; x_wconf 87' lang='lat' dir='ltr'><strong><em>vestra</em></strong></span> <span class='ocrx_word' id='word_1_54' title='bbox 1114 665 1250 734; x_wconf 84' lang='lat' dir='ltr'><strong><em>:ipsi</em></strong></span> <span class='ocrx_word' id='word_1_55' title='bbox 1275 673 1446 718; x_wconf 84' lang='lat' dir='ltr'><strong><em>autem</em></strong></span> <span class='ocrx_word' id='word_1_56' title='bbox 1480 662 1875 731; x_wconf 87' lang='lat' dir='ltr'><strong><em>confundentur.</em></strong></span> <span class='ocrx_word' id='word_1_57' title='bbox 1926 660 2040 717; x_wconf 70' lang='lat' dir='ltr'><strong><em>Vox</em></strong></span> 
     </span>
    </p>
   </div>
   <div class='ocr_carea' id='block_1_9' title="bbox 449 755 2028 837">
    <p class='ocr_par' dir='ltr' id='par_1_9' title="bbox 449 755 2028 837">
     <span class='ocr_line' id='line_1_9' title="bbox 449 755 2028 837; baseline -0.009 -15"><span class='ocrx_word' id='word_1_58' title='bbox 449 766 627 837; x_wconf 83' lang='lat' dir='ltr'><strong><em>pepuli</em></strong></span> <span class='ocrx_word' id='word_1_59' title='bbox 682 764 744 815; x_wconf 90' lang='lat' dir='ltr'><strong><em>de</em></strong></span> <span class='ocrx_word' id='word_1_60' title='bbox 790 762 1008 824; x_wconf 89' lang='lat' dir='ltr'><strong><em>civitate,</em></strong></span> <span class='ocrx_word' id='word_1_61' title='bbox 1041 774 1137 812; x_wconf 78' lang='lat' dir='ltr'><strong><em>vox</em></strong></span> <span class='ocrx_word' id='word_1_62' title='bbox 1180 758 1242 810; x_wconf 91' lang='lat' dir='ltr'><strong><em>de</em></strong></span> <span class='ocrx_word' id='word_1_63' title='bbox 1291 758 1498 827; x_wconf 82' lang='lat' dir='ltr'><strong><em>templo,</em></strong></span> <span class='ocrx_word' id='word_1_64' title='bbox 1546 772 1644 810; x_wconf 75' lang='lat' dir='ltr'><strong><em>vox</em></strong></span> <span class='ocrx_word' id='word_1_65' title='bbox 1673 755 1879 809; x_wconf 83' lang='lat' dir='ltr'><strong><em>Domini</em></strong></span> <span class='ocrx_word' id='word_1_66' title='bbox 1910 755 2028 809; x_wconf 89' lang='lat' dir='ltr'><strong><em>red-</em></strong></span> 
     </span>
    </p>
   </div>
   <div class='ocr_carea' id='block_1_10' title="bbox 452 849 2035 921">
    <p class='ocr_par' dir='ltr' id='par_1_10' title="bbox 452 849 2035 921">
     <span class='ocr_line' id='line_1_10' title="bbox 452 849 2035 921; baseline -0.009 -5"><span class='ocrx_word' id='word_1_67' title='bbox 452 861 613 915; x_wconf 87' lang='lat' dir='ltr'><strong><em>dentis</em></strong></span> <span class='ocrx_word' id='word_1_68' title='bbox 640 856 1018 913; x_wconf 80' lang='lat' dir='ltr'><strong><em>retributionem</em></strong></span> <span class='ocrx_word' id='word_1_69' title='bbox 1038 853 1255 906; x_wconf 88' lang='lat' dir='ltr'><strong><em>inimicis</em></strong></span> <span class='ocrx_word' id='word_1_70' title='bbox 1283 851 1409 905; x_wconf 90' lang='lat' dir='ltr'><strong><em>suis.</em></strong></span> <span class='ocrx_word' id='word_1_71' title='bbox 1433 852 1714 921; x_wconf 81' lang='lat' dir='ltr'><strong><em>Antequam</em></strong></span> <span class='ocrx_word' id='word_1_72' title='bbox 1742 849 2035 919; x_wconf 88' lang='lat' dir='ltr'><strong><em>parturiret,</em></strong></span> 
     </span>
    </p>
   </div>
   <div class='ocr_carea' id='block_1_11' title="bbox 449 943 2040 1027">
    <p class='ocr_par' dir='ltr' id='par_1_11' title="bbox 449 943 2040 1027">
     <span class='ocr_line' id='line_1_11' title="bbox 449 943 2040 1027; baseline -0.009 -19"><span class='ocrx_word' id='word_1_73' title='bbox 449 954 687 1027; x_wconf 89' lang='lat' dir='ltr'><strong><em>peperit:</em></strong></span> <span class='ocrx_word' id='word_1_74' title='bbox 717 960 985 1019; x_wconf 86' lang='lat' dir='ltr'><strong><em>antequam</em></strong></span> <span class='ocrx_word' id='word_1_75' title='bbox 1025 946 1210 999; x_wconf 90' lang='lat' dir='ltr'><strong><em>veniret</em></strong></span> <span class='ocrx_word' id='word_1_76' title='bbox 1242 954 1420 1015; x_wconf 89' lang='lat' dir='ltr'><strong><em>partus</em></strong></span> <span class='ocrx_word' id='word_1_77' title='bbox 1460 944 1588 1014; x_wconf 87' lang='lat' dir='ltr'><strong><em>ejus,</em></strong></span> <span class='ocrx_word' id='word_1_78' title='bbox 1623 943 1813 1014; x_wconf 80' lang='lat' dir='ltr'><strong><em>peperit</em></strong></span> <span class='ocrx_word' id='word_1_79' title='bbox 1840 958 2040 994; x_wconf 53' lang='lat' dir='ltr'><strong><em>musca.</em></strong></span> 
     </span>
    </p>
   </div>
   <div class='ocr_carea' id='block_1_12' title="bbox 452 1036 2043 1114">
    <p class='ocr_par' dir='ltr' id='par_1_12' title="bbox 452 1036 2043 1114">
     <span class='ocr_line' id='line_1_12' title="bbox 452 1036 2043 1114; baseline -0.01 -10"><span class='ocrx_word' id='word_1_80' title='bbox 452 1052 579 1104; x_wconf 89' lang='lat' dir='ltr'><strong><em>lum.</em></strong></span> <span class='ocrx_word' id='word_1_81' title='bbox 608 1047 733 1114; x_wconf 89' lang='lat' dir='ltr'><strong><em>Quis</em></strong></span> <span class='ocrx_word' id='word_1_82' title='bbox 760 1045 953 1097; x_wconf 85' lang='lat' dir='ltr'><strong><em>audivit</em></strong></span> <span class='ocrx_word' id='word_1_83' title='bbox 993 1058 1230 1111; x_wconf 85' lang='lat' dir='ltr'><strong><em>umquam</em></strong></span> <span class='ocrx_word' id='word_1_84' title='bbox 1262 1039 1362 1093; x_wconf 86' lang='lat' dir='ltr'><strong><em>tale</em></strong></span> <span class='ocrx_word' id='word_1_85' title='bbox 1388 1039 1412 1091; x_wconf 87' lang='lat'><strong><em>?</em></strong></span> <span class='ocrx_word' id='word_1_86' title='bbox 1441 1048 1486 1092; x_wconf 88' lang='lat' dir='ltr'><strong><em>et</em></strong></span> <span class='ocrx_word' id='word_1_87' title='bbox 1529 1038 1642 1107; x_wconf 89' lang='lat' dir='ltr'><strong><em>quis</em></strong></span> <span class='ocrx_word' id='word_1_88' title='bbox 1687 1038 1809 1090; x_wconf 73' lang='lat' dir='ltr'><strong><em>vidit</em></strong></span> <span class='ocrx_word' id='word_1_89' title='bbox 1836 1037 1951 1089; x_wconf 83' lang='lat' dir='ltr'><strong><em>huic</em></strong></span> <span class='ocrx_word' id='word_1_90' title='bbox 1979 1036 2043 1088; x_wconf 85' lang='lat' dir='ltr'><strong><em>si-</em></strong></span> 
     </span>
    </p>
   </div>
   <div class='ocr_carea' id='block_1_13' title="bbox 449 1129 2041 1207">
    <p class='ocr_par' dir='ltr' id='par_1_13' title="bbox 449 1129 2041 1207">
     <span class='ocr_line' id='line_1_13' title="bbox 449 1129 2041 1207; baseline -0.01 -11"><span class='ocrx_word' id='word_1_91' title='bbox 449 1142 569 1196; x_wconf 82' lang='lat' dir='ltr'><strong><em>mile</em></strong></span> <span class='ocrx_word' id='word_1_92' title='bbox 592 1140 617 1193; x_wconf 89' lang='lat'><strong><em>?</em></strong></span> <span class='ocrx_word' id='word_1_93' title='bbox 647 1134 915 1207; x_wconf 85' lang='lat' dir='ltr'><strong><em>Numquid</em></strong></span> <span class='ocrx_word' id='word_1_94' title='bbox 947 1133 1192 1205; x_wconf 88' lang='lat' dir='ltr'><strong><em>parturiet</em></strong></span> <span class='ocrx_word' id='word_1_95' title='bbox 1230 1141 1362 1184; x_wconf 86' lang='lat' dir='ltr'><strong><em>terra</em></strong></span> <span class='ocrx_word' id='word_1_96' title='bbox 1388 1131 1441 1183; x_wconf 89' lang='lat' dir='ltr'><strong><em>in</em></strong></span> <span class='ocrx_word' id='word_1_97' title='bbox 1487 1130 1568 1183; x_wconf 87' lang='lat' dir='ltr'><strong><em>die</em></strong></span> <span class='ocrx_word' id='word_1_98' title='bbox 1592 1129 1732 1181; x_wconf 88' lang='lat' dir='ltr'><strong><em>una?</em></strong></span> <span class='ocrx_word' id='word_1_99' title='bbox 1759 1139 1845 1181; x_wconf 90' lang='lat' dir='ltr'><strong><em>aut</em></strong></span> <span class='ocrx_word' id='word_1_100' title='bbox 1867 1138 2041 1196; x_wconf 84' lang='lat' dir='ltr'><strong><em>partu-</em></strong></span> 
     </span>
    </p>
   </div>
   <div class='ocr_carea' id='block_1_14' title="bbox 451 1212 2039 1303">
    <p class='ocr_par' dir='ltr' id='par_1_14' title="bbox 451 1212 2039 1303">
     <span class='ocr_line' id='line_1_14' title="bbox 451 1212 2039 1303; baseline -0.009 -14"><span class='ocrx_word' id='word_1_101' title='bbox 451 1212 609 1289; x_wconf 62' lang='lat' dir='ltr'><strong><em>rie&#39;iur</em></strong></span> <span class='ocrx_word' id='word_1_102' title='bbox 636 1240 661 1268; x_wconf 71' lang='grc'>⁸</span> <span class='ocrx_word' id='word_1_103' title='bbox 688 1248 809 1303; x_wconf 88' lang='lat' dir='ltr'><strong><em>gens</em></strong></span> <span class='ocrx_word' id='word_1_104' title='bbox 836 1228 1006 1291; x_wconf 81' lang='lat' dir='ltr'><strong><em>simul,</em></strong></span> <span class='ocrx_word' id='word_1_105' title='bbox 1028 1227 1143 1295; x_wconf 85' lang='lat' dir='ltr'><strong><em>quia</em></strong></span> <span class='ocrx_word' id='word_1_106' title='bbox 1172 1224 1438 1297; x_wconf 89' lang='lat' dir='ltr'><strong><em>parturivit</em></strong></span> <span class='ocrx_word' id='word_1_107' title='bbox 1462 1234 1507 1277; x_wconf 87' lang='lat' dir='ltr'><strong><em>et</em></strong></span> <span class='ocrx_word' id='word_1_108' title='bbox 1532 1223 1726 1293; x_wconf 88' lang='lat' dir='ltr'><strong><em>peperit</em></strong></span> <span class='ocrx_word' id='word_1_109' title='bbox 1748 1221 1877 1277; x_wconf 86' lang='lat' dir='ltr'><strong><em>Sion</em></strong></span> <span class='ocrx_word' id='word_1_110' title='bbox 1904 1221 2039 1290; x_wconf 80' lang='lat' dir='ltr'><strong><em>filios</em></strong></span> 
     </span>
    </p>
   </div>
   <div class='ocr_carea' id='block_1_15' title="bbox 450 1314 2034 1391">
    <p class='ocr_par' dir='ltr' id='par_1_15' title="bbox 450 1314 2034 1391">
     <span class='ocr_line' id='line_1_15' title="bbox 450 1314 2034 1391; baseline -0.009 -11"><span class='ocrx_word' id='word_1_111' title='bbox 450 1323 617 1380; x_wconf 87' lang='lat' dir='ltr'><strong><em>suos?</em></strong></span> <span class='ocrx_word' id='word_1_112' title='bbox 650 1320 912 1391; x_wconf 80' lang='lat' dir='ltr'><strong><em>Numquid</em></strong></span> <span class='ocrx_word' id='word_1_113' title='bbox 938 1334 1047 1389; x_wconf 85' lang='lat' dir='ltr'><strong><em>ego,</em></strong></span> <span class='ocrx_word' id='word_1_114' title='bbox 1080 1319 1165 1381; x_wconf 97' lang='lat' dir='ltr'><strong><em>qui</em></strong></span> <span class='ocrx_word' id='word_1_115' title='bbox 1209 1316 1337 1369; x_wconf 88' lang='lat' dir='ltr'><strong><em>alios</em></strong></span> <span class='ocrx_word' id='word_1_116' title='bbox 1378 1331 1555 1385; x_wconf 86' lang='lat' dir='ltr'><strong><em>parere</em></strong></span> <span class='ocrx_word' id='word_1_117' title='bbox 1603 1314 1757 1385; x_wconf 80' lang='lat' dir='ltr'><strong><em>facio,</em></strong></span> <span class='ocrx_word' id='word_1_118' title='bbox 1797 1315 1906 1384; x_wconf 88' lang='lat' dir='ltr'><strong><em>ipse</em></strong></span> <span class='ocrx_word' id='word_1_119' title='bbox 1934 1329 2034 1366; x_wconf 88' lang='lat' dir='ltr'><strong><em>non</em></strong></span> 
     </span>
    </p>
   </div>
   <div class='ocr_carea' id='block_1_16' title="bbox 448 1407 2040 1489">
    <p class='ocr_par' dir='ltr' id='par_1_16' title="bbox 448 1407 2040 1489">
     <span class='ocr_line' id='line_1_16' title="bbox 448 1407 2040 1489; baseline -0.008 -17"><span class='ocrx_word' id='word_1_120' title='bbox 448 1418 669 1489; x_wconf 87' lang='lat' dir='ltr'><strong><em>pariam,</em></strong></span> <span class='ocrx_word' id='word_1_121' title='bbox 703 1415 822 1468; x_wconf 89' lang='lat' dir='ltr'><strong><em>dicit</em></strong></span> <span class='ocrx_word' id='word_1_122' title='bbox 851 1408 1149 1465; x_wconf 81' lang='lat' dir='ltr'><strong><em>Dominus?</em></strong></span> <span class='ocrx_word' id='word_1_123' title='bbox 1177 1408 1243 1463; x_wconf 87' lang='lat' dir='ltr'><strong><em>Si</em></strong></span> <span class='ocrx_word' id='word_1_124' title='bbox 1281 1424 1398 1478; x_wconf 86' lang='lat' dir='ltr'><strong><em>ego,</em></strong></span> <span class='ocrx_word' id='word_1_125' title='bbox 1428 1408 1511 1476; x_wconf 85' lang='lat' dir='ltr'><strong><em>qui</em></strong></span> <span class='ocrx_word' id='word_1_126' title='bbox 1540 1407 1912 1478; x_wconf 83' lang='lat' dir='ltr'><strong><em>generationem</em></strong></span> <span class='ocrx_word' id='word_1_127' title='bbox 1941 1421 2040 1460; x_wconf 73' lang='lat' dir='ltr'><strong><em>cte—</em></strong></span> 
     </span>
    </p>
   </div>
   <div class='ocr_carea' id='block_1_17' title="bbox 452 1500 2037 1569">
    <p class='ocr_par' dir='ltr' id='par_1_17' title="bbox 452 1500 2037 1569">
     <span class='ocr_line' id='line_1_17' title="bbox 452 1500 2037 1569; baseline -0.008 -3"><span class='ocrx_word' id='word_1_128' title='bbox 452 1512 571 1566; x_wconf 86' lang='lat' dir='ltr'><strong><em>teris</em></strong></span> <span class='ocrx_word' id='word_1_129' title='bbox 593 1509 775 1569; x_wconf 87' lang='lat' dir='ltr'><strong><em>tribuo,</em></strong></span> <span class='ocrx_word' id='word_1_130' title='bbox 794 1504 976 1559; x_wconf 84' lang='lat' dir='ltr'><strong><em>sterilis</em></strong></span> <span class='ocrx_word' id='word_1_131' title='bbox 1004 1520 1108 1568; x_wconf 84' lang='lat' dir='ltr'><strong><em>ero,</em></strong></span> <span class='ocrx_word' id='word_1_132' title='bbox 1140 1504 1212 1556; x_wconf 86' lang='lat' dir='ltr'><strong><em>ait</em></strong></span> <span class='ocrx_word' id='word_1_133' title='bbox 1233 1500 1489 1556; x_wconf 81' lang='lat' dir='ltr'><strong><em>Dominus</em></strong></span> <span class='ocrx_word' id='word_1_134' title='bbox 1523 1500 1658 1555; x_wconf 89' lang='lat' dir='ltr'><strong><em>Deus</em></strong></span> <span class='ocrx_word' id='word_1_135' title='bbox 1680 1509 1793 1553; x_wconf 87' lang='lat' dir='ltr'><strong><em>tuus</em></strong></span> <span class='ocrx_word' id='word_1_136' title='bbox 1820 1501 1845 1552; x_wconf 90' lang='lat'><strong><em>?</em></strong></span> <span class='ocrx_word' id='word_1_137' title='bbox 1866 1500 2037 1554; x_wconf 76' lang='lat' dir='ltr'><strong><em>Lecta-</em></strong></span> 
     </span>
    </p>
   </div>
   <div class='ocr_carea' id='block_1_18' title="bbox 449 1593 2037 1662">
    <p class='ocr_par' dir='ltr' id='par_1_18' title="bbox 449 1593 2037 1662">
     <span class='ocr_line' id='line_1_18' title="bbox 449 1593 2037 1662; baseline -0.006 -5"><span class='ocrx_word' id='word_1_138' title='bbox 449 1603 575 1657; x_wconf 90' lang='lat' dir='ltr'><strong><em>mini</em></strong></span> <span class='ocrx_word' id='word_1_139' title='bbox 604 1618 714 1655; x_wconf 90' lang='lat' dir='ltr'><strong><em>cum</em></strong></span> <span class='ocrx_word' id='word_1_140' title='bbox 741 1595 1051 1662; x_wconf 85' lang='lat' dir='ltr'><strong><em>Jerusalem,</em></strong></span> <span class='ocrx_word' id='word_1_141' title='bbox 1084 1608 1130 1649; x_wconf 88' lang='lat' dir='ltr'><strong><em>et</em></strong></span> <span class='ocrx_word' id='word_1_142' title='bbox 1156 1595 1378 1648; x_wconf 74' lang='lat' dir='ltr'><strong><em>exultate</em></strong></span> <span class='ocrx_word' id='word_1_143' title='bbox 1418 1597 1469 1648; x_wconf 86' lang='lat' dir='ltr'><strong><em>in</em></strong></span> <span class='ocrx_word' id='word_1_144' title='bbox 1520 1609 1579 1646; x_wconf 87' lang='lat' dir='ltr'><strong><em>ea</em></strong></span> <span class='ocrx_word' id='word_1_145' title='bbox 1605 1609 1778 1647; x_wconf 88' lang='lat' dir='ltr'><strong><em>omnes</em></strong></span> <span class='ocrx_word' id='word_1_146' title='bbox 1804 1595 1891 1660; x_wconf 90' lang='lat' dir='ltr'><strong><em>qui</em></strong></span> <span class='ocrx_word' id='word_1_147' title='bbox 1920 1593 2037 1647; x_wconf 87' lang='lat' dir='ltr'><strong><em>dili-</em></strong></span> 
     </span>
    </p>
   </div>
   <div class='ocr_carea' id='block_1_19' title="bbox 2147 379 3731 459">
    <p class='ocr_par' dir='ltr' id='par_1_19' title="bbox 2147 379 3731 459">
     <span class='ocr_line' id='line_1_19' title="bbox 2147 379 3731 459; baseline -0.001 -20"><span class='ocrx_word' id='word_1_148' title='bbox 2147 386 2352 449; x_wconf 79' lang='lat' dir='ltr'><strong><em>visiouis</em></strong></span> <span class='ocrx_word' id='word_1_149' title='bbox 2393 386 2531 449; x_wconf 80' lang='lat' dir='ltr'><strong><em>omni</em></strong></span> <span class='ocrx_word' id='word_1_150' title='bbox 2560 387 2724 445; x_wconf 81' lang='lat' dir='ltr'><strong><em>carui.</em></strong></span> <span class='ocrx_word' id='word_1_151' title='bbox 2759 379 2899 459; x_wconf 75' lang='lat' dir='ltr'><strong><em>Quid</em></strong></span> <span class='ocrx_word' id='word_1_152' title='bbox 2944 383 3087 439; x_wconf 67' lang='lat' dir='ltr'><strong><em>aliud</em></strong></span> <span class='ocrx_word' id='word_1_153' title='bbox 3141 381 3489 447; x_wconf 83' lang='lat' dir='ltr'><strong><em>detrahentes</em></strong></span> <span class='ocrx_word' id='word_1_154' title='bbox 3534 383 3731 438; x_wconf 86' lang='lat' dir='ltr'><strong><em>faciunt</em></strong></span> 
     </span>
    </p>
   </div>
   <div class='ocr_carea' id='block_1_20' title="bbox 2146 479 3728 553">
    <p class='ocr_par' dir='ltr' id='par_1_20' title="bbox 2146 479 3728 553">
     <span class='ocr_line' id='line_1_20' title="bbox 2146 479 3728 553; baseline 0 -18"><span class='ocrx_word' id='word_1_155' title='bbox 2146 479 2231 551; x_wconf 90' lang='lat' dir='ltr'><strong><em>(S.</em></strong></span> <span class='ocrx_word' id='word_1_156' title='bbox 2264 479 2443 553; x_wconf 61' lang='grc' dir='ltr'><strong><em>(ἐι-θα..</em></strong></span> <span class='ocrx_word' id='word_1_157' title='bbox 2491 497 2570 553; x_wconf 86' lang='lat' dir='ltr'><strong><em>ep.</em></strong></span> <span class='ocrx_word' id='word_1_158' title='bbox 2606 495 2728 548; x_wconf 68' lang='lat' dir='ltr'><strong><em>xcv,</em></strong></span> <span class='ocrx_word' id='word_1_159' title='bbox 2758 480 2846 535; x_wconf 88' lang='lat' dir='ltr'><strong><em>lib.</em></strong></span> <span class='ocrx_word' id='word_1_160' title='bbox 2880 483 3020 553; x_wconf 79' lang='lat' dir='ltr'><strong><em>vui),</em></strong></span> <span class='ocrx_word' id='word_1_161' title='bbox 3055 480 3155 549; x_wconf 79' lang='lat' dir='ltr'><strong><em>nisi</em></strong></span> <span class='ocrx_word' id='word_1_162' title='bbox 3184 479 3235 533; x_wconf 93' lang='lat' dir='ltr'><strong><em>in</em></strong></span> <span class='ocrx_word' id='word_1_163' title='bbox 3275 481 3550 549; x_wconf 86' lang='lat' dir='ltr'><strong><em>pulverem</em></strong></span> <span class='ocrx_word' id='word_1_164' title='bbox 3580 479 3728 545; x_wconf 84' lang='lat' dir='ltr'><strong><em>ﬂant,</em></strong></span> 
     </span>
    </p>
   </div>
   <div class='ocr_carea' id='block_1_21' title="bbox 2143 571 3731 642">
    <p class='ocr_par' dir='ltr' id='par_1_21' title="bbox 2143 571 3731 642">
     <span class='ocr_line' id='line_1_21' title="bbox 2143 571 3731 642; baseline 0.001 -17"><span class='ocrx_word' id='word_1_165' title='bbox 2143 583 2304 642; x_wconf 87' lang='lat' dir='ltr'><strong><em>atque</em></strong></span> <span class='ocrx_word' id='word_1_166' title='bbox 2337 574 2387 626; x_wconf 92' lang='lat' dir='ltr'><strong><em>in</em></strong></span> <span class='ocrx_word' id='word_1_167' title='bbox 2418 571 2604 627; x_wconf 89' lang='lat' dir='ltr'><strong><em>oculos</em></strong></span> <span class='ocrx_word' id='word_1_168' title='bbox 2630 588 2756 626; x_wconf 87' lang='lat' dir='ltr'><strong><em>suos</em></strong></span> <span class='ocrx_word' id='word_1_169' title='bbox 2802 583 3002 627; x_wconf 89' lang='lat' dir='ltr'><strong><em>terram</em></strong></span> <span class='ocrx_word' id='word_1_170' title='bbox 3053 571 3325 626; x_wconf 77' lang='lat' dir='ltr'><strong><em>excitant?</em></strong></span> <span class='ocrx_word' id='word_1_171' title='bbox 3354 572 3418 625; x_wconf 86' lang='lat' dir='ltr'><strong><em>Et</em></strong></span> <span class='ocrx_word' id='word_1_172' title='bbox 3448 573 3588 627; x_wconf 81' lang='lat' dir='ltr'><strong><em>unde</em></strong></span> <span class='ocrx_word' id='word_1_173' title='bbox 3617 572 3731 642; x_wconf 86' lang='lat' dir='ltr'><strong><em>plus</em></strong></span> 
     </span>
    </p>
   </div>
   <div class='ocr_carea' id='block_1_22' title="bbox 2143 663 3730 736">
    <p class='ocr_par' dir='ltr' id='par_1_22' title="bbox 2143 663 3730 736">
     <span class='ocr_line' id='line_1_22' title="bbox 2143 663 3730 736; baseline -0.001 -13"><span class='ocrx_word' id='word_1_174' title='bbox 2143 666 2550 723; x_wconf 86' lang='lat' dir='ltr'><strong><em>detractationis</em></strong></span> <span class='ocrx_word' id='word_1_175' title='bbox 2592 664 2842 735; x_wconf 81' lang='lat' dir='ltr'><strong><em>perﬂant,</em></strong></span> <span class='ocrx_word' id='word_1_176' title='bbox 2876 666 3000 721; x_wconf 90' lang='lat' dir='ltr'><strong><em>inde</em></strong></span> <span class='ocrx_word' id='word_1_177' title='bbox 3033 666 3200 736; x_wconf 81' lang='lat' dir='ltr'><strong><em>magis</em></strong></span> <span class='ocrx_word' id='word_1_178' title='bbox 3230 663 3359 719; x_wconf 86' lang='lat' dir='ltr'><strong><em>nihil</em></strong></span> <span class='ocrx_word' id='word_1_179' title='bbox 3390 666 3631 720; x_wconf 90' lang='lat' dir='ltr'><strong><em>veritatis</em></strong></span> <span class='ocrx_word' id='word_1_180' title='bbox 3649 668 3730 721; x_wconf 85' lang='lat' dir='ltr'><strong><em>vi-</em></strong></span> 
     </span>
    </p>
   </div>
   <div class='ocr_carea' id='block_1_23' title="bbox 2142 755 3734 827">
    <p class='ocr_par' dir='ltr' id='par_1_23' title="bbox 2142 755 3734 827">
     <span class='ocr_line' id='line_1_23' title="bbox 2142 755 3734 827; baseline -0.001 -13"><span class='ocrx_word' id='word_1_181' title='bbox 2142 758 2271 814; x_wconf 87' lang='lat' dir='ltr'><strong><em>dent</em></strong></span> <span class='ocrx_word' id='word_1_182' title='bbox 2298 758 2321 810; x_wconf 86' lang='lat'>?</span> <span class='ocrx_word' id='word_1_183' title='bbox 2344 757 2504 813; x_wconf 89' lang='lat' dir='ltr'><strong><em>Tales</em></strong></span> <span class='ocrx_word' id='word_1_184' title='bbox 2548 766 2749 823; x_wconf 89' lang='lat' dir='ltr'><strong><em>tamen,</em></strong></span> <span class='ocrx_word' id='word_1_185' title='bbox 2778 757 2943 813; x_wconf 85' lang='lat' dir='ltr'><strong><em>frater</em></strong></span> <span class='ocrx_word' id='word_1_186' title='bbox 2969 755 3305 824; x_wconf 85' lang='lat' dir='ltr'><strong><em>charissime,</em></strong></span> <span class='ocrx_word' id='word_1_187' title='bbox 3337 758 3581 827; x_wconf 87' lang='lat' dir='ltr'><strong><em>portandi</em></strong></span> <span class='ocrx_word' id='word_1_188' title='bbox 3610 769 3734 813; x_wconf 83' lang='lat' dir='ltr'><strong><em>sunt</em></strong></span> 
     </span>
    </p>
   </div>
   <div class='ocr_carea' id='block_1_24' title="bbox 2141 849 3728 923">
    <p class='ocr_par' dir='ltr' id='par_1_24' title="bbox 2141 849 3728 923">
     <span class='ocr_line' id='line_1_24' title="bbox 2141 849 3728 923; baseline -0.001 -18"><span class='ocrx_word' id='word_1_189' title='bbox 2141 861 2194 905; x_wconf 89' lang='lat' dir='ltr'><strong><em>ct</em></strong></span> <span class='ocrx_word' id='word_1_190' title='bbox 2224 849 2546 920; x_wconf 80' lang='lat' dir='ltr'><strong><em>Corrigendi,</em></strong></span> <span class='ocrx_word' id='word_1_191' title='bbox 2581 850 2699 919; x_wconf 86' lang='lat' dir='ltr'><strong><em>quia</em></strong></span> <span class='ocrx_word' id='word_1_192' title='bbox 2760 850 2886 903; x_wconf 74' lang='grc' dir='ltr'><strong><em>ειεσὶ</em></strong></span> <span class='ocrx_word' id='word_1_193' title='bbox 2936 858 3076 913; x_wconf 88' lang='lat' dir='ltr'><strong><em>sunt,</em></strong></span> <span class='ocrx_word' id='word_1_194' title='bbox 3103 859 3147 901; x_wconf 92' lang='lat' dir='ltr'><strong><em>et</em></strong></span> <span class='ocrx_word' id='word_1_195' title='bbox 3175 849 3326 902; x_wconf 88' lang='lat' dir='ltr'><strong><em>duces</em></strong></span> <span class='ocrx_word' id='word_1_196' title='bbox 3362 865 3611 903; x_wconf 80' lang='lat' dir='ltr'><strong><em>ctecorunt</em></strong></span> <span class='ocrx_word' id='word_1_197' title='bbox 3643 849 3728 923; x_wconf 89' lang='lat' dir='ltr'><strong><em>(S.</em></strong></span> 
     </span>
    </p>
   </div>
   <div class='ocr_carea' id='block_1_25' title="bbox 2146 943 3732 1015">
    <p class='ocr_par' dir='ltr' id='par_1_25' title="bbox 2146 943 3732 1015">
     <span class='ocr_line' id='line_1_25' title="bbox 2146 943 3732 1015; baseline 0.002 -17"><span class='ocrx_word' id='word_1_198' title='bbox 2146 944 2355 1011; x_wconf 65' lang='lat' dir='ltr'><strong><em>Matt/u,</em></strong></span> <span class='ocrx_word' id='word_1_199' title='bbox 2375 943 2486 1015; x_wconf 88' lang='lat' dir='ltr'><strong><em>xv).</em></strong></span> <span class='ocrx_word' id='word_1_200' title='bbox 2509 943 2618 1009; x_wconf 88' lang='lat' dir='ltr'><strong><em>llis,</em></strong></span> <span class='ocrx_word' id='word_1_201' title='bbox 2644 945 2974 1012; x_wconf 87' lang='lat' dir='ltr'><strong><em>charissime,</em></strong></span> <span class='ocrx_word' id='word_1_202' title='bbox 3003 943 3254 1014; x_wconf 83' lang='lat' dir='ltr'><strong><em>respondi</em></strong></span> <span class='ocrx_word' id='word_1_203' title='bbox 3280 945 3507 1001; x_wconf 83' lang='lat' dir='ltr'><strong><em>breviter</em></strong></span> <span class='ocrx_word' id='word_1_204' title='bbox 3522 948 3732 1001; x_wconf 77' lang='lat' dir='ltr'><strong><em>consul-</em></strong></span> 
     </span>
    </p>
   </div>
   <div class='ocr_carea' id='block_1_26' title="bbox 2144 1037 3733 1108">
    <p class='ocr_par' dir='ltr' id='par_1_26' title="bbox 2144 1037 3733 1108">
     <span class='ocr_line' id='line_1_26' title="bbox 2144 1037 3733 1108; baseline 0.002 -17"><span class='ocrx_word' id='word_1_205' title='bbox 2144 1037 2213 1091; x_wconf 89' lang='lat' dir='ltr'><strong><em>tis</em></strong></span> <span class='ocrx_word' id='word_1_206' title='bbox 2238 1038 2362 1103; x_wconf 89' lang='lat' dir='ltr'><strong><em>tuis,</em></strong></span> <span class='ocrx_word' id='word_1_207' title='bbox 2385 1052 2503 1106; x_wconf 63' lang='lat' dir='ltr'><strong><em>quae</em></strong></span> <span class='ocrx_word' id='word_1_208' title='bbox 2531 1046 2582 1091; x_wconf 87' lang='lat' dir='ltr'><strong><em>te</em></strong></span> <span class='ocrx_word' id='word_1_209' title='bbox 2609 1046 2664 1091; x_wconf 88' lang='lat' dir='ltr'><strong><em>et</em></strong></span> <span class='ocrx_word' id='word_1_210' title='bbox 2693 1052 2881 1092; x_wconf 87' lang='lat' dir='ltr'><strong><em>omnes</em></strong></span> <span class='ocrx_word' id='word_1_211' title='bbox 2904 1038 3187 1108; x_wconf 81' lang='lat' dir='ltr'><strong><em>episcopus</em></strong></span> <span class='ocrx_word' id='word_1_212' title='bbox 3210 1037 3527 1107; x_wconf 79' lang='lat' dir='ltr'><strong><em>regulariter</em></strong></span> <span class='ocrx_word' id='word_1_213' title='bbox 3550 1047 3733 1095; x_wconf 86' lang='lat' dir='ltr'><strong><em>tenere</em></strong></span> 
     </span>
    </p>
   </div>
   <div class='ocr_carea' id='block_1_27' title="bbox 2143 1131 3734 1202">
    <p class='ocr_par' dir='ltr' id='par_1_27' title="bbox 2143 1131 3734 1202">
     <span class='ocr_line' id='line_1_27' title="bbox 2143 1131 3734 1202; baseline -0.001 -14"><span class='ocrx_word' id='word_1_214' title='bbox 2143 1133 2475 1188; x_wconf 85' lang='lat' dir='ltr'><strong><em>mandamus.</em></strong></span> <span class='ocrx_word' id='word_1_215' title='bbox 2511 1131 2677 1185; x_wconf 87' lang='lat' dir='ltr'><strong><em>Tuam</em></strong></span> <span class='ocrx_word' id='word_1_216' title='bbox 2714 1141 2915 1199; x_wconf 88' lang='lat' dir='ltr'><strong><em>tamen,</em></strong></span> <span class='ocrx_word' id='word_1_217' title='bbox 2949 1131 3134 1198; x_wconf 80' lang='lat' dir='ltr'><strong><em>frater,</em></strong></span> <span class='ocrx_word' id='word_1_218' title='bbox 3174 1146 3457 1186; x_wconf 86' lang='lat' dir='ltr'><strong><em>monemus</em></strong></span> <span class='ocrx_word' id='word_1_219' title='bbox 3505 1132 3734 1202; x_wconf 87' lang='lat' dir='ltr'><strong><em>pruden-</em></strong></span> 
     </span>
    </p>
   </div>
   <div class='ocr_carea' id='block_1_28' title="bbox 2147 1224 3735 1303">
    <p class='ocr_par' dir='ltr' id='par_1_28' title="bbox 2147 1224 3735 1303">
     <span class='ocr_line' id='line_1_28' title="bbox 2147 1224 3735 1303; baseline -0.003 -20"><span class='ocrx_word' id='word_1_220' title='bbox 2147 1228 2296 1294; x_wconf 86' lang='lat' dir='ltr'><strong><em>tiam,</em></strong></span> <span class='ocrx_word' id='word_1_221' title='bbox 2340 1236 2395 1283; x_wconf 88' lang='lat' dir='ltr'><strong><em>ut</em></strong></span> <span class='ocrx_word' id='word_1_222' title='bbox 2429 1242 2526 1298; x_wconf 86' lang='lat' dir='ltr'><strong><em>pro</em></strong></span> <span class='ocrx_word' id='word_1_223' title='bbox 2555 1235 2697 1281; x_wconf 83' lang='lat' dir='ltr'><strong><em>statu</em></strong></span> <span class='ocrx_word' id='word_1_224' title='bbox 2726 1225 2978 1281; x_wconf 83' lang='lat' dir='ltr'><strong><em>Ecclesiae</em></strong></span> <span class='ocrx_word' id='word_1_225' title='bbox 3020 1234 3073 1283; x_wconf 90' lang='lat' dir='ltr'><strong><em>ct</em></strong></span> <span class='ocrx_word' id='word_1_226' title='bbox 3099 1226 3439 1291; x_wconf 85' lang='lat' dir='ltr'><strong><em>sacerdotum</em></strong></span> <span class='ocrx_word' id='word_1_227' title='bbox 3469 1224 3608 1303; x_wconf 83' lang='lat' dir='ltr'><strong><em>ejus,</em></strong></span> <span class='ocrx_word' id='word_1_228' title='bbox 3637 1240 3735 1297; x_wconf 88' lang='lat' dir='ltr'><strong><em>pro</em></strong></span> 
     </span>
    </p>
   </div>
   <div class='ocr_carea' id='block_1_29' title="bbox 2143 1317 3735 1385">
    <p class='ocr_par' dir='ltr' id='par_1_29' title="bbox 2143 1317 3735 1385">
     <span class='ocr_line' id='line_1_29' title="bbox 2143 1317 3735 1385; baseline 0.001 -12"><span class='ocrx_word' id='word_1_229' title='bbox 2143 1322 2346 1377; x_wconf 87' lang='lat' dir='ltr'><strong><em>viribus</em></strong></span> <span class='ocrx_word' id='word_1_230' title='bbox 2376 1320 2655 1375; x_wconf 80' lang='lat' dir='ltr'><strong><em>elaborare</em></strong></span> <span class='ocrx_word' id='word_1_231' title='bbox 2673 1318 2914 1385; x_wconf 83' lang='lat' dir='ltr'><strong><em>studeas,</em></strong></span> <span class='ocrx_word' id='word_1_232' title='bbox 2933 1325 2988 1372; x_wconf 88' lang='lat' dir='ltr'><strong><em>et</em></strong></span> <span class='ocrx_word' id='word_1_233' title='bbox 3007 1317 3249 1385; x_wconf 79' lang='lat' dir='ltr'><strong><em>ordinent</em></strong></span> <span class='ocrx_word' id='word_1_234' title='bbox 3270 1327 3469 1373; x_wconf 64' lang='lat' dir='ltr'><strong><em>sanctae</em></strong></span> <span class='ocrx_word' id='word_1_235' title='bbox 3500 1334 3735 1374; x_wconf 76' lang='lat' dir='ltr'><strong><em>romana:</em></strong></span> 
     </span>
    </p>
   </div>
   <div class='ocr_carea' id='block_1_30' title="bbox 2141 1412 3734 1485">
    <p class='ocr_par' dir='ltr' id='par_1_30' title="bbox 2141 1412 3734 1485">
     <span class='ocr_line' id='line_1_30' title="bbox 2141 1412 3734 1485; baseline -0.002 -15"><span class='ocrx_word' id='word_1_236' title='bbox 2141 1425 2198 1477; x_wconf 84' lang='lat' dir='ltr'><strong><em>et</em></strong></span> <span class='ocrx_word' id='word_1_237' title='bbox 2226 1415 2539 1485; x_wconf 79' lang='lat' dir='ltr'><strong><em>apostolicae</em></strong></span> <span class='ocrx_word' id='word_1_238' title='bbox 2581 1413 2839 1469; x_wconf 75' lang='lat' dir='ltr'><strong><em>Ecclesiae</em></strong></span> <span class='ocrx_word' id='word_1_239' title='bbox 2894 1428 2990 1482; x_wconf 87' lang='lat' dir='ltr'><strong><em>per</em></strong></span> <span class='ocrx_word' id='word_1_240' title='bbox 3020 1412 3197 1467; x_wconf 86' lang='lat' dir='ltr'><strong><em>omnia</em></strong></span> <span class='ocrx_word' id='word_1_241' title='bbox 3233 1421 3439 1477; x_wconf 89' lang='lat' dir='ltr'><strong><em>teneas,</em></strong></span> <span class='ocrx_word' id='word_1_242' title='bbox 3470 1421 3523 1466; x_wconf 84' lang='lat' dir='ltr'><strong><em>et</em></strong></span> <span class='ocrx_word' id='word_1_243' title='bbox 3548 1412 3734 1481; x_wconf 76' lang='lat' dir='ltr'><strong><em>violari</em></strong></span> 
     </span>
    </p>
   </div>
   <div class='ocr_carea' id='block_1_31' title="bbox 2143 1504 3735 1577">
    <p class='ocr_par' dir='ltr' id='par_1_31' title="bbox 2143 1504 3735 1577">
     <span class='ocr_line' id='line_1_31' title="bbox 2143 1504 3735 1577; baseline -0.003 -14"><span class='ocrx_word' id='word_1_244' title='bbox 2143 1512 2447 1563; x_wconf 86' lang='lat' dir='ltr'><strong><em>sanctorum</em></strong></span> <span class='ocrx_word' id='word_1_245' title='bbox 2497 1506 2712 1560; x_wconf 84' lang='lat' dir='ltr'><strong><em>decreta</em></strong></span> <span class='ocrx_word' id='word_1_246' title='bbox 2761 1520 2866 1559; x_wconf 88' lang='lat' dir='ltr'><strong><em>non</em></strong></span> <span class='ocrx_word' id='word_1_247' title='bbox 2895 1505 3194 1575; x_wconf 86' lang='lat' dir='ltr'><strong><em>permittas,</em></strong></span> <span class='ocrx_word' id='word_1_248' title='bbox 3234 1504 3329 1559; x_wconf 88' lang='lat' dir='ltr'><strong><em>sed</em></strong></span> <span class='ocrx_word' id='word_1_249' title='bbox 3358 1521 3544 1561; x_wconf 90' lang='lat' dir='ltr'><strong><em>omnes</em></strong></span> <span class='ocrx_word' id='word_1_250' title='bbox 3574 1521 3735 1577; x_wconf 90' lang='lat' dir='ltr'><strong><em>quos-</em></strong></span> 
     </span>
    </p>
   </div>
   <div class='ocr_carea' id='block_1_32' title="bbox 2144 1598 3735 1672">
    <p class='ocr_par' dir='ltr' id='par_1_32' title="bbox 2144 1598 3735 1672">
     <span class='ocr_line' id='line_1_32' title="bbox 2144 1598 3735 1672; baseline -0.003 -14"><span class='ocrx_word' id='word_1_251' title='bbox 2144 1617 2371 1672; x_wconf 88' lang='lat' dir='ltr'><strong><em>cumque</em></strong></span> <span class='ocrx_word' id='word_1_252' title='bbox 2403 1601 2667 1671; x_wconf 86' lang='lat' dir='ltr'><strong><em>potueris,</em></strong></span> <span class='ocrx_word' id='word_1_253' title='bbox 2715 1599 2945 1655; x_wconf 83' lang='lat' dir='ltr'><strong><em>instruas</em></strong></span> <span class='ocrx_word' id='word_1_254' title='bbox 2965 1639 2981 1664; x_wconf 93' lang='lat'><strong><em>,</em></strong></span> <span class='ocrx_word' id='word_1_255' title='bbox 3015 1607 3075 1652; x_wconf 90' lang='lat' dir='ltr'><strong><em>ut</em></strong></span> <span class='ocrx_word' id='word_1_256' title='bbox 3103 1598 3402 1656; x_wconf 87' lang='lat' dir='ltr'><strong><em>fructuosos</em></strong></span> <span class='ocrx_word' id='word_1_257' title='bbox 3434 1599 3735 1667; x_wconf 77' lang='lat' dir='ltr'><strong><em>manipulos</em></strong></span> 
     </span>
    </p>
   </div>
   <div class='ocr_carea' id='block_1_33' title="bbox 450 1686 3734 1769">
    <p class='ocr_par' dir='ltr' id='par_1_33' title="bbox 450 1686 3734 1769">
     <span class='ocr_line' id='line_1_33' title="bbox 450 1686 3734 1769; baseline -0.006 -18"><span class='ocrx_word' id='word_1_258' title='bbox 450 1698 570 1769; x_wconf 88' lang='lat' dir='ltr'><strong><em>gitis</em></strong></span> <span class='ocrx_word' id='word_1_259' title='bbox 609 1711 739 1748; x_wconf 89' lang='lat' dir='ltr'><strong><em>eam.</em></strong></span> <span class='ocrx_word' id='word_1_260' title='bbox 774 1690 1004 1746; x_wconf 83' lang='lat' dir='ltr'><strong><em>Gaudete</em></strong></span> <span class='ocrx_word' id='word_1_261' title='bbox 1028 1705 1143 1744; x_wconf 85' lang='lat' dir='ltr'><strong><em>cum</em></strong></span> <span class='ocrx_word' id='word_1_262' title='bbox 1184 1704 1240 1741; x_wconf 92' lang='lat' dir='ltr'><strong><em>ea</em></strong></span> <span class='ocrx_word' id='word_1_263' title='bbox 1266 1687 1483 1740; x_wconf 86' lang='lat' dir='ltr'><strong><em>universi</em></strong></span> <span class='ocrx_word' id='word_1_264' title='bbox 1510 1687 1717 1757; x_wconf 88' lang='lat' dir='ltr'><strong><em>gaudio,</em></strong></span> <span class='ocrx_word' id='word_1_265' title='bbox 1744 1686 1828 1755; x_wconf 86' lang='lat' dir='ltr'><strong><em>qui</em></strong></span> <span class='ocrx_word' id='word_1_266' title='bbox 1855 1686 2036 1757; x_wconf 86' lang='lat' dir='ltr'><strong><em>lugetis</em></strong></span> <span class='ocrx_word' id='word_1_267' title='bbox 2065 1702 2112 1762; x_wconf 83' lang='grc' dir='ltr'>Β</span> <span class='ocrx_word' id='word_1_268' title='bbox 2144 1695 2364 1751; x_wconf 70' lang='lat' dir='ltr'><strong><em>Domino</em></strong></span> <span class='ocrx_word' id='word_1_269' title='bbox 2383 1702 2748 1764; x_wconf 60' lang='lat' dir='ltr'><strong><em>reprmsemes.</em></strong></span> <span class='ocrx_word' id='word_1_270' title='bbox 2771 1690 2920 1747; x_wconf 72' lang='lat' dir='ltr'><strong><em>Vale.</em></strong></span> <span class='ocrx_word' id='word_1_271' title='bbox 2957 1692 3086 1746; x_wconf 69' lang='lat' dir='ltr'><strong><em>Data</em></strong></span> <span class='ocrx_word' id='word_1_272' title='bbox 3113 1692 3267 1749; x_wconf 73' lang='lat' dir='ltr'><strong><em>nonis</em></strong></span> <span class='ocrx_word' id='word_1_273' title='bbox 3291 1700 3313 1726; x_wconf 74' lang='grc' dir='ltr'><strong>ο</strong></span> <span class='ocrx_word' id='word_1_274' title='bbox 3339 1691 3734 1765; x_wconf 49' lang='grc' dir='ltr'><strong><em>δυηίίνριειυάίο</em></strong></span> 
     </span>
    </p>
   </div>
   <div class='ocr_carea' id='block_1_34' title="bbox 447 1777 2034 1859">
    <p class='ocr_par' dir='ltr' id='par_1_34' title="bbox 447 1777 2034 1859">
     <span class='ocr_line' id='line_1_34' title="bbox 447 1777 2034 1859; baseline -0.008 -16"><span class='ocrx_word' id='word_1_275' title='bbox 447 1803 600 1859; x_wconf 84' lang='lat' dir='ltr'><strong><em>super</em></strong></span> <span class='ocrx_word' id='word_1_276' title='bbox 628 1801 756 1848; x_wconf 89' lang='lat' dir='ltr'><strong><em>eam,</em></strong></span> <span class='ocrx_word' id='word_1_277' title='bbox 781 1792 833 1835; x_wconf 91' lang='lat' dir='ltr'><strong><em>ut</em></strong></span> <span class='ocrx_word' id='word_1_278' title='bbox 858 1781 1050 1852; x_wconf 84' lang='lat' dir='ltr'><strong><em>sugutis</em></strong></span> <span class='ocrx_word' id='word_1_279' title='bbox 1078 1789 1123 1833; x_wconf 90' lang='lat' dir='ltr'><strong><em>et</em></strong></span> <span class='ocrx_word' id='word_1_280' title='bbox 1145 1778 1440 1849; x_wconf 87' lang='lat' dir='ltr'><strong><em>repleamini</em></strong></span> <span class='ocrx_word' id='word_1_281' title='bbox 1466 1777 1529 1830; x_wconf 91' lang='lat' dir='ltr'><strong><em>ab</em></strong></span> <span class='ocrx_word' id='word_1_282' title='bbox 1551 1777 1699 1831; x_wconf 86' lang='lat' dir='ltr'><strong><em>ubere</em></strong></span> <span class='ocrx_word' id='word_1_283' title='bbox 1726 1778 2034 1831; x_wconf 85' lang='lat' dir='ltr'><strong><em>consolatio-</em></strong></span> 
     </span>
    </p>
   </div>
   <div class='ocr_carea' id='block_1_35' title="bbox 448 1869 2037 1950">
    <p class='ocr_par' dir='ltr' id='par_1_35' title="bbox 448 1869 2037 1950">
     <span class='ocr_line' id='line_1_35' title="bbox 448 1869 2037 1950; baseline -0.006 -15"><span class='ocrx_word' id='word_1_284' title='bbox 448 1881 529 1934; x_wconf 87' lang='lat' dir='ltr'><strong><em>nis</em></strong></span> <span class='ocrx_word' id='word_1_285' title='bbox 555 1879 684 1950; x_wconf 79' lang='lat' dir='ltr'><strong><em>ejus,</em></strong></span> <span class='ocrx_word' id='word_1_286' title='bbox 717 1886 770 1929; x_wconf 88' lang='lat' dir='ltr'><strong><em>ut</em></strong></span> <span class='ocrx_word' id='word_1_287' title='bbox 791 1874 1054 1945; x_wconf 88' lang='lat' dir='ltr'><strong><em>mulgeatis</em></strong></span> <span class='ocrx_word' id='word_1_288' title='bbox 1102 1882 1148 1925; x_wconf 87' lang='lat' dir='ltr'><strong><em>et</em></strong></span> <span class='ocrx_word' id='word_1_289' title='bbox 1183 1872 1376 1925; x_wconf 85' lang='lat' dir='ltr'><strong><em>deliciis</em></strong></span> <span class='ocrx_word' id='word_1_290' title='bbox 1403 1871 1630 1942; x_wconf 81' lang='lat' dir='ltr'><strong><em>affluatis</em></strong></span> <span class='ocrx_word' id='word_1_291' title='bbox 1656 1869 1718 1923; x_wconf 91' lang='lat' dir='ltr'><strong><em>ab</em></strong></span> <span class='ocrx_word' id='word_1_292' title='bbox 1744 1872 2037 1926; x_wconf 82' lang='lat' dir='ltr'><strong><em>omnimodo</em></strong></span> 
     </span>
    </p>
   </div>
   <div class='ocr_carea' id='block_1_36' title="bbox 448 1963 2037 2045">
    <p class='ocr_par' dir='ltr' id='par_1_36' title="bbox 448 1963 2037 2045">
     <span class='ocr_line' id='line_1_36' title="bbox 448 1963 2037 2045; baseline -0.006 -18"><span class='ocrx_word' id='word_1_293' title='bbox 448 1974 610 2045; x_wconf 86' lang='lat' dir='ltr'><strong><em>gloria</em></strong></span> <span class='ocrx_word' id='word_1_294' title='bbox 628 1973 755 2041; x_wconf 85' lang='lat' dir='ltr'><strong><em>ejus,</em></strong></span> <span class='ocrx_word' id='word_1_295' title='bbox 787 1969 905 2040; x_wconf 87' lang='lat' dir='ltr'><strong><em>quia</em></strong></span> <span class='ocrx_word' id='word_1_296' title='bbox 939 1967 1045 2021; x_wconf 75' lang='lat' dir='ltr'><strong><em>lucc</em></strong></span> <span class='ocrx_word' id='word_1_297' title='bbox 1061 1965 1181 2019; x_wconf 89' lang='lat' dir='ltr'><strong><em>dicit</em></strong></span> <span class='ocrx_word' id='word_1_298' title='bbox 1208 1963 1635 2019; x_wconf 87' lang='lat' dir='ltr'><strong><em>Dominus:Ecce</em></strong></span> <span class='ocrx_word' id='word_1_299' title='bbox 1659 1980 1749 2035; x_wconf 86' lang='lat' dir='ltr'><strong><em>ego</em></strong></span> <span class='ocrx_word' id='word_1_300' title='bbox 1776 1964 2037 2018; x_wconf 87' lang='lat' dir='ltr'><strong><em>declinabo</em></strong></span> 
     </span>
    </p>
   </div>
   <div class='ocr_carea' id='block_1_37' title="bbox 447 2058 2035 2138">
    <p class='ocr_par' dir='ltr' id='par_1_37' title="bbox 447 2058 2035 2138">
     <span class='ocr_line' id='line_1_37' title="bbox 447 2058 2035 2138; baseline -0.008 -15"><span class='ocrx_word' id='word_1_301' title='bbox 447 2083 601 2138; x_wconf 88' lang='lat' dir='ltr'><strong><em>super</em></strong></span> <span class='ocrx_word' id='word_1_302' title='bbox 628 2080 738 2119; x_wconf 90' lang='lat' dir='ltr'><strong><em>eam</em></strong></span> <span class='ocrx_word' id='word_1_303' title='bbox 787 2063 931 2133; x_wconf 86' lang='lat' dir='ltr'><strong><em>quasi</em></strong></span> <span class='ocrx_word' id='word_1_304' title='bbox 976 2061 1188 2130; x_wconf 83' lang='lat' dir='ltr'><strong><em>fluvium</em></strong></span> <span class='ocrx_word' id='word_1_305' title='bbox 1219 2060 1381 2129; x_wconf 86' lang='lat' dir='ltr'><strong><em>pacis,</em></strong></span> <span class='ocrx_word' id='word_1_306' title='bbox 1413 2068 1460 2112; x_wconf 92' lang='lat' dir='ltr'><strong><em>et</em></strong></span> <span class='ocrx_word' id='word_1_307' title='bbox 1483 2059 1607 2129; x_wconf 89' lang='lat' dir='ltr'><strong><em>quia</em></strong></span> <span class='ocrx_word' id='word_1_308' title='bbox 1635 2068 1904 2112; x_wconf 84' lang='lat' dir='ltr'><strong><em>torrentem</em></strong></span> <span class='ocrx_word' id='word_1_309' title='bbox 1952 2058 2035 2111; x_wconf 89' lang='lat' dir='ltr'><strong><em>in-</em></strong></span> 
     </span>
    </p>
   </div>
   <div class='ocr_carea' id='block_1_38' title="bbox 444 2155 2034 2231">
    <p class='ocr_par' dir='ltr' id='par_1_38' title="bbox 444 2155 2034 2231">
     <span class='ocr_line' id='line_1_38' title="bbox 444 2155 2034 2231; baseline -0.007 -14"><span class='ocrx_word' id='word_1_310' title='bbox 444 2162 723 2218; x_wconf 84' lang='lat' dir='ltr'><strong><em>undantem</em></strong></span> <span class='ocrx_word' id='word_1_311' title='bbox 767 2158 982 2231; x_wconf 87' lang='lat' dir='ltr'><strong><em>gloriam</em></strong></span> <span class='ocrx_word' id='word_1_312' title='bbox 1026 2157 1250 2228; x_wconf 90' lang='lat' dir='ltr'><strong><em>gentium</em></strong></span> <span class='ocrx_word' id='word_1_313' title='bbox 1284 2171 1438 2226; x_wconf 90' lang='lat' dir='ltr'><strong><em>quam</em></strong></span> <span class='ocrx_word' id='word_1_314' title='bbox 1494 2155 1704 2225; x_wconf 89' lang='lat' dir='ltr'><strong><em>sugetis.</em></strong></span> <span class='ocrx_word' id='word_1_315' title='bbox 1749 2155 1828 2207; x_wconf 78' lang='lat' dir='ltr'><strong><em>Ad</em></strong></span> <span class='ocrx_word' id='word_1_316' title='bbox 1881 2155 2034 2208; x_wconf 85' lang='lat' dir='ltr'><strong><em>ubera</em></strong></span> 
     </span>
    </p>
   </div>
   <div class='ocr_carea' id='block_1_39' title="bbox 451 2246 2037 2327">
    <p class='ocr_par' dir='ltr' id='par_1_39' title="bbox 451 2246 2037 2327">
     <span class='ocr_line' id='line_1_39' title="bbox 451 2246 2037 2327; baseline -0.005 -18"><span class='ocrx_word' id='word_1_317' title='bbox 451 2254 798 2327; x_wconf 88' lang='lat' dir='ltr'><strong><em>portabimini,</em></strong></span> <span class='ocrx_word' id='word_1_318' title='bbox 816 2262 862 2306; x_wconf 94' lang='lat' dir='ltr'><strong><em>et</em></strong></span> <span class='ocrx_word' id='word_1_319' title='bbox 887 2267 1037 2322; x_wconf 84' lang='lat' dir='ltr'><strong><em>super</em></strong></span> <span class='ocrx_word' id='word_1_320' title='bbox 1058 2265 1221 2321; x_wconf 87' lang='lat' dir='ltr'><strong><em>genua</em></strong></span> <span class='ocrx_word' id='word_1_321' title='bbox 1250 2248 1573 2302; x_wconf 83' lang='lat' dir='ltr'><strong><em>blandientur</em></strong></span> <span class='ocrx_word' id='word_1_322' title='bbox 1590 2248 1747 2301; x_wconf 84' lang='lat' dir='ltr'><strong><em>vobis.</em></strong></span> <span class='ocrx_word' id='word_1_323' title='bbox 1772 2246 2037 2313; x_wconf 83' lang='lat' dir='ltr'><strong><em>Quomodo</em></strong></span> 
     </span>
    </p>
   </div>
   <div class='ocr_carea' id='block_1_40' title="bbox 450 2340 2038 2413">
    <p class='ocr_par' dir='ltr' id='par_1_40' title="bbox 450 2340 2038 2413">
     <span class='ocr_line' id='line_1_40' title="bbox 450 2340 2038 2413; baseline -0.006 -9"><span class='ocrx_word' id='word_1_324' title='bbox 450 2350 494 2404; x_wconf 81' lang='lat' dir='ltr'><strong><em>si</em></strong></span> <span class='ocrx_word' id='word_1_325' title='bbox 524 2349 606 2403; x_wconf 88' lang='lat' dir='ltr'><strong><em>cui</em></strong></span> <span class='ocrx_word' id='word_1_326' title='bbox 657 2356 818 2400; x_wconf 83' lang='lat' dir='ltr'><strong><em>mater</em></strong></span> <span class='ocrx_word' id='word_1_327' title='bbox 870 2344 1197 2409; x_wconf 87' lang='lat' dir='ltr'><strong><em>blandiatur,</em></strong></span> <span class='ocrx_word' id='word_1_328' title='bbox 1228 2343 1301 2395; x_wconf 86' lang='lat' dir='ltr'><strong><em>ita</em></strong></span> <span class='ocrx_word' id='word_1_329' title='bbox 1326 2357 1416 2413; x_wconf 87' lang='lat' dir='ltr'><strong><em>ego</em></strong></span> <span class='ocrx_word' id='word_1_330' title='bbox 1447 2340 1745 2396; x_wconf 89' lang='lat' dir='ltr'><strong><em>consolabor</em></strong></span> <span class='ocrx_word' id='word_1_331' title='bbox 1771 2358 1885 2406; x_wconf 91' lang='lat' dir='ltr'><strong><em>vos,</em></strong></span> <span class='ocrx_word' id='word_1_332' title='bbox 1917 2352 1961 2395; x_wconf 91' lang='lat' dir='ltr'><strong><em>et</em></strong></span> <span class='ocrx_word' id='word_1_333' title='bbox 1986 2342 2038 2394; x_wconf 91' lang='lat' dir='ltr'><strong><em>in</em></strong></span> 
     </span>
    </p>
   </div>
   <div class='ocr_carea' id='block_1_41' title="bbox 446 2434 2038 2504">
    <p class='ocr_par' dir='ltr' id='par_1_41' title="bbox 446 2434 2038 2504">
     <span class='ocr_line' id='line_1_41' title="bbox 446 2434 2038 2504; baseline -0.006 -7"><span class='ocrx_word' id='word_1_334' title='bbox 446 2441 731 2496; x_wconf 71' lang='lat' dir='ltr'><strong><em>Jerusalem</em></strong></span> <span class='ocrx_word' id='word_1_335' title='bbox 778 2435 1177 2491; x_wconf 88' lang='lat' dir='ltr'><strong><em>consolabimini.</em></strong></span> <span class='ocrx_word' id='word_1_336' title='bbox 1234 2434 1510 2498; x_wconf 81' lang='lat' dir='ltr'><strong><em>Videbitis,</em></strong></span> <span class='ocrx_word' id='word_1_337' title='bbox 1560 2448 1606 2488; x_wconf 89' lang='lat' dir='ltr'><strong><em>et</em></strong></span> <span class='ocrx_word' id='word_1_338' title='bbox 1648 2434 1884 2504; x_wconf 86' lang='lat' dir='ltr'><strong><em>gaudebit</em></strong></span> <span class='ocrx_word' id='word_1_339' title='bbox 1950 2451 2038 2489; x_wconf 93' lang='lat' dir='ltr'><strong><em>cor</em></strong></span> 
     </span>
    </p>
   </div>
   <div class='ocr_carea' id='block_1_42' title="bbox 448 2529 2038 2600">
    <p class='ocr_par' dir='ltr' id='par_1_42' title="bbox 448 2529 2038 2600">
     <span class='ocr_line' id='line_1_42' title="bbox 448 2529 2038 2600; baseline -0.006 -8"><span class='ocrx_word' id='word_1_340' title='bbox 448 2546 687 2599; x_wconf 86' lang='lat' dir='ltr'><strong><em>vestrum,</em></strong></span> <span class='ocrx_word' id='word_1_341' title='bbox 735 2543 782 2588; x_wconf 92' lang='lat' dir='ltr'><strong><em>et</em></strong></span> <span class='ocrx_word' id='word_1_342' title='bbox 821 2548 935 2587; x_wconf 88' lang='lat' dir='ltr'><strong><em>ossa</em></strong></span> <span class='ocrx_word' id='word_1_343' title='bbox 979 2541 1141 2584; x_wconf 87' lang='lat' dir='ltr'><strong><em>vestra</em></strong></span> <span class='ocrx_word' id='word_1_344' title='bbox 1187 2530 1312 2583; x_wconf 81' lang='lat' dir='ltr'><strong><em>sicut</em></strong></span> <span class='ocrx_word' id='word_1_345' title='bbox 1338 2530 1522 2597; x_wconf 59' lang='lat' dir='ltr'><strong><em>{herba</em></strong></span> <span class='ocrx_word' id='word_1_346' title='bbox 1568 2531 1936 2600; x_wconf 87' lang='lat' dir='ltr'><strong><em>germinabunt.</em></strong></span> <span class='ocrx_word' id='word_1_347' title='bbox 1970 2529 2038 2583; x_wconf 83' lang='lat' dir='ltr'><strong><em>Et</em></strong></span> 
     </span>
    </p>
   </div>
   <div class='ocr_carea' id='block_1_43' title="bbox 447 2623 2039 2700">
    <p class='ocr_par' dir='ltr' id='par_1_43' title="bbox 447 2623 2039 2700">
     <span class='ocr_line' id='line_1_43' title="bbox 447 2623 2039 2700; baseline -0.005 -15"><span class='ocrx_word' id='word_1_348' title='bbox 447 2637 769 2700; x_wconf 88' lang='lat' dir='ltr'><strong><em>cognoscetur</em></strong></span> <span class='ocrx_word' id='word_1_349' title='bbox 820 2642 996 2679; x_wconf 88' lang='lat' dir='ltr'><strong><em>manus</em></strong></span> <span class='ocrx_word' id='word_1_350' title='bbox 1042 2623 1247 2677; x_wconf 87' lang='lat' dir='ltr'><strong><em>Domini</em></strong></span> <span class='ocrx_word' id='word_1_351' title='bbox 1291 2624 1445 2676; x_wconf 85' lang='lat' dir='ltr'><strong><em>servis</em></strong></span> <span class='ocrx_word' id='word_1_352' title='bbox 1474 2624 1601 2693; x_wconf 84' lang='lat' dir='ltr'><strong><em>ejus,</em></strong></span> <span class='ocrx_word' id='word_1_353' title='bbox 1624 2632 1672 2678; x_wconf 90' lang='lat' dir='ltr'><strong><em>et</em></strong></span> <span class='ocrx_word' id='word_1_354' title='bbox 1692 2625 2039 2696; x_wconf 87' lang='lat' dir='ltr'><strong><em>indignabitur</em></strong></span> 
     </span>
    </p>
   </div>
   <div class='ocr_carea' id='block_1_44' title="bbox 444 2717 2039 2789">
    <p class='ocr_par' dir='ltr' id='par_1_44' title="bbox 444 2717 2039 2789">
     <span class='ocr_line' id='line_1_44' title="bbox 444 2717 2039 2789; baseline -0.004 -10"><span class='ocrx_word' id='word_1_355' title='bbox 444 2725 660 2779; x_wconf 89' lang='lat' dir='ltr'><strong><em>inimicis</em></strong></span> <span class='ocrx_word' id='word_1_356' title='bbox 686 2721 809 2776; x_wconf 86' lang='lat' dir='ltr'><strong><em>suis.</em></strong></span> <span class='ocrx_word' id='word_1_357' title='bbox 834 2720 966 2784; x_wconf 85' lang='lat' dir='ltr'><strong><em>Quia</em></strong></span> <span class='ocrx_word' id='word_1_358' title='bbox 994 2735 1104 2773; x_wconf 88' lang='lat' dir='ltr'><strong><em>ecce</em></strong></span> <span class='ocrx_word' id='word_1_359' title='bbox 1130 2717 1378 2773; x_wconf 88' lang='lat' dir='ltr'><strong><em>Dominus</em></strong></span> <span class='ocrx_word' id='word_1_360' title='bbox 1404 2718 1454 2771; x_wconf 89' lang='lat' dir='ltr'><strong><em>in</em></strong></span> <span class='ocrx_word' id='word_1_361' title='bbox 1481 2719 1597 2789; x_wconf 89' lang='lat' dir='ltr'><strong><em>igne</em></strong></span> <span class='ocrx_word' id='word_1_362' title='bbox 1621 2719 1801 2784; x_wconf 85' lang='lat' dir='ltr'><strong><em>veniet,</em></strong></span> <span class='ocrx_word' id='word_1_363' title='bbox 1832 2731 1876 2773; x_wconf 89' lang='lat' dir='ltr'><strong><em>et</em></strong></span> <span class='ocrx_word' id='word_1_364' title='bbox 1898 2720 2039 2788; x_wconf 84' lang='lat' dir='ltr'><strong><em>quasi</em></strong></span> 
     </span>
    </p>
   </div>
   <div class='ocr_carea' id='block_1_45' title="bbox 448 2811 2031 2886">
    <p class='ocr_par' dir='ltr' id='par_1_45' title="bbox 448 2811 2031 2886">
     <span class='ocr_line' id='line_1_45' title="bbox 448 2811 2031 2886; baseline -0.004 -15"><span class='ocrx_word' id='word_1_365' title='bbox 448 2818 592 2871; x_wconf 87' lang='lat' dir='ltr'><strong><em>turbo</em></strong></span> <span class='ocrx_word' id='word_1_366' title='bbox 629 2815 876 2886; x_wconf 83' lang='lat' dir='ltr'><strong><em>quadriga</em></strong></span> <span class='ocrx_word' id='word_1_367' title='bbox 901 2811 929 2849; x_wconf 72' lang='grc' dir='ltr'><strong><em>ι)</em></strong></span> <span class='ocrx_word' id='word_1_368' title='bbox 967 2814 1076 2882; x_wconf 84' lang='lat' dir='ltr'><strong><em>ejus</em></strong></span> <span class='ocrx_word' id='word_1_369' title='bbox 1101 2854 1115 2877; x_wconf 93' lang='lat'><strong><em>,</em></strong></span> <span class='ocrx_word' id='word_1_370' title='bbox 1153 2812 1361 2864; x_wconf 88' lang='lat' dir='ltr'><strong><em>reddere</em></strong></span> <span class='ocrx_word' id='word_1_371' title='bbox 1406 2811 1753 2881; x_wconf 85' lang='lat' dir='ltr'><strong><em>indignatione</em></strong></span> <span class='ocrx_word' id='word_1_372' title='bbox 1803 2816 2031 2883; x_wconf 85' lang='lat' dir='ltr'><strong><em>furorem</em></strong></span> 
     </span>
    </p>
   </div>
   <div class='ocr_carea' id='block_1_46' title="bbox 448 2903 2030 2974">
    <p class='ocr_par' dir='ltr' id='par_1_46' title="bbox 448 2903 2030 2974">
     <span class='ocr_line' id='line_1_46' title="bbox 448 2903 2030 2974; baseline -0.004 -11"><span class='ocrx_word' id='word_1_373' title='bbox 448 2926 615 2974; x_wconf 89' lang='lat' dir='ltr'><strong><em>suum,</em></strong></span> <span class='ocrx_word' id='word_1_374' title='bbox 638 2917 684 2961; x_wconf 90' lang='lat' dir='ltr'><strong><em>et</em></strong></span> <span class='ocrx_word' id='word_1_375' title='bbox 716 2904 1111 2970; x_wconf 76' lang='lat' dir='ltr'><strong><em>increpationem</em></strong></span> <span class='ocrx_word' id='word_1_376' title='bbox 1140 2919 1283 2956; x_wconf 88' lang='lat' dir='ltr'><strong><em>suam</em></strong></span> <span class='ocrx_word' id='word_1_377' title='bbox 1311 2903 1363 2955; x_wconf 89' lang='lat' dir='ltr'><strong><em>in</em></strong></span> <span class='ocrx_word' id='word_1_378' title='bbox 1394 2903 1603 2971; x_wconf 80' lang='lat' dir='ltr'><strong><em>flantum</em></strong></span> <span class='ocrx_word' id='word_1_379' title='bbox 1632 2904 1781 2974; x_wconf 85' lang='lat' dir='ltr'><strong><em>ignis.</em></strong></span> <span class='ocrx_word' id='word_1_380' title='bbox 1818 2903 1950 2970; x_wconf 86' lang='lat' dir='ltr'><strong><em>Quia</em></strong></span> <span class='ocrx_word' id='word_1_381' title='bbox 1977 2907 2030 2957; x_wconf 91' lang='lat' dir='ltr'><strong><em>in</em></strong></span> 
     </span>
    </p>
   </div>
   <div class='ocr_carea' id='block_1_47' title="bbox 450 3018 2033 3096">
    <p class='ocr_par' dir='ltr' id='par_1_47' title="bbox 450 3018 2033 3096">
     <span class='ocr_line' id='line_1_47' title="bbox 450 3018 2033 3096; baseline -0.003 -19"><span class='ocrx_word' id='word_1_382' title='bbox 450 3024 567 3096; x_wconf 89' lang='lat' dir='ltr'><strong><em>igne</em></strong></span> <span class='ocrx_word' id='word_1_383' title='bbox 598 3021 842 3076; x_wconf 84' lang='lat' dir='ltr'><strong><em>Dominus</em></strong></span> <span class='ocrx_word' id='word_1_384' title='bbox 888 3019 1132 3090; x_wconf 82' lang='lat' dir='ltr'><strong><em>dijudicnt</em></strong></span> <span class='ocrx_word' id='word_1_385' title='bbox 1161 3028 1206 3083; x_wconf 75' lang='grc' dir='ltr'><strong>ο,</strong></span> <span class='ocrx_word' id='word_1_386' title='bbox 1239 3028 1285 3070; x_wconf 91' lang='lat' dir='ltr'><strong><em>et</em></strong></span> <span class='ocrx_word' id='word_1_387' title='bbox 1326 3018 1375 3071; x_wconf 91' lang='lat' dir='ltr'><strong><em>in</em></strong></span> <span class='ocrx_word' id='word_1_388' title='bbox 1406 3018 1578 3088; x_wconf 87' lang='lat' dir='ltr'><strong><em>gladio</em></strong></span> <span class='ocrx_word' id='word_1_389' title='bbox 1607 3037 1699 3072; x_wconf 86' lang='lat' dir='ltr'><strong><em>suo</em></strong></span> <span class='ocrx_word' id='word_1_390' title='bbox 1726 3018 1792 3072; x_wconf 89' lang='lat' dir='ltr'><strong><em>ad</em></strong></span> <span class='ocrx_word' id='word_1_391' title='bbox 1833 3038 2033 3074; x_wconf 88' lang='lat' dir='ltr'><strong><em>omnem</em></strong></span> 
     </span>
    </p>
   </div>
   <div class='ocr_carea' id='block_1_48' title="bbox 448 3112 2035 3193">
    <p class='ocr_par' dir='ltr' id='par_1_48' title="bbox 448 3112 2035 3193">
     <span class='ocr_line' id='line_1_48' title="bbox 448 3112 2035 3193; baseline -0.003 -21"><span class='ocrx_word' id='word_1_392' title='bbox 448 3135 671 3181; x_wconf 90' lang='lat' dir='ltr'><strong><em>carnem,</em></strong></span> <span class='ocrx_word' id='word_1_393' title='bbox 707 3126 751 3172; x_wconf 76' lang='lat' dir='ltr'><strong><em>et</em></strong></span> <span class='ocrx_word' id='word_1_394' title='bbox 796 3112 1267 3193; x_wconf 77' lang='lat' dir='ltr'><strong><em>multiplicabuntur</em></strong></span> <span class='ocrx_word' id='word_1_395' title='bbox 1313 3115 1563 3186; x_wconf 81' lang='lat' dir='ltr'><strong><em>interfecti</em></strong></span> <span class='ocrx_word' id='word_1_396' title='bbox 1591 3131 1622 3167; x_wconf 90' lang='lat' dir='ltr'><strong><em>a</em></strong></span> <span class='ocrx_word' id='word_1_397' title='bbox 1650 3113 1890 3168; x_wconf 88' lang='lat' dir='ltr'><strong><em>Domino.</em></strong></span> <span class='ocrx_word' id='word_1_398' title='bbox 1937 3115 2035 3182; x_wconf 88' lang='lat' dir='ltr'><strong><em>Qui</em></strong></span> 
     </span>
    </p>
   </div>
   <div class='ocr_carea' id='block_1_49' title="bbox 447 3205 2035 3280">
    <p class='ocr_par' dir='ltr' id='par_1_49' title="bbox 447 3205 2035 3280">
     <span class='ocr_line' id='line_1_49' title="bbox 447 3205 2035 3280; baseline -0.003 -14"><span class='ocrx_word' id='word_1_399' title='bbox 447 3209 919 3280; x_wconf 81' lang='lat' dir='ltr'><strong><em>sanctificabantur,</em></strong></span> <span class='ocrx_word' id='word_1_400' title='bbox 951 3216 996 3260; x_wconf 90' lang='lat' dir='ltr'><strong><em>et</em></strong></span> <span class='ocrx_word' id='word_1_401' title='bbox 1025 3205 1239 3260; x_wconf 87' lang='lat' dir='ltr'><strong><em>mundos</em></strong></span> <span class='ocrx_word' id='word_1_402' title='bbox 1270 3223 1322 3261; x_wconf 87' lang='lat' dir='ltr'><strong><em>se</em></strong></span> <span class='ocrx_word' id='word_1_403' title='bbox 1346 3205 1589 3276; x_wconf 85' lang='lat' dir='ltr'><strong><em>putabant</em></strong></span> <span class='ocrx_word' id='word_1_404' title='bbox 1642 3206 1693 3259; x_wconf 90' lang='lat' dir='ltr'><strong><em>in</em></strong></span> <span class='ocrx_word' id='word_1_405' title='bbox 1743 3209 1900 3261; x_wconf 75' lang='lat' dir='ltr'><strong><em>[tortis</em></strong></span> <span class='ocrx_word' id='word_1_406' title='bbox 1925 3220 2035 3278; x_wconf 89' lang='lat' dir='ltr'><strong><em>post</em></strong></span> 
     </span>
    </p>
   </div>
   <div class='ocr_carea' id='block_1_50' title="bbox 445 3300 2035 3376">
    <p class='ocr_par' dir='ltr' id='par_1_50' title="bbox 445 3300 2035 3376">
     <span class='ocr_line' id='line_1_50' title="bbox 445 3300 2035 3376; baseline -0.003 -17"><span class='ocrx_word' id='word_1_407' title='bbox 445 3306 659 3376; x_wconf 72' lang='lat' dir='ltr'><strong><em>ianuam</em></strong></span> <span class='ocrx_word' id='word_1_408' title='bbox 688 3304 1006 3365; x_wconf 85' lang='lat' dir='ltr'><strong><em>intrinsecus,</em></strong></span> <span class='ocrx_word' id='word_1_409' title='bbox 1040 3302 1127 3366; x_wconf 86' lang='lat' dir='ltr'><strong><em>qui</em></strong></span> <span class='ocrx_word' id='word_1_410' title='bbox 1152 3300 1473 3353; x_wconf 88' lang='lat' dir='ltr'><strong><em>comedebant</em></strong></span> <span class='ocrx_word' id='word_1_411' title='bbox 1500 3317 1701 3353; x_wconf 79' lang='lat' dir='ltr'><strong><em>carnem</em></strong></span> <span class='ocrx_word' id='word_1_412' title='bbox 1742 3301 1965 3366; x_wconf 85' lang='lat' dir='ltr'><strong><em>suillam,</em></strong></span> <span class='ocrx_word' id='word_1_413' title='bbox 1990 3312 2035 3355; x_wconf 89' lang='lat' dir='ltr'><strong><em>et</em></strong></span> 
     </span>
    </p>
   </div>
   <div class='ocr_carea' id='block_1_51' title="bbox 450 3394 2035 3462">
    <p class='ocr_par' dir='ltr' id='par_1_51' title="bbox 450 3394 2035 3462">
     <span class='ocr_line' id='line_1_51' title="bbox 450 3394 2035 3462; baseline -0.004 -8"><span class='ocrx_word' id='word_1_414' title='bbox 450 3397 901 3458; x_wconf 87' lang='lat' dir='ltr'><strong><em>abominationem,</em></strong></span> <span class='ocrx_word' id='word_1_415' title='bbox 948 3403 994 3447; x_wconf 89' lang='lat' dir='ltr'><strong><em>et</em></strong></span> <span class='ocrx_word' id='word_1_416' title='bbox 1046 3408 1282 3446; x_wconf 89' lang='lat' dir='ltr'><strong><em>murem:</em></strong></span> <span class='ocrx_word' id='word_1_417' title='bbox 1327 3394 1478 3448; x_wconf 85' lang='lat' dir='ltr'><strong><em>simul</em></strong></span> <span class='ocrx_word' id='word_1_418' title='bbox 1508 3406 1881 3462; x_wconf 76' lang='lat' dir='ltr'><strong><em>consumantur,</em></strong></span> <span class='ocrx_word' id='word_1_419' title='bbox 1916 3395 2035 3455; x_wconf 83' lang='lat' dir='ltr'><strong><em>dicit</em></strong></span> 
     </span>
    </p>
   </div>
   <div class='ocr_carea' id='block_1_52' title="bbox 445 3488 2033 3559">
    <p class='ocr_par' dir='ltr' id='par_1_52' title="bbox 445 3488 2033 3559">
     <span class='ocr_line' id='line_1_52' title="bbox 445 3488 2033 3559; baseline -0.003 -12"><span class='ocrx_word' id='word_1_420' title='bbox 445 3492 713 3551; x_wconf 85' lang='lat' dir='ltr'><strong><em>Dominus.</em></strong></span> <span class='ocrx_word' id='word_1_421' title='bbox 752 3488 861 3559; x_wconf 81' lang='lat' dir='ltr'><strong><em>Ego</em></strong></span> <span class='ocrx_word' id='word_1_422' title='bbox 888 3496 1051 3540; x_wconf 82' lang='lat' dir='ltr'><strong><em>autem</em></strong></span> <span class='ocrx_word' id='word_1_423' title='bbox 1080 3504 1233 3556; x_wconf 84' lang='lat' dir='ltr'><strong><em>opera</em></strong></span> <span class='ocrx_word' id='word_1_424' title='bbox 1278 3502 1472 3552; x_wconf 87' lang='lat' dir='ltr'><strong><em>eorum,</em></strong></span> <span class='ocrx_word' id='word_1_425' title='bbox 1521 3498 1567 3540; x_wconf 87' lang='lat' dir='ltr'><strong><em>et</em></strong></span> <span class='ocrx_word' id='word_1_426' title='bbox 1598 3490 1923 3559; x_wconf 84' lang='lat' dir='ltr'><strong><em>cogitationes</em></strong></span> <span class='ocrx_word' id='word_1_427' title='bbox 1951 3508 2033 3544; x_wconf 89' lang='lat' dir='ltr'><strong><em>eo-</em></strong></span> 
     </span>
    </p>
   </div>
   <div class='ocr_carea' id='block_1_53' title="bbox 446 3582 2033 3653">
    <p class='ocr_par' dir='ltr' id='par_1_53' title="bbox 446 3582 2033 3653">
     <span class='ocr_line' id='line_1_53' title="bbox 446 3582 2033 3653; baseline -0.004 -9"><span class='ocrx_word' id='word_1_428' title='bbox 446 3607 581 3653; x_wconf 84' lang='lat' dir='ltr'><strong><em>rum,</em></strong></span> <span class='ocrx_word' id='word_1_429' title='bbox 612 3587 751 3641; x_wconf 88' lang='lat' dir='ltr'><strong><em>venio</em></strong></span> <span class='ocrx_word' id='word_1_430' title='bbox 781 3594 835 3637; x_wconf 85' lang='lat' dir='ltr'><strong><em>ut</em></strong></span> <span class='ocrx_word' id='word_1_431' title='bbox 860 3600 1157 3653; x_wconf 75' lang='lat' dir='ltr'><strong><em>congregem</em></strong></span> <span class='ocrx_word' id='word_1_432' title='bbox 1196 3599 1308 3635; x_wconf 88' lang='lat' dir='ltr'><strong><em>cum</em></strong></span> <span class='ocrx_word' id='word_1_433' title='bbox 1351 3582 1579 3636; x_wconf 86' lang='lat' dir='ltr'><strong><em>omnibus</em></strong></span> <span class='ocrx_word' id='word_1_434' title='bbox 1608 3584 1835 3653; x_wconf 83' lang='lat' dir='ltr'><strong><em>gentibus</em></strong></span> <span class='ocrx_word' id='word_1_435' title='bbox 1863 3594 1908 3637; x_wconf 85' lang='lat' dir='ltr'><strong><em>et</em></strong></span> <span class='ocrx_word' id='word_1_436' title='bbox 1936 3586 2033 3637; x_wconf 85' lang='lat' dir='ltr'><strong><em>lin-</em></strong></span> 
     </span>
    </p>
   </div>
   <div class='ocr_carea' id='block_1_54' title="bbox 446 3675 2031 3754">
    <p class='ocr_par' dir='ltr' id='par_1_54' title="bbox 446 3675 2031 3754">
     <span class='ocr_line' id='line_1_54' title="bbox 446 3675 2031 3754; baseline -0.004 -17"><span class='ocrx_word' id='word_1_437' title='bbox 446 3685 557 3754; x_wconf 88' lang='lat' dir='ltr'><strong><em>guis</em></strong></span> <span class='ocrx_word' id='word_1_438' title='bbox 583 3700 601 3736; x_wconf 88' lang='lat'><strong><em>:</em></strong></span> <span class='ocrx_word' id='word_1_439' title='bbox 632 3691 677 3735; x_wconf 88' lang='lat' dir='ltr'><strong><em>et</em></strong></span> <span class='ocrx_word' id='word_1_440' title='bbox 721 3680 914 3733; x_wconf 86' lang='lat' dir='ltr'><strong><em>venient</em></strong></span> <span class='ocrx_word' id='word_1_441' title='bbox 945 3687 990 3730; x_wconf 89' lang='lat' dir='ltr'><strong><em>et</em></strong></span> <span class='ocrx_word' id='word_1_442' title='bbox 1035 3676 1271 3728; x_wconf 86' lang='lat' dir='ltr'><strong><em>videbunt</em></strong></span> <span class='ocrx_word' id='word_1_443' title='bbox 1300 3675 1517 3745; x_wconf 88' lang='lat' dir='ltr'><strong><em>gloriam</em></strong></span> <span class='ocrx_word' id='word_1_444' title='bbox 1548 3693 1730 3742; x_wconf 87' lang='lat' dir='ltr'><strong><em>meam,</em></strong></span> <span class='ocrx_word' id='word_1_445' title='bbox 1775 3687 1819 3730; x_wconf 91' lang='lat' dir='ltr'><strong><em>et</em></strong></span> <span class='ocrx_word' id='word_1_446' title='bbox 1848 3695 2031 3748; x_wconf 87' lang='lat' dir='ltr'><strong><em>ponam</em></strong></span> 
     </span>
    </p>
   </div>
   <div class='ocr_carea' id='block_1_55' title="bbox 445 3769 2032 3846">
    <p class='ocr_par' dir='ltr' id='par_1_55' title="bbox 445 3769 2032 3846">
     <span class='ocr_line' id='line_1_55' title="bbox 445 3769 2032 3846; baseline -0.005 -15"><span class='ocrx_word' id='word_1_447' title='bbox 445 3780 501 3832; x_wconf 90' lang='lat' dir='ltr'><strong><em>in</em></strong></span> <span class='ocrx_word' id='word_1_448' title='bbox 530 3777 600 3830; x_wconf 88' lang='lat' dir='ltr'><strong><em>eis</em></strong></span> <span class='ocrx_word' id='word_1_449' title='bbox 630 3774 849 3846; x_wconf 87' lang='lat' dir='ltr'><strong><em>signum.</em></strong></span> <span class='ocrx_word' id='word_1_450' title='bbox 881 3770 948 3824; x_wconf 84' lang='lat' dir='ltr'><strong><em>Et</em></strong></span> <span class='ocrx_word' id='word_1_451' title='bbox 978 3778 1175 3824; x_wconf 86' lang='lat' dir='ltr'><strong><em>mittam</em></strong></span> <span class='ocrx_word' id='word_1_452' title='bbox 1211 3784 1273 3821; x_wconf 77' lang='lat' dir='ltr'><strong><em>ea:</em></strong></span> <span class='ocrx_word' id='word_1_453' title='bbox 1299 3773 1368 3823; x_wconf 87' lang='lat' dir='ltr'><strong><em>eis</em></strong></span> <span class='ocrx_word' id='word_1_454' title='bbox 1396 3771 1486 3838; x_wconf 86' lang='lat' dir='ltr'><strong><em>qui</em></strong></span> <span class='ocrx_word' id='word_1_455' title='bbox 1517 3769 1698 3822; x_wconf 83' lang='lat' dir='ltr'><strong><em>saluati</em></strong></span> <span class='ocrx_word' id='word_1_456' title='bbox 1725 3770 1931 3841; x_wconf 86' lang='lat' dir='ltr'><strong><em>fuerint,</em></strong></span> <span class='ocrx_word' id='word_1_457' title='bbox 1965 3771 2032 3823; x_wconf 89' lang='lat' dir='ltr'><strong><em>ad</em></strong></span> 
     </span>
    </p>
   </div>
   <div class='ocr_carea' id='block_1_56' title="bbox 445 3859 2033 3943">
    <p class='ocr_par' dir='ltr' id='par_1_56' title="bbox 445 3859 2033 3943">
     <span class='ocr_line' id='line_1_56' title="bbox 445 3859 2033 3943; baseline -0.004 -19"><span class='ocrx_word' id='word_1_458' title='bbox 445 3878 614 3943; x_wconf 86' lang='lat' dir='ltr'><strong><em>gentes</em></strong></span> <span class='ocrx_word' id='word_1_459' title='bbox 643 3909 657 3930; x_wconf 89' lang='lat'><strong>.</strong></span> <span class='ocrx_word' id='word_1_460' title='bbox 687 3868 739 3921; x_wconf 88' lang='lat' dir='ltr'><strong><em>in</em></strong></span> <span class='ocrx_word' id='word_1_461' title='bbox 788 3866 914 3919; x_wconf 88' lang='lat' dir='ltr'><strong><em>mari</em></strong></span> <span class='ocrx_word' id='word_1_462' title='bbox 932 3908 945 3931; x_wconf 91' lang='lat'><strong><em>,</em></strong></span> <span class='ocrx_word' id='word_1_463' title='bbox 974 3867 1025 3919; x_wconf 87' lang='lat' dir='ltr'><strong><em>in</em></strong></span> <span class='ocrx_word' id='word_1_464' title='bbox 1056 3866 1250 3936; x_wconf 80' lang='lat' dir='ltr'><strong><em>Africa,</em></strong></span> <span class='ocrx_word' id='word_1_465' title='bbox 1279 3863 1333 3917; x_wconf 87' lang='lat' dir='ltr'><strong><em>in</em></strong></span> <span class='ocrx_word' id='word_1_466' title='bbox 1364 3860 1528 3932; x_wconf 83' lang='lat' dir='ltr'><strong><em>Lydia</em></strong></span> <span class='ocrx_word' id='word_1_467' title='bbox 1548 3859 1574 3898; x_wconf 75' lang='grc' dir='ltr'>ἀ</span> <span class='ocrx_word' id='word_1_468' title='bbox 1604 3861 1860 3917; x_wconf 83' lang='lat' dir='ltr'><strong><em>tendentes</em></strong></span> <span class='ocrx_word' id='word_1_469' title='bbox 1879 3865 2033 3936; x_wconf 85' lang='lat' dir='ltr'><strong><em>sagit-</em></strong></span> 
     </span>
    </p>
   </div>
   <div class='ocr_carea' id='block_1_57' title="bbox 449 3958 2032 4028">
    <p class='ocr_par' dir='ltr' id='par_1_57' title="bbox 449 3958 2032 4028">
     <span class='ocr_line' id='line_1_57' title="bbox 449 3958 2032 4028; baseline -0.005 -8"><span class='ocrx_word' id='word_1_470' title='bbox 449 3976 549 4020; x_wconf 90' lang='lat' dir='ltr'><strong><em>tam</em></strong></span> <span class='ocrx_word' id='word_1_471' title='bbox 581 3965 633 4017; x_wconf 90' lang='lat' dir='ltr'><strong><em>in</em></strong></span> <span class='ocrx_word' id='word_1_472' title='bbox 680 3960 912 4025; x_wconf 86' lang='lat' dir='ltr'><strong><em>Italiam,</em></strong></span> <span class='ocrx_word' id='word_1_473' title='bbox 944 3970 989 4014; x_wconf 88' lang='lat' dir='ltr'><strong><em>et</em></strong></span> <span class='ocrx_word' id='word_1_474' title='bbox 1021 3959 1290 4025; x_wconf 74' lang='lat' dir='ltr'><strong><em>Gra’riam,</em></strong></span> <span class='ocrx_word' id='word_1_475' title='bbox 1325 3960 1393 4014; x_wconf 92' lang='lat' dir='ltr'><strong><em>ad</em></strong></span> <span class='ocrx_word' id='word_1_476' title='bbox 1422 3958 1616 4014; x_wconf 86' lang='lat' dir='ltr'><strong><em>insulas</em></strong></span> <span class='ocrx_word' id='word_1_477' title='bbox 1656 3958 1824 4028; x_wconf 90' lang='lat' dir='ltr'><strong><em>longe,</em></strong></span> <span class='ocrx_word' id='word_1_478' title='bbox 1856 3958 1923 4010; x_wconf 87' lang='lat' dir='ltr'><strong><em>ad</em></strong></span> <span class='ocrx_word' id='word_1_479' title='bbox 1949 3974 2032 4012; x_wconf 87' lang='lat' dir='ltr'><strong><em>eos</em></strong></span> 
     </span>
    </p>
   </div>
   <div class='ocr_carea' id='block_1_58' title="bbox 446 4051 2028 4131">
    <p class='ocr_par' dir='ltr' id='par_1_58' title="bbox 446 4051 2028 4131">
     <span class='ocr_line' id='line_1_58' title="bbox 446 4051 2028 4131; baseline -0.008 -17"><span class='ocrx_word' id='word_1_480' title='bbox 446 4059 533 4131; x_wconf 88' lang='lat' dir='ltr'><strong><em>qui</em></strong></span> <span class='ocrx_word' id='word_1_481' title='bbox 554 4074 654 4111; x_wconf 90' lang='lat' dir='ltr'><strong><em>non</em></strong></span> <span class='ocrx_word' id='word_1_482' title='bbox 683 4053 953 4108; x_wconf 86' lang='lat' dir='ltr'><strong><em>audierunt</em></strong></span> <span class='ocrx_word' id='word_1_483' title='bbox 974 4052 1037 4107; x_wconf 90' lang='lat' dir='ltr'><strong><em>de</em></strong></span> <span class='ocrx_word' id='word_1_484' title='bbox 1058 4070 1155 4119; x_wconf 89' lang='lat' dir='ltr'><strong><em>me,</em></strong></span> <span class='ocrx_word' id='word_1_485' title='bbox 1171 4064 1217 4108; x_wconf 90' lang='lat' dir='ltr'><strong><em>et</em></strong></span> <span class='ocrx_word' id='word_1_486' title='bbox 1242 4072 1340 4109; x_wconf 91' lang='lat' dir='ltr'><strong><em>non</em></strong></span> <span class='ocrx_word' id='word_1_487' title='bbox 1368 4054 1595 4107; x_wconf 88' lang='lat' dir='ltr'><strong><em>viderunt</em></strong></span> <span class='ocrx_word' id='word_1_488' title='bbox 1615 4051 1831 4122; x_wconf 88' lang='lat' dir='ltr'><strong><em>gloriam</em></strong></span> <span class='ocrx_word' id='word_1_489' title='bbox 1848 4065 2028 4103; x_wconf 88' lang='lat' dir='ltr'><strong><em>meam.</em></strong></span> 
     </span>
    </p>
   </div>
   <div class='ocr_carea' id='block_1_59' title="bbox 446 4142 2033 4218">
    <p class='ocr_par' dir='ltr' id='par_1_59' title="bbox 446 4142 2033 4218">
     <span class='ocr_line' id='line_1_59' title="bbox 446 4142 2033 4218; baseline -0.008 -10"><span class='ocrx_word' id='word_1_490' title='bbox 446 4152 515 4209; x_wconf 81' lang='lat' dir='ltr'><strong><em>Et</em></strong></span> <span class='ocrx_word' id='word_1_491' title='bbox 550 4148 921 4205; x_wconf 88' lang='lat' dir='ltr'><strong><em>annuntiabunt</em></strong></span> <span class='ocrx_word' id='word_1_492' title='bbox 952 4146 1169 4217; x_wconf 88' lang='lat' dir='ltr'><strong><em>gloriam</em></strong></span> <span class='ocrx_word' id='word_1_493' title='bbox 1221 4164 1381 4201; x_wconf 91' lang='lat' dir='ltr'><strong><em>meam</em></strong></span> <span class='ocrx_word' id='word_1_494' title='bbox 1413 4146 1660 4218; x_wconf 87' lang='lat' dir='ltr'><strong><em>gentibus,</em></strong></span> <span class='ocrx_word' id='word_1_495' title='bbox 1707 4153 1751 4197; x_wconf 91' lang='lat' dir='ltr'><strong><em>et</em></strong></span> <span class='ocrx_word' id='word_1_496' title='bbox 1779 4142 2033 4197; x_wconf 85' lang='lat' dir='ltr'><strong><em>adducent</em></strong></span> 
     </span>
    </p>
   </div>
   <div class='ocr_carea' id='block_1_60' title="bbox 449 4237 2028 4313">
    <p class='ocr_par' dir='ltr' id='par_1_60' title="bbox 449 4237 2028 4313">
     <span class='ocr_line' id='line_1_60' title="bbox 449 4237 2028 4313; baseline -0.006 -12"><span class='ocrx_word' id='word_1_497' title='bbox 449 4262 620 4301; x_wconf 89' lang='lat' dir='ltr'><strong><em>omnes</em></strong></span> <span class='ocrx_word' id='word_1_498' title='bbox 646 4244 830 4313; x_wconf 89' lang='lat' dir='ltr'><strong><em>fratres</em></strong></span> <span class='ocrx_word' id='word_1_499' title='bbox 847 4250 1034 4293; x_wconf 86' lang='lat' dir='ltr'><strong><em>vestros</em></strong></span> <span class='ocrx_word' id='word_1_500' title='bbox 1054 4242 1115 4294; x_wconf 91' lang='lat' dir='ltr'><strong><em>de</em></strong></span> <span class='ocrx_word' id='word_1_501' title='bbox 1127 4242 1316 4297; x_wconf 88' lang='lat' dir='ltr'><strong><em>cunctis</em></strong></span> <span class='ocrx_word' id='word_1_502' title='bbox 1330 4241 1556 4312; x_wconf 87' lang='lat' dir='ltr'><strong><em>gentibus</em></strong></span> <span class='ocrx_word' id='word_1_503' title='bbox 1573 4240 1760 4297; x_wconf 89' lang='lat' dir='ltr'><strong><em>donum</em></strong></span> <span class='ocrx_word' id='word_1_504' title='bbox 1786 4237 2028 4303; x_wconf 89' lang='lat' dir='ltr'><strong><em>Domino,</em></strong></span> 
     </span>
    </p>
   </div>
   <div class='ocr_carea' id='block_1_61' title="bbox 444 4330 2033 4409">
    <p class='ocr_par' dir='ltr' id='par_1_61' title="bbox 444 4330 2033 4409">
     <span class='ocr_line' id='line_1_61' title="bbox 444 4330 2033 4409; baseline -0.006 -16"><span class='ocrx_word' id='word_1_505' title='bbox 444 4340 499 4393; x_wconf 89' lang='lat' dir='ltr'><strong><em>in</em></strong></span> <span class='ocrx_word' id='word_1_506' title='bbox 529 4337 686 4409; x_wconf 86' lang='lat' dir='ltr'><strong><em>equis,</em></strong></span> <span class='ocrx_word' id='word_1_507' title='bbox 729 4346 775 4390; x_wconf 85' lang='lat' dir='ltr'><strong><em>et</em></strong></span> <span class='ocrx_word' id='word_1_508' title='bbox 803 4337 856 4393; x_wconf 88' lang='lat' dir='ltr'><strong><em>in</em></strong></span> <span class='ocrx_word' id='word_1_509' title='bbox 882 4334 1163 4406; x_wconf 84' lang='lat' dir='ltr'><strong><em>quadrigis.</em></strong></span> <span class='ocrx_word' id='word_1_510' title='bbox 1197 4343 1241 4385; x_wconf 88' lang='lat' dir='ltr'><strong><em>et</em></strong></span> <span class='ocrx_word' id='word_1_511' title='bbox 1274 4335 1328 4393; x_wconf 79' lang='lat' dir='ltr'><strong><em>in</em></strong></span> <span class='ocrx_word' id='word_1_512' title='bbox 1353 4334 1561 4398; x_wconf 80' lang='lat' dir='ltr'><strong><em>lecticis,</em></strong></span> <span class='ocrx_word' id='word_1_513' title='bbox 1610 4341 1656 4386; x_wconf 88' lang='lat' dir='ltr'><strong><em>et</em></strong></span> <span class='ocrx_word' id='word_1_514' title='bbox 1682 4333 1734 4386; x_wconf 85' lang='lat' dir='ltr'><strong><em>in</em></strong></span> <span class='ocrx_word' id='word_1_515' title='bbox 1781 4330 1952 4394; x_wconf 87' lang='lat' dir='ltr'><strong><em>mulis,</em></strong></span> <span class='ocrx_word' id='word_1_516' title='bbox 1987 4340 2033 4384; x_wconf 88' lang='lat' dir='ltr'><strong><em>et</em></strong></span> 
     </span>
    </p>
   </div>
   <div class='ocr_carea' id='block_1_62' title="bbox 443 4426 2032 4489">
    <p class='ocr_par' dir='ltr' id='par_1_62' title="bbox 443 4426 2032 4489">
     <span class='ocr_line' id='line_1_62' title="bbox 443 4426 2032 4489; baseline -0.006 0"><span class='ocrx_word' id='word_1_517' title='bbox 443 4436 499 4489; x_wconf 88' lang='lat' dir='ltr'><strong><em>in</em></strong></span> <span class='ocrx_word' id='word_1_518' title='bbox 537 4434 763 4488; x_wconf 86' lang='lat' dir='ltr'><strong><em>carrucis</em></strong></span> <span class='ocrx_word' id='word_1_519' title='bbox 797 4433 865 4488; x_wconf 92' lang='lat' dir='ltr'><strong><em>ad</em></strong></span> <span class='ocrx_word' id='word_1_520' title='bbox 903 4440 1122 4485; x_wconf 87' lang='lat' dir='ltr'><strong><em>montem</em></strong></span> <span class='ocrx_word' id='word_1_521' title='bbox 1166 4440 1394 4483; x_wconf 87' lang='lat' dir='ltr'><strong><em>sanctum</em></strong></span> <span class='ocrx_word' id='word_1_522' title='bbox 1424 4446 1589 4485; x_wconf 85' lang='lat' dir='ltr'><strong><em>meum</em></strong></span> <span class='ocrx_word' id='word_1_523' title='bbox 1616 4426 1923 4489; x_wconf 81' lang='lat' dir='ltr'><strong><em>Jerusalem,</em></strong></span> <span class='ocrx_word' id='word_1_524' title='bbox 1956 4426 2032 4479; x_wconf 87' lang='lat' dir='ltr'><strong><em>di—</em></strong></span> 
     </span>
    </p>
   </div>
   <div class='ocr_carea' id='block_1_63' title="bbox 444 4496 2110 4599">
    <p class='ocr_par' dir='ltr' id='par_1_63' title="bbox 444 4496 2110 4599">
     <span class='ocr_line' id='line_1_63' title="bbox 444 4496 2110 4599; baseline -0.008 -13"><span class='ocrx_word' id='word_1_525' title='bbox 444 4532 512 4586; x_wconf 89' lang='lat' dir='ltr'><strong><em>cit</em></strong></span> <span class='ocrx_word' id='word_1_526' title='bbox 536 4530 787 4585; x_wconf 88' lang='lat' dir='ltr'><strong><em>Dominus</em></strong></span> <span class='ocrx_word' id='word_1_527' title='bbox 816 4525 1106 4599; x_wconf 87' lang='lat' dir='ltr'><strong><em>:quomodo</em></strong></span> <span class='ocrx_word' id='word_1_528' title='bbox 1135 4525 1178 4579; x_wconf 91' lang='lat' dir='ltr'><strong><em>si</em></strong></span> <span class='ocrx_word' id='word_1_529' title='bbox 1205 4526 1423 4596; x_wconf 86' lang='lat' dir='ltr'><strong><em>inferant</em></strong></span> <span class='ocrx_word' id='word_1_530' title='bbox 1452 4523 1547 4591; x_wconf 83' lang='lat' dir='ltr'><strong><em>ﬁlii</em></strong></span> <span class='ocrx_word' id='word_1_531' title='bbox 1581 4522 1743 4577; x_wconf 86' lang='lat' dir='ltr'><strong><em>Israel</em></strong></span> <span class='ocrx_word' id='word_1_532' title='bbox 1774 4538 1955 4574; x_wconf 87' lang='lat' dir='ltr'><strong><em>muntts</em></strong></span> <span class='ocrx_word' id='word_1_533' title='bbox 1979 4519 2031 4573; x_wconf 87' lang='lat' dir='ltr'><strong><em>in</em></strong></span> <span class='ocrx_word' id='word_1_534' title='bbox 2058 4496 2110 4556; x_wconf 85' lang='lat' dir='ltr'><strong><em>D</em></strong></span> 
     </span>
    </p>
   </div>
   <div class='ocr_carea' id='block_1_64' title="bbox 448 4614 2032 4698">
    <p class='ocr_par' dir='ltr' id='par_1_64' title="bbox 448 4614 2032 4698">
     <span class='ocr_line' id='line_1_64' title="bbox 448 4614 2032 4698; baseline -0.007 -21"><span class='ocrx_word' id='word_1_535' title='bbox 448 4638 565 4679; x_wconf 89' lang='lat' dir='ltr'><strong><em>vase</em></strong></span> <span class='ocrx_word' id='word_1_536' title='bbox 617 4622 805 4675; x_wconf 89' lang='lat' dir='ltr'><strong><em>mundo</em></strong></span> <span class='ocrx_word' id='word_1_537' title='bbox 846 4620 899 4673; x_wconf 90' lang='lat' dir='ltr'><strong><em>in</em></strong></span> <span class='ocrx_word' id='word_1_538' title='bbox 950 4618 1097 4698; x_wconf 82' lang='lat' dir='ltr'><strong><em>doma</em></strong></span> <span class='ocrx_word' id='word_1_539' title='bbox 1134 4616 1353 4671; x_wconf 88' lang='lat' dir='ltr'><strong><em>Domini.</em></strong></span> <span class='ocrx_word' id='word_1_540' title='bbox 1387 4614 1455 4670; x_wconf 87' lang='lat' dir='ltr'><strong><em>Et</em></strong></span> <span class='ocrx_word' id='word_1_541' title='bbox 1484 4632 1739 4672; x_wconf 88' lang='lat' dir='ltr'><strong><em>assumam</em></strong></span> <span class='ocrx_word' id='word_1_542' title='bbox 1780 4630 1842 4669; x_wconf 81' lang='lat' dir='ltr'><strong><em>ea:</em></strong></span> <span class='ocrx_word' id='word_1_543' title='bbox 1872 4614 1941 4667; x_wconf 88' lang='lat' dir='ltr'><strong><em>eis</em></strong></span> <span class='ocrx_word' id='word_1_544' title='bbox 1980 4614 2032 4666; x_wconf 91' lang='lat' dir='ltr'><strong><em>in</em></strong></span> 
     </span>
    </p>
   </div>
   <div class='ocr_carea' id='block_1_65' title="bbox 441 4704 2033 4778">
    <p class='ocr_par' dir='ltr' id='par_1_65' title="bbox 441 4704 2033 4778">
     <span class='ocr_line' id='line_1_65' title="bbox 441 4704 2033 4778; baseline -0.01 -3"><span class='ocrx_word' id='word_1_545' title='bbox 441 4719 724 4775; x_wconf 79' lang='lat' dir='ltr'><strong><em>sacerdotes</em></strong></span> <span class='ocrx_word' id='word_1_546' title='bbox 746 4728 791 4770; x_wconf 91' lang='lat' dir='ltr'><strong><em>et</em></strong></span> <span class='ocrx_word' id='word_1_547' title='bbox 820 4718 874 4771; x_wconf 90' lang='lat' dir='ltr'><strong><em>in</em></strong></span> <span class='ocrx_word' id='word_1_548' title='bbox 901 4713 1093 4778; x_wconf 86' lang='lat' dir='ltr'><strong><em>levitas,</em></strong></span> <span class='ocrx_word' id='word_1_549' title='bbox 1123 4712 1241 4765; x_wconf 89' lang='lat' dir='ltr'><strong><em>dicit</em></strong></span> <span class='ocrx_word' id='word_1_550' title='bbox 1264 4710 1514 4765; x_wconf 87' lang='lat' dir='ltr'><strong><em>Dominus</em></strong></span> <span class='ocrx_word' id='word_1_551' title='bbox 1548 4728 1565 4764; x_wconf 86' lang='lat'><strong><em>:</em></strong></span> <span class='ocrx_word' id='word_1_552' title='bbox 1593 4709 1725 4777; x_wconf 87' lang='lat' dir='ltr'><strong><em>Quia</em></strong></span> <span class='ocrx_word' id='word_1_553' title='bbox 1752 4709 1875 4762; x_wconf 86' lang='lat' dir='ltr'><strong><em>sicut</em></strong></span> <span class='ocrx_word' id='word_1_554' title='bbox 1921 4704 2033 4761; x_wconf 62' lang='grc' dir='ltr'><strong><em>σαῖιὶ</em></strong></span> 
     </span>
    </p>
   </div>
   <div class='ocr_carea' id='block_1_66' title="bbox 446 4800 2035 4879">
    <p class='ocr_par' dir='ltr' id='par_1_66' title="bbox 446 4800 2035 4879">
     <span class='ocr_line' id='line_1_66' title="bbox 446 4800 2035 4879; baseline -0.008 -14"><span class='ocrx_word' id='word_1_555' title='bbox 446 4811 582 4879; x_wconf 88' lang='lat' dir='ltr'><strong><em>novi,</em></strong></span> <span class='ocrx_word' id='word_1_556' title='bbox 618 4818 663 4863; x_wconf 89' lang='lat' dir='ltr'><strong><em>et</em></strong></span> <span class='ocrx_word' id='word_1_557' title='bbox 690 4818 822 4863; x_wconf 86' lang='lat' dir='ltr'><strong><em>terra</em></strong></span> <span class='ocrx_word' id='word_1_558' title='bbox 854 4824 1002 4878; x_wconf 90' lang='lat' dir='ltr'><strong><em>nova,</em></strong></span> <span class='ocrx_word' id='word_1_559' title='bbox 1029 4821 1141 4878; x_wconf 80' lang='lat' dir='ltr'><strong><em>qua:</em></strong></span> <span class='ocrx_word' id='word_1_560' title='bbox 1194 4820 1287 4876; x_wconf 89' lang='lat' dir='ltr'><strong><em>ego</em></strong></span> <span class='ocrx_word' id='word_1_561' title='bbox 1328 4806 1461 4877; x_wconf 86' lang='lat' dir='ltr'><strong><em>facio</em></strong></span> <span class='ocrx_word' id='word_1_562' title='bbox 1489 4813 1621 4858; x_wconf 90' lang='lat' dir='ltr'><strong><em>stare</em></strong></span> <span class='ocrx_word' id='word_1_563' title='bbox 1642 4818 1813 4857; x_wconf 87' lang='lat' dir='ltr'><strong><em>coram</em></strong></span> <span class='ocrx_word' id='word_1_564' title='bbox 1840 4800 2035 4867; x_wconf 88' lang='lat' dir='ltr'><strong><em>me,di-</em></strong></span> 
     </span>
    </p>
   </div>
   <div class='ocr_carea' id='block_1_67' title="bbox 444 4904 2031 4968">
    <p class='ocr_par' dir='ltr' id='par_1_67' title="bbox 444 4904 2031 4968">
     <span class='ocr_line' id='line_1_67' title="bbox 444 4904 2031 4968; baseline -0.009 -9"><span class='ocrx_word' id='word_1_565' title='bbox 444 4905 511 4959; x_wconf 89' lang='lat' dir='ltr'><strong><em>cit</em></strong></span> <span class='ocrx_word' id='word_1_566' title='bbox 535 4904 803 4968; x_wconf 88' lang='lat' dir='ltr'><strong><em>Dominus,</em></strong></span> <span class='ocrx_word' id='word_1_567' title='bbox 826 4904 897 4957; x_wconf 89' lang='lat' dir='ltr'><strong><em>sic</em></strong></span> <span class='ocrx_word' id='word_1_568' title='bbox 925 4904 1075 4958; x_wconf 86' lang='lat' dir='ltr'><strong><em>stabit</em></strong></span> <span class='ocrx_word' id='word_1_569' title='bbox 1095 4918 1262 4960; x_wconf 89' lang='lat' dir='ltr'><strong><em>semen</em></strong></span> <span class='ocrx_word' id='word_1_570' title='bbox 1284 4910 1502 4955; x_wconf 86' lang='lat' dir='ltr'><strong><em>vestrum</em></strong></span> <span class='ocrx_word' id='word_1_571' title='bbox 1526 4907 1572 4953; x_wconf 90' lang='lat' dir='ltr'><strong><em>et</em></strong></span> <span class='ocrx_word' id='word_1_572' title='bbox 1594 4913 1773 4951; x_wconf 90' lang='lat' dir='ltr'><strong><em>nomen</em></strong></span> <span class='ocrx_word' id='word_1_573' title='bbox 1797 4904 2031 4950; x_wconf 86' lang='lat' dir='ltr'><strong><em>vestrum.</em></strong></span> 
     </span>
    </p>
   </div>
   <div class='ocr_carea' id='block_1_68' title="bbox 440 4988 2027 5062">
    <p class='ocr_par' dir='ltr' id='par_1_68' title="bbox 440 4988 2027 5062">
     <span class='ocr_line' id='line_1_68' title="bbox 440 4988 2027 5062; baseline -0.008 -10"><span class='ocrx_word' id='word_1_574' title='bbox 440 4996 509 5052; x_wconf 84' lang='lat' dir='ltr'><strong><em>Et</em></strong></span> <span class='ocrx_word' id='word_1_575' title='bbox 538 4998 630 5052; x_wconf 86' lang='lat' dir='ltr'><strong><em>erit</em></strong></span> <span class='ocrx_word' id='word_1_576' title='bbox 654 4998 836 5052; x_wconf 88' lang='lat' dir='ltr'><strong><em>mensis</em></strong></span> <span class='ocrx_word' id='word_1_577' title='bbox 876 5015 937 5052; x_wconf 80' lang='lat' dir='ltr'><strong><em>ea:</em></strong></span> <span class='ocrx_word' id='word_1_578' title='bbox 966 5014 1149 5062; x_wconf 72' lang='lat' dir='ltr'><strong><em>inense,</em></strong></span> <span class='ocrx_word' id='word_1_579' title='bbox 1188 5003 1233 5049; x_wconf 92' lang='lat' dir='ltr'><strong><em>et</em></strong></span> <span class='ocrx_word' id='word_1_580' title='bbox 1277 4992 1536 5049; x_wconf 84' lang='lat' dir='ltr'><strong><em>sabbatum</em></strong></span> <span class='ocrx_word' id='word_1_581' title='bbox 1557 5006 1618 5044; x_wconf 78' lang='lat' dir='ltr'><strong><em>ea:</em></strong></span> <span class='ocrx_word' id='word_1_582' title='bbox 1646 4988 1850 5043; x_wconf 86' lang='lat' dir='ltr'><strong><em>sabbato</em></strong></span> <span class='ocrx_word' id='word_1_583' title='bbox 1878 4996 1920 5042; x_wconf 92' lang='lat' dir='ltr'><strong><em>et</em></strong></span> <span class='ocrx_word' id='word_1_584' title='bbox 1946 5003 2027 5040; x_wconf 86' lang='lat' dir='ltr'><strong><em>ve-</em></strong></span> 
     </span>
    </p>
   </div>
   <div class='ocr_carea' id='block_1_69' title="bbox 440 5081 2033 5158">
    <p class='ocr_par' dir='ltr' id='par_1_69' title="bbox 440 5081 2033 5158">
     <span class='ocr_line' id='line_1_69' title="bbox 440 5081 2033 5158; baseline -0.007 -11"><span class='ocrx_word' id='word_1_585' title='bbox 440 5093 540 5148; x_wconf 91' lang='lat' dir='ltr'><strong><em>niet</em></strong></span> <span class='ocrx_word' id='word_1_586' title='bbox 571 5093 705 5146; x_wconf 88' lang='lat' dir='ltr'><strong><em>omni</em></strong></span> <span class='ocrx_word' id='word_1_587' title='bbox 739 5108 905 5157; x_wconf 90' lang='lat' dir='ltr'><strong><em>scaro,</em></strong></span> <span class='ocrx_word' id='word_1_588' title='bbox 934 5100 987 5144; x_wconf 90' lang='lat' dir='ltr'><strong><em>ut</em></strong></span> <span class='ocrx_word' id='word_1_589' title='bbox 1014 5092 1185 5143; x_wconf 89' lang='lat' dir='ltr'><strong><em>adoret</em></strong></span> <span class='ocrx_word' id='word_1_590' title='bbox 1232 5104 1402 5141; x_wconf 86' lang='lat' dir='ltr'><strong><em>coram</em></strong></span> <span class='ocrx_word' id='word_1_591' title='bbox 1445 5085 1574 5158; x_wconf 87' lang='lat' dir='ltr'><strong><em>facie</em></strong></span> <span class='ocrx_word' id='word_1_592' title='bbox 1601 5100 1730 5150; x_wconf 89' lang='lat' dir='ltr'><strong><em>mea,</em></strong></span> <span class='ocrx_word' id='word_1_593' title='bbox 1774 5082 1891 5137; x_wconf 87' lang='lat' dir='ltr'><strong><em>dicit</em></strong></span> <span class='ocrx_word' id='word_1_594' title='bbox 1927 5081 2033 5136; x_wconf 87' lang='lat' dir='ltr'><strong><em>Do-</em></strong></span> 
     </span>
    </p>
   </div>
   <div class='ocr_carea' id='block_1_70' title="bbox 435 5176 2033 5255">
    <p class='ocr_par' dir='ltr' id='par_1_70' title="bbox 435 5176 2033 5255">
     <span class='ocr_line' id='line_1_70' title="bbox 435 5176 2033 5255; baseline -0.008 -16"><span class='ocrx_word' id='word_1_595' title='bbox 435 5189 622 5245; x_wconf 87' lang='lat' dir='ltr'><strong><em>minus.</em></strong></span> <span class='ocrx_word' id='word_1_596' title='bbox 646 5183 713 5238; x_wconf 87' lang='lat' dir='ltr'><strong><em>Et</em></strong></span> <span class='ocrx_word' id='word_1_597' title='bbox 736 5183 1051 5255; x_wconf 84' lang='lat' dir='ltr'><strong><em>egredientur</em></strong></span> <span class='ocrx_word' id='word_1_598' title='bbox 1063 5190 1109 5235; x_wconf 88' lang='lat' dir='ltr'><strong><em>et</em></strong></span> <span class='ocrx_word' id='word_1_599' title='bbox 1137 5178 1371 5235; x_wconf 90' lang='lat' dir='ltr'><strong><em>videbunt</em></strong></span> <span class='ocrx_word' id='word_1_600' title='bbox 1403 5180 1650 5234; x_wconf 80' lang='lat' dir='ltr'><strong><em>cadavera</em></strong></span> <span class='ocrx_word' id='word_1_601' title='bbox 1676 5176 1918 5241; x_wconf 86' lang='lat' dir='ltr'><strong><em>virorum,</em></strong></span> <span class='ocrx_word' id='word_1_602' title='bbox 1946 5176 2033 5245; x_wconf 88' lang='lat' dir='ltr'><strong><em>qui</em></strong></span> 
     </span>
    </p>
   </div>
   <div class='ocr_carea' id='block_1_71' title="bbox 436 5269 2025 5349">
    <p class='ocr_par' dir='ltr' id='par_1_71' title="bbox 436 5269 2025 5349">
     <span class='ocr_line' id='line_1_71' title="bbox 436 5269 2025 5349; baseline -0.009 -15"><span class='ocrx_word' id='word_1_603' title='bbox 436 5276 755 5349; x_wconf 72' lang='lat' dir='ltr'><strong><em>praivaricati</em></strong></span> <span class='ocrx_word' id='word_1_604' title='bbox 800 5283 915 5328; x_wconf 83' lang='lat' dir='ltr'><strong><em>sunt</em></strong></span> <span class='ocrx_word' id='word_1_605' title='bbox 942 5277 997 5329; x_wconf 86' lang='lat' dir='ltr'><strong><em>in</em></strong></span> <span class='ocrx_word' id='word_1_606' title='bbox 1026 5290 1121 5331; x_wconf 86' lang='lat' dir='ltr'><strong><em>me.</em></strong></span> <span class='ocrx_word' id='word_1_607' title='bbox 1150 5271 1344 5328; x_wconf 83' lang='lat' dir='ltr'><strong><em>Vermis</em></strong></span> <span class='ocrx_word' id='word_1_608' title='bbox 1370 5288 1541 5327; x_wconf 86' lang='lat' dir='ltr'><strong><em>eorum</em></strong></span> <span class='ocrx_word' id='word_1_609' title='bbox 1561 5287 1662 5326; x_wconf 90' lang='lat' dir='ltr'><strong><em>non</em></strong></span> <span class='ocrx_word' id='word_1_610' title='bbox 1689 5269 1948 5333; x_wconf 89' lang='lat' dir='ltr'><strong><em>morietur,</em></strong></span> <span class='ocrx_word' id='word_1_611' title='bbox 1979 5275 2025 5321; x_wconf 91' lang='lat' dir='ltr'><strong><em>et</em></strong></span> 
     </span>
    </p>
   </div>
   <div class='ocr_carea' id='block_1_72' title="bbox 2142 1783 3417 1844">
    <p class='ocr_par' dir='ltr' id='par_1_72' title="bbox 2142 1783 3417 1844">
     <span class='ocr_line' id='line_1_72' title="bbox 2142 1783 3417 1844; baseline -0.002 -1"><span class='ocrx_word' id='word_1_612' title='bbox 2142 1798 2195 1844; x_wconf 88' lang='lat' dir='ltr'><strong><em>et</em></strong></span> <span class='ocrx_word' id='word_1_613' title='bbox 2226 1784 2548 1842; x_wconf 80' lang='lat' dir='ltr'><strong><em>Aurelianof</em></strong></span> <span class='ocrx_word' id='word_1_614' title='bbox 2587 1784 2717 1840; x_wconf 90' lang='lat' dir='ltr'><strong><em>viris</em></strong></span> <span class='ocrx_word' id='word_1_615' title='bbox 2746 1783 3055 1838; x_wconf 89' lang='lat' dir='ltr'><strong><em>clarissimis</em></strong></span> <span class='ocrx_word' id='word_1_616' title='bbox 3080 1783 3417 1840; x_wconf 89' lang='lat' dir='ltr'><strong><em>consurihns.</em></strong></span> 
     </span>
    </p>
   </div>
   <div class='ocr_carea' id='block_1_73' title="bbox 2724 1944 3158 2003">
    <p class='ocr_par' dir='ltr' id='par_1_73' title="bbox 2724 1944 3158 2003">
     <span class='ocr_line' id='line_1_73' title="bbox 2724 1944 3158 2003; baseline -0.007 -1"><span class='ocrx_word' id='word_1_617' title='bbox 2724 1945 3053 2003; x_wconf 84' lang='lat' dir='ltr'><strong><em>EPISTOLA</em></strong></span> <span class='ocrx_word' id='word_1_618' title='bbox 3094 1944 3158 2000; x_wconf 82' lang='lat' dir='ltr'><strong><em>ll.</em></strong></span> 
     </span>
    </p>
   </div>
   <div class='ocr_carea' id='block_1_74' title="bbox 2283 2074 3591 2125">
    <p class='ocr_par' dir='ltr' id='par_1_74' title="bbox 2283 2074 3591 2125">
     <span class='ocr_line' id='line_1_74' title="bbox 2283 2074 3591 2125; baseline -0.003 -7"><span class='ocrx_word' id='word_1_619' title='bbox 2283 2080 2348 2118; x_wconf 83' lang='lat' dir='ltr'><strong><em>DE</em></strong></span> <span class='ocrx_word' id='word_1_620' title='bbox 2388 2075 2757 2117; x_wconf 76' lang='lat' dir='ltr'><strong><em>AUCTORITATE</em></strong></span> <span class='ocrx_word' id='word_1_621' title='bbox 2796 2076 2993 2116; x_wconf 82' lang='lat' dir='ltr'><strong><em>JUDICIS</em></strong></span> <span class='ocrx_word' id='word_1_622' title='bbox 3032 2075 3178 2115; x_wconf 79' lang='lat' dir='ltr'>SEDIS</span> <span class='ocrx_word' id='word_1_623' title='bbox 3217 2074 3591 2125; x_wconf 71' lang='grc' dir='ltr'><strong><em>Αιδοετοωοιε,</em></strong></span> 
     </span>
    </p>
   </div>
   <div class='ocr_carea' id='block_1_75' title="bbox 2496 2142 3375 2189">
    <p class='ocr_par' dir='ltr' id='par_1_75' title="bbox 2496 2142 3375 2189">
     <span class='ocr_line' id='line_1_75' title="bbox 2496 2142 3375 2189; baseline 0 -2"><span class='ocrx_word' id='word_1_624' title='bbox 2496 2149 2562 2188; x_wconf 84' lang='grc' dir='ltr'><strong><em>ΕΤ</em></strong></span> <span class='ocrx_word' id='word_1_625' title='bbox 2604 2150 2669 2188; x_wconf 79' lang='lat' dir='ltr'><strong><em>DE</em></strong></span> <span class='ocrx_word' id='word_1_626' title='bbox 2710 2148 2971 2189; x_wconf 79' lang='lat' dir='ltr'><strong><em>EPISCOPIS</em></strong></span> <span class='ocrx_word' id='word_1_627' title='bbox 3009 2147 3292 2189; x_wconf 72' lang='lat' dir='ltr'><strong><em>ACCUSATIS</em></strong></span> <span class='ocrx_word' id='word_1_628' title='bbox 3323 2142 3375 2187; x_wconf 64' lang='grc'><strong>8.</strong></span> 
     </span>
    </p>
   </div>
   <div class='ocr_carea' id='block_1_76' title="bbox 2146 2266 3730 2345">
    <p class='ocr_par' dir='ltr' id='par_1_76' title="bbox 2146 2266 3730 2345">
     <span class='ocr_line' id='line_1_76' title="bbox 2146 2266 3730 2345; baseline -0.006 -17"><span class='ocrx_word' id='word_1_629' title='bbox 2146 2273 2293 2328; x_wconf 79' lang='lat' dir='ltr'><strong><em>Felix</em></strong></span> <span class='ocrx_word' id='word_1_630' title='bbox 2336 2274 2603 2345; x_wconf 88' lang='lat' dir='ltr'><strong><em>episcopus</em></strong></span> <span class='ocrx_word' id='word_1_631' title='bbox 2650 2273 2898 2343; x_wconf 80' lang='lat' dir='ltr'><strong><em>universis</em></strong></span> <span class='ocrx_word' id='word_1_632' title='bbox 2945 2270 3197 2340; x_wconf 85' lang='lat' dir='ltr'><strong><em>episcopis</em></strong></span> <span class='ocrx_word' id='word_1_633' title='bbox 3242 2285 3331 2338; x_wconf 88' lang='lat' dir='ltr'><strong><em>per</em></strong></span> <span class='ocrx_word' id='word_1_634' title='bbox 3378 2266 3563 2327; x_wconf 78' lang='lat' dir='ltr'><strong><em>Gallia:</em></strong></span> <span class='ocrx_word' id='word_1_635' title='bbox 3610 2281 3730 2336; x_wconf 84' lang='lat' dir='ltr'><strong><em>pro-</em></strong></span> 
     </span>
    </p>
   </div>
   <div class='ocr_carea' id='block_1_77' title="bbox 2377 2363 3496 2431">
    <p class='ocr_par' dir='ltr' id='par_1_77' title="bbox 2377 2363 3496 2431">
     <span class='ocr_line' id='line_1_77' title="bbox 2377 2363 3496 2431; baseline -0.002 -12"><span class='ocrx_word' id='word_1_636' title='bbox 2377 2367 2565 2422; x_wconf 87' lang='lat' dir='ltr'><strong><em>vincias</em></strong></span> <span class='ocrx_word' id='word_1_637' title='bbox 2593 2366 2898 2431; x_wconf 86' lang='lat' dir='ltr'><strong><em>constitutis,</em></strong></span> <span class='ocrx_word' id='word_1_638' title='bbox 2927 2367 2980 2420; x_wconf 89' lang='lat' dir='ltr'><strong><em>in</em></strong></span> <span class='ocrx_word' id='word_1_639' title='bbox 3013 2363 3231 2420; x_wconf 87' lang='lat' dir='ltr'><strong><em>Domino</em></strong></span> <span class='ocrx_word' id='word_1_640' title='bbox 3263 2364 3496 2421; x_wconf 85' lang='lat' dir='ltr'><strong><em>salutem.</em></strong></span> 
     </span>
    </p>
   </div>
   <div class='ocr_carea' id='block_1_78' title="bbox 2212 2497 3726 2573">
    <p class='ocr_par' dir='ltr' id='par_1_78' title="bbox 2212 2497 3726 2573">
     <span class='ocr_line' id='line_1_78' title="bbox 2212 2497 3726 2573; baseline -0.007 -14"><span class='ocrx_word' id='word_1_641' title='bbox 2212 2504 2483 2559; x_wconf 88' lang='lat' dir='ltr'><strong><em>Bonorum</em></strong></span> <span class='ocrx_word' id='word_1_642' title='bbox 2506 2518 2727 2573; x_wconf 89' lang='lat' dir='ltr'><strong><em>operum</em></strong></span> <span class='ocrx_word' id='word_1_643' title='bbox 2757 2510 2813 2557; x_wconf 90' lang='lat' dir='ltr'><strong><em>et</em></strong></span> <span class='ocrx_word' id='word_1_644' title='bbox 2843 2499 3197 2572; x_wconf 88' lang='lat' dir='ltr'><strong><em>spiritualium</em></strong></span> <span class='ocrx_word' id='word_1_645' title='bbox 3229 2497 3526 2553; x_wconf 85' lang='lat' dir='ltr'><strong><em>studiorum</em></strong></span> <span class='ocrx_word' id='word_1_646' title='bbox 3558 2497 3726 2551; x_wconf 90' lang='lat' dir='ltr'><strong><em>Deum</em></strong></span> 
     </span>
    </p>
   </div>
   <div class='ocr_carea' id='block_1_79' title="bbox 2140 2589 3728 2667">
    <p class='ocr_par' dir='ltr' id='par_1_79' title="bbox 2140 2589 3728 2667">
     <span class='ocr_line' id='line_1_79' title="bbox 2140 2589 3728 2667; baseline -0.008 -15"><span class='ocrx_word' id='word_1_647' title='bbox 2140 2608 2413 2654; x_wconf 88' lang='lat' dir='ltr'><strong><em>auctorem</em></strong></span> <span class='ocrx_word' id='word_1_648' title='bbox 2464 2610 2585 2651; x_wconf 87' lang='lat' dir='ltr'><strong><em>esse</em></strong></span> <span class='ocrx_word' id='word_1_649' title='bbox 2625 2594 2708 2667; x_wconf 88' lang='lat' dir='ltr'><strong><em>(S.</em></strong></span> <span class='ocrx_word' id='word_1_650' title='bbox 2746 2593 2871 2648; x_wconf 89' lang='lat' dir='ltr'><strong><em>Leo.</em></strong></span> <span class='ocrx_word' id='word_1_651' title='bbox 2923 2609 3009 2662; x_wconf 88' lang='lat' dir='ltr'><strong><em>ep.</em></strong></span> <span class='ocrx_word' id='word_1_652' title='bbox 3055 2592 3145 2662; x_wconf 72' lang='lat'><strong><em>32)</em></strong></span> <span class='ocrx_word' id='word_1_653' title='bbox 3208 2606 3312 2644; x_wconf 91' lang='lat' dir='ltr'><strong><em>non</em></strong></span> <span class='ocrx_word' id='word_1_654' title='bbox 3360 2589 3580 2643; x_wconf 85' lang='lat' dir='ltr'><strong><em>dubium</em></strong></span> <span class='ocrx_word' id='word_1_655' title='bbox 3626 2597 3728 2653; x_wconf 88' lang='lat' dir='ltr'><strong><em>est,</em></strong></span> 
     </span>
    </p>
   </div>
   <div class='ocr_carea' id='block_1_80' title="bbox 2141 2678 3731 2760">
    <p class='ocr_par' dir='ltr' id='par_1_80' title="bbox 2141 2678 3731 2760">
     <span class='ocr_line' id='line_1_80' title="bbox 2141 2678 3731 2760; baseline -0.008 -15"><span class='ocrx_word' id='word_1_656' title='bbox 2141 2690 2231 2760; x_wconf 88' lang='lat' dir='ltr'><strong><em>qui</em></strong></span> <span class='ocrx_word' id='word_1_657' title='bbox 2260 2705 2444 2744; x_wconf 88' lang='lat' dir='ltr'><strong><em>eorum</em></strong></span> <span class='ocrx_word' id='word_1_658' title='bbox 2474 2688 2658 2741; x_wconf 90' lang='lat' dir='ltr'><strong><em>incitat</em></strong></span> <span class='ocrx_word' id='word_1_659' title='bbox 2695 2698 2904 2747; x_wconf 81' lang='lat' dir='ltr'><strong><em>mentes</em></strong></span> <span class='ocrx_word' id='word_1_660' title='bbox 2940 2696 2996 2739; x_wconf 89' lang='lat' dir='ltr'><strong><em>et</em></strong></span> <span class='ocrx_word' id='word_1_661' title='bbox 3044 2684 3261 2755; x_wconf 81' lang='lat' dir='ltr'><strong><em>adjuvat</em></strong></span> <span class='ocrx_word' id='word_1_662' title='bbox 3286 2682 3547 2738; x_wconf 85' lang='lat' dir='ltr'><strong><em>actiones.</em></strong></span> <span class='ocrx_word' id='word_1_663' title='bbox 3579 2678 3731 2736; x_wconf 79' lang='lat' dir='ltr'><strong><em>Unde</em></strong></span> 
     </span>
    </p>
   </div>
   <div class='ocr_carea' id='block_1_81' title="bbox 2143 2775 3732 2848">
    <p class='ocr_par' dir='ltr' id='par_1_81' title="bbox 2143 2775 3732 2848">
     <span class='ocr_line' id='line_1_81' title="bbox 2143 2775 3732 2848; baseline -0.006 -11"><span class='ocrx_word' id='word_1_664' title='bbox 2143 2785 2313 2839; x_wconf 64' lang='lat' dir='ltr'><strong><em>trctari</em></strong></span> <span class='ocrx_word' id='word_1_665' title='bbox 2343 2797 2429 2837; x_wconf 89' lang='lat' dir='ltr'><strong><em>me</em></strong></span> <span class='ocrx_word' id='word_1_666' title='bbox 2454 2782 2701 2837; x_wconf 88' lang='lat' dir='ltr'><strong><em>fecerunt</em></strong></span> <span class='ocrx_word' id='word_1_667' title='bbox 2725 2780 2920 2848; x_wconf 87' lang='lat' dir='ltr'><strong><em>scripta</em></strong></span> <span class='ocrx_word' id='word_1_668' title='bbox 2948 2788 3122 2834; x_wconf 87' lang='lat' dir='ltr'><strong><em>vestra</em></strong></span> <span class='ocrx_word' id='word_1_669' title='bbox 3145 2817 3160 2841; x_wconf 91' lang='lat'><strong><em>,</em></strong></span> <span class='ocrx_word' id='word_1_670' title='bbox 3191 2792 3256 2832; x_wconf 85' lang='lat' dir='ltr'><strong><em>ex</em></strong></span> <span class='ocrx_word' id='word_1_671' title='bbox 3285 2776 3428 2833; x_wconf 89' lang='lat' dir='ltr'><strong><em>bono</em></strong></span> <span class='ocrx_word' id='word_1_672' title='bbox 3478 2775 3652 2831; x_wconf 87' lang='lat' dir='ltr'><strong><em>studio</em></strong></span> <span class='ocrx_word' id='word_1_673' title='bbox 3679 2783 3732 2828; x_wconf 86' lang='lat' dir='ltr'><strong><em>et</em></strong></span> 
     </span>
    </p>
   </div>
   <div class='ocr_carea' id='block_1_82' title="bbox 2140 2865 3731 2945">
    <p class='ocr_par' dir='ltr' id='par_1_82' title="bbox 2140 2865 3731 2945">
     <span class='ocr_line' id='line_1_82' title="bbox 2140 2865 3731 2945; baseline -0.008 -13"><span class='ocrx_word' id='word_1_674' title='bbox 2140 2889 2205 2932; x_wconf 72' lang='lat' dir='ltr'><strong><em>ex</em></strong></span> <span class='ocrx_word' id='word_1_675' title='bbox 2251 2875 2557 2945; x_wconf 66' lang='lat' dir='ltr'><strong><em>integritate</em></strong></span> <span class='ocrx_word' id='word_1_676' title='bbox 2604 2874 2724 2929; x_wconf 80' lang='lat' dir='ltr'><strong><em>tidei</em></strong></span> <span class='ocrx_word' id='word_1_677' title='bbox 2756 2870 3052 2927; x_wconf 74' lang='lat' dir='ltr'><strong><em>devotionis</em></strong></span> <span class='ocrx_word' id='word_1_678' title='bbox 3081 2881 3275 2925; x_wconf 70' lang='lat' dir='ltr'><strong><em>vestra:</em></strong></span> <span class='ocrx_word' id='word_1_679' title='bbox 3306 2886 3318 2921; x_wconf 93' lang='lat'>:</span> <span class='ocrx_word' id='word_1_680' title='bbox 3350 2867 3445 2922; x_wconf 87' lang='lat' dir='ltr'><strong><em>sed</em></strong></span> <span class='ocrx_word' id='word_1_681' title='bbox 3468 2882 3533 2922; x_wconf 78' lang='lat' dir='ltr'><strong><em>ex</em></strong></span> <span class='ocrx_word' id='word_1_682' title='bbox 3560 2865 3731 2922; x_wconf 77' lang='lat' dir='ltr'><strong><em>afﬂic-</em></strong></span> 
     </span>
    </p>
   </div>
   <div class='ocr_carea' id='block_1_83' title="bbox 2142 2961 3730 3033">
    <p class='ocr_par' dir='ltr' id='par_1_83' title="bbox 2142 2961 3730 3033">
     <span class='ocr_line' id='line_1_83' title="bbox 2142 2961 3730 3033; baseline -0.004 -13"><span class='ocrx_word' id='word_1_683' title='bbox 2142 2967 2288 3026; x_wconf 88' lang='lat' dir='ltr'><strong><em>tione</em></strong></span> <span class='ocrx_word' id='word_1_684' title='bbox 2314 2977 2367 3021; x_wconf 89' lang='lat' dir='ltr'><strong><em>et</em></strong></span> <span class='ocrx_word' id='word_1_685' title='bbox 2392 2967 2715 3025; x_wconf 85' lang='lat' dir='ltr'><strong><em>contritione</em></strong></span> <span class='ocrx_word' id='word_1_686' title='bbox 2742 2976 2919 3020; x_wconf 85' lang='lat' dir='ltr'><strong><em>vestra</em></strong></span> <span class='ocrx_word' id='word_1_687' title='bbox 2941 2977 3131 3033; x_wconf 84' lang='lat' dir='ltr'><strong><em>magna</em></strong></span> <span class='ocrx_word' id='word_1_688' title='bbox 3160 2977 3228 3018; x_wconf 76' lang='lat' dir='ltr'><strong><em>ex</em></strong></span> <span class='ocrx_word' id='word_1_689' title='bbox 3256 2969 3406 3030; x_wconf 88' lang='lat' dir='ltr'><strong><em>parte</em></strong></span> <span class='ocrx_word' id='word_1_690' title='bbox 3429 2961 3730 3019; x_wconf 87' lang='lat' dir='ltr'><strong><em>tristavere.</em></strong></span> 
     </span>
    </p>
   </div>
   <div class='ocr_carea' id='block_1_84' title="bbox 2143 3051 3732 3126">
    <p class='ocr_par' dir='ltr' id='par_1_84' title="bbox 2143 3051 3732 3126">
     <span class='ocr_line' id='line_1_84' title="bbox 2143 3051 3732 3126; baseline -0.005 -12"><span class='ocrx_word' id='word_1_691' title='bbox 2143 3059 2333 3119; x_wconf 84' lang='lat' dir='ltr'><strong><em>Tristis</em></strong></span> <span class='ocrx_word' id='word_1_692' title='bbox 2361 3062 2535 3123; x_wconf 88' lang='lat' dir='ltr'><strong><em>enim,</em></strong></span> <span class='ocrx_word' id='word_1_693' title='bbox 2585 3058 2763 3113; x_wconf 75' lang='lat' dir='ltr'><strong><em>tristes</em></strong></span> <span class='ocrx_word' id='word_1_694' title='bbox 2806 3055 2978 3126; x_wconf 88' lang='lat' dir='ltr'><strong><em>(Petri</em></strong></span> <span class='ocrx_word' id='word_1_695' title='bbox 3003 3054 3326 3125; x_wconf 81' lang='lat' dir='ltr'><strong><em>Cltrysologi,</em></strong></span> <span class='ocrx_word' id='word_1_696' title='bbox 3354 3070 3435 3123; x_wconf 89' lang='lat' dir='ltr'><strong><em>ep.</em></strong></span> <span class='ocrx_word' id='word_1_697' title='bbox 3469 3051 3536 3107; x_wconf 90' lang='lat' dir='ltr'><strong><em>ad</em></strong></span> <span class='ocrx_word' id='word_1_698' title='bbox 3565 3051 3732 3124; x_wconf 84' lang='lat' dir='ltr'><strong><em>Euty-</em></strong></span> 
     </span>
    </p>
   </div>
   <div class='ocr_carea' id='block_1_85' title="bbox 2140 3150 3731 3221">
    <p class='ocr_par' dir='ltr' id='par_1_85' title="bbox 2140 3150 3731 3221">
     <span class='ocr_line' id='line_1_85' title="bbox 2140 3150 3731 3221; baseline -0.003 -16"><span class='ocrx_word' id='word_1_699' title='bbox 2140 3152 2304 3221; x_wconf 80' lang='lat' dir='ltr'><strong><em>cltem)</em></strong></span> <span class='ocrx_word' id='word_1_700' title='bbox 2338 3152 2436 3221; x_wconf 80' lang='lat' dir='ltr'><strong><em>legi</em></strong></span> <span class='ocrx_word' id='word_1_701' title='bbox 2471 3151 2678 3206; x_wconf 88' lang='lat' dir='ltr'><strong><em>litteras</em></strong></span> <span class='ocrx_word' id='word_1_702' title='bbox 2706 3159 2945 3212; x_wconf 87' lang='lat' dir='ltr'><strong><em>vestras,</em></strong></span> <span class='ocrx_word' id='word_1_703' title='bbox 2974 3158 3026 3207; x_wconf 88' lang='lat' dir='ltr'><strong><em>et</em></strong></span> <span class='ocrx_word' id='word_1_704' title='bbox 3056 3150 3254 3217; x_wconf 86' lang='lat' dir='ltr'><strong><em>scripta</em></strong></span> <span class='ocrx_word' id='word_1_705' title='bbox 3279 3156 3467 3202; x_wconf 58' lang='lat' dir='ltr'><strong><em>masta</em></strong></span> <span class='ocrx_word' id='word_1_706' title='bbox 3498 3161 3731 3202; x_wconf 76' lang='lat' dir='ltr'><strong><em>moerere</em></strong></span> 
     </span>
    </p>
   </div>
   <div class='ocr_carea' id='block_1_86' title="bbox 2138 3241 3725 3314">
    <p class='ocr_par' dir='ltr' id='par_1_86' title="bbox 2138 3241 3725 3314">
     <span class='ocr_line' id='line_1_86' title="bbox 2138 3241 3725 3314; baseline -0.006 -11"><span class='ocrx_word' id='word_1_707' title='bbox 2138 3247 2321 3303; x_wconf 83' lang='lat' dir='ltr'><strong><em>debito</em></strong></span> <span class='ocrx_word' id='word_1_708' title='bbox 2361 3244 2599 3314; x_wconf 87' lang='lat' dir='ltr'><strong><em>percurri</em></strong></span> <span class='ocrx_word' id='word_1_709' title='bbox 2634 3263 2646 3305; x_wconf 84' lang='lat'><strong>;</strong></span> <span class='ocrx_word' id='word_1_710' title='bbox 2679 3245 2802 3314; x_wconf 90' lang='lat' dir='ltr'><strong><em>quia</em></strong></span> <span class='ocrx_word' id='word_1_711' title='bbox 2848 3242 2985 3299; x_wconf 89' lang='lat' dir='ltr'><strong><em>sicut</em></strong></span> <span class='ocrx_word' id='word_1_712' title='bbox 3033 3256 3131 3299; x_wconf 86' lang='lat' dir='ltr'><strong><em>nos</em></strong></span> <span class='ocrx_word' id='word_1_713' title='bbox 3180 3241 3542 3312; x_wconf 82' lang='lat' dir='ltr'><strong><em>Ecclesiarum</em></strong></span> <span class='ocrx_word' id='word_1_714' title='bbox 3594 3258 3725 3311; x_wconf 81' lang='lat' dir='ltr'><strong><em>pax,</em></strong></span> 
     </span>
    </p>
   </div>
   <div class='ocr_carea' id='block_1_87' title="bbox 2140 3333 3729 3409">
    <p class='ocr_par' dir='ltr' id='par_1_87' title="bbox 2140 3333 3729 3409">
     <span class='ocr_line' id='line_1_87' title="bbox 2140 3333 3729 3409; baseline -0.008 -12"><span class='ocrx_word' id='word_1_715' title='bbox 2140 3340 2588 3409; x_wconf 64' lang='lat' dir='ltr'><strong><em>sacerdotumque</em></strong></span> <span class='ocrx_word' id='word_1_716' title='bbox 2615 3339 2731 3407; x_wconf 82' lang='lat' dir='ltr'><strong><em>ejus</em></strong></span> <span class='ocrx_word' id='word_1_717' title='bbox 2767 3334 3057 3399; x_wconf 79' lang='lat' dir='ltr'><strong><em>concordia</em></strong></span> <span class='ocrx_word' id='word_1_718' title='bbox 3086 3344 3141 3393; x_wconf 87' lang='lat' dir='ltr'><strong><em>et</em></strong></span> <span class='ocrx_word' id='word_1_719' title='bbox 3175 3333 3531 3404; x_wconf 82' lang='lat' dir='ltr'><strong><em>tranquillitas</em></strong></span> <span class='ocrx_word' id='word_1_720' title='bbox 3563 3334 3729 3405; x_wconf 73' lang='lat' dir='ltr'><strong><em>plebs</em></strong></span> 
     </span>
    </p>
   </div>
   <div class='ocr_carea' id='block_1_88' title="bbox 2137 3428 3730 3501">
    <p class='ocr_par' dir='ltr' id='par_1_88' title="bbox 2137 3428 3730 3501">
     <span class='ocr_line' id='line_1_88' title="bbox 2137 3428 3730 3501; baseline -0.003 -14"><span class='ocrx_word' id='word_1_721' title='bbox 2137 3434 2323 3489; x_wconf 86' lang='lat' dir='ltr'><strong><em>audire</em></strong></span> <span class='ocrx_word' id='word_1_722' title='bbox 2350 3429 2377 3469; x_wconf 72' lang='grc' dir='ltr'><strong><em>ιι</em></strong></span> <span class='ocrx_word' id='word_1_723' title='bbox 2419 3435 2541 3487; x_wconf 73' lang='lat' dir='ltr'><strong><em>facit</em></strong></span> <span class='ocrx_word' id='word_1_724' title='bbox 2579 3432 2827 3501; x_wconf 80' lang='lat' dir='ltr'><strong><em>gaudium</em></strong></span> <span class='ocrx_word' id='word_1_725' title='bbox 2864 3429 2906 3495; x_wconf 73' lang='grc' dir='ltr'><strong><em>ί,</em></strong></span> <span class='ocrx_word' id='word_1_726' title='bbox 2948 3430 3018 3487; x_wconf 81' lang='lat' dir='ltr'><strong><em>ita</em></strong></span> <span class='ocrx_word' id='word_1_727' title='bbox 3065 3444 3162 3483; x_wconf 92' lang='lat' dir='ltr'><strong><em>nos</em></strong></span> <span class='ocrx_word' id='word_1_728' title='bbox 3212 3428 3401 3499; x_wconf 77' lang='lat' dir='ltr'><strong><em>afﬂigit</em></strong></span> <span class='ocrx_word' id='word_1_729' title='bbox 3443 3439 3499 3485; x_wconf 89' lang='lat' dir='ltr'><strong><em>et</em></strong></span> <span class='ocrx_word' id='word_1_730' title='bbox 3547 3428 3730 3497; x_wconf 82' lang='lat' dir='ltr'><strong><em>dejieit</em></strong></span> 
     </span>
    </p>
   </div>
   <div class='ocr_carea' id='block_1_89' title="bbox 2139 3520 3726 3587">
    <p class='ocr_par' dir='ltr' id='par_1_89' title="bbox 2139 3520 3726 3587">
     <span class='ocr_line' id='line_1_89' title="bbox 2139 3520 3726 3587; baseline -0.004 -7"><span class='ocrx_word' id='word_1_731' title='bbox 2139 3526 2372 3585; x_wconf 84' lang='lat' dir='ltr'><strong><em>fraterna</em></strong></span> <span class='ocrx_word' id='word_1_732' title='bbox 2413 3524 2653 3580; x_wconf 82' lang='lat' dir='ltr'><strong><em>afﬂictio.</em></strong></span> <span class='ocrx_word' id='word_1_733' title='bbox 2688 3524 2794 3578; x_wconf 79' lang='lat' dir='ltr'><strong><em>Vos</em></strong></span> <span class='ocrx_word' id='word_1_734' title='bbox 2822 3533 3002 3580; x_wconf 87' lang='lat' dir='ltr'><strong><em>tamen</em></strong></span> <span class='ocrx_word' id='word_1_735' title='bbox 3050 3522 3214 3577; x_wconf 87' lang='lat' dir='ltr'><strong><em>nolite</em></strong></span> <span class='ocrx_word' id='word_1_736' title='bbox 3255 3521 3485 3587; x_wconf 82' lang='lat' dir='ltr'><strong><em>multum</em></strong></span> <span class='ocrx_word' id='word_1_737' title='bbox 3532 3520 3726 3575; x_wconf 82' lang='lat' dir='ltr'><strong><em>triStari</em></strong></span> 
     </span>
    </p>
   </div>
   <div class='ocr_carea' id='block_1_90' title="bbox 2136 3612 3729 3689">
    <p class='ocr_par' dir='ltr' id='par_1_90' title="bbox 2136 3612 3729 3689">
     <span class='ocr_line' id='line_1_90' title="bbox 2136 3612 3729 3689; baseline -0.004 -16"><span class='ocrx_word' id='word_1_738' title='bbox 2136 3618 2221 3689; x_wconf 85' lang='lat'><strong><em>(8.</em></strong></span> <span class='ocrx_word' id='word_1_739' title='bbox 2256 3618 2408 3687; x_wconf 80' lang='lat' dir='ltr'><strong><em>Greg.</em></strong></span> <span class='ocrx_word' id='word_1_740' title='bbox 2456 3634 2536 3686; x_wconf 81' lang='lat' dir='ltr'><strong><em>ep.</em></strong></span> <span class='ocrx_word' id='word_1_741' title='bbox 2572 3617 2669 3679; x_wconf 69' lang='grc'><strong><em>45,</em></strong></span> <span class='ocrx_word' id='word_1_742' title='bbox 2703 3615 2791 3673; x_wconf 90' lang='lat' dir='ltr'><strong><em>lib.</em></strong></span> <span class='ocrx_word' id='word_1_743' title='bbox 2861 3615 3003 3683; x_wconf 80' lang='lat' dir='ltr'><strong><em>vni),</em></strong></span> <span class='ocrx_word' id='word_1_744' title='bbox 3051 3614 3172 3683; x_wconf 87' lang='lat' dir='ltr'><strong><em>quia</em></strong></span> <span class='ocrx_word' id='word_1_745' title='bbox 3220 3613 3358 3667; x_wconf 87' lang='lat' dir='ltr'><strong><em>sicut</em></strong></span> <span class='ocrx_word' id='word_1_746' title='bbox 3392 3612 3504 3681; x_wconf 86' lang='lat' dir='ltr'><strong><em>ipsa</em></strong></span> <span class='ocrx_word' id='word_1_747' title='bbox 3544 3628 3638 3681; x_wconf 85' lang='lat' dir='ltr'><strong><em>per</em></strong></span> <span class='ocrx_word' id='word_1_748' title='bbox 3670 3625 3729 3679; x_wconf 80' lang='lat' dir='ltr'><strong><em>se</em></strong></span> 
     </span>
    </p>
   </div>
   <div class='ocr_carea' id='block_1_91' title="bbox 2140 3705 3728 3777">
    <p class='ocr_par' dir='ltr' id='par_1_91' title="bbox 2140 3705 3728 3777">
     <span class='ocr_line' id='line_1_91' title="bbox 2140 3705 3728 3777; baseline -0.004 -10"><span class='ocrx_word' id='word_1_749' title='bbox 2140 3712 2351 3767; x_wconf 82' lang='lat' dir='ltr'><strong><em>Veritas</em></strong></span> <span class='ocrx_word' id='word_1_750' title='bbox 2380 3711 2456 3767; x_wconf 91' lang='lat' dir='ltr'><strong><em>ait</em></strong></span> <span class='ocrx_word' id='word_1_751' title='bbox 2484 3729 2495 3763; x_wconf 88' lang='lat'><strong>:</strong></span> <span class='ocrx_word' id='word_1_752' title='bbox 2527 3710 2588 3765; x_wconf 88' lang='lat' dir='ltr'><strong><em>Si</em></strong></span> <span class='ocrx_word' id='word_1_753' title='bbox 2623 3711 2684 3764; x_wconf 89' lang='lat' dir='ltr'><strong><em>de</em></strong></span> <span class='ocrx_word' id='word_1_754' title='bbox 2711 3710 2803 3765; x_wconf 80' lang='lat' dir='ltr'><strong><em>ltoc</em></strong></span> <span class='ocrx_word' id='word_1_755' title='bbox 2829 3708 3021 3764; x_wconf 86' lang='lat' dir='ltr'><strong><em>mundo</em></strong></span> <span class='ocrx_word' id='word_1_756' title='bbox 3059 3708 3313 3777; x_wconf 85' lang='lat' dir='ltr'><strong><em>fuissetis,</em></strong></span> <span class='ocrx_word' id='word_1_757' title='bbox 3348 3705 3567 3761; x_wconf 86' lang='lat' dir='ltr'><strong><em>mundus</em></strong></span> <span class='ocrx_word' id='word_1_758' title='bbox 3595 3708 3728 3776; x_wconf 87' lang='lat' dir='ltr'><strong><em>quod</em></strong></span> 
     </span>
    </p>
   </div>
   <div class='ocr_carea' id='block_1_92' title="bbox 2137 3800 3726 3873">
    <p class='ocr_par' dir='ltr' id='par_1_92' title="bbox 2137 3800 3726 3873">
     <span class='ocr_line' id='line_1_92' title="bbox 2137 3800 3726 3873; baseline -0.004 -14"><span class='ocrx_word' id='word_1_759' title='bbox 2137 3821 2286 3859; x_wconf 88' lang='lat' dir='ltr'><strong><em>suum</em></strong></span> <span class='ocrx_word' id='word_1_760' title='bbox 2308 3814 2437 3865; x_wconf 85' lang='lat' dir='ltr'><strong><em>erat,</em></strong></span> <span class='ocrx_word' id='word_1_761' title='bbox 2457 3803 2690 3873; x_wconf 87' lang='lat' dir='ltr'><strong><em>diligeret</em></strong></span> <span class='ocrx_word' id='word_1_762' title='bbox 2721 3817 2740 3856; x_wconf 89' lang='lat'><strong><em>:</em></strong></span> <span class='ocrx_word' id='word_1_763' title='bbox 2769 3802 2857 3856; x_wconf 88' lang='lat' dir='ltr'><strong><em>sed</em></strong></span> <span class='ocrx_word' id='word_1_764' title='bbox 2878 3802 2997 3870; x_wconf 89' lang='lat' dir='ltr'><strong><em>quia</em></strong></span> <span class='ocrx_word' id='word_1_765' title='bbox 3027 3801 3090 3857; x_wconf 88' lang='lat' dir='ltr'><strong><em>de</em></strong></span> <span class='ocrx_word' id='word_1_766' title='bbox 3112 3802 3206 3854; x_wconf 87' lang='lat' dir='ltr'><strong><em>hoc</em></strong></span> <span class='ocrx_word' id='word_1_767' title='bbox 3236 3800 3424 3853; x_wconf 88' lang='lat' dir='ltr'><strong><em>mundo</em></strong></span> <span class='ocrx_word' id='word_1_768' title='bbox 3449 3815 3548 3853; x_wconf 90' lang='lat' dir='ltr'><strong><em>non</em></strong></span> <span class='ocrx_word' id='word_1_769' title='bbox 3575 3801 3726 3868; x_wconf 70' lang='lat' dir='ltr'><strong><em>estis,</em></strong></span> 
     </span>
    </p>
   </div>
   <div class='ocr_carea' id='block_1_93' title="bbox 2140 3892 3729 3968">
    <p class='ocr_par' dir='ltr' id='par_1_93' title="bbox 2140 3892 3729 3968">
     <span class='ocr_line' id='line_1_93' title="bbox 2140 3892 3729 3968; baseline -0.004 -16"><span class='ocrx_word' id='word_1_770' title='bbox 2140 3898 2228 3953; x_wconf 83' lang='lat' dir='ltr'><strong><em>sed</em></strong></span> <span class='ocrx_word' id='word_1_771' title='bbox 2253 3914 2341 3968; x_wconf 87' lang='lat' dir='ltr'><strong><em>ego</em></strong></span> <span class='ocrx_word' id='word_1_772' title='bbox 2372 3897 2495 3967; x_wconf 83' lang='lat' dir='ltr'><strong><em>elegi</em></strong></span> <span class='ocrx_word' id='word_1_773' title='bbox 2522 3912 2605 3950; x_wconf 84' lang='lat' dir='ltr'><strong><em>vos</em></strong></span> <span class='ocrx_word' id='word_1_774' title='bbox 2635 3896 2698 3955; x_wconf 86' lang='lat' dir='ltr'><strong><em>de</em></strong></span> <span class='ocrx_word' id='word_1_775' title='bbox 2729 3896 2938 3957; x_wconf 88' lang='lat' dir='ltr'><strong><em>mundo,</em></strong></span> <span class='ocrx_word' id='word_1_776' title='bbox 2968 3905 3235 3964; x_wconf 85' lang='lat' dir='ltr'><strong><em>propterea</em></strong></span> <span class='ocrx_word' id='word_1_777' title='bbox 3258 3893 3363 3946; x_wconf 89' lang='lat' dir='ltr'><strong><em>odit</em></strong></span> <span class='ocrx_word' id='word_1_778' title='bbox 3392 3908 3476 3946; x_wconf 89' lang='lat' dir='ltr'><strong><em>vos</em></strong></span> <span class='ocrx_word' id='word_1_779' title='bbox 3505 3892 3729 3947; x_wconf 86' lang='lat' dir='ltr'><strong><em>mundus</em></strong></span> 
     </span>
    </p>
   </div>
   <div class='ocr_carea' id='block_1_94' title="bbox 2146 3982 3730 4060">
    <p class='ocr_par' dir='ltr' id='par_1_94' title="bbox 2146 3982 3730 4060">
     <span class='ocr_line' id='line_1_94' title="bbox 2146 3982 3730 4060; baseline -0.003 -17"><span class='ocrx_word' id='word_1_780' title='bbox 2146 3990 2231 4060; x_wconf 92' lang='lat' dir='ltr'><strong><em>(S.</em></strong></span> <span class='ocrx_word' id='word_1_781' title='bbox 2286 3988 2465 4056; x_wconf 84' lang='lat' dir='ltr'><strong><em>Joan.,</em></strong></span> <span class='ocrx_word' id='word_1_782' title='bbox 2496 3987 2612 4058; x_wconf 86' lang='lat' dir='ltr'><strong><em>xv),</em></strong></span> <span class='ocrx_word' id='word_1_783' title='bbox 2659 3988 2711 4041; x_wconf 84' lang='lat' dir='ltr'><strong><em>id</em></strong></span> <span class='ocrx_word' id='word_1_784' title='bbox 2758 3996 2861 4049; x_wconf 86' lang='lat' dir='ltr'><strong><em>est,</em></strong></span> <span class='ocrx_word' id='word_1_785' title='bbox 2917 3986 3098 4045; x_wconf 85' lang='lat' dir='ltr'><strong><em>mundi</em></strong></span> <span class='ocrx_word' id='word_1_786' title='bbox 3125 3994 3413 4041; x_wconf 85' lang='lat' dir='ltr'><strong><em>amatores.</em></strong></span> <span class='ocrx_word' id='word_1_787' title='bbox 3459 3982 3730 4054; x_wconf 83' lang='lat' dir='ltr'><strong><em>Quidquid</em></strong></span> 
     </span>
    </p>
   </div>
   <div class='ocr_carea' id='block_1_95' title="bbox 2144 4081 3729 4154">
    <p class='ocr_par' dir='ltr' id='par_1_95' title="bbox 2144 4081 3729 4154">
     <span class='ocr_line' id='line_1_95' title="bbox 2144 4081 3729 4154; baseline -0.004 -14"><span class='ocrx_word' id='word_1_788' title='bbox 2144 4096 2321 4141; x_wconf 89' lang='lat' dir='ltr'><strong><em>tamen</em></strong></span> <span class='ocrx_word' id='word_1_789' title='bbox 2360 4085 2412 4139; x_wconf 92' lang='lat' dir='ltr'><strong><em>hi</em></strong></span> <span class='ocrx_word' id='word_1_790' title='bbox 2461 4084 2767 4154; x_wconf 86' lang='lat' dir='ltr'><strong><em>loquantur,</em></strong></span> <span class='ocrx_word' id='word_1_791' title='bbox 2815 4091 2907 4136; x_wconf 91' lang='lat' dir='ltr'><strong><em>aut</em></strong></span> <span class='ocrx_word' id='word_1_792' title='bbox 2948 4081 3234 4137; x_wconf 88' lang='lat' dir='ltr'><strong><em>adversum</em></strong></span> <span class='ocrx_word' id='word_1_793' title='bbox 3273 4095 3369 4134; x_wconf 89' lang='lat' dir='ltr'><strong><em>vos</em></strong></span> <span class='ocrx_word' id='word_1_794' title='bbox 3413 4088 3599 4149; x_wconf 80' lang='lat' dir='ltr'><strong><em>agant,</em></strong></span> <span class='ocrx_word' id='word_1_795' title='bbox 3634 4093 3729 4133; x_wconf 88' lang='lat' dir='ltr'><strong><em>vos</em></strong></span> 
     </span>
    </p>
   </div>
   <div class='ocr_carea' id='block_1_96' title="bbox 2136 4172 3727 4247">
    <p class='ocr_par' dir='ltr' id='par_1_96' title="bbox 2136 4172 3727 4247">
     <span class='ocr_line' id='line_1_96' title="bbox 2136 4172 3727 4247; baseline -0.005 -12"><span class='ocrx_word' id='word_1_796' title='bbox 2136 4190 2314 4235; x_wconf 87' lang='lat' dir='ltr'><strong><em>tamen</em></strong></span> <span class='ocrx_word' id='word_1_797' title='bbox 2360 4194 2575 4247; x_wconf 80' lang='lat' dir='ltr'><strong><em>semper</em></strong></span> <span class='ocrx_word' id='word_1_798' title='bbox 2618 4178 2877 4247; x_wconf 78' lang='lat' dir='ltr'><strong><em>integram</em></strong></span> <span class='ocrx_word' id='word_1_799' title='bbox 2926 4184 3145 4229; x_wconf 86' lang='lat' dir='ltr'><strong><em>servate</em></strong></span> <span class='ocrx_word' id='word_1_800' title='bbox 3194 4172 3391 4237; x_wconf 86' lang='lat' dir='ltr'><strong><em>tidem,</em></strong></span> <span class='ocrx_word' id='word_1_801' title='bbox 3440 4182 3494 4226; x_wconf 88' lang='lat' dir='ltr'><strong><em>et</em></strong></span> <span class='ocrx_word' id='word_1_802' title='bbox 3540 4186 3727 4241; x_wconf 83' lang='lat' dir='ltr'><strong><em>puram</em></strong></span> 
     </span>
    </p>
   </div>
   <div class='ocr_carea' id='block_1_97' title="bbox 2137 4266 3729 4340">
    <p class='ocr_par' dir='ltr' id='par_1_97' title="bbox 2137 4266 3729 4340">
     <span class='ocr_line' id='line_1_97' title="bbox 2137 4266 3729 4340; baseline -0.004 -13"><span class='ocrx_word' id='word_1_803' title='bbox 2137 4275 2391 4330; x_wconf 85' lang='lat' dir='ltr'><strong><em>habetote</em></strong></span> <span class='ocrx_word' id='word_1_804' title='bbox 2433 4272 2816 4327; x_wconf 85' lang='lat' dir='ltr'><strong><em>conscientiam</em></strong></span> <span class='ocrx_word' id='word_1_805' title='bbox 2841 4310 2855 4334; x_wconf 97' lang='lat'><strong><em>,</em></strong></span> <span class='ocrx_word' id='word_1_806' title='bbox 2898 4280 2951 4322; x_wconf 87' lang='lat' dir='ltr'><strong><em>ut</em></strong></span> <span class='ocrx_word' id='word_1_807' title='bbox 2979 4269 3174 4340; x_wconf 88' lang='lat' dir='ltr'><strong><em>integer</em></strong></span> <span class='ocrx_word' id='word_1_808' title='bbox 3219 4266 3445 4336; x_wconf 86' lang='lat' dir='ltr'><strong><em>spiritus.</em></strong></span> <span class='ocrx_word' id='word_1_809' title='bbox 3472 4275 3518 4321; x_wconf 91' lang='lat' dir='ltr'><strong><em>et</em></strong></span> <span class='ocrx_word' id='word_1_810' title='bbox 3556 4266 3729 4321; x_wconf 89' lang='lat' dir='ltr'><strong><em>anima</em></strong></span> 
     </span>
    </p>
   </div>
   <div class='ocr_carea' id='block_1_98' title="bbox 2136 4361 3728 4432">
    <p class='ocr_par' dir='ltr' id='par_1_98' title="bbox 2136 4361 3728 4432">
     <span class='ocr_line' id='line_1_98' title="bbox 2136 4361 3728 4432; baseline -0.007 -7"><span class='ocrx_word' id='word_1_811' title='bbox 2136 4380 2360 4425; x_wconf 86' lang='lat' dir='ltr'><strong><em>servetur</em></strong></span> <span class='ocrx_word' id='word_1_812' title='bbox 2386 4371 2437 4422; x_wconf 89' lang='lat' dir='ltr'><strong><em>in</em></strong></span> <span class='ocrx_word' id='word_1_813' title='bbox 2468 4368 2550 4422; x_wconf 89' lang='lat' dir='ltr'><strong><em>die</em></strong></span> <span class='ocrx_word' id='word_1_814' title='bbox 2571 4367 2778 4425; x_wconf 90' lang='lat' dir='ltr'><strong><em>Domini</em></strong></span> <span class='ocrx_word' id='word_1_815' title='bbox 2810 4364 2851 4429; x_wconf 86' lang='lat' dir='ltr'><strong><em>ll</em></strong></span> <span class='ocrx_word' id='word_1_816' title='bbox 2893 4363 3072 4429; x_wconf 84' lang='lat' dir='ltr'><strong><em>Tltes.,</em></strong></span> <span class='ocrx_word' id='word_1_817' title='bbox 3105 4364 3181 4432; x_wconf 73' lang='grc' dir='ltr'><strong><em>ν).</em></strong></span> <span class='ocrx_word' id='word_1_818' title='bbox 3207 4361 3316 4417; x_wconf 87' lang='lat' dir='ltr'><strong><em>Nos</em></strong></span> <span class='ocrx_word' id='word_1_819' title='bbox 3342 4377 3473 4417; x_wconf 88' lang='lat' dir='ltr'><strong><em>vero</em></strong></span> <span class='ocrx_word' id='word_1_820' title='bbox 3501 4361 3566 4415; x_wconf 87' lang='lat' dir='ltr'><strong><em>ad</em></strong></span> <span class='ocrx_word' id='word_1_821' title='bbox 3595 4377 3728 4432; x_wconf 86' lang='lat' dir='ltr'><strong><em>sup-</em></strong></span> 
     </span>
    </p>
   </div>
   <div class='ocr_carea' id='block_1_99' title="bbox 2140 4457 3728 4534">
    <p class='ocr_par' dir='ltr' id='par_1_99' title="bbox 2140 4457 3728 4534">
     <span class='ocr_line' id='line_1_99' title="bbox 2140 4457 3728 4534; baseline -0.006 -14"><span class='ocrx_word' id='word_1_822' title='bbox 2140 4466 2467 4534; x_wconf 88' lang='lat' dir='ltr'><strong><em>plementum</em></strong></span> <span class='ocrx_word' id='word_1_823' title='bbox 2513 4471 2746 4515; x_wconf 85' lang='lat' dir='ltr'><strong><em>vestrum</em></strong></span> <span class='ocrx_word' id='word_1_824' title='bbox 2794 4458 2986 4513; x_wconf 80' lang='lat' dir='ltr'><strong><em>fratres</em></strong></span> <span class='ocrx_word' id='word_1_825' title='bbox 3018 4466 3073 4510; x_wconf 88' lang='lat' dir='ltr'><strong><em>et</em></strong></span> <span class='ocrx_word' id='word_1_826' title='bbox 3117 4457 3469 4526; x_wconf 84' lang='lat' dir='ltr'><strong><em>coepiscopos</em></strong></span> <span class='ocrx_word' id='word_1_827' title='bbox 3514 4464 3728 4510; x_wconf 86' lang='lat' dir='ltr'><strong><em>nostros</em></strong></span> 
     </span>
    </p>
   </div>
   <div class='ocr_carea' id='block_1_100' title="bbox 2137 4546 3728 4625">
    <p class='ocr_par' dir='ltr' id='par_1_100' title="bbox 2137 4546 3728 4625">
     <span class='ocr_line' id='line_1_100' title="bbox 2137 4546 3728 4625; baseline -0.006 -12"><span class='ocrx_word' id='word_1_828' title='bbox 2137 4559 2444 4614; x_wconf 83' lang='lat' dir='ltr'><strong><em>vocavimns</em></strong></span> <span class='ocrx_word' id='word_1_829' title='bbox 2461 4556 2691 4625; x_wconf 87' lang='lat' dir='ltr'><strong><em>atnplins</em></strong></span> <span class='ocrx_word' id='word_1_830' title='bbox 2714 4568 2872 4623; x_wconf 86' lang='lat' dir='ltr'><strong><em>quam</em></strong></span> <span class='ocrx_word' id='word_1_831' title='bbox 2888 4551 3245 4621; x_wconf 79' lang='lat' dir='ltr'><strong><em>septuaginta,</em></strong></span> <span class='ocrx_word' id='word_1_832' title='bbox 3263 4564 3383 4604; x_wconf 86' lang='lat' dir='ltr'><strong><em>cum</em></strong></span> <span class='ocrx_word' id='word_1_833' title='bbox 3406 4546 3596 4617; x_wconf 83' lang='lat' dir='ltr'><strong><em>quibus</em></strong></span> <span class='ocrx_word' id='word_1_834' title='bbox 3612 4548 3728 4603; x_wconf 76' lang='lat' dir='ltr'><strong><em>tunc</em></strong></span> 
     </span>
    </p>
   </div>
   <div class='ocr_carea' id='block_1_101' title="bbox 2138 4640 3726 4725">
    <p class='ocr_par' dir='ltr' id='par_1_101' title="bbox 2138 4640 3726 4725">
     <span class='ocr_line' id='line_1_101' title="bbox 2138 4640 3726 4725; baseline -0.007 -17"><span class='ocrx_word' id='word_1_835' title='bbox 2138 4669 2257 4725; x_wconf 69' lang='lat' dir='ltr'><strong><em>quae</em></strong></span> <span class='ocrx_word' id='word_1_836' title='bbox 2282 4654 2465 4707; x_wconf 85' lang='lat' dir='ltr'><strong><em>subter</em></strong></span> <span class='ocrx_word' id='word_1_837' title='bbox 2485 4650 2749 4704; x_wconf 79' lang='lat' dir='ltr'><strong><em>habentur</em></strong></span> <span class='ocrx_word' id='word_1_838' title='bbox 2764 4648 2985 4712; x_wconf 70' lang='lat' dir='ltr'><strong><em>inserta,</em></strong></span> <span class='ocrx_word' id='word_1_839' title='bbox 3001 4643 3319 4715; x_wconf 79' lang='lat' dir='ltr'><strong><em>regulariter</em></strong></span> <span class='ocrx_word' id='word_1_840' title='bbox 3342 4641 3617 4697; x_wconf 83' lang='lat' dir='ltr'><strong><em>tractanda</em></strong></span> <span class='ocrx_word' id='word_1_841' title='bbox 3641 4640 3726 4697; x_wconf 82' lang='lat' dir='ltr'><strong><em>de-</em></strong></span> 
     </span>
    </p>
   </div>
   <div class='ocr_carea' id='block_1_102' title="bbox 2138 4733 3723 4806">
    <p class='ocr_par' dir='ltr' id='par_1_102' title="bbox 2138 4733 3723 4806">
     <span class='ocr_line' id='line_1_102' title="bbox 2138 4733 3723 4806; baseline -0.01 -1"><span class='ocrx_word' id='word_1_842' title='bbox 2138 4749 2427 4805; x_wconf 86' lang='lat' dir='ltr'><strong><em>crevimus.</em></strong></span> <span class='ocrx_word' id='word_1_843' title='bbox 2452 4744 2662 4798; x_wconf 84' lang='lat' dir='ltr'><strong><em>Vestris</em></strong></span> <span class='ocrx_word' id='word_1_844' title='bbox 2683 4742 2825 4796; x_wconf 87' lang='lat' dir='ltr'><strong><em>enim</em></strong></span> <span class='ocrx_word' id='word_1_845' title='bbox 2850 4738 3091 4806; x_wconf 83' lang='lat' dir='ltr'><strong><em>epistolis</em></strong></span> <span class='ocrx_word' id='word_1_846' title='bbox 3112 4738 3166 4791; x_wconf 92' lang='lat' dir='ltr'><strong><em>in</em></strong></span> <span class='ocrx_word' id='word_1_847' title='bbox 3193 4736 3432 4790; x_wconf 90' lang='lat' dir='ltr'><strong><em>omnium</em></strong></span> <span class='ocrx_word' id='word_1_848' title='bbox 3454 4733 3723 4789; x_wconf 89' lang='lat' dir='ltr'><strong><em>audientia</em></strong></span> 
     </span>
    </p>
   </div>
   <div class='ocr_carea' id='block_1_103' title="bbox 2140 4828 3726 4915">
    <p class='ocr_par' dir='ltr' id='par_1_103' title="bbox 2140 4828 3726 4915">
     <span class='ocr_line' id='line_1_103' title="bbox 2140 4828 3726 4915; baseline -0.008 -19"><span class='ocrx_word' id='word_1_849' title='bbox 2140 4842 2424 4915; x_wconf 84' lang='lat' dir='ltr'><strong><em>perlectis,</em></strong></span> <span class='ocrx_word' id='word_1_850' title='bbox 2469 4854 2586 4909; x_wconf 71' lang='lat' dir='ltr'><strong><em>qua:</em></strong></span> <span class='ocrx_word' id='word_1_851' title='bbox 2633 4836 2828 4891; x_wconf 80' lang='lat' dir='ltr'><strong><em>multas</em></strong></span> <span class='ocrx_word' id='word_1_852' title='bbox 2877 4832 2973 4905; x_wconf 88' lang='lat' dir='ltr'><strong><em>(nt</em></strong></span> <span class='ocrx_word' id='word_1_853' title='bbox 3017 4829 3227 4902; x_wconf 90' lang='lat' dir='ltr'><strong><em>nostis)</em></strong></span> <span class='ocrx_word' id='word_1_854' title='bbox 3273 4828 3637 4900; x_wconf 85' lang='lat' dir='ltr'><strong><em>querimonias</em></strong></span> <span class='ocrx_word' id='word_1_855' title='bbox 3671 4838 3726 4884; x_wconf 86' lang='lat' dir='ltr'><strong><em>et</em></strong></span> 
     </span>
    </p>
   </div>
   <div class='ocr_carea' id='block_1_104' title="bbox 2138 4923 3722 5007">
    <p class='ocr_par' dir='ltr' id='par_1_104' title="bbox 2138 4923 3722 5007">
     <span class='ocr_line' id='line_1_104' title="bbox 2138 4923 3722 5007; baseline -0.009 -16"><span class='ocrx_word' id='word_1_856' title='bbox 2138 4934 2515 5007; x_wconf 84' lang='lat' dir='ltr'><strong><em>oppre‘ssiones</em></strong></span> <span class='ocrx_word' id='word_1_857' title='bbox 2546 4931 2597 4984; x_wconf 92' lang='lat' dir='ltr'><strong><em>in</em></strong></span> <span class='ocrx_word' id='word_1_858' title='bbox 2620 4946 2678 4983; x_wconf 86' lang='lat' dir='ltr'><strong><em>se</em></strong></span> <span class='ocrx_word' id='word_1_859' title='bbox 2706 4925 3052 4981; x_wconf 85' lang='lat' dir='ltr'><strong><em>continebant</em></strong></span> <span class='ocrx_word' id='word_1_860' title='bbox 3079 4933 3317 4991; x_wconf 80' lang='lat' dir='ltr'><strong><em>vestras,</em></strong></span> <span class='ocrx_word' id='word_1_861' title='bbox 3351 4923 3722 4994; x_wconf 88' lang='lat' dir='ltr'><strong><em>decretisque,</em></strong></span> 
     </span>
    </p>
   </div>
   <div class='ocr_carea' id='block_1_105' title="bbox 2138 5017 3720 5103">
    <p class='ocr_par' dir='ltr' id='par_1_105' title="bbox 2138 5017 3720 5103">
     <span class='ocr_line' id='line_1_105' title="bbox 2138 5017 3720 5103; baseline -0.009 -17"><span class='ocrx_word' id='word_1_862' title='bbox 2138 5046 2257 5103; x_wconf 80' lang='lat' dir='ltr'><strong><em>quae</em></strong></span> <span class='ocrx_word' id='word_1_863' title='bbox 2279 5037 2401 5084; x_wconf 87' lang='lat' dir='ltr'><strong><em>sunt</em></strong></span> <span class='ocrx_word' id='word_1_864' title='bbox 2432 5025 2499 5080; x_wconf 87' lang='lat' dir='ltr'><strong><em>de</em></strong></span> <span class='ocrx_word' id='word_1_865' title='bbox 2525 5019 2955 5078; x_wconf 82' lang='lat' dir='ltr'><strong><em>accusationibus</em></strong></span> <span class='ocrx_word' id='word_1_866' title='bbox 2980 5017 3355 5089; x_wconf 87' lang='lat' dir='ltr'><strong><em>episcoporum</em></strong></span> <span class='ocrx_word' id='word_1_867' title='bbox 3373 5058 3387 5084; x_wconf 93' lang='lat'><strong><em>,</em></strong></span> <span class='ocrx_word' id='word_1_868' title='bbox 3422 5028 3604 5071; x_wconf 86' lang='lat' dir='ltr'><strong><em>sancta</em></strong></span> <span class='ocrx_word' id='word_1_869' title='bbox 3630 5031 3720 5087; x_wconf 80' lang='lat' dir='ltr'><strong><em>sy-</em></strong></span> 
     </span>
    </p>
   </div>
   <div class='ocr_carea' id='block_1_106' title="bbox 2208 5174 3720 5259">
    <p class='ocr_par' dir='ltr' id='par_1_106' title="bbox 2208 5174 3720 5259">
     <span class='ocr_line' id='line_1_106' title="bbox 2208 5174 3720 5259; baseline -0.008 -17"><span class='ocrx_word' id='word_1_870' title='bbox 2208 5189 2289 5259; x_wconf 79' lang='grc' dir='ltr'><strong><em>(ι)</em></strong></span> <span class='ocrx_word' id='word_1_871' title='bbox 2338 5183 2522 5245; x_wconf 82' lang='lat' dir='ltr'><strong><em>Falsas</em></strong></span> <span class='ocrx_word' id='word_1_872' title='bbox 2565 5194 2678 5235; x_wconf 86' lang='lat' dir='ltr'><strong><em>cos.</em></strong></span> <span class='ocrx_word' id='word_1_873' title='bbox 2730 5187 2856 5236; x_wconf 87' lang='lat' dir='ltr'><strong><em>nota</em></strong></span> <span class='ocrx_word' id='word_1_874' title='bbox 2902 5189 3298 5248; x_wconf 90' lang='lat' dir='ltr'><strong><em>quamcumque</em></strong></span> <span class='ocrx_word' id='word_1_875' title='bbox 3347 5184 3400 5233; x_wconf 88' lang='lat' dir='ltr'><strong><em>te</em></strong></span> <span class='ocrx_word' id='word_1_876' title='bbox 3441 5184 3619 5232; x_wconf 86' lang='lat' dir='ltr'><strong><em>vertas</em></strong></span> <span class='ocrx_word' id='word_1_877' title='bbox 3666 5174 3720 5231; x_wconf 92' lang='lat' dir='ltr'><strong><em>in</em></strong></span> 
     </span>
    </p>
   </div>
   <div class='ocr_carea' id='block_1_107' title="bbox 2137 5268 2365 5332">
    <p class='ocr_par' dir='ltr' id='par_1_107' title="bbox 2137 5268 2365 5332">
     <span class='ocr_line' id='line_1_107' title="bbox 2137 5268 2365 5332; baseline -0.035 -16"><span class='ocrx_word' id='word_1_878' title='bbox 2137 5268 2365 5332; x_wconf 84' lang='lat' dir='ltr'><strong><em>partem.</em></strong></span> 
     </span>
    </p>
   </div>
   <div class='ocr_carea' id='block_1_108' title="bbox 1673 5369 2498 5443">
    <p class='ocr_par' dir='ltr' id='par_1_108' title="bbox 1673 5369 2498 5443">
     <span class='ocr_line' id='line_1_108' title="bbox 1673 5369 2498 5443; baseline -0.023 1"><span class='ocrx_word' id='word_1_879' title='bbox 1673 5383 2049 5443; x_wconf 80' lang='lat' dir='ltr'><strong><em>LECTIONES</em></strong></span> <span class='ocrx_word' id='word_1_880' title='bbox 2086 5369 2498 5437; x_wconf 79' lang='lat' dir='ltr'><strong><em>VARIANTES.</em></strong></span> 
     </span>
    </p>
   </div>
   <div class='ocr_carea' id='block_1_109' title="bbox 496 5459 965 5580">
    <p class='ocr_par' dir='ltr' id='par_1_109' title="bbox 496 5459 965 5580">
     <span class='ocr_line' id='line_1_109' title="bbox 502 5459 965 5530; baseline 0 -1"><span class='ocrx_word' id='word_1_881' title='bbox 502 5482 533 5512; x_wconf 76' lang='grc'>⁸</span> <span class='ocrx_word' id='word_1_882' title='bbox 565 5480 797 5530; x_wconf 83' lang='lat' dir='ltr'><strong><em>Parietur</em></strong></span> <span class='ocrx_word' id='word_1_883' title='bbox 822 5459 965 5529; x_wconf 65' lang='lat' dir='ltr'><strong><em>Labb.</em></strong></span> 
     </span>
     <span class='ocr_line' id='line_1_110' title="bbox 496 5540 965 5580; baseline 0 0"><span class='ocrx_word' id='word_1_884' title='bbox 496 5540 527 5580; x_wconf 66' lang='grc' dir='ltr'><strong>Β</strong></span> <span class='ocrx_word' id='word_1_885' title='bbox 563 5541 820 5580; x_wconf 66' lang='lat' dir='ltr'><strong><em>niindriom</em></strong></span> <span class='ocrx_word' id='word_1_886' title='bbox 851 5540 965 5580; x_wconf 73' lang='lat' dir='ltr'><strong><em>Inhh</em></strong></span> 
     </span>
    </p>
   </div>
   <div class='ocr_carea' id='block_1_110' title="bbox 501 5540 1028 5680">
    <p class='ocr_par' dir='ltr' id='par_1_110' title="bbox 501 5540 1028 5680">
     <span class='ocr_line' id='line_1_111' title="bbox 501 5540 988 5603; baseline 0 -10"><span class='ocrx_word' id='word_1_887' title='bbox 501 5540 527 5580; x_wconf 72' lang='grc' dir='ltr'>δ</span> <span class='ocrx_word' id='word_1_888' title='bbox 563 5541 820 5603; x_wconf 63' lang='lat' dir='ltr'><strong><em>Quadrigae</em></strong></span> <span class='ocrx_word' id='word_1_889' title='bbox 845 5540 988 5594; x_wconf 87' lang='lat' dir='ltr'><strong><em>Labb.</em></strong></span> 
     </span>
     <span class='ocr_line' id='line_1_112' title="bbox 501 5604 1028 5680; baseline 0 -27"><span class='ocrx_word' id='word_1_890' title='bbox 501 5610 524 5680; x_wconf 65' lang='grc' dir='ltr'><strong><em>(ξ</em></strong></span> <span class='ocrx_word' id='word_1_891' title='bbox 882 5604 1028 5656; x_wconf 89' lang='lat' dir='ltr'><strong><em>Labb.</em></strong></span> 
     </span>
    </p>
   </div>
   <div class='ocr_carea' id='block_1_111' title="bbox 500 5666 926 5733">
    <p class='ocr_par' dir='ltr' id='par_1_111' title="bbox 500 5666 926 5733">
     <span class='ocr_line' id='line_1_113' title="bbox 500 5666 926 5733; baseline 0.005 -16"><span class='ocrx_word' id='word_1_892' title='bbox 500 5669 529 5708; x_wconf 78' lang='grc' dir='ltr'><strong><em>(ὶ</em></strong></span> <span class='ocrx_word' id='word_1_893' title='bbox 560 5666 711 5733; x_wconf 63' lang='lat' dir='ltr'><strong><em>Libya</em></strong></span> <span class='ocrx_word' id='word_1_894' title='bbox 736 5667 881 5733; x_wconf 75' lang='lat' dir='ltr'><strong><em>Labb.</em></strong></span> <span class='ocrx_word' id='word_1_895' title='bbox 894 5710 926 5733; x_wconf 90' lang='lat'><strong><em>_.</em></strong></span> 
     </span>
    </p>
   </div>
   <div class='ocr_carea' id='block_1_112' title="bbox 513 5727 1099 5789">
    <p class='ocr_par' dir='ltr' id='par_1_112' title="bbox 513 5727 1099 5789">
     <span class='ocr_line' id='line_1_114' title="bbox 513 5727 1099 5789; baseline 0 -8"><span class='ocrx_word' id='word_1_896' title='bbox 513 5734 537 5763; x_wconf 78' lang='grc' dir='ltr'><strong><em>ο</em></strong></span> <span class='ocrx_word' id='word_1_897' title='bbox 570 5727 717 5789; x_wconf 76' lang='lat' dir='ltr'><strong><em>Nono</em></strong></span> <span class='ocrx_word' id='word_1_898' title='bbox 733 5729 925 5783; x_wconf 82' lang='lat' dir='ltr'><strong><em>kalend.</em></strong></span> <span class='ocrx_word' id='word_1_899' title='bbox 956 5727 1099 5782; x_wconf 79' lang='lat' dir='ltr'><strong><em>Iabb.</em></strong></span> 
     </span>
    </p>
   </div>
   <div class='ocr_carea' id='block_1_113' title="bbox 2193 5461 2698 5523">
    <p class='ocr_par' dir='ltr' id='par_1_113' title="bbox 2193 5461 2698 5523">
     <span class='ocr_line' id='line_1_115' title="bbox 2193 5461 2698 5523; baseline -0.024 0"><span class='ocrx_word' id='word_1_900' title='bbox 2193 5470 2215 5523; x_wconf 68' lang='grc' dir='ltr'><em>ι</em></span> <span class='ocrx_word' id='word_1_901' title='bbox 2254 5469 2527 5522; x_wconf 79' lang='lat' dir='ltr'><strong><em>Mariniano</em></strong></span> <span class='ocrx_word' id='word_1_902' title='bbox 2552 5461 2698 5515; x_wconf 88' lang='lat' dir='ltr'><strong><em>Labb.</em></strong></span> 
     </span>
    </p>
   </div>
   <div class='ocr_carea' id='block_1_114' title="bbox 2193 5527 2877 5587">
    <p class='ocr_par' dir='ltr' id='par_1_114' title="bbox 2193 5527 2877 5587">
     <span class='ocr_line' id='line_1_116' title="bbox 2193 5527 2877 5587; baseline -0.019 -4"><span class='ocrx_word' id='word_1_903' title='bbox 2193 5537 2218 5575; x_wconf 75' lang='grc' dir='ltr'><strong>κ</strong></span> <span class='ocrx_word' id='word_1_904' title='bbox 2256 5532 2316 5582; x_wconf 81' lang='lat' dir='ltr'><strong><em>Et</em></strong></span> <span class='ocrx_word' id='word_1_905' title='bbox 2339 5531 2403 5580; x_wconf 91' lang='lat' dir='ltr'><strong><em>de</em></strong></span> <span class='ocrx_word' id='word_1_906' title='bbox 2428 5528 2675 5578; x_wconf 81' lang='lat' dir='ltr'><strong><em>memoriis</em></strong></span> <span class='ocrx_word' id='word_1_907' title='bbox 2698 5527 2877 5587; x_wconf 81' lang='lat' dir='ltr'><strong><em>martyr</em></strong></span> 
     </span>
    </p>
   </div>
   <div class='ocr_carea' id='block_1_115' title="bbox 2881 5521 3128 5574">
    <p class='ocr_par' dir='ltr' id='par_1_115' title="bbox 2881 5521 3128 5574">
     <span class='ocr_line' id='line_1_117' title="bbox 2881 5521 3128 5574; baseline 0.004 -3"><span class='ocrx_word' id='word_1_908' title='bbox 2881 5534 2962 5571; x_wconf 90' lang='lat' dir='ltr'><strong><em>um</em></strong></span> <span class='ocrx_word' id='word_1_909' title='bbox 2986 5521 3128 5574; x_wconf 86' lang='lat' dir='ltr'><strong><em>Labb.</em></strong></span> 
     </span>
    </p>
   </div>
   <div class='ocr_carea' id='block_1_116' title="bbox 2194 5588 2577 5644">
    <p class='ocr_par' dir='ltr' id='par_1_116' title="bbox 2194 5588 2577 5644">
     <span class='ocr_line' id='line_1_118' title="bbox 2194 5588 2577 5644; baseline -0.013 1"><span class='ocrx_word' id='word_1_910' title='bbox 2194 5596 2227 5635; x_wconf 69' lang='grc' dir='ltr'><strong>ιι</strong></span> <span class='ocrx_word' id='word_1_911' title='bbox 2259 5594 2408 5644; x_wconf 82' lang='lat' dir='ltr'><strong><em>Adire</em></strong></span> <span class='ocrx_word' id='word_1_912' title='bbox 2434 5588 2577 5642; x_wconf 87' lang='lat' dir='ltr'><strong><em>Labb.</em></strong></span> 
     </span>
    </p>
   </div>
   <div class='ocr_carea' id='block_1_117' title="bbox 2203 5646 3215 5716">
    <p class='ocr_par' dir='ltr' id='par_1_117' title="bbox 2203 5646 3215 5716">
     <span class='ocr_line' id='line_1_119' title="bbox 2203 5646 3215 5716; baseline -0.003 -15"><span class='ocrx_word' id='word_1_913' title='bbox 2203 5661 2220 5701; x_wconf 63' lang='grc' dir='ltr'><strong>ι</strong></span> <span class='ocrx_word' id='word_1_914' title='bbox 2263 5654 2490 5707; x_wconf 82' lang='lat' dir='ltr'><strong><em>Gaudere</em></strong></span> <span class='ocrx_word' id='word_1_915' title='bbox 2514 5652 2627 5704; x_wconf 82' lang='lat' dir='ltr'><strong><em>facit</em></strong></span> <span class='ocrx_word' id='word_1_916' title='bbox 2647 5648 2829 5716; x_wconf 77' lang='lat' dir='ltr'><strong><em>gaudio</em></strong></span> <span class='ocrx_word' id='word_1_917' title='bbox 2852 5648 3045 5701; x_wconf 68' lang='lat' dir='ltr'><strong><em>scelesti</em></strong></span> <span class='ocrx_word' id='word_1_918' title='bbox 3070 5646 3215 5700; x_wconf 86' lang='lat' dir='ltr'><strong><em>Labb.</em></strong></span> 
     </span>
    </p>
   </div>
  </div>
