3990 6060
267 169 384 224 149

1420 156 1783 230 EPISTOLE
1833 158 2068 232 DUBIIE
2113 160 2469 240 QUATUOB.

3462 166 3566 224 150

273 285 450 342 nodus
478 283 558 356 (i)
591 282 728 338 dixit
771 299 786 336 :
845 281 972 338 Haec
1009 288 1165 346 sunt,
1207 292 1328 351 quas
1361 276 1618 348 deinceps
1658 283 1876 345 propter
1902 283 1948 360 Α
1979 276 2362 332 communione
2415 277 2774 349 suspendatur
2799 321 2812 346 ,
2866 281 2952 336 cui
3023 280 3229 338 crimen
3277 278 3568 336 intenditur

270 378 542 435 malorum
577 375 859 431 hominum
889 374 1140 439 insidias,
1187 372 1275 443 qui
1319 372 1372 425 in
1413 369 1719 426 Ecclesium,
1741 378 1793 424 et
1823 371 1873 423 in

273 469 679 528 ecclesiasticos
719 469 951 524 saeviunt
981 469 1126 522 viros
1151 463 1545 528 indifferenter,
1574 473 1629 518 et
1653 478 1875 518 conser-

271 580 408 621 vare
453 561 764 618 firmissime
809 563 1058 617 volumus
1103 561 1152 615 in
1198 559 1442 615 smculo:
1479 559 1535 613 Si
1583 557 1701 628 quis
1731 559 1876 628 epis-

269 671 449 727 c0pus
465 658 532 710 ab
547 654 652 710 illis
669 654 1095 720 accusatoribus,
1119 651 1207 724 qui
1230 651 1522 720 recipiendi
1547 660 1690 716 sunt,
1717 648 1882 705 fuerit

272 760 584 814 accusatus,
615 757 902 823 postquam
927 747 1041 816 ipse
1071 747 1140 800 ab
1167 749 1244 800 eis
1272 744 1556 800 caritative
1581 753 1880 800 conventus

271 846 470 914 fuerit,
517 851 576 898 ut
624 842 797 912 ipsam
827 857 1042 896 cauSam
1085 839 1375 896 emendare
1402 839 1628 902 debeat,
1662 847 1718 906 et
1759 853 1878 893 eam

271 937 546 1010 corrigere
589 936 859 1002 noluerit,
893 951 998 989 non
1045 935 1207 1000 olim,
1237 933 1334 989 sed
1377 943 1503 987 tunc
1543 931 1610 986 ad
1639 947 1884 986 summos

272 1031 533 1102 primates
570 1043 734 1084 causa
772 1028 890 1097 ejus
927 1029 1190 1082 canonice
1226 1025 1520 1092 deferatur,
1549 1027 1640 1096 qui
1671 1024 1723 1080 in
1753 1041 1883 1080 con-

273 1139 412 1195 gruo
456 1123 610 1188 loco,
656 1120 798 1176 intra
839 1121 1009 1190 ipsam
1041 1119 1406 1189 provinciam,
1459 1126 1702 1186 tempore
1747 1131 1882 1172 con-

274 1233 418 1290 gruo
445 1215 542 1287 (2),
576 1216 628 1270 id
676 1223 802 1281 est,
842 1214 1141 1268 autumnali
1185 1213 1268 1269 vel
1317 1212 1544 1278 mstivo,
1589 1211 1879 1268 concilium

274 1308 599 1381 regulariter
638 1322 946 1363 convocare
981 1307 1289 1373 debebunt,
1321 1307 1392 1360 ita
1424 1315 1484 1360 ut
1511 1304 1580 1358 ab
1624 1304 1880 1359 omnibus

275 1401 527 1472 ejusdem
566 1399 854 1467 provincia:
896 1399 1164 1468 episcopis
1202 1398 1330 1452 inibi
1365 1397 1633 1452 audiatur.
1663 1395 1782 1464 Quo
1827 1405 1882 1452 et

276 1496 402 1566 ipse
446 1495 766 1565 regulariter
812 1501 1178 1557 convocatus;
1208 1493 1252 1545 si
1301 1507 1422 1546 eum
1457 1500 1550 1545 aut
1597 1489 1882 1544 infirmitas

275 1588 419 1664 (cod.
447 1587 574 1644 Tite.
608 1587 698 1642 lib.
727 1603 803 1652 Ix,
829 1588 906 1642 tit.
933 1601 970 1651 ι,
1002 1597 1162 1644 const.
1195 1587 1282 1650 10,
1307 1587 1360 1650 5,
1384 1602 1436 1656 q.
1465 1585 1520 1651 9.,
1546 1585 1590 1638 si
1610 1585 1880 1655 episcOpus

273 1685 385 1737 suis
417 1681 596 1752 fuerit)
627 1693 720 1736 aut
746 1680 847 1738 alia
876 1681 1054 1754 gravis
1085 1681 1382 1736 necessitas
1413 1695 1520 1734 non
1549 1679 1878 1744 detinuerit,

273 1777 471 1831 adesse
501 1775 720 1830 debebit
748 1792 763 1832 :
797 1775 916 1846 quia
945 1774 1082 1828 ultra
1117 1775 1410 1844 provincia:
1441 1775 1702 1829 terminos
1724 1787 1883 1826 accu-

274 1869 432 1926 sandi
474 1882 601 1925 ante
647 1870 860 1924 licentia
895 1885 999 1925 non
1047 1877 1164 1932 est,
1195 1847 1297 1940 qua
1337 1867 1610 1931 audienlia
1637 1874 1877 1940 rogetur.

276 1965 414 2020 Nam
437 1966 480 2018 si
508 1964 620 2018 suis
647 1963 826 2030 fuerit,
849 1972 942 2018 aut
973 1963 1237 2022 Ecclesia:
1259 1963 1359 2018 sibi
1387 1963 1692 2018 eomrnissze
1719 1962 1882 2016 rebus

277 2059 607 2132 expoliatus,
633 2068 721 2112 aut
745 2057 908 2132 (quod
933 2058 1094 2124 absit,
1117 2057 1258 2128 quod
1283 2057 1519 2127 alienum
1541 2056 1608 2111 ab
1629 2055 1884 2130 omnibus

277 2166 405 2208 esse
447 2150 610 2205 debet
655 2147 926 2220 ﬁdelibus)
957 2166 984 2202 a
1013 2148 1142 2204 sede
1169 2149 1386 2220 propria
1427 2148 1665 2218 ejectus,
1695 2157 1788 2202 aut
1829 2149 1884 2209 in

279 2241 600 2298 detentione
628 2241 806 2311 aliqua
835 2257 864 2294 a
893 2242 1006 2295 suis
1045 2240 1234 2296 ovibus
1273 2239 1432 2295 fuerit
1462 2249 1830 2310 sequestratus
1866 2257 1880 2291 :

281 2345 416 2389 tunc
455 2333 712 2388 canonice
740 2341 1029 2404 antequam
1061 2333 1112 2386 in
1144 2333 1371 2402 pristino
1398 2341 1538 2388 statu
1573 2332 1886 2385 restituatur

282 2444 410 2486 cum
439 2430 582 2482 omni
615 2427 893 2500 privilegio
920 2429 1000 2480 sui
1031 2425 1254 2485 honoris
1274 2469 1288 2492 ,
1313 2437 1368 2480 et
1396 2440 1491 2480 sua
1523 2423 1730 2490 omnia,
1766 2439 1886 2498 quas

283 2523 502 2578 insidiis
529 2523 866 2581 inimicorum
889 2537 1109 2578 suorum
1141 2523 1192 2580 ei
1213 2523 1385 2592 ablata
1419 2521 1650 2584 fuerant,
1680 2519 1886 2591 legibus

285 2617 724 2688 redintegrentur
750 2634 765 2669 :
798 2631 898 2670 nec
926 2617 1245 2678 convocari,
1280 2631 1378 2670 nec
1399 2613 1626 2684 judicari
1655 2617 1886 2692 poterit,

285 2711 400 2764 nisi
426 2711 538 2778 ipse
559 2725 653 2780 pro
672 2725 762 2764 Sua
795 2710 1113 2763 necessitate
1146 2709 1390 2777 (minime
1423 2716 1600 2762 tamen
1629 2705 1884 2776 judicano

285 2803 418 2878 dus)
473 2803 723 2858 advenire
767 2812 958 2874 sponte
1009 2803 1254 2874 elegerit.
1309 2800 1625 2856 Nullateuns
1681 2814 1810 2868 ergo
1857 2815 1888 2858 a

287 2913 559 2973 quoquam
606 2896 933 2968 respondere
981 2905 1265 2967 rogetur“,
1316 2906 1601 2966 antequam
1653 2893 1888 2966 integer-

288 2991 429 3045 rime
456 2989 535 3064 (5)
578 2990 756 3043 omnia
807 3004 924 3060 qua:
976 3004 1068 3056 per
1120 2989 1491 3057 suggestiones
1548 2987 1960 3078 inimicorumc

286 3098 514 3137 suorum
555 3081 838 3140 amiserat.
872 3079 1124 3150 potestati
1163 3079 1278 3147 ejus
1313 3079 1382 3132 ab
1425 3078 1724 3132 honorabili
1749 3092 1882 3130 eon-

287 3179 419 3234 cilio
471 3178 624 3248 legali
672 3177 862 3231 ordine
909 3171 1478 3246 redintegremurbi);
1511 3171 1708 3241 praesul
1756 3186 1886 3224 vero

287 3289 415 3329 cum
448 3273 595 3328 omni
644 3272 854 3328 honore
898 3272 1058 3331 statui
1111 3269 1334 3338 pristino
1363 3267 1639 3332 reddatur,
1673 3274 1728 3320 et
1771 3266 1888 3335 ipse

287 3367 571 3440 dispositis
597 3365 964 3436 ordinatisque
996 3365 1162 3419 libere
1200 3370 1358 3432 atque
1402 3375 1590 3414 secure
1625 3358 1714 3414 diu
1751 3358 1884 3428 suis,

291 3471 421 3516 tunc
446 3460 762 3530 regulariter
787 3458 924 3512 infra
957 3465 1184 3528 quatuor
1217 3454 1297 3508 vel
1340 3453 1610 3526 quinque,
1639 3461 1732 3508 aut
1760 3464 1887 3520 sep-

295 3565 409 3610 tem
433 3553 464 3592 ιι
497 3567 742 3619 menses,
782 3551 930 3620 juxta
975 3549 1115 3618 quod
1144 3546 1471 3618 possibilitas
1515 3545 1565 3599 ei
1608 3543 1802 3608 fuerit,
1835 3549 1891 3597 et

295 3665 405 3705 non
436 3658 579 3710 ante,
611 3657 938 3702 convocatus
966 3643 1031 3700 ad
1065 3652 1299 3719 tempus,
1329 3639 1555 3695 concilio
1579 3638 1630 3692 in
1653 3638 1888 3712 legitimo

291 3753 354 3800 et
373 3743 649 3805 canonico,
675 3742 847 3796 veniat
877 3739 942 3792 ad
968 3724 1222 3792 causam:
1247 3745 1303 3790 et
1327 3735 1370 3787 si
1395 3734 1464 3804 ita
1492 3733 1634 3802 juste
1657 3730 1886 3800 videtur,

291 3837 666 3893 accusantium
717 3831 1172 3906 propositionibus
1226 3827 1566 3896 respondeat.
1605 3823 1738 3878 Nam
1791 3822 1892 3876 boc

292 3944 644 3999 summOpere
702 3924 1093 3998 prmilendutu
1143 3932 1263 3987 est,
1315 3936 1379 3974 ne
1429 3931 1715 3988 antequam
1775 3915 1890 3969 brcc

294 4025 466 4086 ﬁant,
517 4031 732 4076 coactus
791 4015 1142 4089 respondeat,
1190 4015 1310 4084 quia
1363 4012 1634 4067 contentio
1679 4023 1892 4078 semper

295 4114 515 4171 vitanda
564 4123 664 4167 est.
713 4112 889 4168 Adimi
942 4121 1172 4177 namque
1223 4106 1478 4176 episcopo
1521 4103 1888 4173 episcOpatum

293 4210 480 4285 (Cone.
504 4211 641 4280 Afra,
675 4225 721 4261 c.
752 4206 866 4277 87),
904 4215 1186 4274 antequam
1230 4215 1406 4256 eausm
1443 4198 1560 4268 ejus
1593 4197 1767 4252 exitus
1794 4211 1892 4265 ap-

295 4312 491 4375 pareat
511 4343 527 4367 ,
551 4301 682 4356 nulli
712 4299 1006 4356 christiano
1035 4294 1202 4350 videri
1229 4293 1351 4364 jure
1380 4299 1584 4362 potest,
1619 4289 1742 4362 quia
1773 4288 1894 4343 talis
1917 4334 1971 4394 Β

293 4396 658 4470 prmsumptio
691 4393 1029 4462 sacrilegium
1059 4399 1162 4454 est,
1194 4396 1248 4441 et
1277 4395 1462 4441 auctor
1492 4385 1698 4448 talium,
1725 4381 1893 4436 sacri-

297 4491 472 4562 legus.
506 4487 662 4556 Quod
699 4488 742 4540 si
783 4492 1048 4553 aegrotans
1090 4479 1246 4535 ftterit
1271 4477 1561 4547 episcopus
1596 4475 1654 4544 (5
1683 4491 1734 4543 q.
1763 4474 1818 4538 '5,
1851 4473 1894 4526 si

301 4581 606 4654 agrotans),
655 4588 748 4636 aut
799 4579 975 4648 aliqua
1019 4591 1140 4630 eum
1187 4573 1364 4644 gravis
1409 4571 1705 4626 necessitas
1753 4568 1894 4622 deti-

302 4677 504 4752 nuerit,
553 4687 654 4746 pro
689 4687 749 4727 se
793 4671 1025 4742 legatum
1068 4667 1134 4722 ad
1181 4663 1440 4738 synodum
1492 4664 1686 4718 mittat.
1725 4661 1833 4715 Nec
1866 4674 1894 4712 a

382 4829 462 4900 (l)
493 4828 626 4902 Syn.
653 4839 872 4882 romana
901 4823 1094 4902 dicitur
1119 4819 1303 4902 lladrz,
1327 4817 1450 4902 coll.
1481 4817 1610 4899 cuii,
1635 4815 1727 4898 sed
1754 4830 1893 4902 qua),

317 4887 491 4974 quove
518 4887 761 4968 tEmpore
791 4895 1216 4974 nondumpatet.
1241 4889 1317 4974 Et
1345 4889 1442 4946 bac
1474 4888 1614 4946 enim
1643 4887 1890 4968 epistula,

311 4962 438 5044 quae
458 4962 644 5044 spuria:
664 4963 1126 5044 est._ni_bil_colligi
1152 4971 1346 5033 potest.
1610 5031 1641 5044 η
1681 4962 1688 4968 ’

391 5043 469 5110 (2)
491 5031 641 5106 Apud
677 5040 809 5094 Had.
844 5031 1348 5110 legitmi'tempore
1373 5049 1402 5087 a
1433 5031 1898 5110 canonilius_pr:n-

315 5103 464 5170 vero
493 5103 624 5168 idem
653 5103 928 5182 apostolus
956 5108 1084 5182 dicit
1113 5125 1124 5160 :
1159 5107 1220 5182 δί
1245 5105 1378 5182 enim
1405 5121 1518 5160 cum
1545 5103 1746 5182 inimici
1772 5117 1901 5164 esse-

309 5187 430 5248 ﬁxo
453 5175 700 5256 Nicetius:
725 5181 855 5238 Inde
883 5179 1124 5256 arguitur
1154 5177 1298 5233 fraus
1328 5175 1749 5256 interpolatoris.

385 5257 475 5326 (5)
507 5253 583 5326 lita
611 5266 660 5308 et
685 5269 956 5326 ιιιιιιιιιςριξτ

305 5394 316 5404 ι
381 5321 472 5402 (4)
505 5325 707 5382 Conctl.
731 5341 874 5382 rom.
897 5323 987 5392 lll,
1013 5322 1114 5378 sub
1137 5321 1470 5395 symmacho.

1983 369 2202 444 (Concil.
2237 370 2412 425 Carth.
2447 387 2526 436 ιιι,
2556 388 2672 426 can.
2697 371 2790 443 7);
2825 372 2927 428 nisi
2965 374 3031 429 ad
3058 388 3274 429 causam
3306 386 3458 428 suam
3485 371 3571 427 di-

1982 462 2205 517 cendam
2238 452 2534 518 electorum
2562 463 2799 534 judicum
2844 464 2932 520 die
2965 475 3162 521 statuta
3203 465 3396 522 litteris
3439 480 3570 520 evo-

1983 565 2132 612 catus
2153 599 2168 621 ,
2199 557 2418 637 minime
2447 558 2744 614 occurrerit
2768 576 2782 612 :
2817 559 2916 615 hoc
2944 571 3056 626 est,
3083 561 3189 631 nisi
3225 575 3346 616 eum
3389 559 3567 632 aliqua

1981 655 2444 724 praeoccupaverit
2474 653 2768 708 necessitas
2789 652 2924 707 infra
2942 653 3174 722 spatium
3199 654 3572 724 praedictorum

1986 745 2287 812 mensium,
2337 754 2391 801 et
2434 761 2499 801 eo
2549 747 2810 816 amplius,
2858 755 3018 815 prout
3064 761 3221 802 causa
3273 747 3573 802 dictaverit.

1986 839 2140 916 Quod
2169 839 2215 894 si
2246 855 2311 895 ex
2358 850 2586 908 utraque
2617 849 2766 907 parte
2815 837 2881 894 ad
2924 853 3137 893 causam
3166 838 3445 894 dicendam
3482 854 3576 894 ve-

1985 931 2198 996 nerint;
2247 931 2368 1001 quia
2400 946 2537 985 unus
2565 931 2767 1001 absque
2811 931 2984 986 altero
3011 929 3182 985 audiri
3233 946 3338 985 non
3385 931 3576 996 debet,

1987 1023 2336 1100 qmcreudum
2363 1035 2445 1079 est
2479 1024 2530 1078 in
2556 1023 2794 1093 judicio,
2828 1023 2982 1092 cujus
3013 1023 3120 1078 sint
3157 1023 3579 1080 conversationis

1985 1127 2040 1174 et
2071 1117 2193 1172 lidei
2234 1127 2394 1189 atque
2421 1117 2741 1186 suspicionis
2771 1126 3112 1172 accusatores
3139 1126 3232 1172 aut
3265 1133 3368 1190 qua
3405 1120 3580 1174 inten-

1986 1213 2132 1267 tione
2160 1211 2263 1266 ltoc
2293 1211 2489 1266 faciant
2522 1228 2534 1263 :
2571 1211 2690 1280 quia
2721 1210 2788 1265 ad
2818 1211 2919 1265 boc
2946 1209 3154 1265 admitti
3198 1227 3306 1266 non
3357 1211 3576 1279 debent,

1984 1305 2089 1359 nisi
2117 1305 2272 1360 bona:
2302 1306 2728 1360 conversationis
2758 1314 2811 1360 et
2850 1316 3013 1360 rectae
3043 1303 3166 1360 ﬁdei
3197 1305 3317 1372 viri,
3353 1305 3403 1360 Ιιί
3430 1305 3580 1362 vide-

1986 1399 2116 1454 licet
2141 1399 2232 1468 qui
2270 1399 2415 1453 omni
2459 1397 2766 1470 suspicione
2799 1407 3046 1464 careant,
3079 1407 3133 1454 et
3171 1397 3312 1456 bona
3335 1399 3443 1453 vita
3473 1399 3581 1455 cla-

1988 1502 2175 1556 reant,
2207 1508 2382 1568 neque
2418 1493 2644 1548 infames
2669 1492 2922 1548 existant.
2953 1492 3106 1559 Quod
3137 1493 3182 1548 si
3212 1502 3582 1552 accusatorum

1987 1601 2232 1656 persona:
2259 1585 2312 1638 itt
2339 1583 2542 1654 judicio
2565 1583 2642 1656 ('5,
2666 1601 2718 1655 ᾳ.
2745 1585 2833 1650 10.
2865 1585 2928 1639 Si
2949 1594 3302 1640 accusatorum
3330 1588 3578 1660 personae)

1986 1680 2367 1750 episc0p0rum
2421 1679 2717 1749 culpabiles
2767 1679 3114 1750 apparuerint
3173 1679 3366 1750 (idem,
3424 1677 3581 1747 Cone.

1989 1775 2215 1845 Carm),
2240 1773 2306 1829 ad
2329 1775 2664 1844 argueudum
2687 1790 2794 1829 non
2821 1774 3194 1839 adtnittantur,
3214 1775 3318 1831 nisi
3339 1779 3583 1868 proprias
3629 1825 3640 1837 .

1985 1882 2176 1924 causas
2200 1883 2444 1923 asserere
2464 1869 2593 1940 (non
2626 1877 2801 1923 tamen
2831 1868 3160 1939 criminales)
3185 1868 3266 1924 vel
3298 1871 3584 1926 ecclesias-

1986 1963 2120 2018 ticas
2145 1963 2433 2030 voluerint.
2457 1961 2674 2016 lulamis
2695 1963 2836 2018 enim
2862 1976 3092 2032 persona
3113 1960 3190 2036 (5,
3213 1979 3266 2034 q.
3288 1963 3339 2026 7,
3362 1961 3586 2039 Infantis

1989 2060 2254 2126 persona),
2297 2073 2397 2112 nec
2438 2067 2757 2128 procurator;
2797 2065 2972 2126 potest
2996 2071 3148 2122 esse,
3181 2071 3278 2110 nec
3317 2058 3582 2128 cognitor.

1989 2151 2230 2218 Absente
2252 2165 2380 2206 vero
2405 2150 2715 2205 adversario
2743 2149 2822 2223 (5,
2845 2167 2894 2218 q.
2923 2149 2978 2214 9,
3011 2149 3228 2204 Absente
3243 2149 3585 2222 adversario),

1987 2259 2095 2298 non
2123 2243 2372 2314 audiatur
2395 2253 2676 2298 accusator
2701 2262 2715 2298 :
2745 2259 2842 2300 nec
2871 2243 3158 2307 sententia,
3182 2244 3404 2298 absente
3432 2253 3584 2314 parte

1993 2339 2124 2404 alia,
2158 2353 2186 2392 a
2213 2338 2393 2408 judice
2420 2337 2582 2403 dicta,
2613 2338 2774 2392 ullam
2801 2336 3067 2393 obtinebit
3092 2337 3400 2394 firmitatem
3425 2335 3588 2412 (Vide

1991 2431 2250 2483 Anianum
2298 2431 2350 2482 in
2387 2440 2518 2483 sent.
2564 2427 2755 2495 Pauli,
2809 2429 2897 2484 lib.
2941 2446 2994 2496 v,
3025 2431 3104 2484 tit.
3140 2429 3175 2484 2
3205 2440 3251 2484 et
3278 2429 3334 2502 5)
3369 2449 3381 2484 :
3413 2445 3589 2501 neque

1993 2523 2186 2576 absens
2212 2535 2306 2590 per
2327 2521 2489 2574 alium
2511 2522 2752 2576 accusari
2781 2521 2861 2595 ('5,
2889 2539 2940 2594 q.
2970 2523 3025 2589 9,
3055 2521 3244 2578 Absens
3271 2539 3360 2594 per
3379 2522 3586 2600 alium),

1994 2624 2087 2667 aut
2110 2628 2366 2668 accusare
2395 2624 2606 2680 potest,
2641 2629 2740 2671 nec
2769 2613 2946 2668 afﬁnis
2975 2614 3081 2668 illis
3117 2616 3447 2673 admittatur.
3480 2615 3588 2672 Ne-

1993 2706 2192 2760 minem
2243 2721 2370 2775 ergo
2424 2705 2666 2762 exhiberi
2719 2705 2786 2760 de
2831 2707 3103 2776 provincia
3140 2705 3206 2760 ad
3254 2709 3584 2788 provinciam

1995 2797 2155 2872 (Vide
2195 2801 2448 2854 novellam
2477 2801 2678 2854 tertiam
2716 2799 2832 2854 libri
2861 2801 2995 2854 tertii
3025 2810 3070 2853 et
3102 2799 3361 2856 Attianum
3381 2813 3428 2874 (ι
3465 2804 3582 2860 cod.

1997 2885 2190 2948 Tlteod.
2236 2905 2397 2948 const.
2448 2897 2503 2961 4,
2553 2895 2643 2949 lib.
2694 2911 2752 2958 ιι,
2803 2894 2881 2948 tit.
2925 2891 2983 2965 l),
3031 2895 3115 2950 vel
3161 2893 3230 2952 ad
3272 2897 3584 2951 comitatum

1995 2997 2239 3060 oportet,
2280 2989 2380 3043 nisi
2420 2988 2486 3042 ad
2521 2988 2840 3042 relationem
2881 2987 3109 3055 judicis,
3141 2987 3207 3042 ad
3235 3005 3394 3066 quem
3429 2971 3590 3048 fuerit

1993 3083 2350 3154 appellatum,
2386 3082 2438 3137 id
2469 3092 2578 3147 est,
2609 3091 2669 3136 ut
2711 3091 2898 3138 auctor
2922 3098 3134 3152 semper
3172 3083 3250 3144 rei
3292 3081 3463 3150 lorum
3501 3100 3588 3140 se-

1991 3188 2203 3248 quatur.
2225 3176 2282 3232 Si
2304 3178 2422 3246 quis
2445 3187 2622 3232 autetn
2639 3177 2876 3245 judicent
2903 3175 3004 3231 sibi
3027 3177 3308 3237 adversum
3335 3169 3582 3246 senserit,

1991 3287 2179 3328 vocem
2236 3270 2612 3340 appellationis
2668 3267 2921 3324 exhibeat
2973 3284 3131 3340 quam
3189 3269 3320 3331 nulli
3375 3263 3592 3343 oportet

1993 3363 2176 3433 negari
2221 3361 2362 3434 (Huc
2404 3378 2562 3431 usque
2604 3370 2759 3430 caput
2795 3361 2851 3423 5,
2885 3360 3006 3414 coll.
3043 3359 3238 3425 Herba,
3283 3359 3588 3432 quibusdam

1995 3458 2208 3514 subinde
2232 3456 2480 3529 insertis).
2515 3457 2801 3528 Peregrina
2831 3472 2963 3512 vero
2986 3457 3184 3527 judicia
3218 3455 3294 3530 (5,
3317 3475 3368 3528 q.
3397 3455 3452 3520 6,
3484 3455 3588 3510 Pe-

1994 3547 2201 3624 regrina
2219 3549 2442 3622 judicia)
2465 3550 2706 3621 generali
2733 3550 3392 3625 sanctioneprobibemus
3423 3567 3436 3601 :
3465 3549 3588 3626 quia

1993 3646 2271 3716 indignum
2297 3653 2379 3699 est
2401 3685 2415 3709 ,
2460 3653 2516 3697 ttt
2542 3645 2610 3698 ab
2633 3644 2876 3724 externis
2917 3642 3188 3712 judicetur
3217 3643 3305 3718 qtti
3335 3657 3586 3712 compro-

1993 3737 2253 3792 vincialcs
2276 3735 2469 3805 (Hadr.
2505 3735 2626 3790 coll.
2663 3737 2751 3800 17,
2781 3752 2844 3790 ea:
2871 3745 3034 3789 const.
3070 3734 3156 3801 10,
3191 3735 3266 3787 tit.
3303 3735 3356 3800 l,
3389 3734 3480 3789 lib.
3512 3751 3587 3800 ις,

1995 3833 2110 3886 cod.
2137 3830 2296 3902 The.)
2313 3838 2368 3886 et
2392 3845 2422 3883 a
2448 3844 2507 3884 se
2537 3829 2738 3885 electos
2764 3827 2928 3884 debet
2949 3827 3164 3892 .babere
3182 3827 3412 3898 judices.
3439 3827 3586 3894 ﬂare,

1994 3927 2222 3992 fratres,
2251 3923 2318 3979 ad
2355 3932 2592 3980 vestram
2619 3931 2674 3979 et
2698 3923 2937 3986 omnium
2962 3922 3403 3994 coepiscOporum
3431 3937 3589 3994 opem

1995 4029 2050 4076 et
2073 4017 2442 4073 defcusionetn
2471 4017 2525 4071 in
2556 4015 2763 4088 synodo
2785 4015 3111 4069 unanimiter
3140 4022 3264 4068 sunt
3284 4013 3592 4083 decreta,ut
3667 4041 3674 4046 ·

1995 4113 2040 4167 si
2071 4111 2208 4167 forte
2237 4110 2398 4182 aliqui
2429 4108 2653 4180 (Com-il.
2686 4106 2840 4178 Hisp.
2872 4123 2930 4173 ιι,
2959 4122 3004 4159 c.
3039 4102 3130 4176 15)
3173 4104 3458 4160 stultorum
3495 4120 3592 4184 vos

1997 4220 2255 4260 accusare
2278 4245 2292 4269 ,
2335 4203 2424 4272 qui
2463 4200 2742 4256 diabolica:
2777 4199 3110 4269 deceptionis
3154 4211 3340 4252 errore
3379 4195 3592 4272 decepti

1997 4309 2152 4365 sunt,
2201 4297 2504 4362 voluerint,
2553 4294 2680 4350 dum
2725 4293 2826 4350 ista
2871 4292 3102 4366 legerint
3149 4294 3240 4350 vel
3286 4292 3592 4368 audierint,

1998 4393 2320 4464 resipiscam
2360 4401 2415 4445 et
2443 4389 2508 4445 ad
2561 4387 2781 4452 unitatis
2819 4385 3164 4442 concordiam
3205 4396 3590 4444 revertantur:

1999 4499 2054 4544 et
2077 4486 2218 4562 quod
2251 4487 2396 4558 prius
2434 4493 2550 4540 erat
2586 4483 2639 4537 in
2667 4482 2960 4549 ultionem,
2990 4481 3235 4537 transibit
3263 4483 3314 4536 in
3342 4481 3589 4560 gloriam.

2001 4581 2132 4638 Nam
2167 4579 2356 4652 procul
2381 4578 2544 4640 dubio
2569 4577 2722 4632 multi
2744 4584 2890 4644 sunt,
2913 4576 3000 4654 qui
3027 4576 3346 4647 (secundum
3367 4573 3597 4644 apostoli

2003 4673 2212 4744 vocem)
2243 4671 2525 4742 prurientes
2547 4667 2776 4734 auribus,
2805 4685 2836 4720 a
2861 4666 3067 4722 veritate
3091 4669 3322 4722 auditum
3341 4673 3592 4734 avertunt,

2008 4770 2076 4822 ad
2101 4766 2304 4838 fabulas
2347 4774 2518 4832 autem
2555 4772 2910 4820 convertuntur
2939 4761 2986 4834 (l
3018 4761 3173 4830 Tim.,
3203 4765 3280 4833 tv)
3309 4769 3365 4832 et
3388 4759 3452 4814 ad
3492 4775 3596 4816 no-

2007 4871 2254 4935 cumenta
2299 4859 2562 4916 bonorum
2593 4869 2613 4895 ο
2647 4867 2951 4926 transeunt.
2990 4856 3084 4913 Ait
3118 4857 3275 4927 (idem
3307 4870 3451 4910 conc.
3481 4855 3596 4930 cit.)

2009 4965 2190 5018 autem
2235 4953 2378 5009 idem
2424 4951 2698 5023 apostolus
2724 4951 2793 5006 de
2823 4949 3114 5005 inﬁdelium
3159 4948 3460 5019 ignorantia
3493 4968 3505 5002 :
3536 4947 3599 5005 Si

2007 5049 2376 5123 cognovissent,
2404 5062 2684 5120 numquam
2711 5042 2992 5117 Dominum
3019 5041 3197 5114 gloria:
3225 5042 3600 5113 cruciﬁxissent

2009 5147 2053 5220 (l
2085 5126 2209 5202 Cor.
2240 5144 2324 5216 ιι).
2365 5139 2626 5199 Similiter
2653 5139 2699 5194 si
2737 5137 2792 5194 hi
2832 5135 3114 5208 Dominum
3154 5135 3390 5206 perfecte
3436 5149 3602 5208 agno-

2007 5242 2213 5297 vissent
2237 5247 2290 5294 et
2317 5248 2620 5300 atuassent,
2669 5242 2954 5302 numquam
2994 5241 3186 5304 servos
3227 5231 3342 5306 ejus
3385 5239 3601 5309 pertur-

2011 5335 2250 5400 bassent,
2271 5345 2372 5388 nec
2390 5329 2571 5392 verbis
2588 5334 2681 5383 aut
2699 5322 2852 5384 factis
2873 5323 3140 5416 persecuti
3162 5329 3364 5380 essent.
3392 5319 3550 5392 Quod
3577 5321 3606 5360 (ι

1537 5477 1916 5538 LECTIONES
1951 5471 2370 5534 VARIANTES.

375 5629 842 5768 ἐζὲἓὲῗίὲιῖιῗέιῖῗ.

2079 5615 2102 5646 ο
2137 5611 2382 5662 Bonorum
2405 5606 2550 5658 Labb.

2081 5675 2108 5715 (ι
2143 5676 2300 5736 Quum
2324 5667 2469 5722 Labb.
