3990 6060
408 209 503 264 iiii

1725 203 1783 255 S.
1824 196 2094 254 FELICIS
2134 195 2339 252 PAPE

2914 156 2951 181 η

3596 199 3616 252 -1
3631 196 3700 251 59.

409 342 554 391 ntus,
604 326 913 380 reconciliati
959 340 1129 378 sumus
1178 321 1286 375 Deo
1341 338 1429 391 per
1466 331 1676 374 mortem
1708 317 1834 372 Filii
1878 320 1988 378 eius
2015 317 2069 378 Α
2092 315 2233 370 enim
2266 324 2322 370 et
2359 316 2681 371 contumelia
2720 317 2772 371 in
2812 314 3294 386 loquela(Eccles.,
3327 313 3409 385 v),
3437 322 3492 370 et.
3523 314 3575 368 in
3618 313 3698 368 lo—

410 418 588 493 (Rom.
620 417 697 489 v),
746 434 842 473 cur
868 417 1204 486 insequimur
1235 414 1462 470 fratres?
1489 412 1599 469 Cur
1629 412 2005 485 perturbamus

407 521 608 568 Statum
649 511 906 567 Ecclesia:
941 511 1066 575 Dei,
1115 519 1168 564 et
1197 524 1291 563 eos
1318 509 1407 579 qui
1448 508 1497 562 ei
1536 509 1741 563 servire
1767 507 2001 573 debent,

408 604 731 676 afﬁigimus?
789 604 1049 675 Martyres
1089 603 1233 657 enim
1281 603 1421 670 passi
1469 612 1595 656 sunt
1639 602 1794 672 (idem
1846 600 2002 656 Conc.

412 697 551 770 cit.),
576 714 681 753 non
706 708 878 753 tamen
902 699 1095 753 animo:
1117 712 1303 753 eorum
1324 697 1515 753 occisae
1537 707 1662 751 sunt
1690 700 1738 751 in
1761 699 2004 766 corporis

414 792 694 861 passione,
723 805 817 844 ore
854 789 1102 844 Veritatis
1128 797 1415 844 attestante
1446 806 1460 842 :
1492 786 1669 843 Nolite
1708 789 1881 843 timere
1921 805 2005 843 eos

411 882 500 951 qui
530 882 765 935 οεοιαιιιιι
805 897 1022 952 corpus,
1051 882 1273 935 animant
1303 891 1471 935 autem
1508 898 1608 935 non
1632 892 1841 953 possunt
1867 881 2005 935 occi—

410 973 529 1027 dere
584 973 645 1045 (l
699 973 884 1028 Matth.
920 973 1004 1045 ι).
1056 973 1155 1029 Ubi
1205 976 1422 1045 agnosci
1469 984 1716 1044 oportet,
1764 974 1903 1044 quod
1957 974 2000 1030 si

412 1068 608 1121 anima:
672 1080 1001 1139 martyrum,
1066 1082 1294 1136 corpore
1350 1081 1664 1139 perempto,
1730 1067 2001 1138 suppliciis

411 1159 645 1231 extingui
688 1175 792 1214 non
838 1169 1093 1231 possunt,
1123 1176 1224 1215 nec
1266 1159 1460 1213 animae
1507 1158 1914 1230 prtedieatorum
1950 1170 2003 1215 et

410 1251 691 1306 doctormn
726 1251 975 1323 persequi
1016 1251 1358 1318 debuissent,
1389 1262 1479 1307 aut
1512 1252 1849 1323 perturbari,
1881 1261 1937 1306 et
1972 1268 2000 1306 a

410 1343 505 1399 Dei
534 1344 793 1398 famulatu
830 1345 1029 1406 averti,
1068 1346 1193 1416 quia
1228 1360 1346 1399 cum
1389 1346 1706 1413 corporibus
1737 1360 1841 1398 non
1872 1344 2002 1399 deli-

407 1439 574 1492 ciunt.
597 1438 753 1493 Tales
774 1451 949 1494 autem
981 1440 1379 1508 perturbatores
1404 1439 1660 1495 Ecclesia:
1690 1453 1795 1494 non
1824 1439 2001 1494 solum

409 1530 667 1603 praedicta
693 1542 855 1600 agunt
906 1532 1043 1586 mala
1067 1575 1081 1600 ,
1113 1533 1206 1587 sed
1237 1545 1291 1588 et
1323 1534 1610 1587 memorias
1651 1530 1828 1603 (Coac.
1863 1529 2002 1585 Gan-

407 1638 605 1691 grense,
639 1639 752 1693 cap.
781 1623 872 1688 ‘20,
901 1624 1087 1693 interp.
1117 1623 1300 1696 Dion.)
1332 1636 1625 1696 martyrum
1656 1635 1997 1680 execrantur.

2107 406 2263 478 quela
2293 407 2485 478 lingua:
2507 408 2741 463 hominis
2765 417 2789 444 ιι
2821 422 2981 463 casus
3012 408 3154 461 illius
3183 417 3285 463 est.
3311 406 3547 477 Ideoque
3571 420 3701 462 con-

2108 498 2335 553 veniens
2366 510 2477 563 est,
2513 500 2651 554 hanc
2681 499 2898 569 quidem
2928 499 3294 554 ostensionem
3327 496 3704 569 reprehensio-

2111 606 2238 645 num
2275 590 2487 646 illorum
2520 592 2718 647 nostris
2746 593 2955 647 actibus
2996 592 3185 656 inseri,
3231 606 3299 646 ne
3341 592 3565 646 ulterius
3589 590 3701 661 jam

2114 684 2235 738 talia
2270 684 2567 752 patiamini,
2597 685 2987 741 semiuantibus
3015 684 3093 740 eis
3122 685 3325 739 zizania
3350 695 3403 738 et
3422 683 3698 748 scandala,

2106 777 2201 832 sed
2241 778 2407 833 laetari
2450 778 2501 832 in
2543 778 2736 833 ofﬁciis
2774 789 2829 834 et
2867 778 3207 850 dogmatibus
3250 778 3444 833 vestris
3486 792 3701 833 merea‘

2109 868 2261 922 ιιιὶιιί.
2295 868 2460 939 Igitur
2500 870 2858 934 erubescant,
2899 886 2962 925 ac
2993 871 3118 925 talia
3150 877 3205 925 et
3243 868 3547 938 huiusmodi
3586 867 3702 924 bla-

2107 960 2408 1029 sphemiam
2458 962 2778 1019 subtrahere
2811 947 3101 1028 'lestinent,
3139 963 3184 1018 si
3230 961 3497 1017 uoluerint
3540 975 3569 1015 a
3608 975 3700 1017 sa-

2106 1054 2367 1109 cerdotali
2435 1064 2622 1111 nostro
2684 1056 2913 1127 collegio
2979 1055 3278 1126 segregati,
3344 1066 3398 1109 et
3454 1070 3483 1106 a
3538 1054 3702 1110 totius

2106 1143 2384 1200 christiani
2428 1146 2607 1216 pOpuli
2651 1148 2907 1203 societate
2936 1147 3139 1202 divelli.
3170 1146 3319 1202 Licet
3364 1159 3594 1216 namque
3634 1143 3702 1200 de

2108 1233 2191 1289 his
2239 1237 2386 1306 plura
2430 1247 2485 1292 et
2530 1254 2625 1308 per
2667 1240 3006 1306 necessaria,
3035 1256 3153 1310 qua-
3198 1239 3250 1293 in
3293 1237 3526 1292 decretis
3560 1236 3703 1293 sedis

2104 1329 2417 1397 apostolica:
2457 1339 2512 1384 et
2541 1331 2609 1385 ab
2638 1332 2897 1402 apostolis
2931 1346 3226 1402 eorumque
3261 1328 3700 1395 successoribus,

2104 1425 2303 1478 nostris
2320 1423 2568 1479 videlicet
2587 1423 3093 1493 prmdecessttribus,
3115 1431 3312 1478 statuta
3331 1421 3698 1487 inveniuntur,

2102 1512 2286 1569 dicere
2333 1524 2387 1569 et
2431 1516 2777 1570 conscribere
2833 1514 3231 1585 potuissemus,
3280 1522 3459 1568 tamen
3509 1513 3705 1570 melius

2105 1608 2260 1662 nobis
2304 1609 2474 1663 visum
2518 1619 2631 1675 est,
2673 1618 2730 1662 ut
2761 1607 3043 1680 epistolam
3082 1607 3328 1663 oratione
3368 1606 3702 1662 claudamus.

407 1706 745 1785 Quapmpjer
795 1716 846 1769 ει,
895 1715 1113 1785 ρτωτηιη
1156 1717 1529 1773 consumimus
1560 1717 1788 1789 synodo,
1817 1718 1999 1775 vobis-
2028 1714 2077 1775 Β
2104 1699 2246 1755 Deus
2268 1702 2609 1772 omnipotens
2623 1710 2677 1757 et
2698 1702 2856 1771 hujus
2874 1702 3176 1773 unigenitus
3190 1700 3707 1779 Filius,letsalvator

356 1818 365 1824 ·
408 1821 512 1877 que
539 1817 592 1861 et
612 1808 861 1864 omnibus
884 1809 1137 1865 Eeclesiis
1166 1811 1450 1867 tenendum
1478 1821 1535 1867 et
1555 1812 1818 1881 agendum
1846 1827 1997 1867 man-

408 1900 599 1957 damus
620 1945 635 1968 ,
668 1914 730 1958 ut
769 1919 933 1972 super
964 1906 1251 1960 memorias
1284 1918 1577 1977 martyrum
1624 1908 1802 1961 missa:
1849 1905 1998 1963 cele-

407 1994 650 2061 brentur,
695 2014 760 2052 ne
799 2000 1074 2053 memoriae
1114 2014 1299 2053 eorum
1325 2014 1352 2053 a
1383 1998 1574 2054 talibus
1599 1998 1866 2070 extingui,
1907 2009 2000 2054 aut

407 2092 687 2147 veneratio
718 2093 887 2162 possit
916 2093 1207 2163 prohiberi.
1235 2093 1346 2148 Vos
1376 2107 1540 2160 vero,
1574 2090 1799 2159 fratres,
1833 2093 2000 2149 nolite

409 2183 637 2237 multum
668 2185 905 2250 turbari,
950 2185 1116 2240 nolite
1160 2186 1379 2249 vexari,
1406 2187 1500 2241 sed
1540 2186 1918 2241 confortamini
1947 2186 1998 2240 in

404 2275 664 2343 Domino,
714 2290 768 2333 et
811 2278 861 2332 in
909 2280 1144 2348 potentia
1185 2278 1443 2333 claritatis
1474 2278 1592 2348 ejus
1624 2278 1866 2350 (Ephes.,
1900 2278 1995 2351 vr).

408 2369 673 2425 Habetote
711 2370 926 2425 interim
969 2374 1067 2426 ista
1096 2371 1162 2425 ad
1190 2371 1498 2442 suffragium
1541 2384 1774 2426 vesnum
1795 2414 1809 2437 ,
1839 2385 2001 2442 apos-

408 2463 566 2520 tolica
615 2464 928 2519 auctoritate
971 2464 1186 2519 decreta
1225 2482 1239 2518 :
1296 2474 1351 2519 et
1392 2464 1585 2520 scitote
1654 2479 1751 2519 nos
1789 2480 2002 2534 semper

407 2567 630 2630 paratos
673 2558 871 2613 habere
902 2559 1061 2613 etiam
1112 2558 1179 2630 (si
1226 2572 1447 2614 necesse
1491 2557 1673 2627 fuerit)
1722 2572 1891 2629 usque
1935 2559 2002 2613 ad

410 2665 671 2717 mortem,
722 2654 789 2708 ad
834 2669 1186 2724 qumcumqne
1248 2654 1401 2709 vobis
1453 2653 1753 2709 necessaria
1806 2652 2000 2708 fuerint

360 2816 365 2821 .
411 2747 665 2819 (Domino
692 2762 847 2817 opem
881 2746 1107 2817 ferente)
1140 2746 1485 2817 perﬁcienda.
1521 2746 1595 2800 [lli
1631 2756 1805 2800 tamen
1828 2787 1842 2809 ,
1874 2758 1994 2799 auc-

407 2847 529 2893 tore
562 2840 670 2893 Deo
690 2882 705 2905 ,
754 2840 1035 2908 peribunt,
1067 2848 1121 2895 et
1150 2854 1244 2894 vos
1271 2839 1512 2905 stabilis,
1546 2839 1592 2893 si
1634 2850 1810 2892 tamen
1849 2837 2003 2892 labor

410 2942 592 2987 vester
624 2948 728 2987 non
758 2931 914 2987 fuerit
946 2933 1140 3000 inanis,
1173 2934 1267 2988 sed
1293 2933 1481 3001 [lienus
1509 2931 1613 2988 ﬁde
1635 2941 1691 2987 et
1717 2930 2000 2988 cbaritatc.

419 3022 548 3090 Vw,
580 3024 750 3095 inquit
785 3024 1041 3095 propheta
1062 3066 1076 3092 ,
1107 3026 1192 3096 qui
1221 3036 1393 3092 potant
1424 3026 1511 3079 dat
1535 3027 1698 3080 amico
1721 3042 1815 3081 suo
1836 3066 1849 3087 .
1887 3026 2003 3080 mit-

416 3130 523 3173 tens
564 3119 633 3189 fel
658 3136 806 3173 suum
831 3118 1079 3186 (Eabae,
1112 3119 1193 3191 ιι),
1226 3122 1292 3174 Et
1338 3121 1533 3175 iterum
1581 3121 2008 3190 sapientissimus
2035 3105 2080 3167 (ἶ

414 3211 666 3266 Salomon
694 3214 770 3267 ait
812 3211 965 3285 (Hazc
1002 3215 1175 3267 eodem
1206 3214 1258 3267 in
1286 3231 1367 3282 ep.
1401 3212 1593 3268 Felicis
1618 3231 1678 3280 ll,
1707 3215 1776 3268 ad
1802 3213 2009 3285 Egyp-

412 3301 532 3374 tios)
563 3319 582 3355 :
606 3301 706 3367 Qui
732 3303 955 3367 loquitur
985 3305 1161 3376 iniqua
1202 3320 1303 3359 non
1335 3314 1498 3375 potest
1527 3306 1714 3371 latere,
1749 3322 1838 3359 nec
1877 3322 2007 3376 pra:—

416 3399 556 3452 teriet
582 3398 727 3452 illum
756 3400 1035 3467 corripiens
1057 3400 1337 3471 judicium.
1372 3398 1437 3454 In
1474 3385 1858 3471 cogitationibus
1888 3418 2008 3473 ergo

416 3492 562 3560 impii
590 3493 919 3562 interrogatio
959 3494 1073 3547 erit.
1106 3492 1411 3548 Semnonum
1440 3504 1609 3548 autent
1647 3496 1785 3548 illius
1813 3496 2009 3550 auditio

418 3584 487 3636 ad
517 3583 794 3637 Dominum
824 3582 1096 3655 perveniet,
1131 3594 1178 3639 et
1203 3586 1270 3639 ad
1296 3588 1660 3657 rorreptionent
1683 3589 2011 3659 iniquitatum

414 3674 576 3729 illius.
613 3675 868 3739 Quoniam
912 3678 1052 3731 auris
1098 3678 1195 3732 zeli
1241 3679 1385 3732 audt‘t
1432 3681 1635 3746 omnia,
1684 3692 1729 3735 et
1764 3683 2011 3737 tumultus

418 3769 878 3824 murmurationum
905 3787 1006 3824 non
1035 3771 1390 3826 abscondctur.
1424 3772 1603 3844 (Sap.,
1636 3771 1697 3845 ι).
1730 3773 1852 3830 Haec
1867 3776 2010 3830 enim

417 3861 465 3916 si
514 3861 762 3932 amplecti
814 3862 1110 3919 voluissent
1164 3865 1381 3935 proprio
1431 3874 1485 3921 et
1533 3880 1665 3920 sano
1691 3881 1890 3935 sensu,
1945 3868 2011 3924 ad

419 3956 709 4025 reprobum
754 3972 968 4012 sensum
1016 3958 1231 4012 minime
1263 3959 1569 4014 laberentur
1602 3978 1614 4014 :
1653 3962 1746 4015 sed
1792 3977 1886 4031 per
1919 3963 2012 4018 Dei

420 4051 671 4106 timorem
703 4064 1011 4108 sermonum
1039 4068 1258 4108 suorum
1286 4067 1653 4123 pnecaventes
1673 4057 1971 4111 custodiam
1996 4100 2011 4124 ,

421 4144 564 4215 piam
604 4154 909 4201 sanctorum
954 4155 1162 4217 patrum
1203 4146 1577 4202 difﬁnitionem
1620 4149 1738 4203 sine
1781 4150 2012 4221 quadam

424 4239 730 4293 nocmnenti
755 4240 1192 4308 prmsumptioue,
1219 4239 1402 4309 utique
1422 4252 1846 4297 cotiservassent.
1872 4242 2015 4310 Quo-

424 4328 570 4384 niam
592 4330 720 4386 dicit
736 4346 948 4384 sacrum
975 4332 1247 4400 eloquium
1267 4350 1279 4385 :
1298 4331 1581 4386 Consilium
1599 4334 1785 4387 bonum
1805 4352 2013 4390 conser-

425 4425 559 4480 vabit
588 4434 655 4491 te,
684 4434 729 4478 et
750 4440 888 4478 mens
909 4423 1040 4477 bona
1060 4424 1304 4478 custodiet
1326 4434 1372 4479 te
1392 4423 1601 4498 (Prov.,
1626 4425 1710 4497 ιι).
1734 4428 1847 4481 Νοιι
1870 4428 2013 4484 enim

2100 1800 2284 1846 noster
2311 1789 2559 1847 Christus
2601 1792 2704 1847 hoc
2741 1794 2890 1847 vobis
2931 1792 3132 1847 tribuat
3163 1793 3606 1855 incitamentum,
3644 1801 3702 1847 ut

2100 1885 2347 1941 omnibus
2377 1884 2631 1940 fratribus
2661 1894 2715 1941 et
2735 1886 3074 1957 coepise0pis
3103 1884 3325 1950 nostris,
3354 1884 3702 1955 quibuscum-

2101 1995 2207 2051 que
2262 1979 2701 2036 tribulationibus
2749 1980 3154 2047 laborantibus,
3207 1981 3333 2035 totis
3380 1982 3708 2036 succurratis

2102 2071 2311 2132 viribus
2332 2113 2346 2138 ,
2386 2082 2439 2129 et
2481 2089 2605 2128 cum
2648 2074 2727 2129 eis
2757 2074 3181 2144 compatientes,
3214 2086 3432 2128 crucem
3464 2073 3707 2143 ejusdem

2105 2167 2315 2220 Domini
2346 2166 2652 2223 Salvatoris
2710 2168 2935 2238 portetis
2958 2211 2972 2236 ,
3015 2178 3072 2221 ut
3105 2170 3216 2223 veri
3261 2168 3430 2239 ipsius
3459 2167 3709 2239 discipuli

2102 2273 2286 2313 coram
2311 2260 2561 2314 omnibus
2585 2261 2911 2331 appareatis,
2940 2271 2995 2314 ut
3018 2272 3071 2314 et
3092 2276 3207 2327 vos,
3234 2270 3289 2314 et
3313 2260 3401 2331 qui
3429 2260 3706 2316 vobiscum

2104 2362 2253 2418 sunt,
2283 2351 2368 2405 hic
2389 2362 2443 2407 et
2470 2352 2523 2406 in
2554 2352 2733 2407 futuro
2757 2354 2979 2407 meliora
3021 2352 3364 2424 possideatis,
3391 2369 3505 2423 qua:
3530 2354 3711 2407 oculus

2103 2459 2205 2497 non
2232 2444 2378 2508 vidit,
2399 2460 2490 2497 nec
2515 2444 2658 2497 auris
2679 2445 2897 2509 audivit,
2924 2462 3015 2498 nec
3030 2450 3082 2498 in
3101 2461 3188 2498 cor
3208 2445 3430 2498 hominis
3456 2445 3707 2508 ascendit,

2103 2554 2216 2608 quw
2233 2540 2527 2609 preparavit
2550 2538 2685 2593 Deus
2716 2540 3044 2611 diligentibus
3065 2557 3116 2594 se
3135 2538 3176 2611 (Ι
3195 2537 3341 2604 Cor.,
3366 2537 3446 2611 It).
3479 2540 3585 2595 Per
3606 2540 3712 2595 Do—

2106 2632 2307 2686 minum
2329 2641 2572 2686 nostrum
2589 2632 2772 2688 Jesnm
2791 2633 3087 2699 Christum,
3109 2651 3202 2704 per
3222 2650 3381 2704 quem
3398 2644 3587 2689 etcum
3605 2649 3711 2705 quo

2105 2722 2454 2792 omnipotenti
2500 2725 2607 2778 Deo
2631 2725 2798 2795 gloria
2846 2725 2897 2779 in
2931 2726 3124 2780 srecula
3153 2727 3709 2781 smeulorum.Amen.

2106 2813 2300 2871 Valere
2332 2832 2428 2872 vos
2454 2827 2582 2888 opto
2603 2860 2617 2885 ,
2646 2818 2949 2873 charissimi
2979 2818 3192 2873 fratres.
3224 2819 3352 2872 Data
3377 2820 3563 2887 quinto
3591 2820 3713 2877 idus

2105 2908 2318 2977 augusti
2338 2949 2354 2975 ,
2395 2908 2623 2963 Claudio
2654 2920 2708 2965 et
2737 2909 2972 2965 Paterno
3005 2910 3137 2964 viris
3164 2909 3481 2966 clarissimis
3510 2926 3712 2967 consu—

2104 2998 2310 3055 laribus
2341 3007 2456 3071 (an.
2486 3000 2684 3057 Christi
2711 3000 2841 3068 269,
2871 2999 3107 3055 trandum
3142 3010 3352 3058 mortuo
3396 3002 3710 3076 Dionysio).

2680 3130 3019 3188 EPISTULA
3054 3133 3143 3187 Ill.

2537 3264 2604 3301 AD
2656 3263 2918 3303 ΒΕΝισΝυιι
2972 3262 3285 3303 EPISCOPUM.

2183 3381 2223 3435 Ι.
2258 3379 2446 3434 Errant
2470 3382 2553 3452 qui
2591 3379 2640 3433 F
2641 3381 2786 3435 ilium
2831 3396 2931 3434 non
2958 3380 3127 3434 videre
3150 3380 3359 3435 Patrem
3381 3382 3709 3454 contendunt,

2112 3488 2169 3527 eo
2185 3472 2321 3543 quod
2345 3472 2505 3526 Deum
2528 3490 2674 3527 nemo
2701 3473 2825 3526 vidit
2848 3490 3103 3543 untquam.

2190 3564 2255 3620 Il.
2291 3563 2480 3619 Errant
2510 3565 2818 3636 aﬂirmantes
2848 3562 2897 3616 F
2901 3566 3042 3618 ilium
3086 3566 3331 3621 minorem
3377 3565 3562 3637 Putre,
3593 3570 3714 3640 quia

2115 3654 2207 3711 ille
2228 3656 2512 3720 invisibilis,
2547 3654 2596 3709 F
2599 3656 2717 3733 ilius
2748 3672 2861 3710 vero
2888 3655 3117 3711 visibilis.

2189 3746 2530 3802 Dilectissimo
2552 3747 2704 3817 fratri
2722 3746 2950 3819 Benigno
2969 3750 3230 3821 episcopo,
3248 3750 3404 3805 Felix
3424 3752 3710 3825 episcopus,

2115 3834 2170 3887 in
2196 3832 2417 3887 Domino
2439 3835 2678 3887 salutent.

2188 3967 2556 4036 Suscipientes
2595 3966 2947 4024 fraternitatis
2979 3978 3083 4025 tua:
3109 3971 3364 4040 epistolas
3391 3972 3714 4046 (Zacharias,

2116 4079 2197 4134 ep.
2225 4063 2279 4133 ν)
2306 4105 2319 4125 ,
2349 4063 2543 4133 quibus
2589 4078 2674 4117 me
2713 4063 2984 4131 requisisti
3013 4079 3176 4135 super
3204 4067 3326 4122 ﬁdei
3349 4068 3711 4135 documentis,

2117 4171 2239 4225 qute
2269 4155 2337 4209 ab
2360 4156 2482 4211 aliis
2505 4156 2842 4212 habebantur
2861 4157 3038 4219 aliter.
3062 4174 3219 4227 quam
3252 4172 3412 4215 recta:
3438 4162 3559 4218 ﬁdei
3586 4179 3716 4218 con-

2119 4251 2703 4311 tineantsacramenta.
2731 4261 2886 4319 prout
2922 4251 3181 4307 Dominus
3204 4252 3376 4316 dedit,
3411 4271 3507 4324 pro
3530 4257 3721 4315 frater-

2119 4344 2303 4398 nitatis
2332 4359 2519 4399 amore
2563 4344 2894 4414 respondere
2926 4361 3032 4399 non
3061 4347 3460 4404 resultavimus.
3494 4350 3737 4423 Semper_

2120 4436 2265 4490 enim
2313 4435 2473 4491 dubia
2522 4444 2579 4491 et
2628 4436 2831 4506 majora
2887 4438 3128 4507 negotia,
3188 4440 3472 4495 terminum
3521 4444 3588 4497 ab
3617 4442 3719 4501 bac

426 4518 496 4575 de
524 4516 760 4572 futilibus
788 4516 1075 4570 salutiferis
1114 4516 1465 4585 spiritualiter
1499 4517 1566 4571 ad
1603 4519 2014 4590 acquisitiouem
2040 4503 2095 4562 D
2120 4540 2307 4583 sancta
2344 4530 2498 4596 sede,
2530 4544 2559 4583 a
2587 4503 2831 4599 tempore
2871 4503 3273 4601 apdstolorum,
3325 4535 3413 4604 qui
3449 4550 3567 4591 eam
3605 4538 3718 4595 suis

426 4619 645 4668 aeterna:
674 4609 798 4663 vita:
826 4610 1124 4678 procedunt
1155 4611 1290 4664 tales
1321 4612 1689 4667 accusationes
1715 4625 1769 4668 et
1800 4613 2012 4670 detrac-

428 4704 636 4771 tiones,
679 4710 838 4773 atque
881 4703 1002 4758 ideo
1050 4714 1423 4773 competenter
1459 4720 1556 4760 nos
1584 4707 1771 4763 beatus
1818 4708 2014 4765 Paulus

424 4795 700 4866 apostolus
748 4795 1107 4865 prmtnuuiens
1150 4798 1225 4850 ait
1257 4814 1270 4850 :
1301 4795 1425 4851 Non
1465 4798 1644 4853 debere
1683 4800 1800 4871 plus
1838 4818 2018 4872 sapere

425 4904 577 4958 quam
637 4898 833 4956 oportet
897 4904 1107 4959 sapere,
1170 4889 1260 4943 sed
1326 4907 1504 4960 sapere
1566 4892 1634 4946 ad
1699 4891 2016 4948 sobrietatem

424 4979 629 5055 (Rom,
661 4980 777 5053 xu),
819 4982 872 5036 in
912 4981 1227 5038 deﬁnitione
1265 4983 1480 5053 pietatis
1513 4985 1881 5056 perdurantes.
1912 4988 2016 5055 Qui

426 5072 569 5127 enim
597 5072 714 5126 haec
742 5084 1102 5142 praetereunt,
1141 5092 1247 5130 non
1286 5086 1490 5131 tantum
1523 5078 1633 5133 laesi
1680 5089 1834 5147 sunt,
1867 5080 2013 5136 deci-

425 5164 617 5220 dentes
656 5180 685 5218 a
732 5166 1173 5225 eorroboratione
1221 5186 1353 5236 sua,
1406 5172 1500 5226 sed
1544 5172 1863 5243 insipientiae
1902 5192 2014 5232 suae

425 5260 830 5330 dereliquerunt
865 5260 1112 5318 domibus
1140 5265 1477 5332 memoriam,
1508 5275 1564 5321 ut
1587 5268 1640 5321 in
1670 5267 1785 5339 his,
1814 5270 1866 5324 in
1895 5271 2016 5341 qui-

422 5353 523 5413 bus
567 5367 951 5427 peccaveruut,
996 5358 1217 5416 minime
1253 5359 1423 5417 latere
1467 5361 1791 5431 potuissent.
1829 5362 2012 5422 Gloria

2119 4621 2460 4679 documentis
2488 4623 2878 4687 instruxerunt,
2920 4626 3168 4696 accipere
3197 4640 3620 4685 consueverunt.
3652 4631 3720 4685 Et

2116 4717 2240 4773 ideo
2266 4728 2322 4773 tu
2348 4728 2495 4774 recte
2526 4718 2717 4780 fecisti,
2737 4717 2890 4789 ‘quod
2920 4719 3080 4790 hujus
3105 4733 3305 4777 sancta:
3331 4724 3476 4779 sedis
3502 4725 3718 4780 consula

2120 4811 2189 4866 tis
2215 4819 2269 4867 te
2314 4822 2646 4880 caeterosque
2691 4812 2890 4867 ﬁrmari
2918 4820 2975 4868 et
3004 4814 3194 4869 instrui
3221 4815 3460 4871 voluisti.

2191 4905 2234 4960 Ι.
2263 4905 2712 4961 —Continebaut
2759 4906 2902 4961 enim
2944 4907 3135 4963 littera:
3181 4917 3321 4975 tum,
3378 4909 3724 4982 fratrumque.

2125 5007 2358 5062 tuorum,
2400 4999 2541 5068 quod
2567 4998 2782 5066 quidam
2818 4998 3028 5066 dicunt,
3054 4998 3245 5055 Filium
3282 5017 3385 5056 non
3410 5016 3567 5071 posse
3588 5019 3717 5073 pro-

2122 5092 2239 5163 prie
2269 5091 2454 5147 videre
2500 5090 2743 5158 Patrem,
2770 5091 2893 5161 quia
2923 5092 3179 5161 scriptum
3224 5101 3308 5147 est
3341 5110 3355 5146 :
3389 5092 3552 5149 Deum
3581 5097 3710 5149 enint

2119 5199 2265 5237 nemo
2311 5182 2436 5236 vidit
2480 5198 2740 5252 umquam.
2776 5182 2843 5236 Et
2885 5182 2975 5237 alii
3007 5182 3211 5255 ﬁngunt
3242 5201 3254 5237 :
3281 5184 3410 5241 Ideo
3435 5187 3608 5241 minor
3633 5194 3716 5241 est

2118 5275 2277 5330 Patre
2306 5273 2507 5341 Filius,
2534 5275 2793 5345 quoniam.
2808 5273 2967 5330 Pater
2993 5275 3074 5331 illi
3100 5276 3327 5347 perhibet
3349 5279 3710 5335 testimonium.

2117 5366 2345 5437 Quidam
2382 5377 2561 5424 autem
2592 5367 2855 5441 garriunt,
2882 5368 3027 5440 quod
3058 5368 3180 5427 ideo
3209 5368 3370 5429 Patre
3399 5372 3576 5427 minor
3607 5382 3710 5446 est,

1652 5550 2035 5615 LECTIONES
2070 5551 2377 5614 YARIANT
2384 5551 2485 5609 ES.

480 5719 504 5747 α
537 5718 591 5769 In
613 5719 781 5780 lingua
803 5704 1193 5787 homintsxtatb.
