3990 6060
281 158 388 213 153

1422 149 1778 210 ΕΡΙΞΤΟΙΛΕ
1818 150 2048 209 ΒΗΒΙᾹΞ
2085 150 2439 235 QUATUOR.

3464 159 3567 214 134

274 275 404 345 quia
443 273 710 329 invisibilis
740 275 848 344 ipse
886 272 1072 328 dicitur
1107 275 1130 343 (
1160 272 1221 327 S.
1251 269 1433 336 Joan.,
1468 289 1513 334 t;
1546 272 1606 327 S.
1653 269 1864 336 Matt/1.,
1895 278 1947 337 Α
1972 274 2105 344 quod
2149 273 2499 327 absconditum
2541 273 2639 342 fuit
2683 291 2716 328 a
2760 274 2962 330 steculis
3000 285 3046 330 et
3086 291 3118 329 a
3161 274 3569 348 generationibus

276 382 430 434 xvu;
456 365 515 422 S.
543 365 738 431 Mam,
760 383 848 432 tx;
881 366 1112 434 S.Luc.,
1141 382 1229 431 ts;
1261 363 1449 430 ICor.,
1472 381 1565 431 tv;
1592 362 1791 432 Colos.,
1819 381 1868 427 ις

279 459 301 514 1
342 458 506 525 Tint.,
548 459 630 530 ι),
682 459 849 514 Filius
891 475 1019 515 vero
1072 458 1299 515 visibilis
1342 459 1745 528 comprobatur.
1805 459 1870 514 Ili

273 553 429 609 enim
455 553 759 623 ignorantes
781 552 1078 607 divinarum
1104 552 1498 623 Scripturarum
1517 562 1570 607 et
1599 553 1871 621 apostolo-

275 665 402 703 rum
474 649 609 716 jura,
682 664 747 703 ex
799 649 1015 718 proprio
1060 656 1151 702 aut
1184 648 1489 703 adulterino
1537 662 1697 702 sensu
1748 647 1869 702 talia

276 742 578 805 fabricant,
608 751 663 797 et
703 741 961 797 seducere
999 742 1161 797 corda
1203 742 1437 798 ﬁdelium
1489 753 1735 813 quaerunt
1765 741 1869 814 (l).

273 837 388 894 Nos
416 852 545 892 vero
571 837 638 891 ad
662 835 828 906 ipsius
850 835 1013 891 fontis
1042 838 1302 912 originem
1332 836 1636 900 redeamus,
1669 852 1735 891 ex
1764 850 1871 906 quo

276 929 477 984 Filium
528 928 742 983 Patrem
791 944 1005 998 semper
1062 928 1244 986 videre
1299 932 1535 999 potuisse
1565 928 1650 983 vel
1691 942 1869 997 posse,

277 1024 704 1080 evidentiorihus
728 1024 1048 1079 testimoniis
1079 1025 1284 1081 Veteris
1311 1038 1366 1080 et
1381 1025 1508 1080 Novi
1542 1024 1870 1080 Testamenti

279 1117 481 1173 litteris
522 1116 809 1182 docemus.
836 1118 1127 1175 Salomone
1158 1119 1366 1175 dicente
1400 1135 1415 1174 :
1453 1118 1542 1173 Est
1570 1129 1731 1173 tecum
1780 1136 1869 1173 sa-

279 1213 506 1283 pientia,
550 1229 663 1283 qum
688 1214 826 1268 nouit
869 1230 1024 1283 opera
1053 1227 1159 1279 tua,
1193 1230 1307 1286 qtae
1327 1214 1495 1287 adfuit
1525 1214 1611 1268 tibi
1650 1231 1761 1267 cum
1790 1218 1873 1284 [a-

280 1322 428 1361 ceres
475 1307 638 1361 orbem
668 1317 940 1373 terrarum,
982 1319 1028 1362 et
1069 1309 1180 1376 ipsa
1206 1309 1341 1362 novit
1368 1308 1489 1377 quid
1527 1309 1592 1362 sit
1628 1308 1871 1377 placitum

278 1396 623 1466 coramgoculis
646 1401 763 1454 tuis.
781 1401 846 1455 Et
862 1401 1116 1456 Dominus
1134 1402 1188 1456 in
1206 1401 1498 1472 Evangelia
1521 1420 1533 1454 :
1553 1400 1719 1454 Nemo
1735 1401 1872 1455 navit

275 1490 478 1547 Filium
503 1493 601 1549 nisi
628 1491 807 1562 Pater,
837 1510 996 1559 neque
1031 1493 1234 1548 Patrem
1254 1495 1366 1563 quis
1386 1495 1522 1549 novit
1552 1494 1651 1549 nisi
1676 1492 1866 1559 Filius,

268 1595 323 1639 et
350 1586 435 1640 cui
463 1587 675 1640 uoluerit
695 1584 860 1641 Filius
891 1588 1125 1643 revelare.
1153 1588 1218 1644 Et
1249 1588 1437 1643 iterum
1468 1605 1481 1640 :
1511 1584 1675 1641 Nemo
1704 1584 1869 1641 Deum

1974 364 2267 438 (Ibidem).
2308 365 2438 420 Item
2475 365 2585 421 ibi:
2633 365 2699 422 Ut
2742 367 3068 423 consolentur
3112 369 3267 424 corda
3300 384 3474 423 eorum
3512 369 3569 422 in

1972 460 2242 521 charitate,
2274 461 2327 514 in
2353 476 2525 515 omnes
2550 460 2753 515 divitias
2773 462 3152 531 adimplctionis
3180 463 3486 528 intellectus,
3515 464 3569 519 in

1973 552 2281 620 agnitionem
2320 553 2574 622 mysterii,
2606 552 2741 621 quod
2781 564 2851 607 est
2892 550 3128 608 Christus
3151 596 3166 620 ,
3210 556 3262 609 in
3301 572 3400 625 quo
3448 563 3569 611 sunt

1973 660 2147 697 omnes
2186 644 2411 698 thesauri
2453 646 2721 713 sapientia:
2760 654 2807 698 et
2846 645 3070 698 scientia:
3110 646 3395 700 absconditi
3434 646 3572 717 (Co-

1975 736 2119 798 loss.,
2152 753 2185 791 ll
2205 738 2247 807 ).
2282 737 2348 792 Et
2375 738 2424 791 in
2458 739 2665 806 psalmo
2689 754 2889 793 LXXVI:
2919 736 2984 792 In
3012 741 3138 792 mari
3164 750 3237 792 est
3263 740 3344 794 via
3371 750 3460 794 tua
3479 782 3494 808 ,
3522 749 3570 796 et

1974 829 2166 883 semitm
2194 841 2295 883 tua:
2319 831 2370 883 in
2400 830 2547 899 aquis
2572 830 2777 895 multis,
2806 841 2853 886 et
2880 832 3086 902 vestigia
3115 841 3201 886 tua
3227 849 3328 887 non
3355 848 3570 904 cognos-

1972 933 2169 977 centur.
2203 923 2267 978 Et
2300 924 2351 977 in
2380 923 2700 981 Salomone:
2731 924 3052 994 Sapientiam
3086 925 3178 981 Dei
3205 930 3568 996 praecedentem

1973 1016 2177 1079 omnia,
2209 1018 2321 1085 quis
2348 1017 2665 1086 investigabit
2708 1015 2913 1089 (Eccl..
2947 1017 3038 1089 t)?
3080 1018 3212 1074 Item
3255 1019 3360 1075 ibi:
3397 1018 3569 1075 Radix

1971 1109 2236 1178 sapientia:
2259 1111 2341 1164 cui
2364 1114 2585 1165 revelata
2608 1112 2721 1165 est?
2751 1124 2796 1165 et
2816 1112 3039 1167 astutias
3065 1114 3204 1168 illius
3225 1116 3338 1186 quis
3362 1116 3568 1187 agnovit

1972 1200 2249 1274 (Ibidem)?
2272 1204 2397 1258 Item
2419 1204 2488 1257 ibi
2509 1203 2827 1269 :Disciplina
2848 1206 3114 1274 sapientia:
3138 1208 3220 1261 cui
3246 1208 3569 1277 manifestata

1972 1304 2063 1359 est,
2090 1304 2136 1348 et
2182 1295 2658 1363 multiplicationem
2683 1297 2940 1367 ingressus
2983 1297 3122 1351 illius
3164 1298 3277 1369 quis
3320 1298 3568 1354 intellexit

1975 1386 2287 1460 (Ibidem)?
2331 1389 2463 1445 Item
2512 1391 2619 1446 ibi:
2664 1391 2920 1458 Quoniam
2959 1390 3214 1445 mirabilia
3258 1400 3374 1446 sunt
3414 1408 3569 1462 opera

1972 1481 2180 1536 Domini
2216 1484 2376 1538 solius
2396 1526 2411 1548 ,
2450 1493 2498 1538 et
2529 1486 2751 1554 gloriosa
2782 1495 2827 1540 et
2856 1485 3103 1540 absconsa
3123 1528 3139 1551 ,
3173 1495 3220 1539 et
3249 1502 3403 1557 opera
3429 1486 3569 1543 illius

1969 1578 2131 1632 invisa
2158 1578 2445 1633 hominibus
2475 1578 2494 1652 (
2516 1578 2659 1634 Eccl.
2678 1622 2691 1645 ,
2729 1596 2762 1633 tt
2859 1579 2994 1635 Ecce
3023 1580 3163 1635 sicut
3194 1580 3351 1636 Pater
3380 1580 3570 1635 invisi-

267 1679 399 1732 Iridit
429 1696 694 1751 umquam,
740 1681 839 1735 nisi
884 1682 1175 1753 unigenitus
1204 1680 1389 1745 Filius,
1427 1680 1513 1752 qui
1547 1690 1619 1735 est
1650 1680 1700 1733 in
1749 1680 1862 1734 sinu

1971 1671 2093 1725 bilis
2115 1682 2227 1739 est,
2250 1672 2321 1728 ita
2350 1675 2510 1728 etiam
2536 1682 2590 1728 et
2616 1672 2782 1728 Filios
2809 1673 3102 1728 invenitur.
3130 1672 3412 1741 Quomodo
3437 1688 3569 1744 ergo

267 1769 471 1838 Patris,
493 1774 600 1846 ipse
628 1775 876 1830 narravit.
896 1774 964 1829 Et
988 1775 1181 1831 iterum
1208 1775 1406 1831 Iudaeis
1426 1775 1561 1829 dixit
1585 1792 1601 1829 :
1638 1773 1734 1828 Vos
1764 1790 1865 1828 non

267 1867 435 1921 nostis
490 1885 601 1921 eum
630 1911 643 1930 ,
687 1886 777 1941 ego
816 1878 982 1923 autem
1024 1859 1321 1925 novi‘eum.
1371 1869 1521 1936 Quod
1552 1869 1594 1922 si
1646 1869 1860 1933 dixero,

266 1960 394 2025 quia
425 1975 523 2013 non
553 1961 670 2014 novi
696 1978 808 2015 eum
829 2003 845 2029 ,
898 1977 983 2014 ero
1028 1962 1208 2016 similis
1252 1963 1389 2016 vobis
1415 2002 1428 2023 ,
1461 1962 1698 2016 mendax.
1734 1960 1865 2016 Item

265 2051 345 2107 ibi
380 2072 393 2107 :
426 2054 528 2121 Qui
551 2071 613 2109 ex
639 2053 750 2109 Deo
776 2065 868 2120 est,
898 2056 980 2111 hic
1008 2057 1143 2111 uouit
1182 2073 1295 2111 eum
1326 2074 1339 2109 :
1387 2056 1454 2111 Et
1481 2058 1672 2111 iterum
1705 2074 1718 2111 :
1752 2053 1865 2127 Ego

265 2147 388 2200 novi
412 2164 547 2212 eum,
570 2148 692 2216 quia
712 2147 776 2202 ab
796 2149 909 2218 ipso
930 2166 1061 2204 sum.
1089 2149 1230 2205 Ecce
1260 2149 1538 2205 docuimus
1567 2151 1687 2221 quia
1718 2148 1866 2203 videt
1886 2206 1901 2220 .

267 2253 489 2309 semper
520 2239 687 2295 Filius
718 2241 954 2297 Patrem.
979 2244 1262 2309 Quomodo
1295 2246 1582 2300 adstruunt
1608 2261 1730 2300 eum
1764 2245 1863 2299 Pa-

269 2339 412 2385 trem
436 2346 541 2387 non
570 2347 730 2402 posse
757 2335 939 2391 videre
959 2379 973 2400 ,
1003 2337 1055 2392 in
1083 2336 1235 2405 cujus
1258 2336 1375 2391 sinu
1395 2337 1632 2393 noscitur
1658 2338 1866 2409 perma-

265 2424 441 2479 nere?
465 2424 524 2478 Si
549 2439 743 2481 sereno
773 2442 935 2483 sensu
966 2427 1176 2483 divinas
1219 2444 1505 2485 recenseas
1533 2428 1863 2500 Scripturas,

270 2517 521 2573 invenies
550 2533 653 2574 non
671 2520 844 2574 solum
876 2510 1092 2577 Patrem
1119 2523 1259 2579 Filio
1283 2525 1647 2580 testitu0uitlm
1680 2524 1862 2595 perhi-

268 2610 522 2677 bentem,
562 2613 652 2667 sed
678 2622 841 2669 totam
883 2616 1044 2671 simul
1085 2617 1503 2686 inseparabilem
1545 2620 1859 2685 trinitatem,

266 2703 397 2773 ipso
423 2703 647 2759 Domino
687 2717 1042 2777 protestante,
1072 2710 1261 2779 quiiait
1294 2730 1305 2763 ;
1340 2709 1449 2782 Ego
1473 2714 1691 2782 suntqui
1725 2716 1866 2768 testi-

266 2796 494 2849 monium
538 2800 773 2868 perhibeo
794 2801 858 2854 de
878 2817 957 2855 me
979 2803 1111 2873 ipso,
1162 2811 1207 2856 et
1254 2803 1596 2857 testimonium
1638 2806 1865 2871 perhibet

267 2887 335 2941 de
359 2904 460 2953 me,
489 2892 576 2959 qui
634 2891 770 2945 misit
831 2910 928 2958 me,
987 2892 1145 2948 Pater
1204 2894 1288 2966 (S.
1341 2893 1526 2961 loan.,
1586 2895 1724 2966 vui).
1798 2899 1865 2954 Et

264 2981 466 3037 iterum
497 3000 512 3037 :
541 2982 604 3039 Si
642 3000 735 3056 ego
764 2986 1104 3040 testimonium
1136 2986 1370 3055 perhibeo
1393 2987 1456 3040 de
1476 2988 1685 3056 meipso,
1718 2991 1860 3043 testi-

1967 1765 2035 1818 ah
2066 1764 2170 1819 illis
2191 1805 2205 1829 ,
2238 1766 2328 1836 qui
2361 1766 2462 1820 hoc
2488 1766 2666 1821 dicunt
2700 1765 2841 1836 quod
2884 1765 3210 1829 mandastis,
3242 1766 3293 1819 in
3326 1780 3391 1821 eo
3419 1764 3564 1837 quod

1969 1856 2124 1913 nobis
2150 1858 2440 1913 carnaliter
2467 1873 2527 1913 se
2552 1857 2723 1913 videri
2751 1858 3000 1927 dignatus
3020 1867 3103 1913 est
3121 1899 3136 1921 ,
3162 1856 3322 1912 Patre
3345 1857 3570 1915 inferior

1963 1949 2275 2021 judicatnr?
2324 1950 2547 2005 Talibus
2594 1952 2761 2006 nolite
2801 1949 3025 2005 credere
3073 1964 3202 2017 vos,
3245 1958 3301 2004 et
3336 1950 3472 2035 alios
3501 1950 3570 2005 ab

1969 2056 2154 2098 eorum
2181 2057 2343 2098 sensu
2365 2055 2612 2099 avertere
2633 2045 2842 2098 docete.
2877 2041 2979 2096 Vos
3005 2059 3123 2114 ergo
3146 2044 3327 2098 servire
3350 2042 3568 2098 Domino

1968 2136 2021 2191 in
2051 2137 2230 2191 timore
2249 2181 2261 2201 ,
2296 2146 2341 2191 et
2370 2138 2596 2193 exultatc
2645 2140 2691 2193 ei
2719 2154 2834 2192 cum
2866 2148 3080 2193 tremore
3109 2138 3129 2209 (
3146 2136 3294 2193 Psal.
3325 2135 3421 2209 tt).
3456 2138 3567 2210 Ap-

1970 2232 2266 2302 prehendite
2293 2232 2621 2301 disciplinam
2641 2276 2655 2297 ,
2690 2249 2753 2286 ne
2781 2232 2995 2303 pereatis
3033 2233 3097 2286 de
3133 2233 3214 2286 via
3245 2233 3408 2303 justa.
3442 2232 3568 2289 Haec

1967 2337 2099 2377 vero
2131 2322 2274 2395 (‘24,
2307 2341 2359 2394 q.
2393 2325 2445 2378 t.
2484 2325 2522 2376 A
2562 2334 2702 2378 recta
2741 2340 2860 2394 ergo
2900 2320 3038 2393 ﬁde)
3079 2323 3447 2393 apostolorum
3486 2332 3571 2379 est

1969 2417 2086 2469 viva
2120 2416 2355 2481 traditio,
2380 2415 2497 2470 Ilth
2520 2420 2642 2472 vera
2664 2415 2920 2479 Charitas.
2951 2432 3070 2488 qua:
3100 2415 3437 2485 praedicanda
3463 2427 3567 2484 est,

1967 2523 2032 2562 ac
2061 2507 2330 2563 veraciter
2356 2508 2625 2579 diligenda
2657 2525 2721 2565 ac
2750 2509 2980 2564 fovenda
3001 2553 3015 2575 ,
3050 2520 3209 2580 atque
3249 2509 3568 2567 ﬁducialitcr

1969 2599 2039 2655 ah
2064 2598 2318 2655 omnibus
2351 2602 2604 2656 tenenda.
2634 2601 2761 2656 Haec
2786 2612 2968 2657 sancta
2997 2611 3052 2656 et
3076 2602 3367 2671 apostolica
3397 2613 3571 2658 mater

1968 2692 2208 2748 omnium
2238 2692 2591 2749 ecclesiarum
2624 2693 2844 2767 (Agath.
2875 2711 2959 2764 ep.
2986 2696 3053 2748 ad
3077 2693 3251 2749 Const.
3279 2692 3442 2765 Imp.,
3462 2703 3566 2750 act.

1966 2801 2043 2840 tv.
2074 2802 2218 2840 conc.
2251 2802 2305 2841 v1
2332 2786 2684 2858 oecumenici),
2733 2786 2936 2843 Christi
2978 2787 3248 2850 Ecclesia,
3301 2803 3422 2858 quae
3472 2802 3569 2858 per

1970 2879 2060 2934 Dei
2091 2880 2478 2951 omnipotentis
2508 2882 2737 2953 gratiam
2757 2924 2772 2948 ,
2807 2897 2836 2936 a
2871 2884 3084 2937 tramite
3118 2881 3430 2952 apostolica:
3461 2890 3569 2936 tra-

1966 2971 2186 3027 ditionis
2216 2988 2505 3044 numquam
2528 2989 2745 3029 errasse
2778 2975 3054 3044 probatur,
3082 2990 3178 3029 uec
3203 2974 3272 3029 ab
3299 2973 3569 3029 haereticis

264 3076 499 3129 monium
528 3093 699 3132 meum
748 3094 919 3133 υεηηη
945 3089 1039 3146 εει,
1058 3081 1177 3149 quia
1204 3081 1308 3134 δείο
1339 3080 1476 3135 unde
1500 3081 1659 3147 venio,
1690 3092 1738 3137 ει
1765 3099 1866 3154 quo
1893 3080 1938 3143 ρ
1973 3066 2299 3120 novitatibus
2324 3066 2671 3136 depravanda
2696 3067 3019 3133 succubuit,
3048 3067 3143 3123 sed
3177 3077 3234 3122 ut
3260 3068 3312 3122 io
3344 3068 3568 3123 exordio

262 3169 398 3225 vado
439 3170 706 3245 (Ibidem).
750 3174 815 3228 Et
860 3175 927 3230 de
954 3174 1157 3243 Spiritu
1206 3176 1450 3234 Sancto:
1498 3177 1627 3232 Cum
1673 3181 1862 3233 venerit

262 3262 575 3321 Paracletus
592 3268 803 3337 spiritus
821 3269 1067 3335 veritatis,
1095 3269 1186 3324 ille
1213 3273 1553 3326 testimonium
1584 3272 1861 3341 per/libebit

260 3359 331 3412 de
356 3376 437 3413 me
463 3359 668 3429 (Joan.,
705 3367 825 3433 xv).
865 3360 1102 3432 Intende,
1131 3381 1323 3436 quaeso,
1353 3365 1556 3421 intende
1597 3368 1857 3438 quoniam,

261 3451 318 3503 in
343 3452 526 3521 quibus
555 3469 656 3507 una
676 3455 1045 3524 testiﬁcationis
1063 3459 1220 3511 virtus
1246 3458 1528 3512 ostenditur
1546 3502 1561 3527 ,
1594 3460 1770 3516 nullus
1796 3461 1859 3515 ab

260 3547 371 3601 alio
391 3565 551 3619 neque
576 3550 745 3620 potior
771 3567 930 3621 neque
946 3550 1158 3621 inferior
1171 3552 1457 3622 judicatur.

337 3639 689 3708 ll.—-S:cpius
718 3643 814 3697 ista
833 3642 937 3710 iam
951 3642 1203 3707 diximds,
1219 3643 1339 3713 quia
1358 3646 1652 3699 secundum
1670 3643 1859 3719 (2)110-

256 3737 428 3792 minis
464 3737 688 3791 formam
717 3735 885 3795 Filius
910 3738 1140 3792 visibilis
1166 3737 1381 3800 dicitur,
1410 3739 1701 3793 secundum
1732 3754 1860 3795 vero

255 3829 485 3886 deitatis
514 3829 863 3884 substantiam
898 3829 1181 3884 invisibilis
1213 3830 1548 3898 prtedicatnr,
1585 3830 1750 3886 Paulo
1778 3841 1859 3887 at-

256 3931 499 3979 teStante
521 3922 797 3992 apostolo:
820 3922 865 3977 0
882 3922 1118 3987 altitudo,
1138 3924 1331 3994 inquit,
1352 3924 1640 3978 divitiarum
1658 3926 1858 3995 sapien-

257 4017 350 4071 tia:
378 4025 429 4069 et
456 4016 675 4069 scientite
697 4015 790 4069 Dei
806 4016 826 4069 .'
845 4031 995 4086 quam
1023 4016 1548 4086 incomprehensibilia
1576 4028 1692 4072 sunt
1711 4019 1858 4088 judi-

256 4113 341 4165 cia
369 4113 514 4180 ejus,
548 4119 595 4163 et
624 4110 997 4180 inuestigabiles
1026 4111 1120 4164 via:
1146 4113 1254 4181 ejus
1286 4112 1304 4182 (
1327 4112 1503 4175 Ront.,
1542 4128 1595 4167 XI
1615 4110 1669 4183 )!
1707 4113 1774 4167 Et
1803 4115 1854 4168 in

255 4203 432 4259 Isaia:
467 4202 563 4257 Cui
591 4205 806 4257 similem
832 4205 1095 4258 wstimatis
1123 4221 1236 4258 eum
1254 4246 1269 4270 ,
1301 4221 1416 4259 cum
1444 4207 1507 4261 sit
1536 4209 1646 4277 ipse
1673 4208 1853 4260 invisi-

257 4300 376 4354 bilis
409 4296 582 4371 (Isai.
607 4339 621 4359 ,
658 4313 728 4352 ιι,
751 4297 806 4369 )?
837 4297 905 4353 Et
955 4299 1080 4353 item
1134 4300 1427 4369 Apostolus
1472 4318 1482 4354 :
1521 4300 1656 4355 Mihi
1685 4313 1855 4356 autem

256 4392 470 4445 minimo
500 4390 725 4444 omnium
755 4402 1046 4445 sanctorum
1075 4391 1197 4444 data
1226 4400 1297 4445 est
1324 4396 1488 4463 gratia
1519 4394 1626 4449 haec
1654 4396 1706 4449 in
1732 4413 1854 4466 gen-

1965 3175 2212 3216 normam
2240 3162 2361 3218 ﬁdei
2389 3161 2698 3218 christianze
2726 3162 2968 3232 percepit
2996 3162 3066 3216 ab
3091 3162 3406 3217 auctoribus
3427 3161 3562 3229 suis,
3598 3202 3599 3209 η

1964 3255 2330 3324 apostolorum
2361 3253 2560 3311 Chrisﬁ
2604 3254 2973 3325 principibus,
3017 3254 3221 3309 illibata
3264 3255 3371 3308 ﬁne
3410 3265 3567 3309 tenus

1964 3359 2179 3412 manet,
2211 3347 2510 3405 secundum
2546 3349 2714 3421 ipsius
2747 3348 2957 3403 Domini
2989 3346 3284 3403 Salvatoris
3325 3347 3562 3402 divinam

1964 3444 2405 3512 pollicitationem
2429 3486 2446 3511 ,
2475 3444 2565 3514 qui
2595 3459 2814 3498 suorum
2842 3441 3227 3512 discipulorum
3257 3441 3479 3512 principi
3509 3440 3561 3495 in

1963 3539 2074 3595 suis
2101 3538 2240 3593 latus
2267 3547 2351 3593 est
2376 3536 2702 3607 evangeliis:
2731 3535 2886 3591 Petre
2905 3578 2921 3599 ,
2953 3535 3199 3606 inquiens
3219 3578 3234 3601 ,
3265 3552 3378 3590 ecce
3404 3535 3562 3590 Sata-

1963 3647 2057 3684 nas
2082 3630 2319 3700 expetivit
2361 3638 2411 3683 ut
2442 3629 2685 3683 cribraret
2711 3646 2818 3695 vos,
2844 3630 2973 3683 sicut
2992 3634 3077 3699 qui
3101 3629 3288 3683 cribrat
3312 3628 3556 3684 triticum.

1964 3724 2076 3794 Ego
2106 3733 2270 3775 autem
2301 3738 2393 3789 pro
2424 3732 2471 3776 te
2496 3722 2674 3793 rogavi
2694 3763 2709 3786 ,
2741 3731 2797 3775 ut
2826 3738 2928 3775 non
2962 3722 3168 3789 deﬁciat
3198 3723 3326 3791 ﬁdes
3353 3731 3480 3787 tua;
3510 3733 3559 3776 et

1964 3830 2018 3874 tu
2038 3817 2315 3888 aliquando
2341 3831 2629 3880 conversus,
2655 3816 2903 3883 conﬁrma
2925 3817 3111 3886 fratres
3136 3825 3249 3871 tuos
3277 3815 3294 3885 (
3316 3814 3371 3870 S.
3403 3813 3559 3881 Luc.,

1964 3912 2142 3983 χχιι).
2166 3910 2486 3967 Consideret
2519 3911 2699 3979 itaque
2728 3918 2904 3964 vestra
2937 3908 3211 3964 excellens
3242 3908 3520 3978 prudentia
3543 3951 3559 3975 ,

1963 4023 2123 4079 quam
2169 4007 2369 4061 bonum
2413 4005 2484 4059 sit
2526 4004 2818 4074 persistere
2861 4003 2915 4057 in
2961 4002 3367 4074 dispensatione
3410 4000 3565 4058 vobis

1960 4099 2162 4154 credita
2184 4139 2198 4163 ,
2230 4107 2285 4151 et
2314 4097 2365 4151 in
2402 4095 2505 4150 ﬁde
2535 4104 2714 4173 recta,
2746 4104 2905 4164 atque
2951 4093 3220 4148 luereticis
3256 4104 3309 4148 ct
3350 4093 3562 4149 :enrulis

1961 4189 2161 4245 Christi
2204 4202 2537 4258 repugnare,
2569 4195 2622 4242 et
2658 4202 2947 4258 numquam
2992 4202 3022 4242 a
3061 4187 3305 4243 veritatis
3348 4189 3561 4243 tramite

1961 4283 2257 4339 declinare.
2309 4281 2572 4348 Quoniam
2620 4279 2877 4334 Dominus
2914 4289 2969 4335 et
3003 4279 3250 4335 Salvator
3275 4282 3513 4336 omnium
3540 4322 3557 4347 ,

1961 4379 2115 4450 cujus
2144 4378 2276 4432 lides
2302 4385 2416 4443 est,
2447 4375 2534 4446 qui
2569 4391 2666 4444 pro
2694 4374 2847 4429 nobis
2876 4374 3011 4427 mori
3045 4388 3149 4428 non
3179 4372 3472 4439 dubitavit,
3504 4382 3561 4429 et

258 4484 422 4547 tibus,
452 4484 800 4555 euangelizare
826 4485 1194 4555 inuestigabiles
1223 4484 1426 4540 divitias
1452 4485 1673 4551 Christi,
1714 4497 1762 4542 et
1792 4488 1855 4543 il-
1879 4500 1931 4560 Ι)
1956 4473 2177 4545 ιπυννεο
2206 4488 2304 4527 “"3
2333 4486 2433 4526 δυο
2460 4468 2689 4525 "idem"
2719 4469 2980 4540 sangui'ie
2999 4511 3014 4534 ν
3047 4467 3207 4523 ﬁdem
3240 4468 3379 4524 beati
3414 4469 3559 4524 Ρθιτί

255 4580 515 4635 luminare
540 4594 745 4643 omnes,
776 4593 889 4648 quae
915 4577 979 4631 sit
1008 4577 1274 4647 dispositio
1302 4580 1605 4633 sacrantenti
1642 4580 1854 4636 abscon-

258 4674 350 4725 diti
379 4689 413 4725 a
441 4672 675 4734 seculis,
707 4674 761 4724 in
790 4670 971 4741 quibus
1009 4672 1181 4724 omnia
1210 4674 1394 4726 creauit
1425 4672 1445 4745 (
1472 4672 1691 4743 Ephes.,
1726 4690 1783 4728 ιιι
1806 4675 1851 4747 ).

262 4764 396 4819 Item
426 4765 575 4834 ipse:
615 4764 717 4832 Qui
742 4772 834 4828 est,
862 4765 957 4829 ait,
986 4764 1154 4835 imago
1180 4765 1273 4818 Dei
1296 4764 1563 4819 invisibilis
1590 4767 1611 4838 (
1631 4766 1851 4833 Coloss.,

261 4871 282 4911 ι
378 4856 439 4910 Et
461 4855 526 4910 ad
548 4855 933 4911 Colossettses:
962 4855 1072 4927 Ego
1102 4856 1301 4912 Paulus
1328 4858 1575 4923 minister,
1602 4860 1691 4930 qui
1718 4875 1855 4913 nunc

258 4950 465 5024 gaudeo
488 4950 539 5002 in
566 4950 888 5018 passionibus
926 4951 1050 5004 meis
1091 4967 1182 5020 pro
1212 4951 1378 5017 vobis,
1422 4959 1469 5004 et
1496 4951 1710 5022 supplco
1740 4965 1853 5019 qua

256 5046 455 5098 desunt
486 5043 859 5097 tribulationum
887 5041 1077 5097 Christi
1113 5046 1166 5098 in
1194 5061 1346 5098 carne
1374 5060 1484 5097 mea
1516 5061 1609 5114 pro
1639 5060 1853 5114 corpore

255 5138 407 5207 ejus,
442 5135 576 5204 quod
604 5148 670 5190 est
701 5136 963 5201 Ecclesia,
996 5138 1142 5206 cujus
1172 5141 1336 5208 factus
1362 5149 1476 5193 sum
1506 5155 1596 5209 ego
1625 5140 1853 5194 minister

254 5230 546 5285 secundum
588 5229 1006 5301 dispensationem
1039 5232 1131 5287 Dei
1160 5234 1211 5287 in
1253 5236 1588 5290 ministerium
1625 5236 1849 5304 Christi,

329 5389 650 5467 (I)AVid‘e_sis
680 5390 862 5448 lthacii
893 5392 1024 5467 adv.
1048 5392 1393 5467 varimadum
1419 5394 1697 5462 Arianum,
1730 5412 1849 5467 cap.

255 5460 349 5529 18,
364 5460 498 5588 (Ege
522 5460 615 5531 ΞΟ,
647 5478 943 5536 eorumque
990 5465 1170 5522 titulos
1194 5507 1211 5535 ,
1234 5478 1394 5537 atque
1440 5469 1563 5523 inde
1605 5460 1852 5524 fraudein

253 5550 357 5604 agn
420 5552 425 5557 ·
505 5574 517 5586 .

255 5604 633 5747 pegmtrcii
662 5621 783 5678 cap.
816 5606 908 5680 20,
939 5624 1047 5683 quo
1086 5609 1413 5669 mentionem
1442 5610 1560 5667 ﬁeri
1587 5611 1737 5670 vides
1765 5629 1856 5677 su-

1959 4583 2066 4622 non
2109 4564 2441 4620 defecturam
2483 4563 2761 4634 promisit,
2791 4573 2845 4617 et
2869 4562 3191 4617 conlirmare
3217 4578 3340 4618 eum
3369 4564 3559 4617 fratres

1957 4674 2086 4714 suos
2125 4656 2404 4712 admonuit
2441 4675 2455 4711 :
2500 4653 2643 4724 quod
2689 4653 3014 4724 apostolicos
3062 4652 3373 4723 pontiﬁces,
3420 4668 3555 4707 inea:

1957 4748 2260 4820 exiguitatis
2306 4747 2730 4819 prtcdecessores
2751 4788 2765 4810 ,
2795 4745 3130 4800 conﬁdenter
3162 4747 3381 4811 fecisse,
3412 4758 3557 4800 sem-

1959 4861 2056 4916 per
2079 4842 2290 4900 cunctis
2318 4850 2402 4897 est
2427 4842 2723 4912 cognitum.
2754 4840 2996 4907 Quorum
3023 4851 3077 4895 et
3105 4838 3371 4908 pusillitas
3396 4854 3517 4896 mea
3535 4884 3551 4907 ,

1956 4941 2082 4996 licet
2110 4942 2281 5010 impar
2305 4948 2361 4994 et
2386 4936 2626 5003 minima,
2659 4953 2754 5007 pro
2781 4947 3031 5005 suscepto
3054 4944 3231 4989 tamen
3264 4934 3441 4989 divina
3473 4935 3553 4991 di-

1954 5035 2208 5106 gnatione
2248 5033 2580 5096 ministerio,
2628 5030 2914 5101 pedisequa
2956 5030 3104 5100 cupit
3149 5028 3403 5085 existere.
3462 5031 3552 5085 Va:

1955 5131 2098 5185 enim
2127 5128 2281 5183 nobis
2305 5128 2443 5193 erit,
2471 5127 2561 5196 qui
2588 5124 2747 5195 lmjus
2768 5124 3049 5178 ministerii
3076 5139 3213 5179 onus
3239 5132 3548 5194 susceptum

1956 5222 2236 5286 habemus,
2265 5222 2310 5276 si
2342 5223 2619 5276 veritatem
2647 5218 2943 5274 Salvatoris
2971 5218 3141 5272 nostri
3166 5217 3293 5274 Iesu
3323 5216 3555 5289 Christi,

1956 5331 2116 5387 quam
2160 5313 2388 5383 apostoli
2432 5313 2901 5384 prmdicaverunt,
2950 5311 3244 5380 prwdicare
3294 5310 3551 5381 neglexe-

1956 5407 2149 5462 rimus.
2180 5404 2272 5461 Va:
2299 5405 2400 5460 erit
2430 5404 2585 5458 nobis
2605 5443 2620 5465 ,
2652 5404 2695 5456 si
2723 5401 2937 5457 silentio
2964 5405 3243 5458 veritatem
3268 5418 3560 5474 oppresse-

1956 5501 2160 5565 rinius,
2199 5514 2360 5570 quam
2390 5511 2613 5567 erogare
2644 5496 3015 5551 ttummulariis
3042 5496 3315 5566 jubemur,
3350 5496 3402 5549 id
3432 5501 3517 5551 est
3538 5532 3563 5558 ,

1958 5591 2285 5649 christianos
2306 5589 2530 5663 populos
2562 5589 2803 5647 imbuere
2832 5600 2886 5646 et
2907 5588 3125 5644 docere.
3151 5584 3287 5654 Quid
3310 5586 3364 5641 in
3388 5587 3579 5663 ipsius

1960 5686 2142 5742 futuro
2170 5684 2367 5738 Christi
2401 5683 2591 5738 dictttri
2625 5699 2812 5739 sumus
2844 5679 3095 5739 examino
3119 5722 3133 5747 ,
3165 5679 3209 5734 si
3242 5688 3599 5743 sermonum
