3990 6060
441 164 547 224 155

1197 164 1282 218 DE
1323 160 1592 220 SANCTO
1630 159 2074 236 EUTYCHIANO
2111 161 2292 218 PAPA
2332 158 2608 224 NOTlTIA
2649 157 3034 218 HISTORICA.

3629 163 3729 218 ’lE-fi

433 282 550 353 eius
577 281 856 337 veritatem
885 280 1264 336 confundimur
1293 279 1623 350 praedicare?
1651 279 1788 346 Quid
1819 279 1924 335 erit
1951 279 2018 334 de
2045 283 2092 344 Α
2122 294 2225 350 qna
2258 277 2483 348 potestis
2502 321 2516 344 ,
2553 291 2649 347 pro
2679 277 2886 332 viribus
2911 277 3214 348 extirpetis.
3247 276 3510 346 Quoniam
3541 287 3599 333 ut
3632 277 3730 334 ha-

435 375 590 430 nobis
609 415 624 439 ,
655 389 774 429 cum
804 371 872 428 de
897 372 1200 428 commissis
1231 372 1388 438 nobis
1419 373 1699 431 animabus
1720 415 1735 438 ,
1763 381 1818 429 et
1846 373 1914 428 de
1943 373 2027 428 of-

433 465 557 523 ficio
599 478 852 539 suscepto
893 468 1157 522 rationem
1196 466 1372 536 justus
1407 466 1573 546 jndex
1601 466 1851 522 Cht'iSlus
1885 468 2028 523 Dens

431 561 929 616 no'sterdistrictam
955 559 1192 629 exegerit
1225 558 1268 631 (l
1287 559 1428 628 Cor,
1451 576 1534 623 ix;
1558 559 1841 621 S.Mattlt..
1861 558 2028 630 xxv)?

433 651 580 717 Ideo,
609 651 822 714 fratres,
846 651 1032 704 hortor
1047 649 1392 708 dilectionem
1423 663 1655 706 vestram
1687 653 1772 724 (S.
1795 653 1918 708 Leo.
1942 672 2025 723 ep.

431 745 551 798 adv.
587 741 955 814 Manichwos),
988 743 1230 799 obtestor
1257 752 1312 798 et
1339 759 1553 812 muneo,
1589 755 1645 798 ut
1673 761 1776 816 qua
1807 747 2028 814 potestis

431 847 485 892 et
523 835 767 904 debetis,
811 835 1181 892 sollicitudine
1223 838 1484 908 vigiletis,
1517 838 1582 892 ad
1627 839 2027 912 investigandos

433 927 816 995 haereticosfet
843 929 1090 984 inimicos
1115 942 1316 985 sancite
1341 930 1432 985 Dei
1459 931 1724 996 ecclesiis,
1749 940 1802 988 et
1825 947 1855 985 a
1883 931 2026 986 sanis

431 1023 724 1094 mentibus,
757 1038 824 1080 ne
849 1025 1018 1096 pestis
1047 1023 1162 1081 haec
1191 1024 1352 1082 latius
1379 1024 1703 1100 divulgetur,
1736 1026 2026 1082 severitate

2138 374 2288 429 bebit
2325 389 2356 426 a
2397 373 2506 426 Deo
2545 371 2720 442 dignm
2762 371 3217 426 remunerationis
3270 373 3552 441 praemium
3583 415 3596 438 ,
3641 373 3732 443 qui

2133 466 2482 535 diligentius,
2525 465 2667 534 quod
2706 463 2773 520 ad
2813 463 3044 520 salutem
3082 465 3385 520 Commissa:
3426 466 3529 519 sibi
3561 465 3736 536 plebis

2137 557 2417 626 proficiat,
2462 555 2624 610 fuerit
2661 566 2956 611 executus:
2989 557 3062 610 ita
3094 565 3218 609 ante
3248 554 3483 610 tribunal
3519 555 3734 612 Domini

2133 650 2202 705 de
2244 659 2396 703 reatu
2443 647 2783 719 negligentiae
2813 663 2873 702 se
2905 662 3010 702 non
3044 647 3571 719 poterit'excusare,
3613 648 3735 718 qui-

2131 757 2363 812 cumque
2399 741 2610 812 plebem
2645 756 2795 794 suam
2829 750 3015 796 contra
3047 741 3323 811 sacrilegm
3365 742 3734 812 persuasionis

2132 819 2386 891 auctores
2426 835 2664 890 noluerit
2705 835 2998 891 custodire.
3045 835 3172 890 Data
3218 833 3385 890 Nonis
3416 835 3731 902 Februarii,

2129 927 2356 982 Claudio
2387 937 2439 982 et
2467 927 2700 981 Paterno
2729 928 2860 983 viris
2885 929 3202 985 clarissimis
3230 928 3543 985 consulibus
3573 930 3591 1002 (
3615 927 3722 985 269

2129 1023 2372 1080 nondum
2413 1023 2588 1078 electo
2620 1021 2869 1094 Felice).

1754 1161 2093 1224 EPISTULA
2125 1159 2192 1233 tv
2231 1162 2340 1234 (l).
3633 1163 3666 1181 -

1337 1321 1404 1360 ΑΙ)
1434 1322 1678 1364 ΙΙΛΧΙΙΠΙῘ
1709 1321 1994 1366 ΕΡΙΞΟΟΡΗΗ
2023 1321 2093 1362 ΕΤ
2121 1319 2376 1363 οιειιιαοε
2406 1313 2431 1342 ⁸
2463 1318 2843 1361 ΑιιςιΑΝιιιιῐλε.

1383 1439 1458 1496 De
1487 1439 1675 1498 Christi
1704 1441 1972 1504 divinitate
1999 1449 2047 1498 et
2077 1439 2395 1511 humanitate
2421 1437 2786 1510 fragmentum.

504 1599 584 1656 De
623 1599 991 1658 incarnatione
1043 1613 1173 1654 vero
1205 1597 1370 1656 Verbi
1409 1609 1466 1656 et
1505 1599 1610 1658 lide
1650 1600 1920 1658 credimus
1969 1601 2022 1656 in

433 1695 718 1751 Dominum
744 1703 984 1751 nostrum
1012 1693 1197 1750 Iesum
1225 1695 1500 1752 CliriStum
1529 1711 1593 1750 ex
1618 1695 1779 1750 Maria
1801 1695 2024 1766 Virgine

2199 1604 2315 1678 Περὶ
2347 1596 2428 1673 (2)
2459 1599 2512 1656 δέ
2529 1609 2620 1660 τῆς
2638 1602 2948 1676 σαρκώσεως
2973 1603 3065 1655 τοῦ
3085 1599 3250 1672 Λὸγου
3271 1601 3467 1660 καὶτῆς
3487 1601 3732 1666 πίστεως,

2129 1695 2436 1764 πιστεύομεν
2465 1695 2536 1752 εἰς
2570 1693 2656 1747 τὸν
2687 1693 2866 1767 Κύριον
2897 1692 3036 1763 ἡμῶν
3064 1688 3256 1748 Ἰησοῦν
3285 1691 3528 1766 Χριστὸν.
3568 1693 3654 1746 τὸν
3681 1695 3735 1747 ἐκ

433 1800 638 1854 natum,
673 1789 927 1860 quoniam
973 1789 1086 1860 ipse
1134 1797 1216 1842 est
1253 1798 1488 1843 aeternus
1532 1789 1622 1844 Dei
1668 1789 1880 1844 Filius:
1912 1789 2023 1844 Nec

2142 1795 2220 1847 ri;
2249 1789 2496 1861 παρθένου
2524 1789 2721 1860 Μαρίας
2746 1788 3010 1860 γενηθένιὲα
3031 1826 3043 1844 .
3105 1781 3183 1840 ὅτι
3227 1786 3382 1846 αὐτὸς
3424 1787 3562 1842 ἐστιν
3589 1783 3615 1840 ὁ
3644 1792 3736 1840 τοῦ

431 1884 576 1939 enim
620 1881 890 1940 hominem
931 1882 1224 1952 assumpsit
1266 1882 1356 1936 Dei
1389 1881 1596 1946 Filius,
1633 1893 1687 1938 ut
1718 1891 1862 1936 esset
1892 1883 2027 1942 alter

431 1987 627 2053 prater
664 1977 874 2050 ipsum:
918 1975 1012 2033 sed
1060 1977 1196 2032 Deus
1237 1977 1477 2032 existens
1518 1974 1820 2048 perfectus,
1855 1976 2028 2032 factus

433 2081 517 2132 est
543 2071 702 2150 simul
733 2079 788 2134 et
819 2070 981 2145 homo
1020 2069 1312 2148 perfectus,
1347 2071 1654 2129 incarnatus
1688 2086 1754 2128 cx
1783 2069 2022 2144 Virgine.

506 2383 589 2456 (Ι)
624 2382 835 2456 liuius
861 2383 1104 2452 epistolze
1148 2383 1500 2456 fragmentum
1564 2389 1712 2438 extat
1781 2381 1832 2456 in
1865 2395 2029 2456 Δ(ιοςι.

434 2449 582 2512 ρὶιίο’
609 2449 1054 2520 Chalcedonensi,
1103 2449 1313 2526 actitute
1353 2455 1544 2526 prima,
1587 2463 1640 2526 et.
1669 2453 1806 2526 apud
1857 2449 2030 2526 Cyril-y

435 2527 544 2583 lum
573 2527 624 2581 in
662 2542 756 2582 sua
809 2527 1084 2598 Apologia.
1137 2523 1468 2598 Doctissiinis
1525 2523 1842 2598 quibusdam
1894 2524 2028 2598 iviris

435 2599 780 2662 auctoribus,
823 2595 870 2650 a'
911 2595 1086 2652 Felice
1137 2595 1180 2650 11
1228 2599 1480 2668 scriptam
1535 2595 1699 2668 fuisse
1747 2596 2026 2650 existima-

435 2678 547 2724 tum
570 2680 682 2732 est,
709 2671 806 2724 hac
831 2669 898 2724 de
923 2684 1082 2724 causa
1101 2709 1115 2730 ,
1143 2668 1286 2738 quod
1317 2666 1626 2734 p'raidictnm
1655 2666 2015 2738 fragmentum

437 2741 721 2811 utrobique
765 2749 883 2810 post
921 2735 1203 2810 epistolam
1233 2739 1358 2794 Julii
1391 2754 1540 2810 papa:
1594 2747 1880 2795 attexatnr.
1916 2735 2024 2811 Ye-

437 2807 555 2870 rum
586 2807 1037 2882 argtttnentttzn'et
1077 2811 1262 2864 titulus
1282 2807 1524 2880 epistolae
1551 2825 1669 2864 eam
1707 2807 2024 2882 sententiam

438 2879 743 2938 firmissime
769 2883 1036 2938 refellunt.
1082 2881 1213 2936 Nam
1243 2885 1284 2936 si
1313 2879 1569 2952 scriptum
1598 2889 1708 2944 est,
1737 2879 1877 2950 quod
1909 2881 2030 2932 titu-

436 2955 521 3010 lus
547 2955 777 3019 indicat,
808 2954 873 3009 ad
907 2953 1196 3008 Maximum
1226 2953 1648 3008 Alexandrinum
1679 2955 2026 3021 episcopum,

2129 1887 2256 1936 Θεοῦ
2285 1879 2445 1942 ἀΐδιος
2473 1881 2604 1941 Υἱὸς.
2639 1882 2724 1934 καὶ
2752 1880 2931 1952 Λόγος,
2971 1882 3058 1933 καὶ
3085 1881 3172 1932 οὐκ
3198 1874 3456 1954 ἅνθρωπος
3485 1878 3588 1932 ὑπὸ
3608 1883 3734 1932 Θεοῦ

2129 1973 2436 2045 ἀναληφθεὶς,
2465 1972 2527 2026 ἶν’
2551 1973 2724 2046 ἔτερος
2753 1969 2927 2049 ᾖπαρ’
2954 1973 3156 2026 ἐκεῖνον.
3185 1969 3314 2025 Οὐδὲ
3347 1973 3448 2050 γὰρ
3477 1968 3736 2044 ἄνθρωπον

2130 2064 2364 2123 ἀνέλαϐεν
2389 2064 2414 2119 ὁ
2436 2070 2526 2120 τοῦ
2559 2070 2688 2120 Θεοῦ
2718 2065 2854 2129 Υἱὸς,
2879 2064 2942 2118 ἶν’
3026 2065 3198 2140 ἔτερος
3226 2064 3348 2139 παρ’
3372 2063 3548 2118 αὐτὸν·
3572 2063 3698 2119 ἀλλά
3717 2105 3734 2130 ,

2131 2157 2252 2218 Θεὸς
2270 2155 2334 2211 ὧν
2350 2156 2554 2217 τέλειος.
2575 2158 2772 2233 γέγονεν
2793 2155 2904 2228 ἅμα
2919 2160 3008 2212 καὶ
3024 2156 3208 2217 τέλειος
3229 2152 3510 2230 ἅνθρωπος,
3527 2176 3730 2230 σαρκω-

2101 2251 2226 2310 ⁹θεὶς
2257 2249 2312 2302 ἐκ
2343 2249 2618 2328 παρθένου.

2135 2397 2248 2448 ram
2279 2383 2514 2440 divinam
2545 2383 2596 2438 in
2623 2381 2840 2438 Christo
2867 2383 3188 2445 humanitati
3232 2384 3473 2453 ejusdem
3504 2385 3734 2444 indivise

2133 2454 2472 2525 conjunctam
2497 2457 2752 2520 ostendit,
2779 2454 2930 2511 Pauli
2960 2457 3205 2511 bwresim
3223 2456 3576 2512 condemnet:
3604 2455 3732 2512 dum

2132 2541 2262 2581 vero
2285 2527 2570 2580 humanam
2603 2528 2654 2580 in
2685 2528 2876 2583 eodem
2905 2527 3120 2582 Christo
3143 2543 3172 2581 a
3203 2538 3388 2582 natura
3418 2529 3598 2583 divina
3625 2529 3736 2582 dis-

2134 2597 2355 2652 tinctam
2383 2614 2525 2663 esse,
2557 2608 2610 2651 et
2639 2597 2834 2652 divina:
2861 2600 3178 2652 substantia!
3206 2599 3258 2653 in
3291 2601 3458 2654 tribus
3488 2600 3730 2668 personis

2132 2670 2529 2739 subsistentiatn
2557 2669 2910 2733 demonstrat,
2941 2671 3232 2728 Saltéllintn
3273 2671 3536 2726 confutet.
3579 2671 3732 2739 Quod

2131 2749 2309 2814 autern
2357 2744 2408 2814 in
2447 2738 2873 2814 Chalcedonensi
2917 2743 3168 2814 concilio,
3193 2750 3247 2798 et
3287 2743 3428 2811 apud
3469 2738 3728 2814 Cyrillum

2132 2811 2402 2889 prtetlii-tis
2425 2811 2554 2889 locis
2579 2821 2696 2889 post
2717 2811 2844 2865 Julii
2873 2812 3156 2889 epistolam
3182 2811 3642 2889 reeettseatur,_ex
3667 2829 3734 2869 eo

2132 2881 2346 2949 accidit,
2368 2883 2518 2954 quod
2543 2881 2592 2936 in
2619 2883 2700 2937 his
2732 2882 3078 2938 recensendis
3110 2881 3321 2954 nullam
3347 2886 3606 2954 temporis
3636 2901 3730 2954 ra-

2137 2956 2334 3010 tionem
2365 2953 2694 3011 habuissent.
2733 2954 3044 3008 Vinceutins
3081 2964 3260 3008 autem
3305 2953 3606 3009 Lirinensis
3633 2953 3734 3010 ad-

438 3026 680 3098 Dionysii
727 3000 1130 3091 success-orent,
1181 3040 1285 3082 non
1326 3023 1629 3088 secundus,
1672 3000 1770 3098 sed
1825 3000 2030 3091 iniimus
2055 3000 2099 3062 (ἶ
2134 3000 2608 3098 Χθιξιιςίιιιιιθξευβ,
2639 3041 2758 3098 cap.
2791 3024 2903 3098 42.
2945 3025 3442 3098 probeintelligms
3487 3000 3732 3095 tempore

437 3096 594 3180 Eelix‘
623 3113 748 3180 eam
791 3101 1090 3180 scripsisse.
1119 3099 1318 3180 potuit:
1353 3098 1554 3179 eodem
1595 3096 1738 3151 enim
1786 3103 2030 3175 tempore

2132 3095 2328 3151 Felicis
2368 3095 2587 3152 secundi
2633 3095 2838 3150 nullum
2880 3095 3258 3151 Alexandrina:
3289 3095 3550 3152 Ecclesia:
3594 3114 3732 3164 prte-

437 3167 588 3242 Felix
623 3169 856 3242 Dionysii
889 3166 1092 3223 romani
1121 3166 1397 3242 pontificis
1428 3181 1728 3242 successor.
1764 3166 2064 3242 universge~
2134 3166 2299 3222 fuisse
2328 3168 2672 3242 episcoiium,
2703 3169 2924 3242 notitiae
2954 3167 3274 3242 Maximum,
3314 3169 3493 3242 habita
3526 3170 3735 3224 ratione

442 3240 693 3296 Ecclesi:e
720 3235 989 3310 prmscdil,
1014 3235 1404 3310 quo—Maximus
1426 3249 1549 3306 post
1571 3238 1882 3310 Dionysium
1908 3235 2028 3310 Ale-

439 3305 1005 3382 xandriute'Ecclesiai
1030 3305 1260 3382 praefuit.
1289 3305 1516 3382 Occasio
1540 3305 1849 3382 scribendae
1871 3305 2031 3382 huius

440 3383 680 3454 epistolae
704 3383 818 3438 haec
837 3394 950 3438 est:
975 3379 1108 3454 Cum
1129 3397 1158 3436 a
1181 3379 1349 3454 Paulo
1373 3381 1728 3438 Samosateno
1750 3379 2028 3454 catholich

439 3447 648 3510 veritati
683 3468 871 3508 recens
903 3451 1096 3507 vulnus
1129 3451 1386 3506 inﬂictuin
1421 3461 1596 3516 esset,
1629 3459 1684 3505 et
1713 3449 1933 3504 cicatrix
1961 3447 2028 3501 de

439 3539 624 3581 errore
663 3525 878 3580 Sabellii
921 3525 1162 3578 nomium
1193 3523 1426 3578 obducta
1461 3524 1670 3585 fuisset,
1713 3521 1860 3576 Felix
1891 3534 2030 3588 pun-

441 3597 566 3652 tiiex
598 3598 664 3654 de
703 3595 820 3656 Filii
865 3597 957 3652 Dei
989 3597 1300 3660 divinitate,
1333 3609 1396 3650 ac
1426 3595 1628 3664 pariter
1659 3593 2022 3656 humanitate,

441 3669 753 3738 naturisque
805 3669 1010 3724 duabus
1065 3669 1116 3722 in
1173 3683 1274 3724 una
1333 3663 2036 3738 perSOnanlistinctis,‘ad

441 3732 728 3793 Maximum
772 3737 1193 3810 Alexandrinum
1235 3732 1543 3810 episcopum
1583 3735 1722 3790 hanc
1749 3732 2040 3810 epistulam

441 3811 686 3880 scripsit,
716 3819 774 3864 ut
803 3807 998 3866 bellum
1029 3809 1288 3864 adversus
1317 3807 1608 3865 Sabellinnt
1639 3817 1693 3861 et
1730 3809 2037 3880 saluusate-

449 3878 578 3936 num
616 3896 645 3936 a
689 3882 901 3937 duobus
945 3883 1212 3954 Dionysiis
1243 3881 1435 3954 horum
1467 3878 1900 3954 antecessoribus
1929 3890 2042 3930 ete-

444 3964 618 4028 ptum,
639 3954 915 4028 utriusque
939 3951 1282 4028 suceeSsores
1307 3952 1624 4028 ardentibus
1639 3951 1835 4028 animis
1855 3963 2036 4028 prose-

442 4018 756 4094 iluerevntur.
783 4018 1020 4080 Proinde
1051 4027 1151 4080 hac
1177 4025 1581 4096 epistolavelut
1611 4021 1827 4096 ancipiti
1860 4018 2036 4090 gladio

442 4105 722 4168 utramque
753 4097 998 4169 limresim
1029 4113 1134 4152 tino
1164 4097 1272 4151 ictu
1301 4095 1573 4162 confodit;
1610 4105 1669 4149 ut
1709 4095 1834 4148 dum
1875 4100 2034 4146 natu-

2135 3240 2423 3308 tempnris,
2458 3240 2629 3308 primo
2658 3241 2776 3294 loco
2801 3239 3064 3302 Felicem,
3095 3239 3292 3293 deinde
3323 3239 3524 3294 .lnliutn
3555 3241 3731 3293 norni-

2135 3319 2249 3381 ttat.
2282 3309 2444 3377 Addit
2477 3311 2618 3366 idem
2649 3311 2964 3371 Vincentius
2997 3312 3134 3364 hanc
3163 3309 3410 3376 t‘alltdclli
3443 3311 3734 3381 epismlaln

2132 3379 2330 3454 Felicis
2360 3397 2508 3450 papae
2526 3393 2584 3454 et
2612 3385 2862 3454 martyris
2891 3381 3028 3436 inter
3063 3381 3166 3436 alia
3195 3390 3403 3454 patrum
3431 3379 3736 3454 testimonia

2141 3453 2194 3506 in
2241 3453 2472 3506 concilio
2519 3451 2793 3520 Epltesinb
2847 3455 3036 3506 lectam
3082 3451 3248 3507 fuisse
3297 3451 3470 3522 (Vide
3512 3453 3730 3519 Bar0u.,

2143 3537 2286 3578 anno
2304 3523 2502 3581 Christi
2524 3525 2652 3588 273,
2684 3541 2829 3578 num.
2859 3525 2946 3585 11,
2976 3523 3042 3578 19
3063 3534 3117 3578 et
3141 3525 3268 3593 15).
3300 3527 3506 3580 Seven.
3535 3527 3732 3580 BINIUS.

2215 3593 2298 3666 (2)
2323 3594 2569 3650 Graacum
2597 3604 2800 3652 texuitu
2823 3596 3137 3652 exhibemus
3169 3613 3230 3650 ex
3253 3599 3463 3658 aetione
3487 3595 3733 3655 iconcilii

2145 3665 2436 3738 Ephesini,
2471 3667 2525 3720 in
2557 3683 2656 3738 qua
2693 3667 2825 3720 lecta
2859 3679 2980 3720 sunt
3015 3682 3044 3720 a
3081 3667 3238 3726 l‘etro
3265 3669 3576 3736 presbytero
3605 3668 3735 3722 Ale-

2146 3737 2382 3792 xandrim
2406 3749 2458 3792 et
2491 3737 2798 3806 primicerio
2823 3740 3154 3792 notariorum
3198 3739 3399 3792 sulceta
3429 3755 3492 3793 ex
3535 3739 3738 3792 sanctis

2146 3808 2394 3864 l’atribus
2426 3811 2727 3864 testimonia
2753 3809 2819 3863 de
2843 3809 3216 3864 lncarnatione
3245 3811 3306 3863 Ι).
3331 3809 3392 3864 Ν.
3416 3809 3466 3864 ,1.
3490 3807 3552 3864 C.
3578 3817 3738 3878 atque

2147 3895 2215 3936 ex
2261 3883 2436 3950 capite
2467 3896 2504 3935 ιι
2545 3881 2712 3948 partis
2755 3896 2812 3936 ιιι
2849 3881 3091 3947 ejusdem
3120 3880 3368 3946 concilii,
3399 3881 3510 3939 sive
3541 3879 3739 3947 Apolo-

2139 3950 2316 4025 getii-o
2347 3952 2404 4008 S.
2440 3952 2631 4025 Cyrilli
2659 3951 3010 4010 Alexandrini
3053 3953 3370 4025 patriarcha:
3404 3951 3736 4025 pro_duodc-

2139 4023 2244 4078 cltn
2274 4022 2539 4096 capitibus
2569 4024 2830 4080 adversus
2855 4022 3146 4079 orientales
3173 4022 3476 4100 episcopus.
3509 4022 3671 4079 Lana.

1674 4201 2056 4264 LECTIONES
2095 4201 2506 4260 VARIANTES.

509 4307 536 4336 ⁸
570 4303 766 4356 Clerum
793 4303 938 4354 Labb.

442 4404 3710 4434 Mm

634 4509 873 4622 In:
928 4451 1662 4668 Seuero

1738 4499 2828 4620 EUTYCEIAN
2837 4495 2951 4614 0
3023 4497 3555 4614 PAPA

1723 4697 2000 4760 NOTITIA
2042 4694 2411 4755 HISTORICA
2423 4736 2438 4752 .

519 4845 872 4919 Eutyc/iianus
927 4842 1196 4897 ordinatur
1245 4855 1383 4913 papa
1422 4839 1505 4894 die
1548 4854 1581 4894 v
1620 4838 1856 4911 jamtart'i
1907 4836 2034 4904 275,
2065 4835 2336 4899 Ddiebus
2379 4833 2571 4901 tribus,
2628 4846 2770 4888 anno
2803 4831 2932 4897 283,
2982 4845 3055 4886 vn
3099 4829 3218 4886 idus
3261 4827 3564 4885 decembris
3608 4831 3743 4887 satis

445 4951 674 4996 mortuus
705 4959 826 4996 ann.
856 4937 985 4994 285.
1016 4967 1086 4976 —
1107 4935 1476 5007 Entychianus
1497 4933 1687 4988 Marini
1714 4949 1806 4988 seu
1831 4930 2043 4986 Martini

448 5035 612 5099 ﬁlius,
631 5031 904 5096 Etruscus,
931 5030 1099 5102 patria
1117 5027 1400 5094 Lunensis,
1427 5025 1630 5081 ultimis
1655 5025 1782 5079 anni
1805 5023 1910 5078 ΞΗ
1931 5022 2045 5079 die-

449 5129 568 5194 bus,
599 5123 683 5181 vel
733 5126 920 5195 primis
943 5123 1217 5196 sequentis
1239 5121 1364 5176 anni
1393 5121 1521 5185 275,
1555 5119 1721 5175 Felici
1763 5119 2043 5184 successit;

449 5220 535 5276 die
563 5219 748 5290 quinta
771 5216 1003 5285 ianuarii
1031 5215 1312 5270 ordinatus
1339 5213 1436 5266 fttit
1466 5211 1598 5267 feria
1628 5212 1807 5279 tertia,
1837 5225 1956 5281 qua:
1980 5224 2046 5264 eo

451 5329 594 5371 anno
621 5329 742 5370 cum
783 5311 870 5366 die
900 5309 1081 5380 quinta
1121 5308 1352 5380 januarii
1380 5305 1652 5362 concurrit
1683 5303 1788 5378 (l).
1827 5300 2050 5358 Praefuit

452 5405 712 5465 Ecclesim
766 5417 1008 5460 romanae
1059 5403 1216 5458 annis
1259 5411 1401 5466 octo,
1453 5399 1732 5454 mensibus
1776 5396 2047 5462 undecim,

525 5541 607 5645 ςι)
650 5539 877 5612 Pagius,
925 5538 979 5596 in
1019 5535 1222 5604 Critic.,
1270 5537 1338 5593 ad
1378 5551 1580 5593 annum
1607 5533 1713 5591 274
1748 5551 1760 5587 :
1791 5533 2054 5592 Baronius

545 5616 561 5645 ε
621 5631 746 5645 μη...
804 5627 838 5645 υ
890 5621 937 5645 nl
989 5607 1052 5645 ml
1085 5624 1280 5645 mimum
1325 5607 1432 5645 θην.
1482 5624 1607 5645 num
1651 5603 2023 5645 nvnnnclgnt,

454 5603 767 5679 27B,'nnni.
804 5603 942 5680 v,'ei
989 5607 1053 5680 ad
1083 5603 1282 5662 annum
1325 5603 2047 5680 285,,num.tx;Coustaut.,

455 5677 626 5752 Epist.
663 5699 804 5742 rom.
839 5677 1056 5755 pontiﬁ,
1092 5689 1224 5736 tom.
1255 5696 1294 5749 ι,
1319 5693 1440 5752 pag.
1462 5679 1590 5738 298.

2149 4930 2394 4995 functus,
2421 4937 2478 4982 ut
2501 4929 2552 4981 in
2585 4923 2840 4997 Catalogo
2887 4924 3227 4980 Bncheriano
3255 4923 3448 4994 legitur
3488 4939 3503 4978 :
3533 4923 3580 4977 Α
3621 4941 3746 4979 con-

2149 5023 2319 5080 sulatu
2389 5019 2652 5078 Aureliani
2705 5018 2771 5074 Ill
2819 5027 2867 5072 et
2916 5015 3238 5082 Marcellini,
3301 5015 3370 5069 ad
3422 5017 3745 5076 consulatum

2150 5116 2270 5174 Cari
2304 5115 2345 5171 ll
2381 5125 2426 5170 et
2455 5112 2660 5179 Carini,
2693 5113 2747 5168 id
2791 5121 2896 5180 est,
2925 5127 2956 5167 a
2992 5111 3082 5167 die
3123 5114 3310 5182 quinta
3347 5110 3576 5182 januarii
3619 5112 3743 5166 anni

2150 5208 2279 5272 Q75,
2307 5207 2372 5262 ad
2404 5207 2546 5264 diem
2575 5207 2856 5277 septimam
2887 5205 3188 5262 decembris
3215 5206 3340 5260 anni
3386 5205 3495 5262 9.85
3541 5206 3626 5262 vel
3655 5220 3746 5260 oc-

2155 5310 2356 5365 tavam,
2387 5314 2492 5370 qua
2520 5299 2609 5355 die
2635 5299 2688 5355 in
2721 5297 2957 5354 indiculo
2985 5297 3341 5370 depositionis
3369 5299 3744 5370 episcoporum

2153 5395 2475 5468 Eutycltiani
2525 5411 2725 5451 nomen
2783 5395 2979 5466 legitur
3031 5412 3045 5449 :
3095 5393 3252 5450 Sexto
3303 5395 3418 5448 idus
3473 5393 3747 5450 decembris

2156 5487 2466 5562 Eutychiuni
2495 5489 2549 5542 in
2591 5487 2826 5554 Callisti,
2859 5503 3051 5558 nempe
3093 5488 3146 5543 in
3179 5485 3491 5544 cmmeterio
3515 5483 3743 5542 Callisti.

2155 5581 2333 5649 Quare
2353 5579 2703 5652 corrigendos
2725 5579 3010 5647 Eusebius,
3035 5579 3124 5652 qui
3146 5579 3333 5634 decem
3359 5585 3562 5634 tantum
3591 5592 3742 5636 men.

2159 5676 2308 5733 sibus
2353 5687 2638 5730 romanum
2683 5673 3053 5746 pontificatum
3082 5670 3480 5742 Eutychianum
3509 5670 3747 5728 tenuisse
