3990 6060
278 110 386 165 15Ἱ

1262 99 1353 155 DE
1399 95 1737 155 DECRETIS
1774 93 2211 153 EUTYCHIANO
2246 94 2665 153 ADSCRIPTIS.

3463 95 3569 151 158

273 220 474 278 scribit
501 236 515 275 :
545 226 600 275 et
629 218 708 274 uti
753 223 977 273 annotat
1025 190 1298 275 Valesius.
1329 226 1500 267 annos
1543 220 1687 276 octo,
1734 224 1868 280 quos
1894 212 1948 274 Α
1974 210 2060 263 hic
2080 215 2298 264 sanctus
2333 208 2571 279 pontifex
2602 209 2672 264 ob
2697 207 3023 279 singularem
3064 222 3181 264 eam
3214 206 3525 278 religionem
3548 246 3568 278 ,

272 312 434 369 Sixto
459 320 701 375 auxerat,
751 309 1089 380 Eutychiauo
1133 305 1380 363 detraxit.
1413 304 1646 373 Turpius
1694 301 1871 356 adhuc

275 401 486 460 erravit
503 410 698 458 auctor
723 400 1056 456 Pontiﬁcalis
1083 399 1311 453 Damaso
1339 395 1617 466 adscripti,
1645 395 1732 465 qui
1758 394 1869 449 Eu-

271 496 517 570 tychiani
547 495 918 566 pontificatum
947 508 976 547 a
1001 492 1282 548 consulatu
1305 490 1577 546 Aureliani
1605 489 1785 555 tertio,
1819 496 1873 542 et

272 591 576 648 Marcellini
602 591 668 645 ad
693 590 888 646 Carum
917 588 961 644 ll
986 598 1043 644 et
1072 588 1322 642 Cariuum
1351 585 1611 650 extendit;
1644 599 1872 638 annum-

273 701 387 758 que
415 698 603 749 unum,
640 697 882 738 mensem
910 695 1078 736 unum
1103 725 1117 749 ,
1161 680 1303 737 diem
1330 694 1494 735 unum
1524 678 1727 733 sedisse
1747 691 1871 747 pro-

269 777 374 833 dit.

344 870 425 927 De
448 871 857 925 manichworum
878 867 1060 923 haeresi
1084 876 1133 921 at
1162 866 1386 922 Moneta.
1410 896 1482 906 -—
1511 863 1625 921 th
1654 862 1871 934 pontifi-

270 974 399 1023 catu
442 961 764 1034 Eutychtani
814 962 998 1015 insana
1051 960 1466 1016 Manichaeorum
1514 958 1768 1024 hmresis,
1817 957 1869 1011 in

271 1071 564 1114 commune
593 1054 812 1109 humani
837 1054 1050 1125 generis
1069 1053 1270 1109 malum
1297 1062 1483 1108 exorta
1517 1061 1599 1108 est
1619 1051 1720 1124 (t);
1751 1065 1869 1122 qua:

275 1160 401 1205 utut
431 1163 535 1204 non
558 1150 737 1203 minus
766 1148 983 1202 infamis
1011 1156 1066 1203 et
1105 1147 1329 1202 ridicula
1358 1145 1478 1211 fuit,
1510 1147 1652 1201 inter
1680 1160 1870 1201 omnes

274 1255 461 1299 tamen
512 1244 767 1309 haereses,
794 1257 915 1313 qua:
948 1244 1116 1298 tribus
1161 1242 1345 1313 primis
1376 1242 1629 1298 Ecclesia:
1655 1242 1870 1298 saeculis

274 1336 586 1394 extulerunt
628 1344 810 1406 caput,
858 1335 1210 1392 celeberrima
1238 1336 1431 1401 evasit,
1480 1338 1639 1406 inque
1682 1336 1867 1390 orbem

272 1440 542 1486 terrarum
593 1429 854 1485 latissime
900 1440 1141 1500 grassata
1191 1438 1293 1486 est.
1354 1428 1670 1501 Coriphaeus
1710 1429 1871 1501 hujus

270 1531 439 1579 sectas
486 1521 589 1577 fuit
639 1523 966 1594 mancipium
1022 1523 1238 1578 natione
1286 1523 1472 1589 Persa,
1526 1524 1616 1593 qui
1670 1539 1867 1581 nomen

1975 317 2077 374 qua
2122 312 2387 373 martyres
2426 310 2741 372 prosecutus
2784 309 2888 355 est.
2938 300 3064 357 Suis
3092 298 3238 355 enim
3282 298 3566 367 manibus,

1976 403 2114 452 teste
2158 404 2376 449 auctore
2406 394 2528 448 libri
2560 393 2889 448 Pontiliealis
2913 433 2928 457 ,
2956 392 3092 447 duos
3118 401 3174 449 et
3201 389 3570 460 quadraginta

1974 502 2135 556 supra
2170 494 2438 541 trecentos
2464 485 2747 539 tumulavit
2767 496 3048 556 martyres,
3091 483 3479 553 constituitque
3501 496 3570 538 ne

1974 581 2095 653 quis
2132 589 2419 651 martyrem
2462 581 2577 634 sine
2620 579 2901 634 dalmatica
2931 588 3023 633 aut
3049 578 3261 633 colohio
3302 591 3569 647 purpureo

1975 674 2229 745 sepeliret
2243 672 2291 748 (1
2308 677 2344 742 ).
2363 672 2838 737 Consuetudinettt,
2859 686 2975 742 quae
2988 671 3223 741 alioquin
3237 670 3564 736 obtinuerat,

1976 785 2114 826 novo
2144 770 2362 825 decreto
2408 766 2668 833 asseruit,
2696 776 2750 820 ut
2779 770 2970 838 fruges,
3005 768 3155 837 fabre,
3210 775 3256 820 et
3282 780 3394 819 τινα»
3418 781 3572 836 super

1974 864 2127 918 altari
2154 863 2562 917 benedicerrntur
2584 904 2598 926 ,
2633 874 2754 916 eam
2786 861 2962 915 forsan
3004 860 3074 915 ob
3097 874 3309 915 causam
3331 901 3347 926 ,
3378 868 3436 913 ιιι
3465 860 3568 915 im-

1975 965 2237 1027 pugnaret
2279 970 2518 1012 errorem
2569 952 3024 1019 manicharorum,
3068 952 3159 1022 qui
3219 960 3491 1007 creaturas
3535 966 3569 1008 a
3608 1007 3616 1015 _

1974 1052 2117 1107 malo
2144 1051 2405 1122 principio
2434 1060 2579 1104 ortas
2601 1049 3026 1104 detestabantur.

2046 1143 2357 1215 Eutychiani
2380 1144 2627 1215 Eptstola‘e
2652 1144 2883 1197 subditae.
2910 1171 2982 1182 —
3000 1139 3226 1195 Nomine
3249 1138 3570 1212 Eutychiani

1974 1239 2111 1295 duas
2156 1247 2494 1295 commentus
2525 1250 2609 1295 εει
2650 1238 2886 1293 Isidorus
2913 1237 3169 1292 Peccatnr
3193 1235 3279 1292 vel
3306 1235 3567 1290 Mercator

1973 1334 2248 1403 epistolas.
2279 1333 2433 1388 Prior
2475 1333 2541 1387 ad
2569 1332 2829 1387 Joannem
2861 1340 2915 1385 et
2956 1330 3021 1383 ad
3064 1344 3253 1384 omnes
3288 1328 3569 1398 episcopos

1974 1429 2204 1485 Baetica:
2235 1428 2542 1500 provincia,
2575 1428 2642 1482 de
2672 1427 2775 1482 llde
2800 1425 3181 1484 incarnationis
3210 1422 3440 1478 Domini.
3470 1424 3571 1477 Po-

1974 1523 2246 1580 steriorad
2262 1523 2543 1592 episcopos
2567 1538 2663 1592 per
2683 1520 2917 1574 Siciliam
2932 1517 3272 1581 constitutos,
3294 1517 3398 1571 tria
3422 1531 3569 1572 com-

266 1631 430 1671 suum
453 1614 728 1671 Cuim'cum
756 1616 809 1671 in
838 1615 969 1671 illud
994 1615 1218 1671 Manetis
1234 1632 1331 1673 seu
1352 1616 1630 1672 Manichtri
1650 1632 1868 1689 permu-
1897 1626 1944 1686 Β
1974 1617 2243 1689 plectitur.
2278 1616 2331 1670 1°
2364 1616 2436 1670 De
2459 1615 2618 1670 modo
2649 1612 2938 1683 reeipiendi
2959 1610 3351 1666 accusationem
3375 1609 3567 1665 adver-

267 1712 428 1775 tavit;
480 1711 677 1764 missus
717 1710 769 1764 in
800 1723 1074 1765 carcerem
1115 1711 1184 1765 oh
1233 1710 1586 1767 acceleratam
1639 1721 1867 1766 mortem

268 1801 384 1858 ﬁlio
411 1799 733 1866 Varananis,
756 1801 1038 1858 Persarum
1062 1804 1225 1874 regis,
1251 1819 1411 1870 quem
1446 1821 1539 1875 per
1568 1807 1867 1863 orationem

270 1908 334 1949 se
360 1904 670 1950 curaturum
683 1895 1066 1967 spoponderat;
1084 1898 1207 1952 inde
1222 1897 1345 1969 fuga
1376 1900 1612 1969 elapsus,
1631 1900 1682 1955 in
1699 1900 1870 1957 Meso-

273 1987 568 2058 potamiam
592 1987 763 2051 venit,
790 1987 968 2058 ibique
994 2003 1206 2044 errores
1232 1990 1548 2062 somniaque
1569 2007 1663 2047 sua
1691 1994 1865 2049 disse-

270 2079 499 2134 minavit
517 2079 665 2135 circa
693 2095 892 2135 annum
917 2080 1044 2135 277.
1074 2082 1157 2137 Ab
1179 2084 1442 2140 Archelao
1470 2086 1869 2156 sapientissimo

270 2171 681 2242 Mesopotamiae
706 2174 1117 2245 archiepiscopo
1145 2175 1343 2232 habitis
1381 2178 1432 2232 in
1463 2180 1702 2235 omnium
1737 2195 1866 2236 con-

272 2275 440 2323 ventu
462 2265 913 2335 disputationibus
942 2283 1048 2321 non
1076 2269 1249 2323 semel
1279 2279 1564 2340 superatus
1598 2281 1699 2327 est.
1733 2272 1867 2329 Hinc

269 2359 470 2415 iterum
496 2359 549 2413 in
591 2358 835 2414 Perslam
864 2360 1078 2415 rediens
1098 2377 1127 2415 a
1155 2362 1479 2418 satellitibus
1508 2363 1686 2419 Persis
1712 2366 1865 2421 dete-

270 2462 417 2518 ctus,
444 2451 895 2521 comprehensus,
927 2461 983 2508 et
1007 2454 1072 2509 ad
1103 2468 1283 2527 regem
1311 2456 1570 2511 adductus
1602 2457 1717 2522 fuit,
1750 2458 1862 2528 qui,

271 2546 599 2619 exprobrata
623 2546 815 2602 Maneti
846 2555 902 2602 et
925 2549 1014 2603 filii
1042 2550 1209 2614 caede,
1243 2558 1403 2620 atque
1441 2550 1561 2621 fuga
1591 2566 1621 2606 e
1648 2566 1866 2607 carcere

268 2655 341 2695 ac
362 2641 618 2709 vinculis,
651 2642 919 2698 excoriari
936 2659 1057 2699 eum
1077 2646 1193 2716 lege
1215 2646 1424 2701 Persica
1443 2663 1570 2700 ann.
1588 2646 1696 2702 278
1721 2664 1868 2703 man-

266 2733 445 2800 davit,
477 2750 541 2791 ac
566 2736 831 2807 reliquum
857 2751 1056 2807 corpus
1078 2738 1263 2793 bestiis
1286 2739 1653 2794 devorandum
1685 2741 1822 2796 tradi
1848 2759 1861 2795 :

267 2838 447 2884 cutem
476 2842 628 2894 vero,
653 2844 755 2898 qua
777 2837 923 2884 tanta
957 2830 1103 2884 illius
1126 2831 1437 2901 improbitas
1463 2834 1862 2903 continebatur,

264 2929 542 2991 tamquam
562 2934 735 2977 utrem
764 2932 892 2978 ante
915 2933 1095 2991 portas
1123 2925 1374 2994 suspendi
1398 2925 1503 3001 (2).

1973 1728 2066 1768 sus
2094 1712 2337 1767 clericos.
2361 1709 2419 1764 2°
2445 1710 2548 1778 Qui
2570 1723 2672 1764 non
2702 1708 3051 1763 admittuntur
3079 1709 3143 1760 ad
3173 1707 3568 1761 accusationem

1973 1806 2365 1875 religiosorum.
2403 1803 2464 1859 5°
2491 1804 2567 1858 De
2597 1801 2756 1857 modo
2784 1799 3111 1872 procedendi
3139 1800 3193 1854 in
3223 1799 3449 1870 negotiis
3478 1814 3568 1854 ec-

1971 1896 2315 1964 clesiasticis,
2345 1912 2467 1951 cum
2496 1895 2715 1967 procedi
2741 1908 2848 1950 non
2875 1894 3069 1950 debeat
3095 1892 3256 1948 modo
3296 1891 3565 1949 saeculari.

1972 1990 2137 2045 Notas
2175 1998 2354 2045 tamen
2384 1988 2742 2044 decretalibus
2772 1986 2883 2042 suis
2909 1985 3157 2057 apposuit
3193 1992 3400 2047 auctor,
3448 1998 3566 2055 quae

1973 2098 2103 2138 vero
2130 2081 2466 2154 Eutychiano
2495 2097 2603 2136 non
2629 2082 2970 2135 conveniunt.
3008 2078 3240 2151 Epistula
3263 2079 3329 2133 ad
3356 2077 3567 2147 episco-

1974 2191 2074 2247 pos
2122 2175 2355 2230 Baeticae
2399 2175 2521 2229 data
2551 2182 2634 2229 est
2681 2189 2719 2228 ll
2758 2173 2879 2228 idus
2922 2172 3142 2243 aprilis,
3198 2171 3487 2227 Aureliano
3513 2180 3568 2226 et

1975 2268 2226 2324 Marcello
2254 2268 2385 2322 viris
2400 2267 2709 2321 clarissimis
2738 2280 2879 2322 coss.
2912 2265 3072 2336 Atqui
3094 2280 3254 2321 verus
3276 2263 3564 2337 Eutychia-

1976 2378 2077 2418 nus
2100 2361 2465 2417 Marcellinum
2485 2360 2810 2430 scripsisset,
2841 2374 2946 2414 non
2977 2358 3284 2414 Marcellum
3309 2368 3568 2428 notasque

1973 2456 2246 2513 Aureliani
2273 2456 2585 2512 consulatus
2615 2455 2919 2509 numerales
2962 2453 3028 2507 de
3073 2467 3224 2506 more
3253 2450 3564 2505 addidisset.

1972 2552 2055 2607 Nil
2083 2551 2152 2607 ad
2177 2550 2490 2608 veteratoris
2519 2550 2900 2620 impudentiam
2931 2546 3052 2602 addi
3085 2556 3277 2616 potest,
3312 2546 3400 2616 qui
3427 2546 3566 2601 inte-

1970 2661 2122 2718 grum
2152 2660 2218 2701 ex
2262 2645 2462 2700 Hilario
2491 2644 2805 2715 capitulum,
2856 2640 2995 2712 quod
3051 2650 3217 2706 extat,
3272 2649 3326 2695 et
3369 2638 3565 2693 Leonis

1971 2740 2144 2810 Magni
2170 2739 2235 2794 ad
2268 2740 2501 2795 Leonem
2533 2738 2830 2808 Augustum
2861 2735 3083 2807 epistola
3107 2735 3193 2800 97,
3215 2750 3267 2790 c.
3292 2737 3347 2800 5,
3375 2735 3566 2791 decre-

1970 2833 2064 2887 tali
2104 2833 2326 2888 inseruit
2376 2847 2506 2886 suae.
2540 2830 2711 2886 Verba
2758 2844 2990 2901 quoque,
3038 2828 3367 2883 admouemus
3412 2829 3563 2883 etiam

1970 2937 2188 2981 vestram
2234 2925 2622 2997 fraternitatem,
2652 2934 2781 2990 etc.,
2817 2931 3065 2993 petuntur
3095 2939 3159 2977 ex
3192 2921 3431 2990 Gregorii
3450 2920 3561 2976 Ma-

336 3014 420 3067 An
435 3011 793 3085 Eutychianus
810 3015 1122 3086 martyribus
1135 3015 1200 3069 sit
1233 3018 1861 3094 accensendus?—Euty-
1889 3023 1934 3086 C
1967 3020 2057 3090 gni
2087 3019 2310 3088 epistola
2338 3018 2409 3073 25
2429 3060 2442 3081 ,
2486 3018 2523 3073 l.
2558 3032 2615 3071 ll.
2648 3014 2922 3069 Posterior
2965 3015 3188 3086 epistola
3231 3014 3560 3085 Scriptorum

262 3105 522 3162 chianum
554 3108 813 3179 martyrio
840 3108 1041 3163 abiisse
1069 3109 1327 3165 Baronitts
1370 3126 1490 3165 cum
1536 3112 1592 3167 in
1626 3116 1766 3168 notis
1795 3116 1863 3170 ad

262 3200 706 3277 Hartyrologinm
729 3242 745 3266 ,
794 3211 903 3255 tum
950 3202 1005 3257 in
1044 3202 1329 3259 annalibus
1359 3206 1525 3260 tradit
1552 3216 1714 3277 atque
1746 3218 1865 3278 post

261 3311 385 3349 eum
420 3296 732 3353 Blondellus
759 3295 861 3368 (ὅ).
894 3298 960 3351 At
992 3297 1134 3354 inter
1158 3298 1527 3364 confessores,
1560 3311 1617 3357 ut
1655 3303 1731 3357 ait
1761 3303 1862 3360 Pa-

260 3388 381 3457 gius
401 3388 506 3458 (4),
527 3389 897 3445 numerandus
927 3391 1167 3458 videtur;
1227 3403 1336 3447 tum
1365 3394 1490 3464 quia
1522 3394 1575 3449 in
1622 3393 1861 3452 lndiculo

262 3479 620 3549 depositionis
645 3484 1046 3554 episcoporum,
1080 3501 1185 3540 non
1218 3501 1346 3541 vero
1370 3497 1662 3558 martyrum
1690 3505 1717 3542 a
1748 3488 1856 3544 Bn-

261 3572 505 3628 cheriani
533 3576 757 3646 catalogi
782 3587 1004 3633 auctore
1027 3579 1347 3648 inscriptus;
1378 3591 1486 3634 tum
1518 3581 1701 3648 etiam,
1731 3584 1853 3653 quia

262 3665 417 3721 illius
426 3667 603 3723 obitus
614 3684 681 3724 eo
697 3681 938 3739 tempore
951 3673 1189 3741 contigit,
1206 3688 1331 3741 quo,
1355 3672 1584 3730 Eusebio
1599 3683 1733 3730 teste
1751 3677 1852 3749 (5),

258 3757 505 3815 Ecclesia
536 3758 733 3815 Christi
759 3763 1014 3817 altissima
1049 3778 1177 3832 pace
1195 3761 1492 3818 fruebatur.

332 3851 475 3917 Quid
502 3852 773 3909 decreverit
800 3854 860 3909 S.
885 3852 1234 3925 Eutychianus
1250 3855 1277 3908 ?
1295 3885 1366 3896 ——
1384 3854 1854 3916 Commendandus

332 3996 421 4078 (1)
452 3994 671 4063 Euseb,
692 3997 748 4057 in
772 3995 1046 4067 Chronico,
1076 4012 1196 4071 pag.
1225 3978 1351 4066 €60,
1379 4007 1508 4069 tom.
1540 4014 1633 4055 vtn
1661 3999 1852 4059 Hiero—

252 4083 726 4208 n"('Ei'l'lio‘piphan"
757 4140 937 4193 haeres.
963 4139 1059 4205 66;
1082 4139 1264 4212 Cyrill.
1298 4141 1682 4215 llierosolym.,
1702 4139 1852 4197 Cate-

252 4212 397 4263 chess'
418 4224 507 4263 Vl:
537 4209 887 4263 Theodoret..
922 4209 1165 4263 Hmretic-
1203 4214 1422 4263 fabulor.
1456 4215 1549 4263 lih.
1576 4231 1622 4263 1:
1659 4215 1850 4263 Hiero-

252 4212 397 4266 cltesi
418 4224 507 4273 v1;
537 4209 887 4271 Theodoret..
922 4209 1165 4268 eretié.
1202 4214 1422 4283 fabulor.
1456 4209 1622 4278 lihft;
1659 4215 1850 4271 lliero-

248 4300 429 4366 nymz,
448 4283 514 4366 de
534 4280 727 4366 Script.
752 4281 947 4339 Eccles.
972 4284 1024 4339 in
1043 4286 1371 4366 Archelaum;
1401 4285 1650 4366 Zacagni,
1672 4285 1850 4366 Eccle-

248 4354 341 4408 site
384 4354 564 4425 latinia
592 4363 641 4425 et
669 4370 848 4425 gnara:
875 4367 1231 4423 monumenta;
1267 4354 1469 4416 Vales,
1505 4354 1633 4411 Not.
1664 4357 1717 4410 in
1748 4356 1847 4412 So-

1968 3112 2150 3167 laudat
2174 3128 2241 3166 ex
2268 3114 2514 3166 versione
2536 3113 2702 3165 mixta
2741 3126 2804 3164 ex
2834 3109 3010 3164 Italica
3045 3119 3097 3164 et
3123 3108 3557 3181 Hieronymiana.

1968 3207 2187 3261 Adriani
2213 3205 2234 3259 ι
2262 3206 2476 3263 decreta
2510 3206 2561 3259 in
2589 3205 2811 3276 gratiam
2840 3204 3121 3275 lngelrami
3155 3203 3409 3258 metens-is
3438 3201 3563 3272 Epi-

1966 3300 2115 3370 scopi
2148 3300 2458 3369 interpolat,
2498 3307 2556 3353 ut
2574 3298 2685 3369 jam
2719 3297 2929 3353 erudite
2959 3296 3269 3353 observavit
3306 3293 3561 3350 Blondcl-

1966 3394 2071 3448 lus.
2682 3430 2689 3435 .
3094 3390 3335 3444 Luureu.

2032 3638 2115 3712 (i)
2146 3638 2472 3707 Blanehinus
2493 3677 2508 3703 ,
2540 3635 2593 3693 in
2624 3636 2765 3695 notis
2806 3636 3240 3712 adjlnaslasium
3268 3634 3561 3712 bibliothe—

1960 3707 2183 3791 carinm,
2215 3720 2342 3764 ltllll.
2379 3726 2436 3773 ll,
2469 3720 2605 3791 part.
2638 3725 2698 3774 ll,
2730 3725 2846 3779 pag.
2872 3707 3204 3767 2M.scrinit
3238 3726 3251 3762 :
3281 3707 3561 3791 Vindican-

1960 3783 2149 3837 dorutn
2181 3780 2475 3855 inartyrutn'
2522 3796 2705 3855 curant
2743 3796 3066 3855 promovens
3110 3790 3299 3855 cantus
3325 3780 3562 3846 potitilex

1960 3855 2303 3923 providenter
2324 3850 2599 3923 praecepit,
2621 3863 2675 3904 ut
2692 3850 3018 3906 adderentur
3038 3851 3233 3920 judicia
3257 3859 3402 3923 certa
3422 3864 3562 3923 mar-

1961 3922 2083 3996 tyrii
2102 3927 2154 3982 in
2195 3939 2381 3982 eorum
2430 3922 2787 3993 depositione.
2820 3923 3077 3996 Adhiberi
3116 3922 3388 3996 mandavit
3416 3922 3562 3975 colo-

1961 3993 2104 4057 bintn
2132 4006 2225 4055 aut
2249 3996 2590 4067 dalmaticam
2616 4011 2719 4049 non
2744 3995 3214 4067 qualemcumque,
3244 3993 3338 4051 sed
3370 4006 3561 4067 purpu-

1958 4067 2127 4125 ratam
2153 4069 2220 4123 ad
2250 4066 2605 4122 involvendus
2633 4076 2915 4136 martyres,
2942 4080 3075 4134 quos
3102 4064 3261 4117 etiam
3293 4064 3557 4136 purpura-

1959 4152 2036 4194 tos
2064 4137 2562 4215 vocareconsuerit
2595 4135 2829 4215 Ecclesia
2862 4136 2912 4188 in
2944 4135 3411 4215 hymno_onin_ium
3440 4150 3562 4189 san-

1956 4222 2165 4267 ctorum
2196 4206 2228 4263 :'
2247 4209 2345 4264 Vos
2375 4209 2645 4279 purpurati
2676 4218 2943 4277 martyres.
2986 4211 3122 4262 Ante
3152 4206 3255 4261 hoc
3281 4208 3559 4263 decretum

1958 4282 2274 4356 Eutychiani
2316 4291 2714 4356 consueverunt
2748 4279 3026 4356 christiani
3063 4293 3212 4332 sacra
3246 4288 3557 4356 martyrum

1955 4350 2181 4425 corpora
2203 4354 2431 4424 sepelire
2461 4370 2581 4408 cum
2618 4351 2795 4405 linteis
2814 4350 3049 4420 ipsorum
3071 4352 3327 4425 sanguhie
3350 4366 3560 4425 respcrf

248 4438 380 4478 erat.
409 4442 428 4490 ;
467 4418 690 4507 (Le-illisi
705 4468 719 4489 ,
758 4424 1003 4507 finitioni.
1032 4418 1337 4507 {Fuerit-ii.
1384 4426 1626 4482 Biblioth.
1678 4426 1844 4507 G_ra:_c.
1871 4444 1926 4507 D
1954 4418 2331 4507 sis-Parmam
2360 4437 2545 4507 tamen
2575 4418 2845 4507 martyres
2865 4431 2988 4504 ante
3020 4418 3220 4507 ethpoft
3238 4418 3557 4507 Entyclt‘iani

251 4507 399 4570 tom.
420 4512 490 4570 tt;
520 4495 1013 4570 Walehnrﬂt’storie
1039 4501 1129 4554 der
1152 4498 1365 4566 Κείων,
1397 4511 1527 4555 ιοω.
1561 4515 1601 4567 t,
1634 4515 1688 4570 p.
1715 4501 1840 4555 7l5.

352 4568 410 4631 5)
432 4568 721 4631 madell.,
754 4569 806 4627 in
840 4568 1296 4626 Paculla-Isidoro.

352 4638 405 4710 4)
432 4638 578 4710 Pagi.
606 4648 717 4694 not.
745 4638 810 4694 10
839 4640 890 4697 in
917 4659 1043 4697 ann.
1071 4643 1199 4696 285.

320 4712 403 4782 (5)
431 4711 655 4776 Euseb.,
691 4710 1000 4779 Hist.eccl.,
1030 4714 1121 4768 lib.
1152 4728 1263 4781 vni,
1287 4729 1407 4786 cap.
1438 4715 1490 4770 l.

505 4968 774 5113 DE
866 4970 1843 5123 DECRETIS

277 4841 641 4862 ἡ*

1951 4500 2228 4555 decretum
2243 4496 2484 4552 candidis
2497 4495 2737 4550 obvolntt
2753 4493 2933 4547 linteis
2945 4492 3145 4548 conditi
3164 4492 3313 4548 fuere
3327 4492 3552 4558 tumulo,

1954 4573 2110 4627 uticl.
2130 4570 2445 4627 Laurentius
2463 4566 2628 4630 Berti,
2649 4566 2926 4625 Dissertat.
2950 4580 2986 4619 I.
3008 4565 3072 4618 de
3088 4562 3241 4619 Rom.
3262 4563 3552 4633 Episcopis,

1952 4658 2079 4727 stuc.
2109 4658 2188 4704 ιιι,
2219 4651 2346 4723 toni.
2380 4656 2436 4707 ιι,
2463 4638 2491 4710 §
2523 4638 2613 4727 ξι,
2644 4652 2764 4727 pag.
2790 4634 2916 4707 557,
2945 4637 3193 4692 observat
3222 4637 3388 4691 nostri
3416 4634 3554 4689 forte

1952 4713 2299 4784 Reparatoris
2329 4708 2599 4780 exeniplo.

1966 4960 3295 5155 EUTYCHIANO
3422 5092 3425 5093 ξ

1575 5217 2244 5295 ADSCBIPTIS.

1458 5375 1477 5441 (
1502 5374 1574 5426 Ex
1622 5375 1665 5425 D
1687 5414 1699 5427 .
1726 5374 2012 5429 Constantio
2055 5373 2298 5436 desumpt.
2329 5369 2347 5436 )

241 5516 650 5575 Ancum‘t'ml.
677 5507 821 5565 -1,
844 5505 1062 5575 Decreta
1084 5507 1204 5573 duo.
1233 5506 1380 5571 Unde
1406 5508 1578 5580 probet
1596 5506 1850 5567 Barom'us

316 5604 561 5679 primum
602 5603 882 5663 decretum.
908 5631 982 5647 —-
1006 5599 1063 5660 2.
1099 5599 1248 5665 Unde
1273 5601 1478 5673 probari
1502 5601 1659 5673 possit
1686 5618 1865 5689 serun-

2031 5507 2305 5569 dum.—5,.
2338 5502 2646 5592 Dalmaticis
2670 5502 2910 5573 antiquus
2938 5503 2992 5570 in
3018 5499 3255 5558 Ecclesia
3273 5501 3559 5571 usus—4,

2046 5600 2100 5657 5.
2126 5598 2343 5657 Initium
2389 5596 2542 5665 hujus
2572 5611 2695 5655 usus
2723 5596 2985 5669 Sylvestro
3008 5606 3271 5677 perperam
3296 5594 3576 5655 tribuitur.
