3990 6060
445 222 548 281 159

1373 224 1458 305 [)E
1499 221 1834 280 DECRETIS
1874 219 2313 279 EUTYCHIANO
2350 221 2774 279 ADSCRIPTIS.

3626 222 3723 278 160

513 340 754 398 -6·15.
776 340 907 397 Dure
925 341 1155 412 epistola:
1170 341 1230 394 ab
1260 338 1464 394 Isidoro
1493 340 1785 410 suppositw.
1811 337 2022 392 Decreta
2053 343 2102 401 Α
2128 339 2532 394 dalmaticarum
2567 357 2718 395 usum
2751 341 3124 415 episcoporum
3162 343 3438 415 proprium
3468 355 3610 408 esse,
3667 351 3725 395 et

516 433 686 488 decem
713 434 1032 507 Eutychiano
1061 433 1341 504 adscripta.

517 529 569 582 1.
599 527 656 582 Ιιι
703 527 841 582 libro
869 527 1157 598 pontiﬁcali
1190 526 1559 598 Eutycbianus
1584 526 1927 582 constituisse
1957 522 2037 577 di-

442 617 584 673 citur
614 637 632 671 ι
673 631 730 674 ιιι
755 618 955 688 fruges,
992 620 1126 673 fabae
1153 630 1210 674 et
1240 635 1354 674 uvae
1382 635 1546 690 super
1571 619 1764 672 altario
1814 615 2031 673 benedi-

443 723 718 777 cerentur,
747 732 766 764 ι
788 727 996 768 necnon
1024 733 1042 765 ι
1065 715 1459 784 utquicumque
1489 712 1722 768 ﬁdelium
1743 722 2032 782 martyrem

445 788 716 873 sepeliret,
747 805 863 860 sine
888 805 1171 861 dalmatica
1201 815 1294 861 aut
1309 797 1519 861 colubio
1543 813 1832 876 purpurato
1865 804 2035 859 nulla-

445 903 600 950 tenus
627 895 900 966 sepeliret.
923 915 943 949 ι
979 897 1083 953 Sed
1113 913 1234 968 quze
1265 899 1316 952 in
1347 896 1449 952 hoc
1480 897 1618 951 libro
1642 911 1765 952 cum
1803 896 1871 952 de
1915 896 2036 950 aliis

444 987 808 1057 pomiﬁcibus,
878 999 988 1043 tum
1041 989 1353 1045 nominatim
1403 989 1472 1044 de
1516 988 1853 1059 Eutychiauo
1904 989 2035 1043 falsa

444 1080 822 1150 praedicantur,
889 1081 972 1136 bis
1025 1082 1314 1138 detrahunt
1381 1083 1777 1138 auctoritatem.
1836 1081 2035 1137 Verum

446 1185 730 1248 utrumque
756 1178 989 1234 admittit
1025 1196 1087 1234 ac
1130 1181 1318 1250 probat
1367 1181 1649 1236 Baronius.
1683 1181 1747 1236 Et
1804 1181 2033 1251 primum

449 1271 670 1341 quidem
692 1284 996 1342 opportune
1016 1278 1083 1329 ab
1106 1276 1210 1332 hoc
1237 1293 1370 1346 papa
1400 1278 1604 1332 editum
1631 1287 1836 1346 censet,
1865 1288 1922 1333 ut
1942 1279 2036 1333 ad-

448 1377 637 1418 versus
694 1374 1001 1421 nascentem
1033 1367 1308 1423 Maniehzei
1360 1368 1632 1437 haeresim,
1689 1387 1807 1440 quae
1856 1369 2035 1441 fruges

445 1457 685 1528 aliasque
725 1474 812 1514 res
858 1475 1146 1529 corporeas
1177 1471 1236 1516 ut
1276 1479 1306 1517 a
1347 1463 1610 1534 principio
1657 1464 1780 1518 mali
1829 1475 2036 1520 creatas

446 1551 818 1616 execrabatur,
870 1551 1052 1608 ﬁdeles
1083 1555 1334 1608 muniret.
1369 1555 1633 1610 Praeterea
1677 1555 1729 1609 iu
1762 1556 2035 1626 opinionis

445 1657 557 1697 sua:
585 1646 812 1715 gratiam
841 1648 1169 1717 apostolicos
1195 1650 1323 1703 citat
1351 1665 1587 1704 canones
1613 1650 1666 1712 5.
1703 1650 1738 1704 4
1761 1659 1814 1704 et
1835 1651 1888 1716 5,
1943 1651 2034 1722 qui

2137 450 2166 488 a
2208 435 2446 489 romanis
2475 434 2719 490 diaconis
2761 451 2857 504 per
2877 438 3236 508 arrogantiam
3265 447 3575 507 usurpatum
3602 449 3724 492 esse

2137 537 2307 582 nutat.
2349 527 2543 583 Scribit
2575 539 2629 582 et
2671 528 2970 600 Cyprianus
3015 529 3309 585 tolouensis
3353 529 3640 600 episcopus
3667 527 3724 581 in

2136 620 2252 676 Vita
2283 621 2340 676 S.
2372 620 2588 677 Caesarii
2617 625 2931 679 arelatensis
2947 624 3295 696 episcopiJeo
3322 625 3439 694 ipso
3458 633 3721 693 tempore,

2139 732 2245 787 quo
2276 718 2635 788 Symmachus
2678 735 2814 790 papa
2863 719 3152 776 Caesarium
3188 735 3486 777 «concesso
3515 719 3726 790 specia-

2138 809 2259 864 liter
2307 810 2456 880 pallii
2516 809 2794 866 decoravit
2841 813 3146 884 privilegio,
3205 812 3458 869 diaconos
3513 827 3727 884 quoque

2137 903 2305 974 ipsius
2330 903 2396 958 ad
2431 905 2685 960 Romana:
2727 905 2896 961 instar
2921 907 3164 962 ecclesia:
3201 906 3603 962 dalmaticarum
3645 908 3724 962 ie-

2136 998 2275 1052 cisse
2304 996 2486 1052 habitu
2514 1000 2886 1068 praéeminere.
2902 1018 2920 1052 ι
2941 999 3190 1054 Testatur
3209 998 3518 1069 Gregorius,
3539 999 3631 1053 lib.
3651 1015 3723 1065 Ix,

2136 1093 2294 1160 epist.
2326 1092 2451 1157 107,
2485 1093 2744 1161 Aregium
2771 1093 3104 1162 poposcisse,
3139 1104 3196 1148 ut
3225 1093 3326 1148 sibi
3369 1101 3423 1148 et
3465 1091 3730 1147 archidia-

2137 1201 2274 1242 cono
2301 1201 2402 1240 suo
2430 1186 2610 1241 utendi
2635 1187 2937 1241 dalmaticis
2961 1187 3230 1243 licentiam
3265 1187 3547 1257 praeberet.
3576 1186 3730 1255 Quod

2137 1287 2197 1332 ut
2240 1294 2478 1332 ιιιονιιηι
2513 1293 2616 1333 non
2641 1278 2942 1334 inconsulte
2963 1288 3018 1334 et
3046 1279 3225 1334 subito
3268 1299 3286 1332 ι
3327 1279 3607 1350 permisit,
3635 1279 3730 1336 sed

2138 1371 2478 1441 postmodum
2509 1371 2835 1437 concedens,
2866 1372 3009 1441 ipsas
3025 1373 3189 1428 etiam
3209 1371 3522 1428 dalmaticas
3551 1372 3598 1427 ei
3631 1373 3735 1445 Cy-

2139 1465 2265 1518 riaci
2293 1465 2500 1519 abbatis
2539 1480 2703 1534 opera
2761 1466 3076 1521 transmisit.
3133 1465 3187 1520 In
3246 1465 3569 1522 bibliotheca
3610 1465 3734 1521 Flo-

2138 1559 2364 1614 riacensi
2388 1558 2528 1614 istud
2547 1559 2740 1629 legitur
2758 1559 3034 1614 Zachariae
3057 1574 3206 1628 papae
3231 1559 3293 1613 ad
3315 1559 3732 1615 Austrobertum

2138 1652 2450 1722 episcOpum
2481 1652 2830 1708 viennensem
2857 1652 3145 1708 scribentis
3170 1669 3183 1705 :
3207 1671 3226 1703 ‹
3254 1653 3594 1707 Dalmaticam
3619 1651 3731 1707 usi-

445 1745 625 1792 tamen
649 1737 746 1802 illi,
781 1740 1076 1808 praesertim
1105 1756 1171 1796 ex
1201 1741 1438 1813 Dyonisii
1486 1741 1673 1813 Exigui
1719 1743 2036 1813 interpreta-
2071 1747 2116 1807 B
2142 1745 2243 1801 bus
2263 1746 2459 1801 vestris
2487 1745 2762 1800 misimus:
2807 1756 2866 1799 ut
2895 1746 3018 1816 quia
3062 1745 3288 1801 ecclesia
3319 1755 3499 1801 vestra
3539 1745 3608 1802 ab
3636 1744 3735 1800 bac

444 1829 611 1897 tione,
645 1830 916 1888 adversari
946 1836 1121 1904 potius
1148 1835 1414 1890 videntur.
1443 1835 1646 1907 Nempe
1666 1852 1786 1892 can.
1816 1839 1850 1892 4
1879 1853 2034 1894 cave-

445 1932 534 1978 tur
557 1936 615 1979 ut
647 1943 665 1976 ‹
705 1925 898 1983 offerre
942 1943 1046 1983 non
1097 1928 1255 1984 liceat
1303 1929 1371 1984 ad
1421 1931 1582 1985 altare
1627 1928 1824 2002 praeter
1869 1947 2035 1986 novas

447 2017 623 2087 spicas
648 2028 702 2074 et
733 2035 864 2074 uvas
885 2030 937 2076 et
965 2021 1142 2078 oleum
1172 2023 1238 2078 ad
1261 2023 1544 2078 luminaria
1584 2033 1640 2080 et
1668 2024 1980 2096 thymiama.
2009 2044 2028 2077 ι

445 2108 600 2166 Unde
615 2112 1018 2169 concedendum
1047 2124 1132 2170 est
1157 2116 1345 2172 saltem
1381 2116 1463 2170 his
1501 2116 1797 2172 canonihus
1842 2118 2031 2184 vetari,

447 2217 517 2258 ne
549 2203 702 2271 fabae,
737 2222 870 2278 quas
898 2208 950 2262 in
976 2209 1132 2264 altari
1175 2209 1573 2265 benedicendas
1611 2225 1732 2265 esse
1761 2212 2033 2280 vulgatum

446 2295 760 2368 Eutychiani
789 2299 1064 2356 decretum
1093 2302 1394 2366 constituit,
1427 2303 1480 2357 in
1535 2303 1688 2357 altari
1719 2302 2032 2358 oil‘erantur.

445 2389 584 2446 Tum
610 2393 848 2448 sancitur
870 2409 991 2448 can.
1024 2395 1079 2456 5.
1119 2414 1137 2446 ι
1163 2405 1217 2450 ιιι
1242 2396 1446 2466 reliqua
1500 2412 1656 2466 poma
1698 2397 1878 2451 omnia
1909 2396 2035 2469 (seu

447 2485 639 2556 reliqui
667 2501 858 2543 omnes
885 2487 1120 2558 fructus)
1146 2490 1209 2544 ad
1238 2491 1480 2553 domum,
1506 2491 1754 2560 primitite
1779 2491 2038 2561 episcopo

445 2587 502 2634 et
530 2579 857 2652 presbyteris
888 2581 1208 2654 dirigantur,
1242 2598 1348 2638 non
1378 2583 1676 2638 oil‘erantur
1702 2584 1755 2637 in
1796 2585 1948 2638 altari
1974 2603 1988 2640 :
2013 2605 2032 2637 ι

447 2671 537 2727 ubi
570 2673 621 2728 id
644 2675 784 2744 quod
818 2676 1134 2748 Eutychiani
1166 2678 1387 2734 decreto
1414 2680 1467 2733 in
1489 2681 1642 2734 altari
1671 2680 1853 2736 ol‘l‘erri
1902 2696 2039 2752 prte-

445 2765 660 2836 cipitur,
691 2767 773 2822 his
800 2771 1097 2826 canonibus
1114 2771 1281 2826 vetari
1303 2772 1569 2828 audimus.

445 2869 457 2910 .'
519 2859 575 2914 2.
606 2859 685 2915 Ad
709 2860 984 2918 decretum
1011 2864 1239 2920 alterum
1261 2864 1406 2937 quod
1441 2866 1650 2930 attinet,
1679 2867 1819 2921 idem
1842 2868 2041 2923 Anna—

447 2950 576 3006 lium
609 2969 801 3023 parens
828 2955 945 3026 ejus
976 2971 1133 3013 usum
1152 2958 1347 3014 exinde
1374 2969 1622 3030 praetextu
1646 2961 1904 3031 religionis
1934 2977 2040 3015 non

448 3052 654 3101 tantum
686 3063 811 3118 erga
841 3059 1125 3121 martyres,
1156 3051 1248 3106 sed
1279 3053 1443 3107 etiam
1496 3068 1624 3124 erga
1656 3069 1838 3108 sacros
1892 3053 2043 3108 mini-

2140 1837 2268 1892 sede
2319 1837 2616 1892 doctrinam
2676 1836 2798 1893 ﬁdei
2865 1838 3105 1907 percepit
3158 1847 3214 1893 et
3276 1853 3479 1893 morem
3525 1837 3736 1892 habitus

2138 1929 2502 1995 sacerdotalis,
2550 1931 2617 1985 ab
2648 1929 2733 1985 illa
2759 1929 2923 1984 etiam
2970 1929 3228 2001 percipiat
3269 1929 3523 1986 decorem
3555 1930 3729 1985 hono-

2139 2025 2237 2079 ris.
2264 2044 2282 2076 ι

2211 2117 2266 2170 4.
2299 2116 2432 2170 llinc
2461 2116 2717 2187 colligere
2754 2125 2837 2172 est
2854 2132 2975 2187 qua:
3003 2117 3136 2172 tides
3167 2116 3410 2173 habenda
3433 2117 3736 2188 sitvulgato

2143 2209 2422 2263 Anastasio
2443 2207 2511 2263 de
2549 2209 2809 2264 Silvestro
2838 2210 3127 2265 scribenti:
3165 2229 3182 2262 ι
3213 2210 3276 2264 Et
3305 2209 3407 2264 hoc
3428 2210 3731 2272 constituit,

2143 2314 2200 2357 ut
2227 2302 2440 2358 diaconi
2463 2303 2766 2358 dalmaticis
2787 2304 2838 2358 in
2871 2304 3112 2361 Ecclesia
3151 2314 3449 2372 uterentur,
3474 2325 3493 2358 ι
3519 2306 3564 2360 si
3597 2321 3733 2375 prae.

2141 2399 2326 2451 sertim
2351 2397 2451 2452 hoc
2471 2396 2752 2460 decretum.
2770 2412 2877 2452 non
2903 2407 3108 2452 tantum
3136 2397 3206 2453 de
3243 2397 3519 2462 Romanis,
3543 2398 3637 2452 sed
3666 2398 3734 2452 de

2143 2489 2468 2560 quibuslibet
2497 2489 2739 2544 diacouis
2765 2491 2965 2559 dictum
2995 2491 3342 2560 intelligatur.
3396 2490 3524 2546 lude
3571 2493 3731 2546 etiam

2144 2580 2409 2636 refellitur
2466 2581 2608 2649 quod
2663 2581 2754 2636 alii
2799 2581 3006 2647 dicunt,
3055 2582 3462 2638 dalmaticarum
3494 2585 3730 2638 usumin

2144 2675 2437 2728 Ecclesiam
2473 2676 2700 2743 primum
2732 2691 2760 2727 a
2795 2676 3056 2730 Silvestro
3096 2676 3364 2732 invectum
3413 2693 3554 2744 esse,
3611 2694 3730 2733 cum

2144 2776 2300 2821 antea
2327 2767 2550 2822 colobiis
2577 2777 2852 2822 uterentur
2875 2769 3222 2833 sacerdotes;
3245 2780 3336 2822 aut
3376 2769 3516 2838 quod
3547 2770 3598 2824 in
3627 2771 3730 2825 Sil-

2145 2861 2309 2914 vestri
2334 2861 2447 2914 Vita
2465 2876 2494 2914 a
2513 2860 2834 2916 Conubeﬁsio
2859 2859 2997 2915 edita
3020 2869 3290 2928 narratur,
3321 2861 3733 2934 Euphrosynum

2144 2954 2345 3009 scilicet
2395 2954 2721 3026 Pamphyliae
2785 2956 3097 3026 episc0pum
3154 2955 3378 3012 Romam
3431 2957 3733 3016 venientem

2145 3049 2410 3104 colobium
2456 3048 2513 3105 S.
2561 3047 2745 3104 Jacobi
2805 3049 2984 3104 iratris
3057 3047 3265 3104 Domini
3329 3065 3510 3106 secum
3590 3061 3733 3105 attu-

446 3149 590 3196 stros
640 3142 914 3200 inductum
965 3147 1156 3215 probat
1183 3155 1294 3200 tum
1322 3163 1389 3203 ex
1445 3148 1582 3202 libro
1612 3165 1686 3203 tv.
1746 3149 2034 3221 Dialog.S.

2145 3142 2290 3208 lisse,
2320 3151 2519 3196 etcum
2552 3157 2618 3196 eo
2646 3141 2863 3196 indutus
2903 3157 3056 3196 sacra
3089 3143 3401 3211 peregisset,
3443 3142 3568 3198 inde
3611 3145 3733 3214 qui—

447 3233 692 3305 Gregorii
720 3252 890 3308 papae,
917 3253 1038 3309 cap.
1072 3239 1163 3304 40,
1190 3240 1277 3296 ubi
1304 3241 1576 3297 Paschasii
1597 3241 1806 3297 diaconi
1839 3243 2040 3296 dalma-

453 3327 609 3382 ticam
633 3330 751 3399 ejus
781 3332 967 3400 feretro
996 3334 1371 3403 superpositam
1401 3345 1605 3399 narrat,
1637 3344 1746 3388 tum
1779 3350 1842 3389 ex
1870 3339 2034 3406 gestis

447 3421 638 3493 synodi
668 3438 904 3480 romanae
933 3441 1074 3480 anno
1105 3425 1211 3480 515
1232 3425 1448 3493 habitae,
1481 3427 1534 3482 in
1579 3443 1681 3497 qua
1716 3427 1856 3482 idem
1901 3443 2036 3498 papa

447 3513 622 3584 primo
647 3515 934 3584 prmfatur:
971 3537 989 3568 ι
1015 3517 1179 3587 Hujus
1205 3519 1350 3574 sedis
1380 3519 1682 3573 rectoribus
1734 3533 1852 3573 mos
1897 3521 2034 3574 ultra

447 3606 699 3662 meritum
737 3611 936 3677 erupit,
987 3618 1044 3663 ιιι
1084 3624 1206 3664 cum
1252 3626 1438 3665 eorum
1490 3625 1714 3680 corpora
1770 3610 2036 3665 bumanda

446 3700 783 3770 deferuntur,
843 3704 958 3760 haec
1005 3705 1307 3761 dalmaticis
1357 3714 1663 3776 contegant,
1719 3715 1774 3760 et
1819 3705 2035 3761 easdem

447 3797 759 3854 dalmaticas
787 3815 882 3868 pro
903 3801 1200 3856 sanctitatis
1225 3803 1528 3857 reverentia
1578 3800 1885 3870 partiendas
1938 3815 2038 3870 po-

445 3891 605 3960 pulus
643 3890 870 3946 scindat.
895 3910 914 3943 ι
946 3892 1082 3947 Τιιιη
1106 3891 1382 3948 modestus
1408 3894 1497 3948 ille
1543 3892 1785 3962 pontifex
1831 3907 2038 3949 morem

446 3982 594 4038 illum
622 3983 872 4054 prohibet
903 3985 983 4039 his
1005 3979 1212 4041 verbis:
1253 3985 1540 4040 «Praesenti
1578 3985 1795 4040 decreto
1834 3985 2040 4040 consti-

443 4089 559 4139 tuo,
593 4086 652 4132 ut
676 4078 953 4145 feretrum,
986 4094 1090 4150 quo
1126 4079 1350 4133 Romani
1397 4080 1667 4149 pontilicis
1719 4094 1918 4148 corpus
1970 4078 2038 4132 ad

443 4171 810 4240 sepeliendum
837 4173 1066 4236 ducitur,
1091 4172 1237 4227 nullo
1260 4171 1493 4242 tegmine
1519 4173 1743 4228 veletur.
1780 4191 1798 4224 ι
1831 4171 2034 4227 Simul-

443 4277 552 4334 que
609 4263 752 4318 unde
788 4263 1003 4318 [luxerit
1032 4265 1118 4318 ille
1150 4280 1297 4329 usus,
1349 4265 1522 4319 innuit
1565 4264 1692 4318 dum
1737 4257 1876 4320 inter
1925 4265 2040 4319 [nec

445 4355 614 4422 addit,
651 4371 812 4412 «cum
858 4357 1035 4412 adsint
1077 4357 1240 4412 multa
1271 4373 1297 4410 a
1329 4358 1499 4412 sacris
1545 4358 1863 4428 corporibus
1909 4372 2039 4425 apo-

445 4450 706 4506 stolorum
739 4459 1140 4522 martyr-umque
1157 4452 1442 4515 velamina,
1461 4471 1478 4504 ι
1497 4460 1604 4506 etc.
1625 4451 1788 4518 Quasi
1809 4450 2034 4514 diceret,

2142 3237 2262 3292 dem
2297 3237 2493 3292 factum
2516 3252 2636 3292 esse
2667 3247 2723 3291 ut
2748 3236 2971 3290 Romani
3011 3237 3321 3291 sacerdotes
3345 3237 3574 3293 colobiis
3619 3245 3733 3294 ute-

2146 3343 2354 3398 rentur,
2411 3331 2505 3386 sed
2571 3342 2756 3401 postea
2810 3329 3069 3385 nuditatis
3122 3329 3462 3385 brachiorum
3496 3331 3733 3401 tegendm

2142 3426 2312 3497 gratia
2353 3423 2561 3479 colobia
2610 3426 2664 3479 in
2696 3424 3011 3479 dalmaticas
3048 3422 3213 3479 fuisse
3253 3434 3610 3490 commutata;
3640 3440 3733 3480 seu

2143 3519 2283 3590 quod
2319 3518 2603 3572 Anselmus
2630 3517 2932 3572 Lucensisa
2967 3516 3237 3587 Ducaugio
3256 3516 3500 3573 laudatus
3543 3517 3730 3572 tradit:

2150 3629 2170 3661 ι
2191 3614 2234 3664 Α
2264 3619 2450 3664 sancto
2492 3609 2754 3664 SilveStro
2794 3619 2848 3664 et
2878 3609 3211 3679 presbyteris
3256 3610 3372 3678 ejus
3401 3608 3732 3664 colobiorum

2147 3719 2274 3758 usus
2297 3705 2524 3773 sumpsit
2549 3704 2784 3766 initium,
2815 3713 2865 3758 et
2894 3702 3102 3758 Marcus
3126 3718 3189 3757 ae
3219 3703 3390 3758 Julius
3411 3713 3466 3758 et
3492 3704 3735 3759 Liberius

2145 3813 2210 3851 ex
2238 3799 2428 3852 ordine
2457 3798 2537 3852 usi
2567 3807 2714 3851 sunt.
2750 3797 2879 3852 Post
2903 3798 3000 3852 hos
3028 3809 3204 3852 autem
3233 3799 3436 3854 colobia
3466 3800 3515 3853 in
3531 3798 3737 3854 dalma-

2147 3892 2277 3945 ticas
2298 3899 2784 3946 suntcommutata.
2812 3910 2829 3941 ι
2861 3888 3015 3945 Unde
3041 3901 3378 3960 sequeretur,
3411 3901 3466 3946 ut
3519 3891 3695 3946 dalma
3727 3927 3734 3935 -

2147 3984 2372 4038 tiearum
2397 3999 2549 4037 usum
2573 3983 2977 4048 nonSilvester,
3012 3983 3108 4038 sed
3145 3984 3405 4038 Damasus
3450 3985 3654 4053 primus
3684 3985 3734 4039 in

2146 4076 2448 4134 Ecclesiam
2479 4078 2747 4132 invexisse
2777 4076 3039 4131 dicendus
3067 4086 3230 4132 εεςρῑ.
3262 4077 3366 4132 Sed
3393 4086 3448 4132 et
3491 4079 3632 4148 quod
3671 4079 3738 4138 de

2146 4170 2401 4241 Cypriani
2424 4169 2710 4224 dalmatica
2742 4184 2807 4224 ex
2830 4169 2946 4236 ejus
2962 4167 3081 4222 Vita
3103 4184 3132 4221 a
3162 4168 3354 4224 Pontio
3381 4172 3574 4236 scripta
3595 4169 3737 4224 dixi-

2146 4279 2288 4325 mus.
2317 4265 2435 4331 ejus
2465 4277 2617 4316 usum
2647 4263 2697 4315 in
2723 4261 2964 4316 Ecclesia
3001 4272 3058 4314 et
3106 4261 3336 4316 Damaso
3380 4271 3435 4316 et
3481 4261 3740 4318 Silvestro

2145 4357 2504 4427 antiquiorem
2523 4369 2646 4410 esse
2669 4354 2955 4424 persuadet
2975 4373 2987 4408 :
3007 4355 3147 4408 sicut
3173 4369 3241 4408 ex
3269 4353 3592 4408 testimoniis
3614 4369 3736 4409 mox

2143 4449 2320 4504 allatis
2341 4448 2642 4513 coullcitur,
2661 4447 2911 4502 eumdem
2938 4447 3268 4502 colobiorum
3293 4461 3394 4501 usu
3441 4447 3600 4517 vulgo
3620 4462 3736 4504 cre-

446 4542 549 4599 Hic
579 4544 773 4608 honor,
789 4543 878 4613 qui
905 4545 1269 4613 apostolorum
1290 4555 1692 4614 martyruinque
1721 4543 2039 4611 corporibus
2068 4549 2116 4607 υ
2142 4541 2312 4597 ditum
2341 4555 2464 4596 esse
2495 4543 2872 4595 recentiorem.

442 4639 564 4711 jure
591 4640 800 4695 delatus
829 4642 930 4703 est,
955 4641 1022 4694 ad
1049 4657 1164 4705 eos,
1197 4657 1424 4710 quortuu
1451 4655 1553 4694 non
1581 4650 1663 4694 est
1709 4656 1801 4708 par
1844 4639 2042 4693 sancti-

448 4746 551 4802 tas,
583 4735 852 4790 immerito
879 4735 975 4790 fuit
997 4737 1304 4791 translatus.
1335 4735 1406 4792 Ut
1429 4747 1608 4790 autem
1628 4742 1768 4790 hunc
1783 4735 2039 4791 honorem

450 4829 819 4900 Eutycbianus
859 4829 1189 4908 martyribus
1241 4827 1584 4893 decerneret,
1637 4845 1699 4883 ea
1748 4819 2079 4895 excogitari'

449 4927 629 4996 potest
656 4941 840 4990 causa,
893 4923 1035 4992 quod
1068 4921 1347 4978 Manichtei
1375 4934 1689 4977 sanctorum
1742 4934 2040 4994 martyrum

450 5019 652 5074 cultum
681 5034 785 5072 non
813 5030 972 5072 secus
993 5027 1155 5086 atque
1185 5014 1538 5070 idololatriam
1573 5017 1920 5086 respuebant.

521 5114 575 5168 5.
608 5111 716 5166 Nec
742 5109 1042 5179 negandum
1083 5108 1280 5164 colobii
1308 5119 1400 5162 aut
1443 5108 1852 5165 dalmaticarum
1883 5125 2045 5165 voces

449 5206 699 5272 antiquas
719 5217 860 5258 esse.
895 5201 952 5255 ιιι
1008 5203 1116 5257 vita
1145 5200 1204 5258 S.
1239 5201 1488 5272 Cypriani
1521 5217 1551 5256 a
1604 5203 1796 5258 Pontio
1843 5203 2044 5270 scripta

448 5298 706 5368 legimus:
740 5315 758 5348 ι
791 5295 1004 5350 Etcum
1059 5312 1118 5350 se
1167 5294 1450 5350 dalmatica
1510 5294 1865 5364 exspoliasset
1907 5291 2047 5367 (Cy-

450 5389 720 5462 prianus),
763 5399 819 5444 et
856 5389 1170 5444 diaconibus
1197 5389 1525 5452 tradidiSSet,
1558 5389 1609 5443 in
1656 5389 1794 5444 linea
1827 5389 1995 5445 stetit.
2023 5407 2041 5439 ι

449 5484 715 5553 Antiquos
744 5493 951 5548 auctor,
981 5483 1182 5548 Qumst.
1213 5480 1552 5537 Vct.etNov.
1573 5479 1722 5536 Test.
1756 5481 1898 5552 apud
1931 5485 2044 5535 Au-

447 5577 721 5651 gustinum
747 5619 762 5644 ,
795 5575 1041 5647 Append.
1085 5584 1124 5627 ι.
1157 5590 1234 5640 ιιι,
1254 5589 1304 5629 c.
1329 5575 1422 5639 49,
1448 5589 1567 5629 cum
1595 5587 1833 5628 roman-.e
1872 5573 2050 5630 eccle-

443 5673 542 5729 sine
571 5674 818 5733 diaconis
843 5673 916 5729 ita
946 5669 1280 5742 expostulat:
1330 5689 1348 5722 ι
1374 5670 1538 5740 Quasi
1571 5686 1676 5726 non
1728 5669 1890 5726 hodie
1929 5671 2048 5726 dia-

443 5764 565 5816 enni
594 5767 924 5835 (dalmaticis
975 5765 1267 5822 induantur
1323 5765 1461 5818 sicut.
1509 5763 1765 5830 episcopi.
1806 5781 1824 5814 ι
1862 5761 1961 5816 llbi
1993 5773 2047 5816 et

2218 4635 2271 4689 5.
2305 4634 2529 4689 Colobia
2561 4645 2764 4697 autem,
2789 4634 2927 4687 sicut
2949 4642 3002 4688 et
3029 4633 3352 4699 dalmaticas,
3376 4645 3530 4691 erant
3548 4637 3738 4691 tunica:

2146 4731 2361 4784 talares.
2392 4729 2505 4783 lloc
2531 4727 2801 4784 distabant
2829 4727 3130 4782 dalmatica:
3161 4746 3188 4781 a
3209 4729 3402 4784 tunicis
3423 4729 3736 4796 etcolobiis,

2143 4823 2286 4894 quod
2314 4822 2620 4878 dalmaticis
2650 4824 2842 4893 ampla:
2882 4834 3036 4877 erant
3066 4824 3310 4890 manicae,
3342 4825 3532 4878 tunicis
3585 4824 3742 4879 strico

2144 4925 2233 4982 tte,
2261 4915 2486 4971 colobiis
2526 4915 2609 4970 vel
2655 4916 2815 4970 null-.e
2867 4917 2948 4970 vel
2994 4917 3202 4971 breves.
3235 4917 3308 4972 De
3359 4918 3584 4972 colobiis
3617 4936 3736 4975 cum

2146 5008 2404 5065 brevibus
2450 5010 2677 5064 manicis
2704 5010 2964 5064 habemus
2993 5009 3119 5063 illud
3145 5009 3410 5077 Cassiani,
3443 5012 3512 5068 de
3542 5012 3737 5069 Habitu

2148 5103 2424 5167 mouach.,
2457 5119 2508 5158 c.
2541 5104 2608 5158 5:
2647 5123 2664 5154 ι
2685 5103 2924 5158 Colobiis
2949 5119 3164 5174 quoque
3192 5104 3349 5159 lineis
3397 5106 3592 5172 indttti,
3619 5123 3737 5178 quae

2149 5194 2236 5250 vix
2258 5195 2325 5250 ad
2353 5197 2654 5250 cubitorum
2682 5196 2831 5251 initia
2866 5198 3195 5268 pertingunt,
3225 5198 3395 5254 nudas
3430 5200 3499 5255 de
3532 5201 3737 5270 reliquo

2149 5290 2533 5345 circumierunt
2560 5306 2768 5344 manus.
2799 5311 2818 5343 ι
2849 5291 3150 5346 Dorotbeus
3178 5307 3308 5345 vero
3339 5293 3482 5348 doct.
3516 5295 3563 5349 1.
3589 5309 3736 5364 qua:-

2149 5383 2243 5448 ril,
2271 5398 2368 5436 cur
2391 5385 2780 5437 mooacborum
2824 5383 3091 5437 colobimn
3123 5383 3350 5441 manicis
3372 5394 3574 5452 careat,
3615 5401 3734 5441 cum

2153 5488 2472 5530 caeterorum
2502 5478 2740 5532 outnium
2765 5478 3086 5532 tuanicatum
3109 5478 3358 5539 sit.ldem
3383 5488 3436 5533 et
3467 5478 3553 5534 ubi
3583 5479 3737 5534 addi-

2151 5570 2259 5625 dit:
2295 5589 2313 5622 ι
2339 5571 2618 5626 Colobium
2649 5582 2893 5627 nostrum
2923 5573 3084 5629 habet
3112 5576 3322 5644 signum
3354 5589 3734 5644 purpureum,»

2150 5677 2364 5738 rursum
2392 5665 2611 5734 quaerit:
2641 5663 2781 5732 Quid
2808 5666 2911 5722 sibi
2937 5669 3048 5724 vult
3077 5668 3286 5738 signum
3315 5670 3680 5738 purpureum?
3713 5688 3733 5720 ι

2151 5773 2212 5812 ac.
2243 5756 2566 5824 respondet:
2600 5776 2617 5804 ‹
2640 5757 3018 5828 ῐτηιιςιιιιὶςηιιρ
3041 5759 3274 5812 militans
3308 5761 3417 5825 rogi
3450 5777 3736 5829 purpuram
