3990 6060
186 147 287 214 161⁴

1105 127 1196 185 DE
1237 122 1575 183 DECRETIS
1616 113 2066 180 EUTYCHIANO
2105 105 2530 172 ADSCRIPTIS.

3375 101 3481 159 182

185 260 336 314 habet
362 255 416 312 in
442 249 752 324 chlamyde.
776 266 795 302 ι
832 244 901 304 Ει
928 246 1046 303 haec
1075 244 1292 316 quidem
1322 245 1458 297 ratio
1484 240 1548 294 ad
1591 239 1781 294 decre-
1812 243 1856 300 Α
1889 235 2151 293 catholica
2182 229 2490 286 discesserit
2534 228 2651 282 sine
2680 222 2786 280 ulla
2817 221 3158 290 necessitate,
3200 227 3256 276 et
3294 230 3479 291 postea

184 364 288 407 tum
318 345 712 404 accommodari
745 351 922 414 potest
952 339 1093 412 quod
1123 336 1501 407 expendimus,
1540 347 1647 401 quo
1695 332 1777 384 ni-

185 450 368 502 mirum
392 452 636 505 cavetur,
673 455 741 492 ne
773 437 896 508 quis
918 445 1208 504 martyrem
1240 431 1350 484 sine
1370 426 1566 482 colobia
1590 440 1781 495 purpu-

183 551 290 595 rato
330 537 578 607 sepeliet.
627 532 970 602 Quapropter
999 529 1113 581 lucc
1152 525 1310 595 paulo
1357 522 1526 577 fusius
1577 519 1781 574 edisse-

185 633 359 688 ruissr.
382 643 484 684 non
528 627 723 697 piguit,
747 621 1009 691 siquidem
1058 618 1123 673 ad
1173 618 1514 672 decretorum
1549 613 1781 667 nonnul-

185 723 354 779 lorum
376 736 467 776 seu
490 720 798 782 veritatem,
829 728 927 770 seu
953 712 1246 766 falsitatem
1277 705 1606 779 probandam
1658 704 1783 759 inde

186 815 270 870 lux
299 811 540 882 aﬂulget.

255 907 308 962 6.
335 905 392 960 lu
435 901 769 959 editionibus
819 896 1173 953 conciliorum
1226 892 1436 949 duabus
1465 887 1785 946 adulterinis

190 996 505 1072 Eutychiaui
536 993 808 1066 epistulis,
843 1007 962 1060 quae
1001 1005 1066 1044 ex
1096 986 1286 1043 lsidori
1318 984 1637 1039 Mercatoris
1665 979 1785 1035 ofti-

191 1095 304 1149 cina
327 1090 660 1162 prodierunt,
687 1098 912 1156 quaeque
928 1097 1050 1137 cum
1068 1081 1278 1135 cteteris
1294 1076 1536 1147 ejusdem
1555 1073 1787 1127 officinae

194 1186 419 1258 opificiis
443 1198 471 1238 a
499 1180 659 1237 nobis
685 1179 938 1238 edentur,
968 1174 1070 1228 alia
1093 1173 1281 1228 decem
1308 1170 1666 1240 subjiciuntur
1692 1165 1787 1220 dc-

194 1291 337 1336 creta
363 1294 395 1334 e
420 1278 580 1331 variis
605 1287 873 1329 canonum
903 1263 1378 1337 compilationibus
1425 1261 1673 1316 collecta.
1722 1258 1791 1311 Et

196 1374 428 1444 primum
445 1366 656 1437 quidem
679 1380 710 1421 e
731 1363 990 1419 Gratiano
1021 1375 1079 1424 ιι,
1105 1367 1295 1428 quzest.
1321 1357 1375 1419 5,
1409 1369 1454 1410 c.
1480 1353 1572 1416 91,
1597 1353 1675 1406 sic
1705 1365 1790 1403 rc-

196 1467 394 1522 fertur:
423 1461 669 1532 «Siquis
693 1460 979 1529 episcopus
1015 1452 1295 1509 autabbas
1329 1446 1647 1519 presbytero
1699 1453 1792 1497 aut

196 1557 457 1616 monacho
473 1571 572 1610 suo
601 1551 826 1625 jusserit
866 1549 1062 1603 missas
1115 1561 1214 1616 pro
1246 1541 1517 1597 haereticis
1547 1537 1793 1611 (addunt

1885 347 1950 385 ex
1981 338 2092 383 toto
2161 325 2340 379 animo
2396 320 2764 392 putuitcntiam
2820 317 3104 387 acceperit,
3152 324 3262 370 tres
3313 326 3483 368 annos

1887 438 2039 484 extra
2073 425 2379 488 ecclesiam,
2401 423 2451 475 id
2475 430 2558 476 est
2580 422 2715 473 inter
2731 415 3196 484 audientes,juxta
3219 414 3480 467 uicaenum

1884 520 2170 576 concilium
2223 516 2394 590 (Can.
2424 515 2528 586 ll)
2561 523 2763 583 septem
2795 525 2968 566 annos
2994 510 3046 564 in
3075 507 3321 565 ecclesiis
3346 507 3486 561 inter

1887 613 2232 683 ptenitentes,
2267 619 2322 664 et
2346 608 2482 664 duos
2500 622 2672 661 annos
2692 606 2868 660 adhuc
2883 615 3031 659 extra
3048 603 3484 659 communionem

1887 707 2168 776 pmniteat.
2197 722 2215 755 ι
2256 702 2311 757 1η
2359 717 2460 756 ms.
2520 688 3061 755 German.hAnselnti
3111 694 3485 750 collectionem

1886 800 2280 868 complectente
2332 796 2576 866 proxime
2604 792 2831 860 legimus
2866 807 2879 844 :
2919 789 3081 844 «Tres
3107 803 3276 844 annos
3318 788 3490 858 poeni-

1887 901 1995 947 teat
2024 900 2174 946 extra
2209 888 2530 958 ecclesiam,
2572 900 2736 940 unum
2795 885 2935 938 inter
2987 881 3288 947 audientes,
3337 881 3488 951 juxta

1887 986 2533 1046 nicrenumconciliumu
2591 984 2734 1057 quod
2790 984 2964 1055 primo
3019 983 3313 1052 placuerat.
3366 980 3490 1050 quia

1888 1082 2171 1137 audientes
2203 1083 2253 1135 in
2285 1082 2570 1136 ecclesiam
2606 1079 2919 1144 .intrabant,
2950 1087 3002 1134 et
3049 1077 3118 1132 ibi
3152 1076 3410 1132 lectiones
3437 1084 3491 1130 et

1889 1174 2178 1228 conciones
2228 1190 2349 1228 cum
2382 1172 2633 1227 fidelibus
2677 1171 2795 1226 aliis
2840 1169 3147 1226 audiebant.
3204 1169 3307 1225 Sed
3353 1169 3491 1224 hanc

1889 1266 2174 1322 lectionem
2220 1282 2325 1322 non
2380 1267 2643 1337 permittit
2679 1264 2952 1319 laudatum
3002 1265 3267 1318 nicamum
3298 1263 3487 1318 conci-

1891 1363 2044 1427 lium,
2104 1361 2258 1430 cujus
2287 1362 2468 1417 verbis
2513 1361 2716 1416 decreti
2747 1360 2908 1428 hujus
2936 1360 3287 1414 concinnator
3330 1358 3491 1414 verba

1894 1464 2036 1508 eastra
2060 1456 2324 1508 ecclesiam
2347 1465 2547 1509 temere
2564 1454 2777 1522 adjecit.
2808 1453 2876 1509 Ut
2905 1465 3083 1508 autem
3110 1453 3297 1508 sileam
3323 1454 3373 1508 in
3391 1453 3494 1509 hoc
3549 1497 3552 1499 Α

1894 1543 2114 1600 decreto
2168 1547 2452 1616 repetitum
2509 1548 2676 1600 missa:
2728 1561 2923 1601 nomen
2975 1546 3185 1617 aliaque
3239 1549 3496 1602 saeculum

193 1653 281 1707 alii
311 1650 635 1706 collectores
661 1641 914 1714 mortuis)
939 1649 1178 1702 cantare,
1233 1650 1341 1691 non
1399 1634 1526 1688 licet
1570 1641 1623 1686 el
1682 1644 1790 1683 ηοη
1822 1674 1870 1734 Β
1899 1638 2234 1709 Eutychiano
2266 1641 2534 1694 recentius
2566 1638 2833 1707 redolere,
2868 1639 3233 1709 inscriptionis
3256 1639 3370 1710 cjus
3398 1640 3496 1695 fal-

193 1743 409 1813 expedit
434 1743 514 1797 eis
539 1739 794 1796 obedire:
826 1755 846 1788 ›
883 1733 988 1790 Sed
1007 1734 1108 1788 hoc
1138 1729 1315 1786 tenuis
1336 1727 1584 1798 quaedam
1618 1723 1795 1795 portio

193 1846 276 1893 est
295 1834 578 1905 amplioris
610 1829 833 1895 decreti,
861 1827 1003 1898 quod
1021 1822 1313 1881 Anselmus
1340 1820 1435 1874 lib.
1464 1835 1521 1882 ιι,
1548 1833 1658 1872 sec.
1691 1831 1793 1870 ms.

194 1931 471 1995 Genuam,
500 1942 622 1996 cap.
655 1925 779 1989 H7;
809 1919 1174 1983 Burchardus,
1208 1916 1301 1970 lib.
1338 1929 1454 1978 xix,
1479 1928 1532 1967 c.
1586 1910 1710 1976 105,
1742 1917 1799 1964 et

194 2025 304 2090 lvo,
334 2039 386 2095 p.
424 2023 513 2086 15,
543 2035 592 2076 c.
631 2017 735 2072 117
766 2057 780 2077 ,
823 2017 1025 2085 pariter
1082 2007 1420 2080 Eutychiano
1467 2003 1797 2072 adscriptum

191 2117 448 2174 exhibent
478 2114 531 2166 in
561 2112 702 2164 hunc
724 2107 972 2162 modum:
1011 2123 1028 2156 ‹
1070 2103 1125 2159 Si
1155 2101 1274 2173 quis
1291 2098 1502 2155 dederit
1532 2104 1622 2150 aut
1645 2108 1799 2149 acce-

194 2211 334 2281 perit
379 2203 814 2261 communionem
866 2199 934 2253 de
987 2211 1148 2251 manu
1207 2190 1471 2256 haeretici,
1523 2197 1579 2243 et
1627 2185 1802 2242 nescit

195 2278 342 2371 quod
372 2296 606 2352 Ecclesia
660 2291 928 2348 catholica
979 2284 1320 2349 contradicit,
1357 2290 1542 2352 postea
1596 2278 1799 2333 intelli-

195 2369 353 2463 gens,
376 2405 575 2444 annum
603 2401 766 2441 unum
796 2382 1077 2453 pteuiteat.
1111 2378 1167 2432 Si
1195 2386 1371 2432 autem
1394 2374 1516 2439 scit,
1541 2380 1595 2426 et
1617 2369 1802 2438 negle-

197 2491 362 2554 xerit,
397 2497 450 2544 et
488 2492 670 2557 postea
721 2478 1092 2552 paenitentiam
1140 2474 1330 2545 egerit,
1384 2469 1574 2524 decem
1630 2478 1802 2519 annos

199 2584 501 2658 poeniteat:
557 2579 644 2635 alii
685 2578 929 2648 judicant
975 2581 1213 2642 septem:
1247 2578 1302 2624 et
1352 2565 1639 2620 humanius
1686 2562 1801 2623 alii,

198 2655 448 2748 quinque
503 2673 776 2742 paeniteat.
828 2668 886 2723 Si
939 2666 1057 2736 quis
1109 2657 1417 2732 permiserit
1491 2655 1806 2710 lin-relicum

200 2771 426 2826 missam
451 2780 601 2819 suam
626 2761 903 2818 celebrare
932 2759 982 2811 in
1017 2754 1257 2810 Ecclesia
1283 2749 1572 2813 catholica,
1598 2758 1652 2802 et
1683 2761 1806 2802 nes-

202 2867 302 2933 cit,
351 2860 702 2934 quadraginta
757 2856 875 2911 dies
913 2850 1191 2920 pteniteat.
1240 2847 1297 2902 Si
1344 2859 1442 2915 pro
1500 2837 1806 2897 reverentia

203 2962 342 3032 cjus,
359 2973 560 3013 annum
585 2970 748 3008 unum
769 2949 1050 3022 poeniteat.
1069 2946 1124 3000 Si
1146 2958 1244 3014 pro
1258 2939 1608 2996 damnatione
1626 2935 1809 2990 Eccle-

1897 1731 2113 1786 sitatem
2152 1733 2374 1787 citatum
2409 1733 2674 1787 nicmnum
2722 1733 3033 1798 concilium,
3077 1732 3218 1804 quod
3267 1734 3498 1804 quadra-

1899 1824 2043 1894 ginta
2084 1823 2295 1879 duobus
2325 1825 2479 1878 annis
2509 1835 2631 1894 post
2656 1823 2976 1896 Eutychiani
3003 1834 3228 1880 mortem
3252 1827 3497 1881 celebra-

1901 1926 2013 1970 tum
2043 1926 2145 1983 est,
2173 1917 2328 1987 plane
2357 1917 2553 1985 prodit.
2588 1917 2770 1989 Neque
2801 1934 2931 1972 vero
2961 1920 3061 1974 sibi
3095 1929 3308 1974 constat
3363 1919 3500 1976 Gra-

1903 2010 2115 2064 tianus:
2148 2027 2271 2064 nam
2304 2011 2559 2080 majorem
2578 2011 2820 2081 ejusdem
2841 2021 3043 2082 partem
3072 2029 3217 2080 xxrv,
3242 2023 3431 2084 quaest.
3457 2031 3493 2080 ι,

1902 2116 1951 2156 c.
1981 2103 2049 2157 41
2081 2145 2094 2167 ,
2143 2103 2285 2158 Julio
2316 2105 2598 2160 adscribit.
2647 2107 2800 2160 Alex
2827 2107 3001 2176 capite
3029 2105 3064 2160 2
3112 2107 3501 2165 Poenitentialis

1906 2196 2238 2268 Hieronymo
2266 2199 2530 2268 attributi,
2557 2201 2621 2254 iis
2651 2201 2998 2257 varietatibus
3019 2218 3150 2274 quas
3194 2203 3259 2258 ad
3306 2205 3502 2276 margi-

1905 2305 2026 2346 nem
2079 2295 2455 2348 annotavimus
2502 2295 2763 2365 exceptis,
2796 2304 2966 2351 totum
3017 2297 3343 2368 descriptum
3395 2308 3498 2354 est.

1979 2385 2031 2437 7.
2065 2385 2343 2441 Alterum:
2382 2406 2401 2440 ‹
2447 2388 2804 2446 Nihilominus
2834 2392 3018 2460 etiam,
3049 2412 3068 2446 ι
3115 2404 3246 2458 etc.,
3277 2409 3383 2465 quo
3411 2397 3505 2452 ab-

1905 2476 2107 2531 batissa
2137 2479 2369 2548 puellam
2401 2482 2660 2554 virginem
2691 2485 2774 2539 vel
2823 2485 3038 2542 viduam
3083 2489 3263 2544 velare
3318 2492 3504 2562 prohi-

1905 2567 2080 2633 betur,
2107 2585 2171 2624 ex
2198 2570 2474 2640 Gratiano,
2507 2591 2603 2642 xx,
2623 2589 2815 2646 qurest.
2841 2594 2900 2644 ιι,
2924 2594 3042 2649 cap.
3069 2580 3123 2644 5,
3149 2581 3502 2654 descriptum,

1908 2667 2050 2738 apud
2080 2669 2446 2727 Burcliardum
2478 2688 2690 2744 quoque
2713 2675 2807 2731 lib.
2851 2692 2964 2744 vui,
2992 2693 3041 2732 c.
3076 2679 3161 2744 17,
3190 2692 3245 2736 et
3289 2681 3507 2740 lvouem

1911 2781 1968 2836 p.
2001 2766 2055 2833 7,
2080 2782 2130 2822 c.
2164 2769 2256 2836 58,
2281 2779 2344 2824 ut
2375 2786 2439 2825 ex
2464 2773 2697 2828 decretis
2726 2773 3067 2846 Eutychiani,
3095 2793 3144 2832 c.
3180 2779 3264 2844 15,
3295 2781 3508 2848 profer-

1911 2866 2018 2914 tur.
2049 2860 2144 2914 Est
2171 2871 2347 2916 autcm
2377 2862 2694 2920 Parisiensis
2727 2882 2780 2920 v1
2809 2868 3047 2935 concilii,
3090 2884 3234 2925 anno
3260 2870 3364 2927 829
3409 2871 3500 2926 ha-

1910 2950 2028 3017 biti,
2055 2952 2149 3008 lib.
2184 2963 2374 3026 t,'cap.
2405 2959 2496 3013 45.

204 3058 300 3114 sim
324 3055 612 3114 unum“,
641 3063 665 3089 ιι
689 3061 744 3107 et
773 3044 1178 3105 consuetudinis
1208 3042 1598 3135 Romanorum,
1646 3034 1810 3106 proji-
1837 3071 1882 3135 C
1987 3046 2042 3100 8.
2073 3046 2312 3102 Tertium
2338 3068 2350 3104 :
2379 3069 2397 3102 ι
2423 3049 2829 3107 Pracdieandum
2848 3064 2932 3110 est
2952 3056 3112 3112 etiam
3140 3066 3197 3113 ut
3217 3059 3514 3130 pcrjurium

203 3154 380 3207 ciatur
400 3148 470 3204 ab
500 3145 739 3203 Ecclesia
767 3142 907 3198 sicut
927 3138 1234 3201 haereticus,
1266 3133 1292 3172 δ
1327 3135 1430 3189 nisi
1479 3131 1673 3186 habeat
1706 3143 1814 3199 pte-

206 3244 534 3302 nitentiatn:
579 3240 625 3294 si
674 3235 940 3301 habuerit,
991 3232 1177 3288 decem
1227 3241 1398 3283 annos
1444 3228 1723 3297 pmniteat.
1757 3221 1814 3278 Si

207 3337 502 3395 recesserit
532 3334 598 3389 ab
640 3331 883 3388 Ecclesia
929 3326 1191 3383 catholica
1243 3327 1294 3377 in
1340 3319 1813 3391 congregationem

208 3430 616 3494 litereticorum,
642 3436 696 3481 et
717 3423 838 3478 aliis
866 3417 1218 3492 persuaserit,
1247 3427 1300 3471 et
1331 3421 1517 3484 postea
1541 3401 1812 3482 pteniten-

208 3523 343 3578 tiam
367 3521 559 3592 egerit,
583 3516 867 3572 duodecim
889 3526 1061 3568 annos
1079 3511 1356 3581 poeniteat,
1379 3514 1607 3576 quatuor
1639 3501 1817 3576 (apud

209 3616 537 3673 Anselmum
568 3617 692 3682 tres)
720 3624 892 3665 annos
920 3617 1074 3664 extra
1101 3604 1409 3667 ecclesiam,
1443 3611 1498 3656 et
1517 3617 1612 3656 sex
1643 3597 1822 3672 (apud

208 3711 470 3770 eumdem
500 3705 716 3778 septem)
747 3705 889 3760 inter
913 3701 1207 3766 auditores,
1244 3705 1297 3754 et
1323 3697 1460 3752 duos
1475 3695 1653 3750 adhuc
1670 3705 1821 3749 extra

207 3803 676 3862 communionem.
707 3799 780 3852 De
807 3795 890 3850 his
919 3795 971 3848 in
999 3803 1020 3830 ο
1062 3806 1268 3848 canone
1289 3790 1508 3853 dicitur,
1530 3799 1587 3842 ut
1612 3787 1824 3843 decimo

209 3914 364 3956 anno
396 3893 830 3951 communionem
863 3888 980 3942 sine
1006 3885 1280 3940 oblatione
1308 3881 1594 3952 accipiant.
1629 3879 1684 3935 Si
1712 3878 1826 3949 epi-

212 4003 430 4060 scOpus
453 3995 545 4040 aut
573 3985 737 4040 abbas
778 3980 932 4052 jubet
988 3976 1252 4032 monacho
1295 3991 1393 4030 suo
1440 3990 1536 4044 pro
1567 3971 1833 4026 lucreticis

212 4082 460 4141 mortuis
482 4087 673 4135 missas
700 4083 924 4132 cantare
949 4073 1053 4146 ('en
1070 4071 1236 4126 verba
1258 4084 1287 4124 a
1315 4069 1574 4124 Gratiano
1597 4064 1832 4136 laudata)

215 4193 331 4234 non
361 4175 493 4230 licet
536 4182 590 4227 et
619 4186 724 4225 non
755 4166 975 4238 expedit
1010 4163 1234 4220 obedire
1263 4163 1365 4218 eis.
1427 4161 1486 4216 Si
1513 4159 1834 4230 presbytero

217 4271 539 4342 contigerit,
571 4267 661 4324 ubi
685 4266 906 4321 missam
937 4265 1256 4327 cantavcrit,
1276 4267 1331 4316 et
1356 4259 1494 4313 alius
1528 4255 1837 4313 recitaverit

222 4369 448 4425 nomina
487 4376 843 4424 mortuorum,
905 4357 1005 4415 etd
1035 4359 1199 4414 simul
1252 4357 1610 4411 nominaverit
1658 4353 1832 4408 haere-

1919 3138 2106 3196 fideles
2134 3150 2381 3210 caveant,
2414 3162 2431 3195 ι
2468 3155 2598 3213 etc.,
2627 3146 3004 3219 depromptum
3029 3159 3113 3206 est
3141 3168 3207 3208 ex
3236 3153 3514 3222 Gratiano,

1922 3248 2063 3295 xxn,
2088 3243 2282 3304 quaest.
2311 3251 2347 3299 ι,
2376 3251 2424 3291 c.
2457 3239 2546 3302 l7,
2571 3239 2662 3309 qui
2704 3240 2921 3308 quidem
2956 3244 3161 3313 priores
3189 3256 3409 3303 secutus
3433 3261 3520 3305 est

1921 3341 2187 3382 canonum
2229 3329 2569 3396 collectores,
2604 3333 2936 3400 Anselmum,
2991 3336 3082 3391 lib.
3113 3353 3170 3404 ιι,
3223 3341 3517 3397 secundum

1924 3435 2026 3475 ms.
2082 3421 2360 3489 German.,
2403 3439 2451 3479 c.
2519 3423 2611 3491 58,
2665 3425 3055 3494 Burchardum,
3087 3428 3178 3484 lib.
3210 3448 3304 3497 xu,
3334 3448 3382 3488 c.
3428 3435 3520 3502 14,

1923 3511 2166 3580 lvonem,
2213 3531 2266 3584 p.
2301 3515 2389 3582 12,
2422 3532 2470 3571 c.
2505 3516 2595 3582 71,
2650 3518 2788 3588 apud
2840 3535 2976 3591 quos
3025 3523 3171 3578 velut
3196 3539 3259 3579 ex
3291 3524 3523 3582 decretis

1925 3605 2267 3678 Eutychiani,
2301 3624 2351 3664 c.
2391 3610 2481 3676 26,
2516 3611 2717 3679 pariter
2779 3615 2994 3671 citatur.
3052 3618 3294 3676 Pertinet
3344 3631 3525 3679 tamen

1925 3699 1992 3754 ad
2021 3700 2376 3757 Theodulfum
2410 3703 2858 3762 Aurelianeusem
2891 3712 3227 3782 episcopum,
3253 3729 3376 3786 cap.
3431 3717 3525 3783 26,

1929 3793 2068 3861 apud
2100 3792 2466 3864 Sirtnondum,
2520 3806 2651 3854 tom.
2680 3815 2715 3854 ιι
2742 3815 2895 3857 conc.
2926 3802 3088 3872 Gall.,
3121 3821 3245 3878 pag.
3278 3808 3403 3864 217.

1997 3888 2049 3942 9.
2077 3887 2169 3943 His
2191 3888 2469 3959 subjicitur
2499 3902 2775 3962 quartum:
2831 3913 2851 3946 ι
2878 3895 2933 3951 Si
2977 3898 3098 3967 quis
3149 3901 3517 3958 membrorum

1940 3983 2324 4051 truncationes,
2362 3994 2415 4039 et
2443 3985 2724 4043 domorum
2759 3989 3001 4046 incendia
3028 3991 3238 4060 fecerit,
3273 3993 3386 4052 sive
3413 3995 3532 4054 fieri

1933 4076 2173 4146 jusserit,
2207 4087 2297 4131 aut
2324 4076 2542 4132 facienti
2573 4084 2930 4147 consenserit,
2972 4099 3078 4155 quo
3107 4101 3278 4157 usque
3329 4087 3398 4144 de
3443 4087 3532 4145 his

1939 4169 2224 4270 unicuique
2273 4170 2513 4240 legaliter
2565 4183 2619 4227 et
2648 4175 3007 4232 amicabiliter
3053 4194 3235 4235 coram
3281 4182 3536 4254 episcopo

1939 4260 2171 4314 civitatis
2201 4261 2430 4330 aliistlue
2460 4263 2663 4318 civibus
2693 4281 2796 4320 non
2826 4269 3213 4337 emendaverit,
3246 4272 3314 4328 ab
3355 4275 3538 4331 Eccle-

1939 4351 2016 4406 sia
2040 4367 2099 4407 se
2132 4353 2395 4422 privatum
2423 4368 2734 4427 cognoscat.
2773 4359 2826 4415 Si
2850 4375 2979 4416 vero
3021 4374 3143 4433 post
3169 4367 3460 4424 secundum
3483 4379 3540 4426 et

227 4464 371 4518 tiens
422 4475 546 4516 cum
586 4453 891 4518 catholicis,
923 4453 968 4506 si
1030 4459 1151 4523 post
1210 4450 1429 4504 missam
1481 4425 1913 4510 intellexerit,D
1943 4445 2152 4499 tertiam
2185 4425 2597 4504 conventionem
2651 4460 2864 4517 cuncta,
2922 4454 2973 4508 in
3021 4425 3218 4525 quibus
3274 4463 3534 4532 argum",

227 4555 574 4614 hebdomada
604 4565 628 4591 ε
660 4552 946 4623 pteniteat:
976 4548 1021 4602 si
1055 4550 1362 4617 frequenter
1392 4543 1602 4608 fecerit,
1634 4558 1833 4598 annum

230 4655 504 4724 integrum
535 4649 815 4719 pteniteat.
838 4645 894 4701 Si
924 4643 1044 4713 quis
1073 4651 1249 4696 autem
1281 4656 1376 4709 pro
1401 4648 1571 4692 morte
1600 4636 1836 4690 lia-retici

234 4748 461 4803 missam
489 4739 842 4804 ordinaverit,
893 4748 950 4790 ut
981 4751 1078 4805 pro
1108 4734 1365 4804 religione
1394 4745 1490 4784 sua
1521 4728 1540 4765 ¹⁹
1572 4728 1688 4797 ejus
1717 4728 1839 4782 reli-

239 4841 403 4912 quias
453 4837 529 4893 ibi
560 4835 812 4895 tenuerit,
855 4840 908 4887 et
955 4829 1129 4886 nescit
1157 4826 1516 4882 differentiam
1563 4822 1840 4877 catholica:

237 4933 416 4996 ﬁdei;
448 4943 498 4987 et
529 4941 711 5001 postea
743 4926 1086 4987 intellexerit,
1145 4921 1619 4992 prenitentiamque
1651 4915 1839 4985 egerit,

238 5025 514 5096 reliquias
538 5024 606 5078 ibi
629 5022 790 5078 debet
818 5021 940 5090 igne
967 5030 1337 5079 concremare,
1371 5022 1424 5068 et
1452 5026 1650 5066 annttm
1679 5023 1843 5063 unum

237 5118 539 5195 pceniteat.
581 5117 842 5171 Stantem
887 5112 1009 5178 scit,
1061 5118 1114 5165 et
1157 5107 1476 5180 neglexerit,
1531 5103 1846 5176 poenitentia

235 5221 608 5275 commotuss
636 5212 820 5269 decem
868 5223 1037 5265 annos
1093 5207 1371 5279 poeniteat.
1415 5204 1470 5261 Si
1503 5203 1622 5273 quis
1666 5218 1694 5256 a
1746 5200 1852 5256 fide

1941 4551 2048 4591 non
2077 4538 2468 4601 emendaverit,
2525 4549 2793 4612 tamquam
2852 4543 3101 4602 ethnicus
3140 4561 3191 4602 et
3223 4552 3539 4620 publicanus

1941 4631 2009 4685 ab
2052 4631 2199 4685 omni
2254 4632 2670 4688 Christianorum
2724 4635 2953 4707 collegio
3019 4652 3338 4710 separetur»
3397 4645 3540 4714 quod

1943 4723 2068 4778 licet
2097 4723 2407 4785 Gratianus.
2437 4742 2592 4791 xxttt,
2625 4737 2815 4797 quaest.
2848 4729 2902 4795 8,
2926 4745 2974 4784 c.
3007 4732 3093 4793 51,
3152 4745 3269 4802 post
3299 4733 3538 4805 lvonem,

1945 4833 1997 4887 p.
2021 4818 2110 4884 13,
2129 4835 2176 4873 c.
2199 4818 2288 4882 40,
2314 4831 2362 4874 et
2385 4819 2776 4887 Burchardum,
2803 4823 2897 4877 lib.
2924 4841 2996 4891 xi,
3030 4841 3079 4880 c.
3095 4827 3186 4892 50,
3207 4825 3544 4900 Eutychiano

1945 4913 2222 4979 attribuat,
2253 4929 2318 4968 eu
2346 4923 2524 4969 tamen
2557 4917 2967 4988 recentiusjure
2995 4919 3256 4978 videatur.

2022 5009 2111 5064 l0.
2144 5009 2398 5076 Quintum
2447 5028 2459 5066 :
2495 5029 2514 5062 (
2559 5010 2612 5067 Si
2646 5012 2765 5083 quis
2791 5014 3007 5084 gentilis
3043 5018 3298 5086 gentilcm
3322 5037 3546 5079 uxorem

1952 5103 2216 5160 dimiserit
2235 5113 2357 5161 ante
2385 5106 2742 5178 baptismum;
2765 5127 2783 5159 ι
2821 5118 2878 5164 et
2908 5119 3140 5180 sextum,
3167 5113 3336 5171 Simili
3387 5118 3548 5175 modo

1956 5199 1999 5253 si
2029 5213 2165 5254 unus
2178 5213 2242 5253 ex
2258 5199 2557 5271 conjugatis
2587 5200 2886 5271 baptizatus
2913 5213 2996 5259 est
3021 5213 3077 5260 et
3106 5207 3244 5266 alter
3263 5211 3498 5281 gentilis,
3523 5231 3542 5263 ι

1426 5337 1715 5396 LECTION
1723 5336 1805 5392 ES
1840 5332 2256 5391 VARIANTES.

309 5495 342 5523 ³
378 5492 444 5544 Et
468 5489 835 5542 consuetudinis
856 5485 1186 5536 Romanorum
1224 5478 1358 5546 apud
1393 5477 1537 5531 Hier.
1562 5491 1656 5530 non
1679 5481 1851 5528 exstat.

309 5554 344 5594 1³
383 5555 499 5605 Nisi
525 5552 808 5616 ntenituerit
828 5550 960 5615 apud
984 5548 1123 5600 Hier.

316 5624 343 5651 ο
387 5617 448 5668 In
475 5611 655 5679 synodo
689 5611 893 5679 Hieron.

314 5683 348 5726 ὁ
387 5667 457 5733 Et
480 5667 525 5728 si
547 5691 698 5728 unum
721 5675 1042 5734 nominaverit
1062 5674 1346 5726 hatreticum
1372 5667 1505 5735 apud
1529 5672 1647 5722 Ans.

2028 5476 2051 5538 f‘
2085 5472 2294 5538 .Iejtmet
2313 5473 2446 5538 apud
2470 5473 2610 5538 Hier.

1959 5535 2558 5669 poétgelgmazggullo
2581 5537 2774 5669 fecerit,
2817 5546 2932 5609 quia
2969 5543 3178 5598 multum
3214 5547 3503 5621 jejunavit,
3529 5551 3596 5598 0’-

2022 5663 2048 5703 8
2074 5661 2404 5725 Quadraginta
2427 5664 2559 5728 apud
2582 5663 2722 5718 Hier.
