3990 6060
445 206 551 271 165

1061 198 1487 274 EUTYClllANl
1526 200 1729 260 PAPE
1769 186 2222 260 EXHORTATIO
2250 200 2341 262 AD
2381 200 2907 273 PRESBYTEROS,
2948 199 3099 260 ETC.

3629 206 3734 266 164

446 328 732 384 Gratianus
772 341 961 392 xxvtu,
1017 331 1209 395 quaest.
1246 323 1293 388 1,
1342 336 1391 377 c.
1426 318 1462 374 ‘2
1508 327 1562 375 ct
1613 320 1646 373 5
1698 315 2019 388 suppeditat.
2051 311 2104 373 Α
2132 323 2238 369 tum
2290 331 2429 380 esse,
2478 328 2532 373 et
2583 318 2634 373 in
2664 335 2746 384 ea,
2794 318 2936 374 sicut
2966 325 3021 373 et
3061 317 3114 374 in
3154 317 3392 388 Oriente,
3437 319 3631 376 saltem
3663 321 3733 375 ad

447 420 580 475 lluic
606 420 958 491 prmluserant
984 414 1349 480 Burcltardus,
1402 413 1495 467 lib.
1525 429 1611 479 XI,
1644 427 1694 466 c.
1740 412 1807 467 59
1837 421 1892 467 et
1942 413 2034 480 60,

444 530 657 569 necnon
678 514 790 579 lvo,
820 510 947 582 p.,8,
969 525 1017 565 c.
1042 510 1144 566 195
1166 518 1220 564 et
1244 506 1364 563 196.
1390 506 1683 577 Utrumque
1705 505 2034 576 descriptum

444 618 527 663 est
551 623 613 662 ex
640 602 999 662 Poeniteutiali
1027 600 1294 657 Theodori
1325 599 1579 654 Cantuar.
1612 613 1732 669 cap.
1766 599 1834 654 15
1863 607 1919 653 et
1941 599 2033 665 45,

443 710 504 756 ιιι
530 700 716 755 videre
737 707 820 755 est
840 696 978 769 apud
1000 696 1254 763 Petitum,
1272 703 1402 750 tom.
1427 710 1465 760 ι,
1496 710 1613 766 pag.
1644 694 1734 762 11,
1758 704 1812 749 et
1830 691 2037 749 Dacbe—

444 796 580 851 rium
610 793 887 862 Spicileg.,
920 801 1051 846 tom.
1080 806 1154 845 ix.

516 889 601 943 11.
629 885 781 955 Quod
811 886 1041 956 septimo
1067 884 1187 939 loco
1215 898 1245 939 e
1267 882 1543 947 Gratiano,
1570 897 1740 947 xxxv,
1764 888 1959 952 quaest.
1977 879 2033 947 6,

439 998 489 1038 c.
522 982 576 1046 7,
632 978 959 1047 descriptum
1009 986 1093 1032 est
1129 977 1192 1031 de
1231 977 1524 1048 juram'ento
1569 973 1830 1046 synodali,
1883 971 2037 1043 cujus

438 1072 647 1128 initium
677 1090 690 1126 :
727 1090 745 1123 ι
780 1068 1079 1140 EpiscOpus
1129 1056 1181 1122 in
1210 1067 1419 1140 synodo
1447 1066 1716 1132 residens,
1753 1076 1875 1136 post
1905 1080 2036 1119 con-

439 1180 627 1236 gruam
644 1160 1097 1228 exhortationem,
1114 1170 1321 1230 septem
1341 1176 1405 1215 ex
1426 1158 1583 1230 plebe
1602 1160 1722 1230 ejus
1741 1156 2034 1227 parochiaa,

440 1259 525 1314 vel
553 1274 617 1313 eo
643 1257 891 1328 amplius,
922 1265 1080 1327 prout
1124 1252 1323 1309 viderit
1360 1251 1637 1325 expedire,
1689 1252 2035 1319 maturiores,

442 1352 779 1407 honestiores
804 1359 965 1420 atque
997 1349 1301 1403 veraciores
1331 1346 1477 1401 viros
1508 1345 1666 1402 debet
1715 1347 1767 1400 in
1802 1346 2037 1401 medium

439 1444 723 1510 advocare,
744 1451 848 1497 etc.
874 1459 892 1493 ι
916 1438 1104 1496 eadem
1119 1440 1328 1495 ratione
1350 1438 1582 1499 refertur
1598 1448 1652 1493 et
1680 1436 1821 1506 apud
1846 1437 2037 1493 Ansel-

2139 417 2348 462 sextum
2373 425 2539 479 usque
2576 412 2857 477 smeulum,
2912 410 3053 466 hunc
3104 413 3399 469 obtinuisse
3449 429 3623 481 usum,
3676 425 3737 469 ut

2141 502 2502 557 testimonium
2548 503 2743 560 dicturi
2791 504 3075 574 Evangelia
3103 506 3206 562 sibi
3248 507 3543 577 proposita,
3590 506 3737 562 nulla

2138 606 2411 649 sacrarum
2480 596 2831 667 reliquiarum
2881 599 3155 654 mentione
3201 599 3359 664 facta,
3418 606 3731 670 tangerent:

2138 689 2291 759 cujus
2318 691 2394 746 rei
2420 690 2579 748 fidem
2606 693 2805 749 facient
2826 693 3053 764 epistola
3085 693 3155 750 15
3187 691 3365 764 Vigilii
3396 707 3568 764 papte,
3593 708 3646 746 n.
3678 690 3735 758 2,

2140 781 2337 854 Pelagii
2370 784 2390 838 l
2437 783 2794 858 fragmentum
2828 789 2920 854 44,
2972 786 3041 842 ad
3084 788 3424 849 Decoratutu.
3457 786 3736 858 Mopsues-

2139 887 2279 933 teua:
2301 881 2493 952 synodi
2531 891 2684 952 gesta
2715 882 2929 938 concilii
2955 883 3126 954 quinti
3153 883 3422 954 generalis
3469 883 3669 938 actioni
3699 880 3735 937 5

2136 972 2362 1037 inserta,
2387 984 2599 1029 sextum
2621 976 2911 1031 concilium
2925 978 3200 1048 generale,
3223 988 3330 1033 act.
3349 978 3438 1042 N,
3458 992 3583 1049 pag.
3603 976 3732 1033 977.

2141 1069 2447 1140 Superioris
2512 1080 2693 1129 autem
2740 1073 2985 1130 formulae
3030 1074 3371 1143 adhibendae,
3432 1091 3529 1132 seu
3572 1090 3736 1146 supra

2139 1162 2413 1234 Reliquias
2429 1164 2648 1235 juraudi
2674 1177 3002 1238 praeceptum
3033 1169 3175 1240 apud
3198 1168 3498 1235 Baluzium,
3532 1178 3663 1222 tom.
3692 1183 3733 1233 ι,

2139 1257 2368 1330 Capitol.
2401 1260 2456 1314 in
2476 1258 2769 1331 Capitulari
2796 1278 2873 1330 tv,
2915 1263 3042 1318 anui
3064 1263 3190 1330 805,
3222 1263 3339 1320 sive
3376 1263 3447 1320 de
3474 1263 3594 1334 lege
3640 1262 3739 1318 Ri-

2141 1353 2451 1422 puariense,
2490 1369 2610 1425 cap.
2640 1356 2732 1421 57,
2779 1371 2901 1445 pag.
2950 1357 3082 1423 598,
3105 1367 3160 1413 et
3196 1357 3341 1428 apud
3391 1358 3739 1415 Sirmoudum

2142 1458 2274 1504 tom.
2306 1465 2366 1516 ιι,
2417 1464 2573 1507 conc.
2622 1451 2787 1517 Gall.,
2821 1468 2939 1522 pag.
2991 1452 3118 1520 246,
3170 1453 3365 1523 legitur
3395 1452 3479 1507 his
3523 1453 3737 1510 verbis:

439 1556 583 1595 mum
617 1539 710 1594 lib.
741 1554 816 1603 Vt,
843 1530 1134 1593 secundum
1166 1551 1269 1591 ms.
1300 1535 1580 1605 Genuam,
1614 1550 1664 1591 c.
1700 1534 1823 1591 146.
1872 1533 2040 1590 Extat
2149 1559 2167 1592 ι
2194 1540 2364 1598 Omne
2388 1550 2788 1598 sacramentum
2813 1543 2865 1598 in
2895 1543 3148 1600 Ecclesia
3179 1555 3275 1600 aut
3297 1559 3457 1615 supra
3486 1544 3743 1615 reliquias

439 1643 493 1689 et
517 1633 654 1704 apud
678 1630 1071 1696 Burcbardum,
1105 1630 1199 1685 lib.
1226 1647 1263 1694 ι,
1296 1645 1417 1700 cap.
1450 1630 1513 1686 9i
1547 1640 1598 1685 et
1646 1627 1740 1695 92,
1773 1629 1919 1682 velut
1972 1642 2039 1682 ex
2139 1632 2353 1702 juretur
2374 1652 2386 1686 :
2411 1644 2464 1690 et
2491 1634 2636 1706 quod
2664 1636 2719 1690 in
2753 1635 2994 1691 Ecclesia
3021 1624 3311 1706 furandum
3339 1647 3444 1702 est,
3477 1636 3564 1693 vel
3614 1653 3741 1693 cum

439 1726 674 1782 decretis
712 1723 1028 1796 Emyehiani
1079 1738 1261 1793 papae,
1307 1738 1427 1792 cap.
1459 1723 1511 1778 9.
1546 1721 1651 1777 Sed
1702 1720 1844 1792 apud
1892 1718 2037 1774 hunc
2065 1722 2114 1785 Β
2142 1740 2242 1782 εει
2272 1726 2483 1793 electis,
2516 1727 2623 1793 vel,
2678 1727 2720 1782 si
2771 1726 3056 1783 duodecim
3111 1743 3236 1784 esse
3287 1712 3521 1797 debent,
3557 1729 3744 1799 quales

438 1837 556 1891 cap.
587 1818 656 1875 92
699 1830 753 1873 et
800 1817 871 1873 95
909 1815 1269 1886 subjiciuntur
1310 1816 1379 1872 88
1415 1815 1677 1886 capitula,
1731 1815 1798 1870 de
1842 1813 2039 1884 quibus

440 1914 581 1968 velut
610 1929 674 1968 ex
707 1908 948 1981 ejusdem
984 1908 1304 1982 Eutycliiani
1345 1921 1618 1980 praecepto
1674 1907 2040 1978 interrogandi

439 2008 547 2062 sint
567 2006 656 2078 qui
685 2009 830 2077 prius
855 2014 1195 2061 sacramento
1226 2004 1471 2076 synodali
1502 2018 1562 2060 se
1589 2003 2034 2059 constrinxerint.

441 2099 607 2154 Porro
637 2106 825 2152 omnes
856 2096 930 2150 illi
962 2094 1284 2152 collectores
1315 2095 1366 2148 itt
1401 2094 1501 2149 hac
1543 2092 1869 2149 sacramenti
1924 2093 2037 2145 for-

443 2191 582 2246 mula
629 2191 996 2256 consentiuut,
1029 2196 1132 2260 (tua
1192 2184 1413 2243 «allatis
1466 2188 1787 2243 Sanetorum
1840 2186 2035 2256 pigno-

440 2289 609 2351 ribus,
638 2304 656 2337 ι
720 2301 751 2339 a
800 2280 1011 2353 iurante
1067 2278 1299 2351 exigitur
1334 2281 1520 2352 «quod
1566 2290 1620 2336 tu
1673 2296 1774 2336 nec
1820 2284 2041 2350 propter

439 2394 699 2444 amorem,
737 2392 833 2432 nec
866 2378 1084 2447 propter
1141 2377 1411 2442 timorem,
1474 2390 1572 2429 nec
1632 2383 1854 2444 prepter
1903 2389 2042 2443 prae-

441 2470 629 2534 mium,
688 2476 787 2524 nec
813 2476 1034 2538 propter
1065 2466 1394 2537 parentelam
1426 2465 1692 2521 ullatenus
1734 2465 1878 2521 celes
1923 2466 2042 2536 epi-

439 2572 685 2634 scopum,
714 2572 806 2618 aut
836 2564 955 2633 ejus
987 2563 1210 2618 missum
1243 2560 1330 2617 cui
1361 2562 1463 2617 hoc
1494 2561 1768 2633 inquirere
1793 2560 2039 2632 jusserit,

440 2657 887 2726 quandocumque
913 2660 977 2711 ex
1004 2657 1107 2711 hcc
1137 2664 1189 2712 te
1219 2655 1649 2726 interrogaverit;
1683 2656 1773 2711 Sic
1811 2666 1858 2709 te
1902 2653 2043 2709 Deus

439 2748 664 2821 ddiuvel,
689 2756 735 2806 et
762 2754 875 2807 ista?
902 2752 1210 2808 Sanctorum
1247 2752 1528 2821 reliquiis.»
1564 2751 1662 2806 Cui
1714 2751 1905 2805 similis
1959 2757 2044 2804 est

440 2850 537 2903 ista
559 2846 925 2917 interrogandi
955 2842 1183 2901 formula
1206 2843 1345 2916 apud
1360 2844 1699 2912 Gratianum,
1734 2834 1889 2911 ibid.,
1909 2859 1962 2899 c.
1982 2844 2039 2911 5,

440 2942 606 2997 relata
637 2941 689 2995 iu
726 2939 867 2995 hunc
908 2939 1159 2995 modum:
1219 2957 1238 2991 ι
1267 2934 1339 2995 De
1395 2940 1495 2995 ista
1543 2937 1839 3010 parentela,
1880 2952 2041 3010 quam

440 3037 625 3092 dicunt
644 3050 765 3091 esse
792 3036 932 3091 inter
958 3034 1108 3089 illum
1126 3032 1191 3089 N.
1218 3044 1273 3090 et
1291 3034 1433 3089 inter
1454 3028 1599 3088 illam
1619 3033 1737 3104 ejus
1752 3031 2039 3102 conjugem

2146 1818 2378 1886 potuerit
2417 1818 2698 1885 invenire;
2724 1827 2780 1875 et
2808 1820 2887 1875 sic
2907 1820 3088 1891 juret:
3124 1821 3214 1877 Sic
3242 1821 3391 1876 illum
3418 1820 3555 1878 Deus
3585 1822 3743 1893 adju-

2142 1921 2242 1973 vet,
2275 1920 2322 1965 et
2342 1912 2422 1966 illi
2450 1911 2634 1968 Sancti
2661 1929 2879 1983 quorum
2905 1915 3015 1969 istc
3037 1915 3265 1980 reliquie
3304 1926 3443 1981 sunt,
3499 1923 3558 1970 ut
3601 1914 3747 1971 dicat

2143 2002 2446 2058 veritatem.
2463 2023 2482 2056 ο
2515 2003 2765 2074 Ejusdem
2786 2007 2864 2061 rei
2888 2016 3215 2077 praeceptum
3233 2016 3396 2079 atque
3426 2021 3580 2063 usum
3602 2006 3747 2078 apud

2144 2094 2454 2165 praedictum
2489 2097 2787 2166 Batusium,
2820 2113 2941 2170 pag.
2984 2098 3075 2165 60,
3109 2100 3293 2156 videre
3337 2110 3416 2157 est
3463 2101 3518 2156 in
3567 2102 3742 2172 Dago-

2143 2185 2284 2241 berti
2314 2189 2457 2258 regis
2484 2188 2780 2259 Capitulari
2809 2206 2865 2255 tt,
2900 2192 3026 2245 anui
3046 2189 3175 2259 650,
3199 2192 3316 2248 sive
3347 2192 3471 2261 lege
3492 2192 3752 2249 Alaman-

2144 2299 2358 2350 norum,
2382 2300 2502 2355 cap.
2523 2285 2575 2352 7,
2596 2285 2687 2341 ubi
2707 2288 2980 2343 sancitur:
3010 2308 3030 2340 ι
3050 2288 3155 2344 ista
3175 2297 3517 2346 sacramenta
3543 2288 3749 2347 debent

2145 2392 2266 2434 esse
2297 2378 2498 2448 jurata,
2532 2387 2591 2434 ut
2634 2380 2711 2435 illi
2760 2382 3133 2451 conjuratores
3180 2398 3369 2439 manus
3413 2398 3540 2439 suas
3582 2397 3749 2453 super

2144 2484 2359 2541 capsum
2401 2482 2625 2541 ponant,
2670 2484 2727 2528 et
2750 2473 2844 2530 ille
2879 2474 3046 2539 solus,
3096 2475 3183 2530 cui
3221 2490 3383 2531 causa
3418 2476 3745 2546 requiretur,

2143 2566 2306 2622 verba
2340 2575 2545 2621 tantum
2573 2566 2739 2634 dicat,
2772 2576 2827 2623 et
2847 2583 3010 2638 super
3037 2570 3275 2624 omnium
3303 2584 3495 2623 manus
3525 2582 3744 2623 manum

2145 2673 2299 2714 suam
2320 2661 2578 2729 imponat,
2599 2660 2752 2715 utsic
2770 2660 2842 2714 illi
2867 2661 3006 2716 Deus
3022 2661 3239 2731 adjuvet
3255 2662 3340 2717 vel
3361 2660 3466 2716 illa:
3485 2660 3745 2730 reliquie,

2145 2761 2284 2806 etc»
2319 2750 2454 2806 Vide
2475 2750 2767 2806 concilium
2795 2750 3282 2807 Franeofordieuse
3297 2767 3440 2806 anno
3462 2751 3568 2807 791
3590 2750 3750 2806 cele-

2144 2843 2379 2910 bratum,
2408 2860 2531 2899 can.
2559 2843 2615 2913 9,
2641 2844 2728 2899 ubi
2753 2854 2845 2899 aut
2872 2845 3028 2899 tactis
3072 2844 3399 2915 Evangeliis,
3424 2852 3520 2899 aut
3560 2858 3748 2900 coram

2142 2938 2432 3007 propositis
2450 2938 2691 3009 reliquiis
2711 2936 2925 3008 jurandi
2960 2951 3076 2992 mos
3096 2937 3380 2993 indicatur.

2221 3032 2305 3086 15.
2364 3031 2648 3086 Decretum
2713 3029 2872 3085 illud:
2927 3030 3128 3085 Malunt
3166 3047 3410 3103 magnum
3467 3030 3745 3099 ebrietatis,

439 3131 503 3186 Ν.
537 3126 791 3203 quidquid
814 3126 939 3185 inde
961 3130 1068 3185 scis
1089 3139 1181 3184 aut
1209 3127 1404 3212 audisti
1447 3144 1477 3183 a
1511 3129 1616 3184 tuis
1643 3128 1855 3193 vicinis,
1886 3137 1980 3183 aut
2003 3142 2035 3182 a
2061 3129 2105 3191 C
2139 3125 2278 3195 quod
2299 3139 2368 3180 ex
2398 3124 2655 3180 librorum
2676 3140 2788 3188 xvt.
2813 3124 2951 3180 libro
2967 3141 3082 3191 xw,
3114 3124 3309 3196 capi,
3334 3125 3607 3197 vulgatum
3637 3133 3745 3189 est.

441 3226 544 3280 tuis
592 3216 984 3294 antiquioribus
1044 3223 1377 3293 propinquis,
1427 3221 1570 3294 quod
1602 3232 1658 3276 tu
1702 3237 1797 3292 per
1828 3221 2034 3276 nullum

442 3316 741 3389 ingenium,
787 3330 886 3371 nec
919 3316 1142 3388 propter
1171 3331 1437 3383 amorem,
1469 3327 1570 3371 nec
1601 3324 1823 3385 propter
1877 3312 2038 3370 timo-

441 3426 579 3477 rem,
604 3418 699 3465 aut
752 3396 847 3479 per
874 3409 1191 3480 prtcmium,
1239 3418 1331 3462 aut
1364 3423 1461 3477 per
1507 3405 2034 3477 consanguinitatetn

440 3503 641 3559 celabis
667 3494 1174 3573 episeopumtuum,
1231 3508 1324 3553 aut
1372 3498 1493 3570 ejus
1520 3498 1742 3553 missum
1792 3493 1877 3552 cui
1933 3493 2038 3552 hoc

440 3598 711 3669 inquirere
735 3594 975 3668 jusserit,
1006 3593 1456 3666 quandocumque
1485 3602 1538 3648 te
1580 3602 1645 3647 ex
1677 3590 1779 3645 hoc
1805 3582 2037 3645 interro-

439 3691 661 3762 gaverit.
694 3686 781 3745 Sic
808 3700 856 3744 te
885 3686 1021 3742 Deus
1043 3687 1269 3756 adjuvet,
1302 3697 1349 3740 et
1393 3686 1506 3740 ista:
1548 3682 1870 3740 Sanctorum
1912 3684 2038 3737 reli-

438 3783 632 3853 quiae.)
670 3783 829 3851 Atqui
878 3778 991 3836 lucc
1032 3781 1321 3843 novissima
1374 3776 1599 3834 formula
1626 3778 1785 3849 (quae
1814 3784 1869 3831 et
1897 3774 2037 3845 apud

442 3874 815 3931 Burehardum
838 3864 931 3928 lib.
954 3886 1048 3939 vn,
1070 3888 1119 3929 c.
1135 3872 1227 3934 25,
1246 3872 1301 3927 et
1320 3862 1456 3942 apud
1476 3871 1713 3935 lvonem,
1731 3884 1781 3939 p.
1799 3867 1851 3936 9,
1873 3883 1921 3923 c.
1943 3864 2033 3933 61,

439 3966 802 4040 ancpigraplta
830 3976 949 4035 est;
980 3978 1155 4038 neque
1192 3964 1357 4030 enim,
1395 3973 1452 4018 ut
1495 3972 1751 4035 putarunt
1776 3956 2035 4016 Pitltteaui

441 4062 661 4129 fratres,
691 4062 760 4118 ad
790 4060 930 4117 hanc
962 4062 1197 4133 pertinet
1215 4056 1583 4129 superioribus
1624 4056 1858 4113 decretis
1897 4070 2035 4124 prae-

441 4154 543 4210 fixa
577 4154 822 4226 Gregorii
846 4168 913 4211 ex
960 4154 1191 4209 concilio
1236 4153 1396 4208 Rom.
1432 4147 1645 4222 citatio)
1696 4168 1727 4204 a
1779 4148 2038 4206 Gratiano

439 4256 498 4303 ut
523 4264 588 4305 ex
608 4247 810 4304 Ordine
837 4246 1080 4304 Romano
1100 4247 1316 4302 citatur.
1349 4244 1634 4301 Probabile
1676 4253 1762 4299 est
1792 4244 1950 4315 igitur
1981 4252 2039 4298 et

441 4352 506 4397 es
551 4344 742 4399 eodem
790 4338 992 4397 Ordine
1039 4342 1325 4414 repetitum
1378 4354 1499 4395 esse
1544 4335 1795 4407 superius
1850 4337 2039 4392 decre-

441 4449 571 4493 tum.

2140 3219 2392 3291 quodque
2417 3219 2558 3291 apud
2592 3218 2985 3286 Burchardum,
3019 3219 3113 3277 lib.
3148 3235 3268 3286 ιη,
3300 3235 3419 3289 cap.
3448 3220 3505 3288 2,
3538 3230 3594 3275 et
3622 3217 3745 3274 lvo-

2140 3330 2285 3377 nem,
2314 3329 2368 3383 p.
2399 3314 2486 3378 15,
2520 3329 2570 3369 c.
2595 3313 2684 3380 71,
2713 3313 3057 3381 otfendimus,
3077 3322 3162 3370 est
3180 3313 3505 3385 Mogontiaci
3529 3311 3747 3369 concilii

2140 3423 2284 3464 anno
2305 3407 2414 3462 815
2442 3406 2720 3472 celebrati,
2752 3423 2928 3464 canon
2954 3407 3051 3464 16.

2216 3503 2303 3558 14.
2328 3502 2482 3569 Quod
2508 3502 2632 3558 huic
2656 3502 2966 3573 subjicitur:
2991 3502 3279 3573 «Episcopi
3298 3517 3362 3558 ac
3390 3502 3488 3558 Dei
3516 3499 3748 3558 ministri

2141 3611 2248 3652 non
2278 3595 2480 3651 debent
2498 3595 2987 3652 comessatiouibus
3010 3605 3068 3651 et
3104 3595 3412 3651 vinolentiis
3438 3594 3615 3651 nimiis
3661 3594 3746 3649 in-

2140 3690 2427 3756 cumbere,
2462 3709 2480 3742 ι
2515 3690 2663 3745 velut
2702 3705 2767 3745 ex
2793 3688 2983 3744 iisdem
3016 3688 3203 3757 libris,
3247 3688 3404 3756 ibid.,
3450 3702 3503 3743 c.
3535 3688 3591 3752 5,
3622 3686 3746 3743 des-

2141 3785 2393 3855 criptum,
2425 3786 2670 3841 similiter
2686 3796 2740 3841 et
2754 3784 3119 3851 Burcbardos,
3138 3785 3236 3840 lib.
3257 3801 3368 3849 xvr,
3385 3800 3436 3840 c.
3457 3786 3511 3851 5,
3546 3794 3604 3840 et
3624 3783 3741 3854 lvo,

2140 3888 2281 3950 part.
2322 3894 2436 3942 stu,
2486 3892 2539 3933 c.
2569 3878 2660 3944 70.
2694 3879 2969 3947 exhibent,
2998 3894 3067 3934 ac
3087 3878 3253 3934 nihilo
3282 3879 3451 3950 magis
3476 3877 3547 3933 ad
3576 3876 3748 3950 Euty-

2140 3971 2390 4027 chianum
2423 3972 2677 4041 pertinet,
2699 3972 2794 4029 sed
2818 3972 2888 4028 ad
2924 3973 3196 4029 Remeuse
3222 3970 3519 4028 secundum
3562 3969 3749 4027 conci-

2140 4064 2296 4131 lium,
2316 4079 2461 4119 auuo
2481 4062 2872 4133 815habitum,
2894 4066 3049 4135 cujus
3068 4075 3153 4120 est
3167 4080 3339 4119 canon
3370 4063 3460 4120 18.
3524 4126 3527 4135 μ

2216 4158 2305 4213 15.
2351 4158 2726 4214 Postremum:
2775 4156 3160 4213 Observandum
3189 4165 3262 4211 est
3290 4155 3453 4218 nobis.
3492 4171 3601 4226 quo
3646 4154 3747 4210 mi-

2141 4250 2324 4305 nistris
2375 4249 2469 4305 Dei
2502 4249 2870 4320 praescribitur
2920 4248 3242 4321 quibuscum
3288 4247 3568 4305 convivsri
3614 4246 3745 4317 ipsis

2141 4342 2320 4407 liceat,
2344 4359 2412 4398 ex
2434 4342 2692 4398 librorum
2714 4359 2829 4407 xvi.
2858 4343 2951 4398 lib.
2978 4359 3087 4404 xiv.
3108 4358 3226 4413 cap.
3256 4342 3342 4407 10,
3373 4341 3742 4410 desumptum.

2142 4447 2198 4491 et
2237 4434 2423 4490 eadem
2458 4439 2666 4493 ratione
2712 4453 2745 4493 a
2794 4436 3125 4501 Burebardo,
3152 4435 3247 4490 lib.
3300 4451 3406 4497 xvi,
3449 4450 3499 4490 c.
3549 4433 3638 4497 10.
3688 4444 3745 4490 et

517 4531 603 4589 12.
636 4526 933 4589 Fatendum
981 4543 1156 4589 tamen
1197 4542 1281 4588 est
1325 4531 1379 4586 in
1428 4544 1706 4585 romanam
1740 4526 2037 4584 Ecclesiam
2064 4556 2117 4618 D
2141 4527 2326 4595 lvoue,
2357 4544 2411 4599 p.
2443 4531 2533 4596 11,
2556 4545 2605 4585 c.
2640 4531 2730 4594 78,
2750 4527 3044 4594 laudatum,
3080 4537 3164 4583 est
3202 4525 3522 4597 Capitularis
3560 4525 3743 4584 Tbeo-

441 4626 748 4700 lmjusmodi
775 4643 978 4685 morem
1016 4627 1230 4684 nonnisi
1258 4623 1593 4697 sequioribus
1620 4622 1832 4677 sasculis
1861 4622 2044 4676 invec—

2146 4620 2276 4677 dulti
2308 4622 2546 4695 episcopi
2575 4621 2978 4678 Aurelianensis
3018 4630 3180 4693 caput
3206 4623 3296 4677 15.

1191 4856 2355 4988 EUTYCHIANI
2441 4868 2982 4988 PAPE

754 5078 1291 5157 EXHORTATIO
1334 5089 1442 5153 AD
1485 5074 2047 5152 PRESBYTEROS
2086 5086 2206 5150 ΕΧ
2245 5088 2607 5165 ANTIQUO
2649 5090 2938 5157 CODICE
2983 5090 3420 5157 VATICANO.

514 5264 735 5328 Fratres
760 5274 816 5325 et
855 5264 1163 5323 Sacerdotes
1195 5260 1427 5329 Domini,
1460 5266 1841 5333 cooperatores
1871 5260 2043 5316 nostri

446 5368 651 5425 ordinis
676 5364 827 5421 estis.
884 5361 993 5417 Nos
1038 5361 1275 5430 quidem.
1307 5358 1556 5432 quamvis
1585 5355 1811 5427 indigni,
1856 5354 2038 5411 locum

444 5467 621 5519 Aaron
654 5470 933 5521 tenemus;
988 5470 1083 5511 vos
1138 5456 1316 5511 locum
1365 5451 1603 5507 Eleazari
1633 5459 1686 5504 et
1715 5447 2036 5503 Itbamaris:

440 5572 539 5612 nos
567 5564 686 5617 vice
726 5552 1015 5610 duodecim
1069 5550 1434 5620 apostolorum
1481 5532 1784 5616 iungimur;
1826 5557 1923 5599 vos
1968 5542 2038 5599 ad

428 5648 672 5711 formam
699 5646 1041 5717 septuaginta
1065 5642 1295 5697 duorum
1321 5641 1709 5710 discipulorum
1724 5635 1864 5693 estis
1890 5654 1904 5692 :
1938 5642 2039 5692 nos

413 5750 688 5804 pastores
714 5741 880 5797 vestri
906 5749 1125 5801 sumus;
1155 5749 1252 5791 vos
1280 5730 1450 5807 plebis
1494 5730 1645 5789 vobis
1688 5728 1991 5789 commissae
2022 5747 2035 5785 :

2148 5276 2245 5315 nos
2266 5260 2334 5316 de
2358 5262 2511 5318 vobis
2535 5260 2797 5319 rationem
2819 5264 3080 5321 reddituri
3102 5280 3289 5322 sumus
3305 5280 3518 5321 summo
3540 5256 3739 5335 Pastori

2144 5354 2370 5411 Domino
2412 5368 2603 5414 nostro
2647 5358 2774 5416 Jesu
2821 5360 3076 5427 Christo;
3129 5376 3227 5417 vos
3275 5362 3343 5418 de
3397 5361 3550 5432 plebe
3589 5357 3739 5415 vobis

2143 5451 2429 5507 commissa
2457 5471 2470 5506 :
2500 5469 2598 5509 nos
2649 5454 2716 5508 de
2762 5454 2915 5510 vobis
2960 5456 3295 5525 pastoribus;
3350 5468 3441 5509 vos
3492 5467 3621 5507 vero
3669 5450 3740 5507 de

2143 5540 2356 5608 ovibus,
2380 5542 2433 5597 id
2451 5554 2533 5600 est
2561 5544 2629 5601 de
2652 5545 2897 5615 plebibus
2920 5546 3471 5605 mbilicum-tendatis
3490 5562 3503 5597 :
3520 5555 3573 5601 et
3592 5542 3734 5610 ideo,

2141 5637 2235 5693 lilii
2275 5639 2615 5708 cbarissimi,
2649 5641 3041 5713 praevideamus
3086 5636 3383 5716 pericultIm
3412 5640 3548 5697 tanti
3574 5634 3740 5696 ofﬁcii

2143 5731 2300 5789 nobis
2336 5734 2633 5792 commissi.
2685 5737 3052 5796 Admonemus
3090 5737 3272 5808 itaque
3312 5745 3367 5794 et
3394 5735 3741 5795 obsecramus
