3990 6060
237 171 350 228 165

814 169 822 224 ῑ
897 161 1318 230 nuncnum
1357 154 2042 246 Papmgcxnon'rai‘to
2068 159 2160 226 Al)
2186 156 2502 229 PRESBYT
2519 155 2718 240 citos,
2743 163 2900 230 ETC.

3442 161 3546 230 166

231 287 632 345 fraternitatem
660 295 914 356 vestram,
948 299 1005 344 ut
1027 305 1146 360 qua:
1187 298 1382 344 vcstrte
1410 298 1715 358 nostraeque
1751 301 1838 340 sa-
1863 287 1916 345 Α
1942 283 2204 354 agendum
2232 302 2394 356 upum
2424 301 2518 341 vas
2549 286 2760 354 habeat,
2791 295 2844 342 et
2873 287 3015 342 circa
3047 271 3243 342 atrium
3273 299 3426 341 sumn
3461 288 3547 342 vel

231 382 356 447 luti,
401 381 776 454 suggerimus.
820 383 1094 438 memoria:
1131 383 1538 438 commendetis.
1591 381 1839 451 Inprimis

232 477 592 533 admouemus
623 485 681 530 ιιι
713 475 822 532 vita
847 485 900 531 et
927 475 1268 532 conversatio
1297 487 1470 532 vestra
1491 477 1835 546 irreprchen-

230 569 410 624 sibilis
435 570 506 624 sit
535 568 799 634 :scilicet,
829 579 882 622 ut
905 569 1039 624 cella
1059 579 1236 626 vestra
1265 570 1498 641 sitjuxta
1528 571 1834 636 ecclesiam,

231 670 291 716 et
347 663 401 716 in
452 660 696 717 domibus
727 662 919 716 vestris
964 661 1193 718 feminas
1223 678 1330 720 non
1376 664 1614 718 habeatis
1647 680 1660 718 :
1691 665 1836 718 omni
1881 660 1896 669 ’

231 765 396 809 nocte
421 753 488 810 ad
533 763 824 809 nocturnas
864 753 1102 822 surgite;
1132 771 1350 811 cursum
1393 766 1631 812 vestrum
1674 759 1836 812 certis

230 847 384 902 horis
419 847 709 904 decantate
756 867 768 902 :
810 849 1094 904 missarum
1148 851 1544 907 celebrationes
1586 853 1838 922 religiose

231 943 478 1013 peragite
509 962 522 997 :
565 957 762 1014 corpus
803 952 858 998 et
882 945 1194 1015 sanguinem
1226 945 1438 1001 Domini
1495 963 1616 1003 cum
1649 948 1837 1004 timore

232 1046 292 1091 et
341 1038 645 1092 reverentia
672 1037 891 1092 sumite.
927 1037 1118 1094 Nullus
1147 1041 1348 1095 scaccis
1372 1043 1458 1096 vel
1488 1041 1724 1096 alearmu
1757 1043 1836 1097 lu-

230 1128 321 1184 dis
353 1130 594 1184 intendat
621 1147 636 1185 :
669 1145 794 1185 vasa
823 1146 974 1186 sacra
1003 1132 1246 1186 manibus
1283 1131 1515 1202 propriis
1545 1133 1744 1189 abluite
1781 1142 1837 1190 et

229 1224 523 1293 extergite.
545 1222 734 1278 Nullus
777 1232 958 1279 cantet
988 1224 1204 1279 missam
1239 1225 1339 1280 nisi
1365 1225 1582 1296 jejunus
1616 1245 1628 1281 :
1659 1227 1836 1282 nullus

228 1325 422 1371 cantet
447 1316 536 1386 qui
562 1331 667 1370 non
691 1315 1058 1372 communicet
1089 1335 1100 1370 :
1133 1317 1312 1372 nullus
1339 1327 1519 1374 cantet
1555 1319 1673 1374 sine
1701 1320 1832 1374 ami-

227 1421 352 1478 ctu,
383 1411 522 1477 alba,
555 1411 715 1478 stola,
747 1412 1042 1482 manipulo,
1074 1411 1126 1466 id
1147 1422 1234 1468 est
1259 1412 1454 1468 fanone
1478 1423 1532 1469 et
1553 1415 1756 1480 casula,
1781 1424 1836 1469 et

231 1500 358 1557 haec
382 1502 703 1559 vestimenta
740 1503 902 1558 nitida
933 1504 1062 1570 sint,
1109 1513 1163 1559 et
1202 1505 1268 1559 ad
1313 1507 1486 1560 nullos
1531 1507 1665 1562 alios
1708 1521 1834 1562 usus

225 1593 363 1649 sint.
410 1593 604 1650 Nullus
628 1595 682 1649 in
720 1595 837 1648 alba
886 1611 990 1666 qua
1033 1597 1084 1651 in
1125 1612 1250 1652 suos
1281 1613 1407 1654 usus
1435 1599 1603 1654 utitur
1631 1610 1831 1656 cantet.

1941 381 2081 434 circa
2123 380 2402 434 ecclesiam
2445 379 2509 432 ad
2550 379 2947 448 proceSsiuuem
2996 389 3101 434 eat.
3147 377 3308 436 Sacra
3337 395 3464 433 vasa
3495 387 3550 432 et

1943 473 2260 527 \'C?llll]0lllﬂ
2313 471 2666 528 sacerdotalia
2719 473 2882 529 nolite
2929 473 2980 527 itt
3026 471 3388 528 vadimonium
3420 474 3552 528 dare

1941 566 2280 637 negotiatori,
2313 567 2396 622 vel
2425 567 2584 621 alicui
2621 566 2889 622 saectilari.
2942 561 3130 622 Nullus
3163 579 3402 624 vestrum
3445 566 3550 622 mi-

1941 673 2042 712 nus
2091 657 2250 728 digne
2318 652 2663 728 pmniteutem
2713 659 3097 729 cujuscumque
3144 661 3221 715 rei
3267 660 3435 732 gratia
3483 653 3553 717 ad

1941 750 2432 807 reconciliationem
2465 747 2729 816 adducat,
2761 763 2813 806 et
2841 753 2890 807 ei
2916 751 3278 807 testimonium
3305 751 3553 809 reconci-

1941 843 2179 900 liationis
2206 847 2360 901 ferat.
2393 845 2582 901 Nullus
2609 858 2842 901 Vestrum
2867 861 3085 902 usuram
3108 847 3314 917 exigat,
3343 858 3398 903 et
3418 863 3552 902 con-

1940 935 2134 992 ductor
2148 938 2230 992 sui
2259 937 2457 994 fenoris
2484 939 2700 994 existat.
2733 923 2838 994 lies
2864 950 2917 994 et
2946 923 3248 1008 facultates,
3275 955 3408 1013 quas
3457 956 3556 1012 per

1939 1029 2088 1086 diem
2141 1027 2498 1088 ordinationis
2547 1036 2743 1088 vestra:
2790 1033 3102 1104 acquiritis,
3161 1033 3227 1088 ad
3271 1033 3552 1089 ecclesiam

1939 1123 2004 1178 ad
2055 1139 2211 1196 quam
2260 1125 2452 1182 titulati
2479 1129 2632 1196 estis,
2679 1127 2759 1183 vel
2799 1127 2883 1183 cui
2913 1127 3230 1194 deservitis,
3283 1127 3556 1198 pertinere

1939 1218 2144 1274 sciatis.

2009 1309 2203 1367 Nullus
2231 1311 2349 1368 sine
2377 1308 2704 1369 conscientia
2733 1322 2786 1370 et
2812 1319 3077 1370 eonsettsu
3106 1311 3345 1385 episcOpi
3375 1311 3552 1371 eccle-

1938 1403 2069 1459 siam
2089 1407 2332 1478 acquirat
2352 1419 2405 1462 et
2427 1408 2700 1464 obtineat:
2727 1409 2904 1464 nullus
2924 1424 3018 1480 per
3038 1418 3357 1480 potestatem
3383 1425 3556 1464 sazcu-

1937 1496 2131 1552 larium
2163 1499 2448 1555 ecclesiam
2473 1511 2650 1557 teneat
2681 1519 2694 1556 :
2722 1503 2902 1558 nullus
2936 1503 3256 1571 ecclesiam,
3288 1501 3354 1558 ad
3397 1512 3556 1574 quam

1941 1587 2180 1644 titulatus
2226 1601 2328 1659 est,
2387 1593 2652 1657 dimittat,
2685 1605 2739 1650 et
2774 1593 2840 1649 ad
2887 1593 3047 1649 aliam
3099 1595 3287 1666 migret
3328 1593 3555 1650 :nullus

225 1686 426 1742 Nullus
447 1687 501 1741 in
536 1687 712 1757 ligneo
737 1697 831 1742 aut
876 1689 928 1743 in
971 1677 1144 1744 vitreo
1175 1692 1343 1746 calice
1380 1691 1574 1746 audeat
1623 1693 1838 1748 missam

1955 1681 2131 1750 plures
2147 1681 2404 1738 ecclesias
2429 1685 2546 1739 sine
2563 1681 2831 1754 adjutorio
2851 1685 3078 1741 aliorum
3110 1688 3549 1759 presbyterorum

229 1781 532 1836 celebrare.
556 1781 713 1836 Nulla
737 1783 929 1836 femina
949 1783 1014 1838 ad
1037 1785 1205 1840 altare
1227 1784 1469 1850 accedat,
1497 1803 1593 1842 nec
1621 1787 1842 1843 calicem

235 1873 452 1929 Domini
503 1884 718 1945 tangat;
753 1878 1037 1945 corporale
1076 1879 1486 1934 mundissimum
1537 1881 1627 1936 sit.
1661 1882 1845 1937 Altare

226 1965 304 2020 sit
335 1977 648 2035 conpertum
677 1967 745 2023 de
775 1959 988 2024 mundis
1031 1969 1229 2026 linteis.
1286 1973 1461 2042 Super
1501 1973 1671 2028 altare
1711 1974 1843 2030 nihil

229 2071 479 2128 ponatur,
515 2059 614 2113 nisi
638 2075 816 2129 capsae
845 2069 900 2115 et
929 2056 1170 2132 reliquite
1195 2071 1248 2118 et
1273 2074 1503 2133 quatuor
1527 2064 1838 2135 Evangelia,

227 2160 326 2204 aut
356 2151 510 2222 pyxis
534 2167 655 2206 cum
694 2167 920 2221 corpore
959 2153 1172 2208 Domini
1219 2155 1284 2210 ad
1316 2156 1562 2211 viaticum
1597 2157 1840 2212 infirmo-

227 2257 358 2296 rum
393 2253 622 2300 :cactera
652 2245 703 2297 in
734 2243 901 2298 nitido
922 2245 1040 2300 loco
1063 2247 1444 2302 recondantur.
1473 2247 1685 2304 Missale
1718 2249 1834 2318 ple-

232 2331 484 2399 narium,
546 2331 954 2405 lectionarium,
1009 2333 1486 2407 antiphonarium,
1541 2351 1594 2395 et
1647 2341 1837 2396 librum

230 2425 586 2498 quadraginta
623 2425 964 2483 homiliarum
1007 2429 1375 2501 unusquisque
1413 2431 1622 2486 haheat.
1663 2430 1840 2488 Locus

231 2518 290 2573 in
321 2521 611 2574 secretario
638 2517 721 2576 vel
749 2521 906 2590 juxta
933 2519 1103 2577 altare
1129 2525 1198 2576 sit
1222 2535 1555 2593 pt'mparatus
1586 2525 1675 2579 ubi
1702 2533 1838 2597 aqua

229 2613 582 2681 eﬂ’undatur,
611 2613 824 2686 quando
851 2631 999 2671 sacra
1034 2632 1162 2673 vasa
1191 2616 1508 2686 abluuntur,
1535 2627 1589 2674 et
1618 2619 1706 2674 ubi
1754 2636 1846 2678 vas

231 2709 469 2765 nitidum
519 2709 818 2780 dependeat
865 2726 986 2765 cum
1033 2727 1190 2782 aqua,
1244 2720 1304 2766 ut
1347 2713 1602 2768 sacerdos
1657 2729 1881 2773 manus.

232 2803 380 2858 lavet
407 2812 526 2874 post
547 2806 1003 2860 communionem.
1036 2800 1291 2861 Ecclesia:
1320 2806 1426 2860 sint
1454 2805 1591 2862 bene
1616 2823 1844 2878 cooper-

230 2907 304 2951 ta:
328 2907 381 2952 et
404 2909 712 2966 camerata},
731 2909 783 2954 et
813 2898 1005 2954 atrium
1035 2899 1280 2956 ecclesia:
1307 2901 1378 2956 sit
1399 2894 1634 2974 undique
1665 2895 1842 2958 muni-

236 3000 378 3047 tum.

305 3085 502 3142 Nullus
528 3093 679 3142 extra
705 3089 989 3144 ecclesiam
1017 3097 1112 3160 per
1131 3089 1340 3158 domos,
1367 3097 1468 3148 he'c
1493 3093 1544 3148 iit
1574 3093 1710 3150 locis
1741 3099 1848 3151 ιιοῆ

231 3179 573 3233 consecratis
603 3179 820 3234 missam
851 3191 1034 3236 cantet
1079 3199 1091 3235 :
1124 3183 1302 3238 nullus
1333 3184 1482 3239 solus
1507 3195 1690 3242 cantet
1721 3187 1852 3241 mis-

234 3285 356 3324 sam
391 3288 406 3324 :
438 3271 612 3325 omnis
635 3272 920 3344 presbyter
939 3274 1194 3329 clericum
1218 3276 1299 3332 vel
1329 3277 1629 3334 scholarem
1656 3271 1850 3335 habeat

234 3363 333 3434 qui
359 3363 643 3434 epistolam
684 3367 766 3425 vel
796 3367 1081 3422 lectionem
1118 3367 1297 3438 legat,
1343 3381 1398 3426 et
1433 3371 1489 3425 ei
1529 3373 1596 3426 ad
1631 3373 1848 3430 missam

235 3454 589 3526 respondeat,
605 3456 664 3512 et
684 3463 806 3514 curn
834 3471 942 3530 quo
961 3458 1198 3530 psalmos
1218 3471 1421 3519 cantet.
1441 3445 1690 3520 lniitﬂttos
1718 3467 1848 3542 visi-

238 3559 378 3613 tate,
406 3559 460 3604 et
487 3566 580 3604 eos
607 3550 674 3605 ad
723 3551 1118 3608 confessionem
1159 3557 1540 3624 reconciliate,
1596 3568 1651 3614 et
1694 3559 1849 3629 juxta

242 3641 552 3711 apostolum
590 3643 712 3698 oleo
738 3653 924 3699 sancto
951 3646 1150 3715 ungite,
1181 3655 1235 3702 et
1266 3647 1426 3702 manu
1453 3649 1670 3719 'p‘rojtria
1700 3651 1850 3707 'com-

239 3734 542 3788 municate.
593 3733 780 3792 Nullus
825 3750 1114 3804 praesumat
1158 3739 1374 3794 tradere
1415 3744 1848 3800 communionem

236 3826 380 3880 laico
412 3827 494 3880 vel
526 3826 736 3882 feminae
765 3827 832 3882 ad
859 3829 1212 3886 deferendum
1249 3831 1459 3889 inﬁrmo
1489 3851 1503 3891 ε
1545 3837 1725 3892 nullus
1767 3853 1844 3892 sa-

239 3937 397 3976 crum
431 3920 662 3975 chrisma
695 3921 891 3977 vendat
922 3941 936 3977 :
971 3924 1149 3978 nullus
1180 3936 1415 3981 vestram
1442 3943 1544 3998 pro
1575 3931 1854 3999 baptizau-

241 4011 331 4066 dis
378 4011 668 4068 infantibus
694 4056 709 4076 .
756 4015 843 4070 vel
892 4031 992 4084 pro
1032 4018 1440 4074 reconciliandis
1483 4025 1854 4090 peccatoribus

244 4105 334 4158 vel
379 4103 632 4173 infirmis,
676 4118 767 4160 aut
815 4123 912 4177 pro
964 4111 1190 4165 mortuis
1234 4114 1580 4182 sepeliendis,
1627 4116 1711 4172 vel
1749 4133 1854 4186 pro

244 4198 638 4254 consecrandis
677 4200 940 4265 ecclesiis,
988 4204 1271 4271 premium
1325 4215 1416 4262 aut
1467 4208 1693 4277 pretium
1740 4211 1856 4266 sive

1873 3037 1921 3102 C

1951 1771 2145 1828 habeat
2180 1792 2193 1828 :
2226 1765 2528 1832 nullatenus
2559 1793 2661 1830 una
2695 1777 2922 1832 ecclesia
2968 1777 3112 1834 inter
3153 1777 3331 1850 plures
3358 1777 3562 1834 divida-

1951 1875 2056 1920 tur.
2091 1850 2276 1922 Nullus
2302 1868 2526 1925 alterius
2567 1867 2974 1939 parochiannm,
3005 1871 3106 1926 nisi
3133 1872 3185 1926 in
3215 1871 3430 1940 itinere,
3467 1879 3562 1927 aut

1946 1957 1992 2012 si
2023 1955 2089 2013 ad
2119 1959 2378 2030 placitum
2409 1957 2606 2028 fuerit,
2639 1961 2706 2017 ad
2745 1962 2963 2020 missam
2995 1963 3222 2035 recipiat
3252 1983 3266 2018 :
3297 1963 3476 2021 nullus
3504 1967 3558 2022 in

1947 2049 2173 2106 alterius
2198 2048 2448 2120 ecclesia,
2479 2053 2561 2108 vel
2601 2053 2856 2127 parocbia
2889 2057 3102 2112 missam
3129 2067 3326 2127 cantet,
3352 2054 3557 2131 absque

1947 2144 2150 2214 pmprii
2186 2147 2462 2203 voluntate
2499 2157 2556 2203 et
2585 2159 2770 2221 rogatu
2821 2149 3159 2222 presbyteri:
3204 2149 3383 2207 nullus
3412 2151 3562 2208 deci-

1947 2253 2092 2294 mam
2123 2238 2189 2294 ad
2221 2238 2380 2294 aliam
2408 2239 2690 2295 ecclesiam
2723 2241 3076 2312 pertinentem
3097 2243 3337 2314 recipiat.
3369 2239 3561 2301 Nullus

1946 2333 2300 2401 poenitentem
2340 2334 2532 2388 invitet
2577 2349 2794 2389 carnem
2831 2333 3155 2392 manducare
3186 2347 3240 2392 et
3267 2339 3448 2393 vinum
3478 2337 3558 2394 bi-

1943 2425 2094 2491 bere,
2129 2423 2226 2480 nisi
2261 2441 2358 2496 pro
2383 2442 2449 2480 eo
2474 2423 2540 2481 ad
2571 2442 2809 2498 prmsens
2845 2429 3185 2502 eleemosyna
3216 2429 3326 2486 liat.
3364 2419 3555 2487 Nullus

1946 2529 2234 2589 prtesumat
2257 2519 2557 2590 baptizare,
2591 2532 2786 2592 prmtcr
2813 2523 2868 2576 in
2895 2522 3072 2593 vigilia
3097 2513 3318 2579 Pascha:
3343 2525 3397 2581 et
3424 2526 3564 2582 Pen-

1953 2623 2207 2678 tecostes,
2264 2615 2364 2669 nisi
2421 2631 2518 2684 pro
2573 2617 2898 2672 necessitate
2953 2629 3006 2673 et
3055 2620 3292 2688 periculo
3346 2621 3559 2676 mortis.

1955 2705 2332 2778 Unusquisque
2381 2707 2554 2763 fontes
2608 2707 2847 2780 lapideos
2901 2711 3144 2768 habeat:
3191 2711 3334 2785 quod
3378 2715 3561 2771 sinon

1949 2809 2128 2871 potest
2157 2789 2360 2857 habere
2387 2799 2646 2872 lapideos.
2680 2801 2876 2860 habeat
2923 2820 3020 2860 vas
3049 2801 3191 2862 aliud
3239 2803 3306 2862 ad
3334 2807 3438 2864 hoc
3469 2825 3564 2880 pa-

1948 2902 2148 2959 ratunt,
2183 2892 2234 2946 in
2267 2909 2372 2964 quo
2403 2893 2535 2948 nihil
2566 2891 2708 2948 aliud
2738 2897 2848 2950 fiat.
2875 2895 3066 2952 Videte
3097 2908 3152 2952 ut
3185 2899 3438 2956 omnibus
3467 2917 3563 2972 pa-

1950 2985 2224 3040 rochianis
2255 2985 2449 3040 vestris
2489 2986 2791 3058 symbolum
2825 2998 2880 3044 et
2901 2989 3201 3046 orationem
3235 2991 3562 3050 dominicam

1953 3076 2260 3132 insinuetis.
2291 3077 2564 3148 ieiunium
2597 3089 2838 3149 quatuor
2871 3091 3203 3152 temporum,
3241 3093 3301 3140 et
3326 3086 3564 3155 matia-

1955 3185 2104 3235 num,
2134 3178 2189 3224 et
2228 3169 2428 3224 litanias
2483 3171 2703 3240 majoris
2728 3213 2744 3238 ,
2789 3173 3032 3243 plebibus
3075 3176 3274 3232 vestris
3315 3179 3564 3235 omnibus

1951 3263 2128 3320 rhedis
2169 3249 2565 3320 observandum
2596 3265 2838 3322 indicite.
2889 3267 3046 3324 Feria
3087 3278 3276 3340 quarta
3313 3282 3437 3328 ante
3467 3289 3559 3342 XL,

1953 3359 2173 3428 plebem
2203 3361 2270 3416 ad
2299 3359 2694 3442 confessianem
2726 3364 2949 3420 invitata
2969 3403 2988 3430 ,
3015 3375 3072 3422 et
3094 3369 3179 3423 eis
3200 3367 3351 3438 juxta
3381 3371 3566 3442 quali-

1951 3443 2120 3507 tatem
2169 3444 2350 3509 delicti
2405 3436 2784 3512 Maenium
2831 3445 3116 3530 immite,
3143 3436 3256 3518 .5.
3297 3460 3368 3520 ei
3395 3436 3568 3524 tm.

1953 3560 2154 3614 vestro,
2182 3549 2275 3604 sed
2308 3550 2446 3604 sicut
2475 3551 2528 3605 in
2559 3553 2911 3622 ptenitentiali
2943 3555 3203 3625 scriptum
3231 3567 3335 3613 est.
3369 3559 3566 3616 Tribus

1957 3642 2288 3710 temporibus
2313 3635 2368 3696 in
2395 3650 2556 3709 anno,
2587 3644 2638 3700 id
2665 3655 2749 3700 est
2778 3645 2829 3700 in
2860 3646 3021 3701 natali
3045 3647 3258 3704 Domini
3279 3660 3334 3706 et
3353 3651 3563 3711 Pascha

1954 3749 2008 3794 et
2027 3738 2348 3796 Pentecoste
2372 3755 2563 3796 omnes
2594 3739 2781 3798 ﬁdeles
2809 3741 2875 3797 ad
2905 3745 3343 3802 communionem
3373 3763 3567 3817 corpo-

1955 3832 2030 3888 ris
2049 3842 2104 3889 et
2125 3834 2417 3905 sanguinis.
2453 3835 2692 3905 exceptis
2725 3837 3133 3906 pteniteutlbus,
3163 3839 3354 3909 quibus
3385 3843 3568 3912 prolti-
3624 3894 3632 3905 ,

1959 3925 2138 3980 bitmn
2191 3933 2294 3992 eSt,
2353 3913 2612 3983 accedere
2657 3924 2964 3986 ad‘mbnete.
3012 3917 3194 3988 Certis
3230 3931 3568 4004 temporibus

1957 4022 2272 4090 conjugatos
2293 4021 2361 4076 ab
2383 4021 2640 4076 uxoribus
2674 4023 2946 4080 abstinere
2971 4026 3337 4082 exhortamini
3363 4069 3378 4093 ,
3409 4029 3458 4084 id
3485 4039 3570 4088 est

1959 4115 2024 4168 ab
2049 4115 2296 4170 Adventu
2321 4115 2534 4170 Domini
2569 4131 2737 4186 usque
2767 4115 2833 4171 ad
2868 4125 3162 4175 transactas
3191 4129 3410 4177 octavas
3435 4123 3570 4196 Epi-

1960 4207 2170 4278 phaniae
2193 4227 2206 4276 ;
2236 4219 2289 4264 et
2318 4225 2347 4263 a
2375 4210 2777 4280 Septuagesima
2801 4226 2971 4283 usque
2996 4197 3062 4268 ad
3098 4225 3391 4273 transactas
3417 4231 3572 4276 octa-

247 4307 446 4346 munus
472 4293 692 4363 exigat,
723 4295 806 4348 vel
835 4297 1093 4351 ecclesias
1117 4299 1417 4370 aliquorum
1457 4301 1579 4357 data
1633 4303 1856 4373 pecunia
1879 4287 1935 4348 D
1962 4311 2055 4356 vas
2085 4295 2340 4361 Pascht'e:
2392 4311 2445 4357 et
2477 4319 2503 4357 a
2543 4291 2932 4374 Regalionib'us
2963 4310 3132 4379 usque
3169 4297 3241 4363 'ad
3274 4309 3572 4370 tran'saetas

248 4389 336 4442 vel
364 4387 551 4457 aliquo
581 4389 724 4442 malo
755 4389 970 4460 ingenio
995 4392 1278 4462 subripiat.
1313 4392 1502 4450 Videte
1531 4405 1586 4451 ut
1620 4412 1718 4467 per
1761 4413 1858 4453 ne—

246 4480 561 4550 gligentiam
591 4490 826 4536 vestram
856 4483 1034 4538 nullus
1075 4484 1252 4540 infans
1291 4486 1407 4544 sine
1445 4487 1714 4559 baptismo
1742 4505 1852 4547 meo

248 4574 448 4629 riatur.
499 4573 690 4630 Nullus
739 4586 976 4631 vestrum
1017 4580 1088 4632 sit
1129 4579 1376 4635 ebriosus
1420 4583 1503 4638 vel
1549 4584 1854 4654 litigiosus:

252 4670 430 4723 nullus
451 4686 600 4725 arma
620 4679 796 4740 portet
823 4669 874 4725 in
900 4671 1166 4728 seditione
1185 4713 1202 4740 ,
1227 4673 1328 4729 nisi
1358 4676 1584 4730 verbum
1618 4677 1858 4734 Domini.

251 4759 442 4816 Nullus
468 4779 662 4817 canum
690 4762 772 4818 vel
817 4763 996 4819 avium
1034 4764 1176 4834 iocis
1221 4767 1537 4823 inServiut‘:
1588 4771 1766 4826 nullus
1807 4773 1863 4828 in

255 4851 498 4908 tabernis
527 4855 812 4910 manducet
857 4865 912 4911 et
950 4857 1114 4912 bibat.
1164 4856 1542 4931 Unusquisque
1599 4873 1860 4932 vestrum,

254 4953 518 5014 quantum
538 4945 694 5016 sapit,
719 4946 860 5015 plebi
884 4962 995 5002 suae
1019 4949 1088 5004 de
1115 4952 1408 5020 evangelio,
1445 4953 1526 5009 vel
1561 4954 1631 5011 de
1655 4957 1863 5026 episto-

255 5036 336 5102 la,
370 5035 462 5089 vel
491 5037 655 5108 aliqua
685 5039 864 5096 divina
892 5047 1151 5114 scriptura
1181 5044 1234 5099 in
1262 5045 1542 5104 dominicis
1577 5059 1631 5104 et
1657 5049 1867 5106 festivis

261 5128 471 5184 diebus
495 5131 782 5189 annuntiet.
813 5133 1008 5191 Curam
1036 5148 1178 5210 gerat
1197 5149 1516 5209 pauperum,
1551 5143 1866 5213 peregrino-

257 5235 405 5286 rum,
424 5223 808 5294 orphanorum,
838 5231 1082 5300 praebens
1108 5233 1188 5288 eis
1216 5233 1523 5291 refcctionis
1550 5237 1862 5307 hospitium.

261 5329 320 5372 ut
344 5322 790 5378 sustentationem
838 5323 1086 5382 habeant.
1123 5327 1406 5384 Discerdes
1431 5330 1494 5384 ad
1525 5331 1866 5386 concordiam

259 5420 486 5467 revocet
513 5430 526 5468 :
556 5413 746 5471 viduas
773 5416 1044 5484 defendat,
1065 5429 1122 5474 ttt
1149 5421 1200 5475 in
1226 5421 1307 5476 his
1337 5431 1390 5477 et
1413 5422 1531 5478 aliis
1562 5423 1870 5494 ltujusmodi

263 5505 434 5560 totius
462 5505 585 5561 boni
625 5509 932 5580 exemplum
971 5513 1226 5582 prtcbeat.
1279 5516 1438 5571 Omni
1479 5517 1566 5572 die
1599 5509 1869 5575 dominico

263 5605 395 5652 ante
436 5597 654 5654 missam
697 5605 888 5671 aquam
917 5599 1254 5660 benedictum
1297 5603 1489 5674 ﬁtciat,
1539 5597 1602 5664 et
1651 5599 1868 5680 plebem

265 5705 423 5747 suam
465 5699 522 5748 et
563 5692 680 5750 loca
728 5692 960 5752 ﬁdelium
1005 5697 1308 5772 adspergat,
1339 5712 1392 5757 et
1425 5700 1492 5757 ad
1542 5701 1646 5772 hoc
1696 5703 1869 5761 solum

1961 4406 2176 4451 octavas
2219 4396 2582 4453 Pentecostes.
2628 4397 2916 4464 Prtcterea,
2965 4401 3016 4454 in
3056 4401 3306 4458 omnibus
3334 4406 3572 4465 sabbatis

1961 4501 2131 4559 usque
2157 4485 2221 4541 ad
2251 4484 2437 4542 feriam
2467 4481 2758 4544 secandam
2783 4487 2838 4544 et
2857 4485 3034 4560 vigiila
3060 4497 3266 4548 Sancte
3295 4491 3496 4564 Mariae,
3515 4493 3570 4554 et

1964 4577 2134 4634 sancti
2187 4573 2432 4645 Ioannis,
2461 4585 2513 4634 et
2556 4579 2920 4650 apostolorum
2949 4623 2964 4648 ,
3011 4585 3066 4635 ct
3113 4583 3304 4654 vigiliis
3355 4585 3572 4644 indictis

1963 4672 2188 4727 aliorum
2231 4680 2569 4734 sanctorum,
2614 4679 2668 4727 et
2695 4674 2880 4728 eorum
2923 4665 3112 4741 festis,
3167 4677 3406 4748 eamus
3447 4690 3573 4750 post

1967 4767 2184 4820 missam
2203 4765 2485 4821 dominicis
2503 4765 2692 4821 diebus
2710 4766 2850 4837 plebi
2871 4769 3102 4826 tribuite.
3131 4769 3323 4828 Nullus
3337 4778 3572 4844 presby-

1971 4871 2050 4915 ter
2071 4861 2124 4914 iu
2151 4859 2343 4914 itinere
2365 4859 2484 4914 sine
2511 4858 2710 4924 orario,
2739 4859 2794 4914 id
2823 4869 2906 4916 est
2924 4863 3082 4930 stola,
3109 4863 3345 4920 incedat.
3386 4867 3572 4930 Nullus

1968 4963 2206 5009 vestrum
2241 4952 2572 5008 vestimentis
2612 4952 2894 5024 laicalibps
2931 4965 2986 5009 et
3028 4941 3256 5013 diversis
3299 4961 3572 5022 coloribus

1970 5048 2240 5103 induatur.
2269 5046 2457 5102 Nullus
2484 5062 2597 5102 rem
2630 5058 2720 5102 aut
2763 5049 3158 5118 possessionem
3209 5058 3453 5114 ecclesiae
3480 5069 3574 5116 aut

1971 5140 2295 5208 mancipium
2327 5137 2580 5205 vendere,
2613 5149 2704 5194 aut
2729 5149 3061 5200 rommutare
3085 5151 3178 5202 aut
3214 5147 3394 5222 aliquo
3413 5147 3572 5227 inge-

1972 5226 2062 5288 nio
2082 5233 2150 5288 ab
2175 5248 2236 5288 ea
2273 5233 2508 5288 alienare
2537 5229 2866 5304 prsesumat.‘

2045 5324 2194 5380 Diem
2223 5324 2552 5380 dominicum
2577 5337 2632 5380 et
2649 5324 2786 5380 alias
2809 5315 3133 5390 festinata
3151 5335 3361 5408 atque
3385 5338 3580 5399 servili

1972 5433 2134 5487 opere
2160 5433 2189 5471 a
2212 5432 2432 5490 vespera
2459 5417 2511 5470 in
2541 5431 2817 5486 vesperam
2840 5420 3119 5480 celebrare
3135 5426 3350 5485 docete.
3367 5431 3584 5490 Cantus

1973 5504 2027 5566 et
2049 5509 2276 5566 choreas
2306 5510 2593 5565 mulierum
2623 5518 2678 5564 et
2705 5510 2859 5569 ludos
2883 5514 3258 5584 joculatorios,
3289 5529 3344 5574 et
3371 5523 3609 5585 cantio-

1977 5617 2072 5659 nes
2103 5603 2154 5659 in
2184 5603 2411 5659 ecclesia
2439 5611 2494 5656 et
2529 5601 2581 5656 iu
2618 5591 2758 5660 atrio
2806 5606 2919 5664 fieri
2967 5605 3273 5677 prohibete.
3322 5606 3638 5682 Carmina

1977 5687 2242 5757 diabolica
2267 5712 2389 5770 qum
2415 5710 2575 5770 super
2603 5699 2844 5758 mortuos
2887 5707 3182 5760 nocturnis
3199 5688 3360 5761 boris
3407 5708 3668 5777 νωςκιε
