  <div class='ocr_page' id='page_1' title='image "/cluster/home/n/w/nwhite01/storage/ocr_20150623/5/hvd.32044073505083/089.png"; bbox 0 0 3990 6060; ppageno 0'>
   <div class='ocr_carea' id='block_1_1' title="bbox 451 146 558 206">
    <p class='ocr_par' dir='ltr' id='par_1_1' title="bbox 451 146 558 206">
     <span class='ocr_line' id='line_1_1' title="bbox 451 146 558 206; baseline -0.019 0"><span class='ocrx_word' id='word_1_1' title='bbox 451 146 558 206; x_wconf 76' lang='grc'><strong>167</strong></span> 
     </span>
    </p>
   </div>
   <div class='ocr_carea' id='block_1_2' title="bbox 1430 144 2720 208">
    <p class='ocr_par' dir='ltr' id='par_1_2' title="bbox 1430 144 2720 208">
     <span class='ocr_line' id='line_1_2' title="bbox 1430 144 2720 208; baseline 0.001 -1"><span class='ocrx_word' id='word_1_2' title='bbox 1430 147 1492 207; x_wconf 88' lang='lat' dir='ltr'><strong>S.</strong></span> <span class='ocrx_word' id='word_1_3' title='bbox 1534 144 1951 208; x_wconf 80' lang='lat' dir='ltr'><strong>EUTYCHIANI</strong></span> <span class='ocrx_word' id='word_1_4' title='bbox 1988 144 2196 205; x_wconf 75' lang='grc' dir='ltr'><strong>ΡΑΡιΕ</strong></span> <span class='ocrx_word' id='word_1_5' title='bbox 2236 145 2326 204; x_wconf 84' lang='grc' dir='ltr'><strong>ΕΤ</strong></span> <span class='ocrx_word' id='word_1_6' title='bbox 2365 147 2720 208; x_wconf 79' lang='lat' dir='ltr'><strong>MARTYRIS</strong></span> 
     </span>
    </p>
   </div>
   <div class='ocr_carea' id='block_1_3' title="bbox 3640 149 3746 208">
    <p class='ocr_par' dir='ltr' id='par_1_3' title="bbox 3640 149 3746 208">
     <span class='ocr_line' id='line_1_3' title="bbox 3640 149 3746 208; baseline -0.009 0"><span class='ocrx_word' id='word_1_7' title='bbox 3640 149 3746 208; x_wconf 72' lang='grc'><strong>168</strong></span> 
     </span>
    </p>
   </div>
   <div class='ocr_carea' id='block_1_4' title="bbox 448 264 3741 340">
    <p class='ocr_par' dir='ltr' id='par_1_4' title="bbox 448 264 3741 340">
     <span class='ocr_line' id='line_1_4' title="bbox 448 264 3741 340; baseline 0.002 -22"><span class='ocrx_word' id='word_1_8' title='bbox 448 265 626 323; x_wconf 82' lang='lat' dir='ltr'><strong>facere</strong></span> <span class='ocrx_word' id='word_1_9' title='bbox 644 265 806 333; x_wconf 88' lang='lat' dir='ltr'><strong>solet,</strong></span> <span class='ocrx_word' id='word_1_10' title='bbox 833 273 890 325; x_wconf 89' lang='lat' dir='ltr'><strong>et</strong></span> <span class='ocrx_word' id='word_1_11' title='bbox 907 267 1203 326; x_wconf 86' lang='lat' dir='ltr'><strong>cachinnos</strong></span> <span class='ocrx_word' id='word_1_12' title='bbox 1228 280 1365 340; x_wconf 87' lang='lat' dir='ltr'><strong>quos</strong></span> <span class='ocrx_word' id='word_1_13' title='bbox 1388 280 1626 337; x_wconf 77' lang='lat' dir='ltr'><strong>exercet,</strong></span> <span class='ocrx_word' id='word_1_14' title='bbox 1651 270 1751 325; x_wconf 91' lang='lat' dir='ltr'><strong>sub</strong></span> <span class='ocrx_word' id='word_1_15' title='bbox 1775 278 2040 325; x_wconf 88' lang='lat' dir='ltr'><strong>contesta-</strong></span> <span class='ocrx_word' id='word_1_16' title='bbox 2071 271 2122 331; x_wconf 79' lang='grc' dir='ltr'><strong>Α</strong></span> <span class='ocrx_word' id='word_1_17' title='bbox 2149 278 2206 324; x_wconf 90' lang='lat' dir='ltr'><strong>et</strong></span> <span class='ocrx_word' id='word_1_18' title='bbox 2231 269 2429 324; x_wconf 84' lang='lat' dir='ltr'><strong>utinam</strong></span> <span class='ocrx_word' id='word_1_19' title='bbox 2460 284 2675 325; x_wconf 87' lang='lat' dir='ltr'><strong>sensum</strong></span> <span class='ocrx_word' id='word_1_20' title='bbox 2721 266 2788 324; x_wconf 88' lang='lat' dir='ltr'><strong>ad</strong></span> <span class='ocrx_word' id='word_1_21' title='bbox 2833 266 3067 327; x_wconf 86' lang='lat' dir='ltr'><strong>litteram</strong></span> <span class='ocrx_word' id='word_1_22' title='bbox 3112 266 3284 339; x_wconf 80' lang='lat' dir='ltr'><strong>possit</strong></span> <span class='ocrx_word' id='word_1_23' title='bbox 3326 264 3675 325; x_wconf 75' lang='lat' dir='ltr'><strong>manifestare</strong></span> <span class='ocrx_word' id='word_1_24' title='bbox 3726 270 3741 323; x_wconf 76' lang='grc' dir='ltr'><strong>ε</strong></span> 
     </span>
    </p>
   </div>
   <div class='ocr_carea' id='block_1_5' title="bbox 449 360 2043 431">
    <p class='ocr_par' dir='ltr' id='par_1_5' title="bbox 449 360 2043 431">
     <span class='ocr_line' id='line_1_5' title="bbox 449 360 2043 431; baseline 0.001 -17"><span class='ocrx_word' id='word_1_25' title='bbox 449 365 595 415; x_wconf 89' lang='lat' dir='ltr'><strong>tione</strong></span> <span class='ocrx_word' id='word_1_26' title='bbox 623 360 713 415; x_wconf 85' lang='lat' dir='ltr'><strong>Dei</strong></span> <span class='ocrx_word' id='word_1_27' title='bbox 740 361 1123 431; x_wconf 72' lang='lat' dir='ltr'><strong>omnipotentis</strong></span> <span class='ocrx_word' id='word_1_28' title='bbox 1150 361 1265 419; x_wconf 88' lang='lat' dir='ltr'><strong>ﬁeri</strong></span> <span class='ocrx_word' id='word_1_29' title='bbox 1287 370 1483 418; x_wconf 89' lang='lat' dir='ltr'><strong>vetate.</strong></span> <span class='ocrx_word' id='word_1_30' title='bbox 1508 362 1641 416; x_wconf 91' lang='lat' dir='ltr'><strong>Cum</strong></span> <span class='ocrx_word' id='word_1_31' title='bbox 1670 361 2043 418; x_wconf 81' lang='lat' dir='ltr'><strong>excommuni-</strong></span> 
     </span>
    </p>
   </div>
   <div class='ocr_carea' id='block_1_6' title="bbox 448 454 2044 526">
    <p class='ocr_par' dir='ltr' id='par_1_6' title="bbox 448 454 2044 526">
     <span class='ocr_line' id='line_1_6' title="bbox 448 454 2044 526; baseline 0 -17"><span class='ocrx_word' id='word_1_32' title='bbox 448 455 582 509; x_wconf 88' lang='lat' dir='ltr'><strong>catis</strong></span> <span class='ocrx_word' id='word_1_33' title='bbox 612 456 777 512; x_wconf 80' lang='lat' dir='ltr'><strong>nolite</strong></span> <span class='ocrx_word' id='word_1_34' title='bbox 801 459 1199 512; x_wconf 80' lang='lat' dir='ltr'><strong>communicare</strong></span> <span class='ocrx_word' id='word_1_35' title='bbox 1234 474 1247 510; x_wconf 90' lang='lat'><strong>:</strong></span> <span class='ocrx_word' id='word_1_36' title='bbox 1282 456 1461 512; x_wconf 88' lang='lat' dir='ltr'><strong>nullus</strong></span> <span class='ocrx_word' id='word_1_37' title='bbox 1488 464 1777 526; x_wconf 65' lang='lat' dir='ltr'><strong>praesumat</strong></span> <span class='ocrx_word' id='word_1_38' title='bbox 1807 472 1925 511; x_wconf 90' lang='lat' dir='ltr'><strong>cum</strong></span> <span class='ocrx_word' id='word_1_39' title='bbox 1966 454 2044 509; x_wconf 89' lang='lat' dir='ltr'><strong>eis</strong></span> 
     </span>
    </p>
   </div>
   <div class='ocr_carea' id='block_1_7' title="bbox 448 548 2043 622">
    <p class='ocr_par' dir='ltr' id='par_1_7' title="bbox 448 548 2043 622">
     <span class='ocr_line' id='line_1_7' title="bbox 448 548 2043 622; baseline 0.001 -20"><span class='ocrx_word' id='word_1_40' title='bbox 448 548 532 603; x_wconf 90' lang='lat' dir='ltr'><strong>vel</strong></span> <span class='ocrx_word' id='word_1_41' title='bbox 559 550 777 605; x_wconf 89' lang='lat' dir='ltr'><strong>missam</strong></span> <span class='ocrx_word' id='word_1_42' title='bbox 808 559 1047 616; x_wconf 88' lang='lat' dir='ltr'><strong>cantare,</strong></span> <span class='ocrx_word' id='word_1_43' title='bbox 1080 549 1174 606; x_wconf 88' lang='lat' dir='ltr'><strong>sed</strong></span> <span class='ocrx_word' id='word_1_44' title='bbox 1203 558 1257 605; x_wconf 91' lang='lat' dir='ltr'><strong>et</strong></span> <span class='ocrx_word' id='word_1_45' title='bbox 1295 550 1541 622; x_wconf 81' lang='lat' dir='ltr'><strong>plebibus</strong></span> <span class='ocrx_word' id='word_1_46' title='bbox 1581 550 1733 605; x_wconf 86' lang='lat' dir='ltr'><strong>vobis</strong></span> <span class='ocrx_word' id='word_1_47' title='bbox 1775 564 2043 605; x_wconf 87' lang='lat' dir='ltr'><strong>commen-</strong></span> 
     </span>
    </p>
   </div>
   <div class='ocr_carea' id='block_1_8' title="bbox 447 641 2037 715">
    <p class='ocr_par' dir='ltr' id='par_1_8' title="bbox 447 641 2037 715">
     <span class='ocr_line' id='line_1_8' title="bbox 447 641 2037 715; baseline 0 -17"><span class='ocrx_word' id='word_1_48' title='bbox 447 641 585 698; x_wconf 91' lang='lat' dir='ltr'><strong>datis</strong></span> <span class='ocrx_word' id='word_1_49' title='bbox 602 641 704 699; x_wconf 91' lang='lat' dir='ltr'><strong>hoc</strong></span> <span class='ocrx_word' id='word_1_50' title='bbox 732 645 1066 699; x_wconf 89' lang='lat' dir='ltr'><strong>annuntiate.</strong></span> <span class='ocrx_word' id='word_1_51' title='bbox 1091 643 1281 699; x_wconf 87' lang='lat' dir='ltr'><strong>Nullus</strong></span> <span class='ocrx_word' id='word_1_52' title='bbox 1302 654 1540 700; x_wconf 90' lang='lat' dir='ltr'><strong>vestrum</strong></span> <span class='ocrx_word' id='word_1_53' title='bbox 1570 647 1635 699; x_wconf 89' lang='lat' dir='ltr'><strong>ad</strong></span> <span class='ocrx_word' id='word_1_54' title='bbox 1665 645 1879 715; x_wconf 83' lang='lat' dir='ltr'><strong>nuptias</strong></span> <span class='ocrx_word' id='word_1_55' title='bbox 1910 655 1998 699; x_wconf 91' lang='lat' dir='ltr'><strong>eat</strong></span> <span class='ocrx_word' id='word_1_56' title='bbox 2022 660 2037 698; x_wconf 90' lang='lat'><strong>:</strong></span> 
     </span>
    </p>
   </div>
   <div class='ocr_carea' id='block_1_9' title="bbox 448 736 2043 807">
    <p class='ocr_par' dir='ltr' id='par_1_9' title="bbox 448 736 2043 807">
     <span class='ocr_line' id='line_1_9' title="bbox 448 736 2043 807; baseline 0.001 -16"><span class='ocrx_word' id='word_1_57' title='bbox 448 737 703 794; x_wconf 86' lang='lat' dir='ltr'><strong>omnibus</strong></span> <span class='ocrx_word' id='word_1_58' title='bbox 727 736 1041 792; x_wconf 89' lang='lat' dir='ltr'><strong>denuntiate</strong></span> <span class='ocrx_word' id='word_1_59' title='bbox 1063 748 1121 792; x_wconf 89' lang='lat' dir='ltr'><strong>ut</strong></span> <span class='ocrx_word' id='word_1_60' title='bbox 1149 737 1330 793; x_wconf 89' lang='lat' dir='ltr'><strong>nullus</strong></span> <span class='ocrx_word' id='word_1_61' title='bbox 1357 737 1459 792; x_wconf 89' lang='lat' dir='ltr'><strong>nisi</strong></span> <span class='ocrx_word' id='word_1_62' title='bbox 1503 736 1715 807; x_wconf 86' lang='lat' dir='ltr'><strong>publice</strong></span> <span class='ocrx_word' id='word_1_63' title='bbox 1754 737 2043 793; x_wconf 87' lang='lat' dir='ltr'><strong>celebratis</strong></span> 
     </span>
    </p>
   </div>
   <div class='ocr_carea' id='block_1_10' title="bbox 446 828 2038 900">
    <p class='ocr_par' dir='ltr' id='par_1_10' title="bbox 446 828 2038 900">
     <span class='ocr_line' id='line_1_10' title="bbox 446 828 2038 900; baseline 0.001 -17"><span class='ocrx_word' id='word_1_64' title='bbox 446 829 646 899; x_wconf 89' lang='lat' dir='ltr'><strong>nuptiis</strong></span> <span class='ocrx_word' id='word_1_65' title='bbox 672 844 892 885; x_wconf 82' lang='lat' dir='ltr'><strong>uxorem</strong></span> <span class='ocrx_word' id='word_1_66' title='bbox 920 828 1082 885; x_wconf 89' lang='lat' dir='ltr'><strong>ducat</strong></span> <span class='ocrx_word' id='word_1_67' title='bbox 1110 847 1123 882; x_wconf 94' lang='lat'><strong>:</strong></span> <span class='ocrx_word' id='word_1_68' title='bbox 1160 830 1337 884; x_wconf 84' lang='lat' dir='ltr'><strong>nullus</strong></span> <span class='ocrx_word' id='word_1_69' title='bbox 1363 845 1616 900; x_wconf 86' lang='lat' dir='ltr'><strong>sponsam</strong></span> <span class='ocrx_word' id='word_1_70' title='bbox 1646 830 1869 885; x_wconf 86' lang='lat' dir='ltr'><strong>alterius</strong></span> <span class='ocrx_word' id='word_1_71' title='bbox 1896 830 2038 885; x_wconf 91' lang='lat' dir='ltr'><strong>acci-</strong></span> 
     </span>
    </p>
   </div>
   <div class='ocr_carea' id='block_1_11' title="bbox 444 920 2043 994">
    <p class='ocr_par' dir='ltr' id='par_1_11' title="bbox 444 920 2043 994">
     <span class='ocr_line' id='line_1_11' title="bbox 444 920 2043 994; baseline -0.001 -18"><span class='ocrx_word' id='word_1_72' title='bbox 444 923 576 992; x_wconf 86' lang='lat' dir='ltr'><strong>piat,</strong></span> <span class='ocrx_word' id='word_1_73' title='bbox 624 932 678 977; x_wconf 90' lang='lat' dir='ltr'><strong>et</strong></span> <span class='ocrx_word' id='word_1_74' title='bbox 725 924 937 994; x_wconf 87' lang='lat' dir='ltr'><strong>nuptias</strong></span> <span class='ocrx_word' id='word_1_75' title='bbox 964 922 1079 977; x_wconf 81' lang='lat' dir='ltr'><strong>fieri</strong></span> <span class='ocrx_word' id='word_1_76' title='bbox 1121 921 1400 991; x_wconf 83' lang='lat' dir='ltr'><strong>prohibete</strong></span> <span class='ocrx_word' id='word_1_77' title='bbox 1444 922 1514 976; x_wconf 89' lang='lat' dir='ltr'><strong>ab</strong></span> <span class='ocrx_word' id='word_1_78' title='bbox 1551 921 1782 977; x_wconf 89' lang='lat' dir='ltr'><strong>adventu</strong></span> <span class='ocrx_word' id='word_1_79' title='bbox 1831 920 2043 977; x_wconf 86' lang='lat' dir='ltr'><strong>Domini</strong></span> 
     </span>
    </p>
   </div>
   <div class='ocr_carea' id='block_1_12' title="bbox 450 1015 2040 1087">
    <p class='ocr_par' dir='ltr' id='par_1_12' title="bbox 450 1015 2040 1087">
     <span class='ocr_line' id='line_1_12' title="bbox 450 1015 2040 1087; baseline -0.001 -16"><span class='ocrx_word' id='word_1_80' title='bbox 450 1031 621 1085; x_wconf 89' lang='lat' dir='ltr'><strong>usque</strong></span> <span class='ocrx_word' id='word_1_81' title='bbox 642 1016 708 1071; x_wconf 88' lang='lat' dir='ltr'><strong>ad</strong></span> <span class='ocrx_word' id='word_1_82' title='bbox 733 1025 1031 1071; x_wconf 89' lang='lat' dir='ltr'><strong>transactas</strong></span> <span class='ocrx_word' id='word_1_83' title='bbox 1058 1025 1282 1071; x_wconf 89' lang='lat' dir='ltr'><strong>octavas</strong></span> <span class='ocrx_word' id='word_1_84' title='bbox 1308 1015 1646 1087; x_wconf 65' lang='lat' dir='ltr'><strong>Epiphania),</strong></span> <span class='ocrx_word' id='word_1_85' title='bbox 1670 1024 1725 1071; x_wconf 91' lang='lat' dir='ltr'><strong>et</strong></span> <span class='ocrx_word' id='word_1_86' title='bbox 1754 1032 1781 1070; x_wconf 92' lang='lat' dir='ltr'><strong>a</strong></span> <span class='ocrx_word' id='word_1_87' title='bbox 1811 1017 2040 1086; x_wconf 82' lang='lat' dir='ltr'><strong>Septua-</strong></span> 
     </span>
    </p>
   </div>
   <div class='ocr_carea' id='block_1_13' title="bbox 442 1109 2036 1184">
    <p class='ocr_par' dir='ltr' id='par_1_13' title="bbox 442 1109 2036 1184">
     <span class='ocr_line' id='line_1_13' title="bbox 442 1109 2036 1184; baseline -0.002 -17"><span class='ocrx_word' id='word_1_88' title='bbox 442 1110 643 1184; x_wconf 86' lang='lat' dir='ltr'><strong>gesima</strong></span> <span class='ocrx_word' id='word_1_89' title='bbox 677 1126 846 1181; x_wconf 91' lang='lat' dir='ltr'><strong>usque</strong></span> <span class='ocrx_word' id='word_1_90' title='bbox 887 1110 953 1166; x_wconf 88' lang='lat' dir='ltr'><strong>ad</strong></span> <span class='ocrx_word' id='word_1_91' title='bbox 1002 1120 1327 1166; x_wconf 87' lang='lat' dir='ltr'><strong>transactum</strong></span> <span class='ocrx_word' id='word_1_92' title='bbox 1366 1112 1578 1180; x_wconf 80' lang='lat' dir='ltr'><strong>paschae</strong></span> <span class='ocrx_word' id='word_1_93' title='bbox 1630 1109 1871 1176; x_wconf 89' lang='lat' dir='ltr'><strong>clusum,</strong></span> <span class='ocrx_word' id='word_1_94' title='bbox 1926 1120 1978 1165; x_wconf 90' lang='lat' dir='ltr'><strong>et</strong></span> <span class='ocrx_word' id='word_1_95' title='bbox 2006 1126 2036 1164; x_wconf 88' lang='lat' dir='ltr'><strong>a</strong></span> 
     </span>
    </p>
   </div>
   <div class='ocr_carea' id='block_1_14' title="bbox 442 1201 2032 1275">
    <p class='ocr_par' dir='ltr' id='par_1_14' title="bbox 442 1201 2032 1275">
     <span class='ocr_line' id='line_1_14' title="bbox 442 1201 2032 1275; baseline -0.002 -17"><span class='ocrx_word' id='word_1_96' title='bbox 442 1201 825 1275; x_wconf 77' lang='lat' dir='ltr'><strong>Rogationibus</strong></span> <span class='ocrx_word' id='word_1_97' title='bbox 848 1218 1015 1273; x_wconf 89' lang='lat' dir='ltr'><strong>usque</strong></span> <span class='ocrx_word' id='word_1_98' title='bbox 1040 1201 1106 1257; x_wconf 88' lang='lat' dir='ltr'><strong>ad</strong></span> <span class='ocrx_word' id='word_1_99' title='bbox 1126 1210 1420 1258; x_wconf 72' lang='lat' dir='ltr'><strong>transactas</strong></span> <span class='ocrx_word' id='word_1_100' title='bbox 1434 1212 1651 1257; x_wconf 83' lang='lat' dir='ltr'><strong>octavas</strong></span> <span class='ocrx_word' id='word_1_101' title='bbox 1666 1201 2032 1257; x_wconf 87' lang='lat' dir='ltr'><strong>Pentecostes.</strong></span> 
     </span>
    </p>
   </div>
   <div class='ocr_carea' id='block_1_15' title="bbox 441 1295 2036 1367">
    <p class='ocr_par' dir='ltr' id='par_1_15' title="bbox 441 1295 2036 1367">
     <span class='ocr_line' id='line_1_15' title="bbox 441 1295 2036 1367; baseline -0.003 -13"><span class='ocrx_word' id='word_1_102' title='bbox 441 1298 674 1366; x_wconf 80' lang='lat' dir='ltr'><strong>Raptum</strong></span> <span class='ocrx_word' id='word_1_103' title='bbox 698 1296 949 1352; x_wconf 87' lang='lat' dir='ltr'><strong>omnibus</strong></span> <span class='ocrx_word' id='word_1_104' title='bbox 973 1295 1145 1351; x_wconf 90' lang='lat' dir='ltr'><strong>modis</strong></span> <span class='ocrx_word' id='word_1_105' title='bbox 1171 1297 1473 1367; x_wconf 88' lang='lat' dir='ltr'><strong>prohibete,</strong></span> <span class='ocrx_word' id='word_1_106' title='bbox 1495 1305 1550 1350; x_wconf 92' lang='lat' dir='ltr'><strong>et</strong></span> <span class='ocrx_word' id='word_1_107' title='bbox 1566 1306 1623 1349; x_wconf 91' lang='lat' dir='ltr'><strong>ut</strong></span> <span class='ocrx_word' id='word_1_108' title='bbox 1652 1296 1717 1350; x_wconf 90' lang='lat' dir='ltr'><strong>ad</strong></span> <span class='ocrx_word' id='word_1_109' title='bbox 1741 1300 2036 1360; x_wconf 75' lang='lat' dir='ltr'><strong>proximam</strong></span> 
     </span>
    </p>
   </div>
   <div class='ocr_carea' id='block_1_16' title="bbox 441 1390 2037 1465">
    <p class='ocr_par' dir='ltr' id='par_1_16' title="bbox 441 1390 2037 1465">
     <span class='ocr_line' id='line_1_16' title="bbox 441 1390 2037 1465; baseline -0.001 -18"><span class='ocrx_word' id='word_1_110' title='bbox 441 1395 523 1448; x_wconf 88' lang='lat' dir='ltr'><strong>sui</strong></span> <span class='ocrx_word' id='word_1_111' title='bbox 556 1393 830 1465; x_wconf 78' lang='lat' dir='ltr'><strong>sanguinis</strong></span> <span class='ocrx_word' id='word_1_112' title='bbox 878 1390 1135 1447; x_wconf 83' lang='lat' dir='ltr'><strong>feminam</strong></span> <span class='ocrx_word' id='word_1_113' title='bbox 1178 1392 1265 1447; x_wconf 86' lang='lat' dir='ltr'><strong>vel</strong></span> <span class='ocrx_word' id='word_1_114' title='bbox 1302 1406 1425 1446; x_wconf 87' lang='lat' dir='ltr'><strong>cum</strong></span> <span class='ocrx_word' id='word_1_115' title='bbox 1474 1391 1888 1461; x_wconf 81' lang='lat' dir='ltr'><strong>conSanguineis</strong></span> <span class='ocrx_word' id='word_1_116' title='bbox 1926 1391 2037 1446; x_wconf 88' lang='lat' dir='ltr'><strong>suis</strong></span> 
     </span>
    </p>
   </div>
   <div class='ocr_carea' id='block_1_17' title="bbox 440 1482 2036 1557">
    <p class='ocr_par' dir='ltr' id='par_1_17' title="bbox 440 1482 2036 1557">
     <span class='ocr_line' id='line_1_17' title="bbox 440 1482 2036 1557; baseline -0.003 -15"><span class='ocrx_word' id='word_1_117' title='bbox 440 1501 613 1557; x_wconf 89' lang='lat' dir='ltr'><strong>usque</strong></span> <span class='ocrx_word' id='word_1_118' title='bbox 666 1485 733 1540; x_wconf 88' lang='lat' dir='ltr'><strong>ad</strong></span> <span class='ocrx_word' id='word_1_119' title='bbox 783 1485 1064 1549; x_wconf 86' lang='lat' dir='ltr'><strong>septimam</strong></span> <span class='ocrx_word' id='word_1_120' title='bbox 1119 1484 1520 1554; x_wconf 79' lang='lat' dir='ltr'><strong>generationem</strong></span> <span class='ocrx_word' id='word_1_121' title='bbox 1574 1483 1750 1538; x_wconf 89' lang='lat' dir='ltr'><strong>nullus</strong></span> <span class='ocrx_word' id='word_1_122' title='bbox 1796 1482 2036 1549; x_wconf 87' lang='lat' dir='ltr'><strong>accedat,</strong></span> 
     </span>
    </p>
   </div>
   <div class='ocr_carea' id='block_1_18' title="bbox 441 1575 2038 1635">
    <p class='ocr_par' dir='ltr' id='par_1_18' title="bbox 441 1575 2038 1635">
     <span class='ocr_line' id='line_1_18' title="bbox 441 1575 2038 1635; baseline -0.003 -1"><span class='ocrx_word' id='word_1_123' title='bbox 441 1578 909 1635; x_wconf 85' lang='lat' dir='ltr'><strong>anathematizate.</strong></span> <span class='ocrx_word' id='word_1_124' title='bbox 941 1577 1193 1633; x_wconf 87' lang='lat' dir='ltr'><strong>Pastores</strong></span> <span class='ocrx_word' id='word_1_125' title='bbox 1234 1591 1423 1632; x_wconf 91' lang='lat' dir='ltr'><strong>omnes</strong></span> <span class='ocrx_word' id='word_1_126' title='bbox 1460 1584 1516 1631; x_wconf 92' lang='lat' dir='ltr'><strong>et</strong></span> <span class='ocrx_word' id='word_1_127' title='bbox 1565 1575 1698 1630; x_wconf 86' lang='lat' dir='ltr'><strong>alios</strong></span> <span class='ocrx_word' id='word_1_128' title='bbox 1738 1576 2038 1631; x_wconf 90' lang='lat' dir='ltr'><strong>servientes</strong></span> 
     </span>
    </p>
   </div>
   <div class='ocr_carea' id='block_1_19' title="bbox 2148 363 3742 436">
    <p class='ocr_par' dir='ltr' id='par_1_19' title="bbox 2148 363 3742 436">
     <span class='ocr_line' id='line_1_19' title="bbox 2148 363 3742 436; baseline 0.003 -19"><span class='ocrx_word' id='word_1_129' title='bbox 2148 364 2482 419; x_wconf 89' lang='lat' dir='ltr'><strong>Psalmorum</strong></span> <span class='ocrx_word' id='word_1_130' title='bbox 2530 379 2718 420; x_wconf 89' lang='lat' dir='ltr'><strong>versus</strong></span> <span class='ocrx_word' id='word_1_131' title='bbox 2768 373 2825 419; x_wconf 88' lang='lat' dir='ltr'><strong>et</strong></span> <span class='ocrx_word' id='word_1_132' title='bbox 2872 364 3247 419; x_wconf 86' lang='lat' dir='ltr'><strong>distinctiones</strong></span> <span class='ocrx_word' id='word_1_133' title='bbox 3301 363 3620 436; x_wconf 88' lang='lat' dir='ltr'><strong>regulariter</strong></span> <span class='ocrx_word' id='word_1_134' title='bbox 3676 380 3742 421; x_wconf 81' lang='lat' dir='ltr'><strong>ex</strong></span> 
     </span>
    </p>
   </div>
   <div class='ocr_carea' id='block_1_20' title="bbox 2145 456 3745 528">
    <p class='ocr_par' dir='ltr' id='par_1_20' title="bbox 2145 456 3745 528">
     <span class='ocr_line' id='line_1_20' title="bbox 2145 456 3745 528; baseline 0.003 -17"><span class='ocrx_word' id='word_1_135' title='bbox 2145 457 2308 512; x_wconf 88' lang='lat' dir='ltr'><strong>corde</strong></span> <span class='ocrx_word' id='word_1_136' title='bbox 2377 472 2499 511; x_wconf 90' lang='lat' dir='ltr'><strong>cum</strong></span> <span class='ocrx_word' id='word_1_137' title='bbox 2555 457 2779 512; x_wconf 90' lang='lat' dir='ltr'><strong>canticis</strong></span> <span class='ocrx_word' id='word_1_138' title='bbox 2845 456 3337 513; x_wconf 89' lang='lat' dir='ltr'><strong>consuetudinariis</strong></span> <span class='ocrx_word' id='word_1_139' title='bbox 3394 460 3745 528; x_wconf 87' lang='lat' dir='ltr'><strong>pronuntiare</strong></span> 
     </span>
    </p>
   </div>
   <div class='ocr_carea' id='block_1_21' title="bbox 2144 549 3748 623">
    <p class='ocr_par' dir='ltr' id='par_1_21' title="bbox 2144 549 3748 623">
     <span class='ocr_line' id='line_1_21' title="bbox 2144 549 3748 623; baseline 0.004 -21"><span class='ocrx_word' id='word_1_140' title='bbox 2144 551 2300 605; x_wconf 83' lang='lat' dir='ltr'><strong>sciat.</strong></span> <span class='ocrx_word' id='word_1_141' title='bbox 2331 549 2647 606; x_wconf 89' lang='lat' dir='ltr'><strong>Sermonem</strong></span> <span class='ocrx_word' id='word_1_142' title='bbox 2666 549 2946 605; x_wconf 86' lang='lat' dir='ltr'><strong>Athanasii</strong></span> <span class='ocrx_word' id='word_1_143' title='bbox 2973 551 3234 622; x_wconf 88' lang='lat' dir='ltr'><strong>episcopi,</strong></span> <span class='ocrx_word' id='word_1_144' title='bbox 3260 551 3410 623; x_wconf 84' lang='lat' dir='ltr'><strong>cujus</strong></span> <span class='ocrx_word' id='word_1_145' title='bbox 3433 552 3641 607; x_wconf 91' lang='lat' dir='ltr'><strong>initium</strong></span> <span class='ocrx_word' id='word_1_146' title='bbox 3663 561 3748 609; x_wconf 89' lang='lat' dir='ltr'><strong>est</strong></span> 
     </span>
    </p>
   </div>
   <div class='ocr_carea' id='block_1_22' title="bbox 2150 642 3747 714">
    <p class='ocr_par' dir='ltr' id='par_1_22' title="bbox 2150 642 3747 714">
     <span class='ocr_line' id='line_1_22' title="bbox 2150 642 3747 714; baseline 0.004 -21"><span class='ocrx_word' id='word_1_147' title='bbox 2150 659 2169 693; x_wconf 76' lang='grc' dir='ltr'>ι</span> <span class='ocrx_word' id='word_1_148' title='bbox 2195 642 2529 714; x_wconf 84' lang='lat' dir='ltr'><strong>Quicumque</strong></span> <span class='ocrx_word' id='word_1_149' title='bbox 2550 644 2661 698; x_wconf 89' lang='lat' dir='ltr'><strong>vult</strong></span> <span class='ocrx_word' id='word_1_150' title='bbox 2689 663 2709 696; x_wconf 73' lang='grc' dir='ltr'><strong><em>ι</em></strong></span> <span class='ocrx_word' id='word_1_151' title='bbox 2731 644 3043 700; x_wconf 85' lang='lat' dir='ltr'><strong>memoriter</strong></span> <span class='ocrx_word' id='word_1_152' title='bbox 3064 653 3245 700; x_wconf 90' lang='lat' dir='ltr'><strong>teneat</strong></span> <span class='ocrx_word' id='word_1_153' title='bbox 3270 656 3321 700; x_wconf 92' lang='lat' dir='ltr'><strong>et</strong></span> <span class='ocrx_word' id='word_1_154' title='bbox 3341 645 3490 701; x_wconf 88' lang='lat' dir='ltr'><strong>omni</strong></span> <span class='ocrx_word' id='word_1_155' title='bbox 3515 645 3602 701; x_wconf 91' lang='lat' dir='ltr'><strong>die</strong></span> <span class='ocrx_word' id='word_1_156' title='bbox 3618 660 3747 702; x_wconf 86' lang='lat' dir='ltr'><strong>can-</strong></span> 
     </span>
    </p>
   </div>
   <div class='ocr_carea' id='block_1_23' title="bbox 2142 736 3746 795">
    <p class='ocr_par' dir='ltr' id='par_1_23' title="bbox 2142 736 3746 795">
     <span class='ocr_line' id='line_1_23' title="bbox 2142 736 3746 795; baseline 0.002 -5"><span class='ocrx_word' id='word_1_157' title='bbox 2142 743 2241 791; x_wconf 85' lang='lat' dir='ltr'><strong>tet.</strong></span> <span class='ocrx_word' id='word_1_158' title='bbox 2273 736 2614 791; x_wconf 81' lang='lat' dir='ltr'><strong>Exercismos</strong></span> <span class='ocrx_word' id='word_1_159' title='bbox 2644 746 2698 791; x_wconf 91' lang='lat' dir='ltr'><strong>et</strong></span> <span class='ocrx_word' id='word_1_160' title='bbox 2745 738 3017 793; x_wconf 82' lang='lat' dir='ltr'><strong>orationes</strong></span> <span class='ocrx_word' id='word_1_161' title='bbox 3060 736 3127 792; x_wconf 88' lang='lat' dir='ltr'><strong>ad</strong></span> <span class='ocrx_word' id='word_1_162' title='bbox 3176 737 3618 795; x_wconf 81' lang='lat' dir='ltr'><strong>catechumeuum</strong></span> <span class='ocrx_word' id='word_1_163' title='bbox 3669 740 3746 793; x_wconf 87' lang='lat' dir='ltr'><strong>fa-</strong></span> 
     </span>
    </p>
   </div>
   <div class='ocr_carea' id='block_1_24' title="bbox 2142 827 3746 899">
    <p class='ocr_par' dir='ltr' id='par_1_24' title="bbox 2142 827 3746 899">
     <span class='ocr_line' id='line_1_24' title="bbox 2142 827 3746 899; baseline 0.004 -18"><span class='ocrx_word' id='word_1_164' title='bbox 2142 827 2391 883; x_wconf 90' lang='lat' dir='ltr'><strong>ciendum</strong></span> <span class='ocrx_word' id='word_1_165' title='bbox 2411 869 2426 893; x_wconf 92' lang='lat'><strong>,</strong></span> <span class='ocrx_word' id='word_1_166' title='bbox 2453 838 2507 884; x_wconf 88' lang='lat' dir='ltr'><strong>et</strong></span> <span class='ocrx_word' id='word_1_167' title='bbox 2541 827 2606 882; x_wconf 88' lang='lat' dir='ltr'><strong>ad</strong></span> <span class='ocrx_word' id='word_1_168' title='bbox 2636 829 2835 884; x_wconf 83' lang='lat' dir='ltr'><strong>fontem</strong></span> <span class='ocrx_word' id='word_1_169' title='bbox 2864 830 3115 899; x_wconf 89' lang='lat' dir='ltr'><strong>baptismi</strong></span> <span class='ocrx_word' id='word_1_170' title='bbox 3157 830 3617 897; x_wconf 88' lang='lat' dir='ltr'><strong>consecrandum,</strong></span> <span class='ocrx_word' id='word_1_171' title='bbox 3651 842 3746 888; x_wconf 91' lang='lat' dir='ltr'><strong>aut</strong></span> 
     </span>
    </p>
   </div>
   <div class='ocr_carea' id='block_1_25' title="bbox 2141 920 3745 997">
    <p class='ocr_par' dir='ltr' id='par_1_25' title="bbox 2141 920 3745 997">
     <span class='ocr_line' id='line_1_25' title="bbox 2141 920 3745 997; baseline 0.004 -22"><span class='ocrx_word' id='word_1_172' title='bbox 2141 920 2379 990; x_wconf 87' lang='lat' dir='ltr'><strong>reliquas</strong></span> <span class='ocrx_word' id='word_1_173' title='bbox 2399 922 2670 977; x_wconf 88' lang='lat' dir='ltr'><strong>orationes</strong></span> <span class='ocrx_word' id='word_1_174' title='bbox 2697 936 2860 992; x_wconf 91' lang='lat' dir='ltr'><strong>super</strong></span> <span class='ocrx_word' id='word_1_175' title='bbox 2885 922 3185 977; x_wconf 86' lang='lat' dir='ltr'><strong>masculum</strong></span> <span class='ocrx_word' id='word_1_176' title='bbox 3208 926 3266 978; x_wconf 75' lang='lat' dir='ltr'><strong>et‘</strong></span> <span class='ocrx_word' id='word_1_177' title='bbox 3281 922 3535 979; x_wconf 81' lang='lat' dir='ltr'><strong>feminam</strong></span> <span class='ocrx_word' id='word_1_178' title='bbox 3560 925 3745 997; x_wconf 91' lang='lat' dir='ltr'><strong>singu-</strong></span> 
     </span>
    </p>
   </div>
   <div class='ocr_carea' id='block_1_26' title="bbox 2142 1012 3741 1088">
    <p class='ocr_par' dir='ltr' id='par_1_26' title="bbox 2142 1012 3741 1088">
     <span class='ocr_line' id='line_1_26' title="bbox 2142 1012 3741 1088; baseline 0.006 -22"><span class='ocrx_word' id='word_1_179' title='bbox 2142 1012 2327 1068; x_wconf 87' lang='lat' dir='ltr'><strong>lariter</strong></span> <span class='ocrx_word' id='word_1_180' title='bbox 2346 1023 2401 1070; x_wconf 88' lang='lat' dir='ltr'><strong>et</strong></span> <span class='ocrx_word' id='word_1_181' title='bbox 2428 1014 2709 1084; x_wconf 81' lang='lat' dir='ltr'><strong>pluraliter</strong></span> <span class='ocrx_word' id='word_1_182' title='bbox 2735 1015 2909 1071; x_wconf 87' lang='lat' dir='ltr'><strong>valeat</strong></span> <span class='ocrx_word' id='word_1_183' title='bbox 2930 1025 2985 1071; x_wconf 89' lang='lat' dir='ltr'><strong>et</strong></span> <span class='ocrx_word' id='word_1_184' title='bbox 3016 1016 3153 1071; x_wconf 85' lang='lat' dir='ltr'><strong>sciat</strong></span> <span class='ocrx_word' id='word_1_185' title='bbox 3181 1015 3433 1073; x_wconf 90' lang='lat' dir='ltr'><strong>distincte</strong></span> <span class='ocrx_word' id='word_1_186' title='bbox 3480 1018 3741 1088; x_wconf 87' lang='lat' dir='ltr'><strong>proferre,</strong></span> 
     </span>
    </p>
   </div>
   <div class='ocr_carea' id='block_1_27' title="bbox 2141 1108 3746 1179">
    <p class='ocr_par' dir='ltr' id='par_1_27' title="bbox 2141 1108 3746 1179">
     <span class='ocr_line' id='line_1_27' title="bbox 2141 1108 3746 1179; baseline 0.003 -16"><span class='ocrx_word' id='word_1_187' title='bbox 2141 1117 2197 1163; x_wconf 90' lang='lat' dir='ltr'><strong>et</strong></span> <span class='ocrx_word' id='word_1_188' title='bbox 2222 1108 2465 1163; x_wconf 85' lang='lat' dir='ltr'><strong>ordinem</strong></span> <span class='ocrx_word' id='word_1_189' title='bbox 2513 1109 2817 1179; x_wconf 86' lang='lat' dir='ltr'><strong>baptizandi</strong></span> <span class='ocrx_word' id='word_1_190' title='bbox 2847 1109 2915 1165; x_wconf 90' lang='lat' dir='ltr'><strong>ad</strong></span> <span class='ocrx_word' id='word_1_191' title='bbox 2957 1110 3380 1166; x_wconf 86' lang='lat' dir='ltr'><strong>succurrendum</strong></span> <span class='ocrx_word' id='word_1_192' title='bbox 3414 1110 3644 1167; x_wconf 89' lang='lat' dir='ltr'><strong>inﬁrmis</strong></span> <span class='ocrx_word' id='word_1_193' title='bbox 3691 1122 3746 1168; x_wconf 91' lang='lat' dir='ltr'><strong>et</strong></span> 
     </span>
    </p>
   </div>
   <div class='ocr_carea' id='block_1_28' title="bbox 2142 1202 3745 1263">
    <p class='ocr_par' dir='ltr' id='par_1_28' title="bbox 2142 1202 3745 1263">
     <span class='ocr_line' id='line_1_28' title="bbox 2142 1202 3745 1263; baseline 0.002 -5"><span class='ocrx_word' id='word_1_194' title='bbox 2142 1202 2387 1259; x_wconf 90' lang='lat' dir='ltr'><strong>ordinem</strong></span> <span class='ocrx_word' id='word_1_195' title='bbox 2416 1203 2800 1259; x_wconf 88' lang='lat' dir='ltr'><strong>reconciliandi</strong></span> <span class='ocrx_word' id='word_1_196' title='bbox 2831 1205 3125 1259; x_wconf 92' lang='lat' dir='ltr'><strong>secundum</strong></span> <span class='ocrx_word' id='word_1_197' title='bbox 3166 1206 3544 1261; x_wconf 88' lang='lat' dir='ltr'><strong>auctoritatem</strong></span> <span class='ocrx_word' id='word_1_198' title='bbox 3584 1221 3745 1263; x_wconf 87' lang='lat' dir='ltr'><strong>cano-</strong></span> 
     </span>
    </p>
   </div>
   <div class='ocr_carea' id='block_1_29' title="bbox 2142 1296 3745 1373">
    <p class='ocr_par' dir='ltr' id='par_1_29' title="bbox 2142 1296 3745 1373">
     <span class='ocr_line' id='line_1_29' title="bbox 2142 1296 3745 1373; baseline 0.004 -23"><span class='ocrx_word' id='word_1_199' title='bbox 2142 1312 2300 1362; x_wconf 90' lang='lat' dir='ltr'><strong>num,</strong></span> <span class='ocrx_word' id='word_1_200' title='bbox 2357 1307 2412 1352; x_wconf 90' lang='lat' dir='ltr'><strong>et</strong></span> <span class='ocrx_word' id='word_1_201' title='bbox 2465 1296 2711 1352; x_wconf 88' lang='lat' dir='ltr'><strong>ordinem</strong></span> <span class='ocrx_word' id='word_1_202' title='bbox 2762 1297 3030 1368; x_wconf 89' lang='lat' dir='ltr'><strong>unguendi</strong></span> <span class='ocrx_word' id='word_1_203' title='bbox 3080 1298 3324 1354; x_wconf 86' lang='lat' dir='ltr'><strong>inﬁrmos</strong></span> <span class='ocrx_word' id='word_1_204' title='bbox 3374 1301 3745 1373; x_wconf 89' lang='lat' dir='ltr'><strong>unusquisque</strong></span> 
     </span>
    </p>
   </div>
   <div class='ocr_carea' id='block_1_30' title="bbox 2140 1389 3742 1463">
    <p class='ocr_par' dir='ltr' id='par_1_30' title="bbox 2140 1389 3742 1463">
     <span class='ocr_line' id='line_1_30' title="bbox 2140 1389 3742 1463; baseline 0.004 -20"><span class='ocrx_word' id='word_1_205' title='bbox 2140 1389 2337 1446; x_wconf 88' lang='lat' dir='ltr'><strong>habeat</strong></span> <span class='ocrx_word' id='word_1_206' title='bbox 2368 1401 2423 1446; x_wconf 91' lang='lat' dir='ltr'><strong>et</strong></span> <span class='ocrx_word' id='word_1_207' title='bbox 2462 1391 2752 1461; x_wconf 90' lang='lat' dir='ltr'><strong>prudenter</strong></span> <span class='ocrx_word' id='word_1_208' title='bbox 2785 1393 2939 1447; x_wconf 91' lang='lat' dir='ltr'><strong>sciat.</strong></span> <span class='ocrx_word' id='word_1_209' title='bbox 2975 1390 3053 1446; x_wconf 81' lang='lat' dir='ltr'><strong>Ad</strong></span> <span class='ocrx_word' id='word_1_210' title='bbox 3085 1391 3327 1447; x_wconf 91' lang='lat' dir='ltr'><strong>inﬁrmos</strong></span> <span class='ocrx_word' id='word_1_211' title='bbox 3354 1407 3567 1463; x_wconf 86' lang='lat' dir='ltr'><strong>quoque</strong></span> <span class='ocrx_word' id='word_1_212' title='bbox 3611 1395 3742 1449; x_wconf 89' lang='lat' dir='ltr'><strong>visi-</strong></span> 
     </span>
    </p>
   </div>
   <div class='ocr_carea' id='block_1_31' title="bbox 2139 1483 3737 1555">
    <p class='ocr_par' dir='ltr' id='par_1_31' title="bbox 2139 1483 3737 1555">
     <span class='ocr_line' id='line_1_31' title="bbox 2139 1483 3737 1555; baseline 0.002 -16"><span class='ocrx_word' id='word_1_213' title='bbox 2139 1483 2351 1547; x_wconf 88' lang='lat' dir='ltr'><strong>tandos,</strong></span> <span class='ocrx_word' id='word_1_214' title='bbox 2370 1493 2425 1539; x_wconf 90' lang='lat' dir='ltr'><strong>et</strong></span> <span class='ocrx_word' id='word_1_215' title='bbox 2440 1483 2505 1539; x_wconf 91' lang='lat' dir='ltr'><strong>ad</strong></span> <span class='ocrx_word' id='word_1_216' title='bbox 2525 1484 2979 1540; x_wconf 73' lang='lat' dir='ltr'><strong>reconciliandam</strong></span> <span class='ocrx_word' id='word_1_217' title='bbox 3007 1498 3101 1539; x_wconf 89' lang='lat' dir='ltr'><strong>eos</strong></span> <span class='ocrx_word' id='word_1_218' title='bbox 3131 1484 3383 1540; x_wconf 81' lang='lat' dir='ltr'><strong>invitatus</strong></span> <span class='ocrx_word' id='word_1_219' title='bbox 3410 1495 3737 1555; x_wconf 85' lang='lat' dir='ltr'><strong>spontaneos</strong></span> 
     </span>
    </p>
   </div>
   <div class='ocr_carea' id='block_1_32' title="bbox 2140 1577 3741 1649">
    <p class='ocr_par' dir='ltr' id='par_1_32' title="bbox 2140 1577 3741 1649">
     <span class='ocr_line' id='line_1_32' title="bbox 2140 1577 3741 1649; baseline 0.001 -16"><span class='ocrx_word' id='word_1_220' title='bbox 2140 1588 2341 1642; x_wconf 87' lang='lat' dir='ltr'><strong>currat,</strong></span> <span class='ocrx_word' id='word_1_221' title='bbox 2369 1589 2423 1633; x_wconf 92' lang='lat' dir='ltr'><strong>et</strong></span> <span class='ocrx_word' id='word_1_222' title='bbox 2448 1593 2635 1633; x_wconf 91' lang='lat' dir='ltr'><strong>eorum</strong></span> <span class='ocrx_word' id='word_1_223' title='bbox 2679 1578 3017 1644; x_wconf 90' lang='lat' dir='ltr'><strong>necessitati,</strong></span> <span class='ocrx_word' id='word_1_224' title='bbox 3048 1592 3157 1633; x_wconf 91' lang='lat' dir='ltr'><strong>non</strong></span> <span class='ocrx_word' id='word_1_225' title='bbox 3184 1594 3281 1648; x_wconf 91' lang='lat' dir='ltr'><strong>pro</strong></span> <span class='ocrx_word' id='word_1_226' title='bbox 3309 1577 3456 1633; x_wconf 92' lang='lat' dir='ltr'><strong>lucro</strong></span> <span class='ocrx_word' id='word_1_227' title='bbox 3484 1590 3700 1634; x_wconf 90' lang='lat' dir='ltr'><strong>terreno</strong></span> <span class='ocrx_word' id='word_1_228' title='bbox 3724 1621 3741 1649; x_wconf 90' lang='lat'><strong>,</strong></span> 
     </span>
    </p>
   </div>
   <div class='ocr_carea' id='block_1_33' title="bbox 440 1667 3739 1742">
    <p class='ocr_par' dir='ltr' id='par_1_33' title="bbox 440 1667 3739 1742">
     <span class='ocr_line' id='line_1_33' title="bbox 440 1667 3739 1742; baseline -0.001 -13"><span class='ocrx_word' id='word_1_229' title='bbox 440 1690 567 1730; x_wconf 90' lang='lat' dir='ltr'><strong>suos</strong></span> <span class='ocrx_word' id='word_1_230' title='bbox 596 1682 654 1729; x_wconf 92' lang='lat' dir='ltr'><strong>ut</strong></span> <span class='ocrx_word' id='word_1_231' title='bbox 678 1672 1040 1742; x_wconf 86' lang='lat' dir='ltr'><strong>unusquisque</strong></span> <span class='ocrx_word' id='word_1_232' title='bbox 1064 1671 1129 1725; x_wconf 89' lang='lat' dir='ltr'><strong>ad</strong></span> <span class='ocrx_word' id='word_1_233' title='bbox 1152 1668 1431 1726; x_wconf 75' lang='lat' dir='ltr'><strong>ecclesiam</strong></span> <span class='ocrx_word' id='word_1_234' title='bbox 1457 1668 1740 1724; x_wconf 89' lang='lat' dir='ltr'><strong>dominicis</strong></span> <span class='ocrx_word' id='word_1_235' title='bbox 1770 1669 1852 1723; x_wconf 90' lang='lat' dir='ltr'><strong>vel</strong></span> <span class='ocrx_word' id='word_1_236' title='bbox 1882 1667 2028 1723; x_wconf 85' lang='lat' dir='ltr'><strong>festi-</strong></span> <span class='ocrx_word' id='word_1_237' title='bbox 2058 1677 2103 1738; x_wconf 79' lang='grc' dir='ltr'>Β</span> <span class='ocrx_word' id='word_1_238' title='bbox 2132 1670 2226 1726; x_wconf 91' lang='lat' dir='ltr'><strong>sed</strong></span> <span class='ocrx_word' id='word_1_239' title='bbox 2262 1685 2357 1741; x_wconf 91' lang='lat' dir='ltr'><strong>pro</strong></span> <span class='ocrx_word' id='word_1_240' title='bbox 2380 1670 2464 1725; x_wconf 88' lang='lat' dir='ltr'><strong>illa</strong></span> <span class='ocrx_word' id='word_1_241' title='bbox 2492 1672 2753 1725; x_wconf 85' lang='lat' dir='ltr'><strong>cbaritate</strong></span> <span class='ocrx_word' id='word_1_242' title='bbox 2777 1685 2879 1742; x_wconf 90' lang='lat' dir='ltr'><strong>qua</strong></span> <span class='ocrx_word' id='word_1_243' title='bbox 2911 1669 3155 1726; x_wconf 88' lang='lat' dir='ltr'><strong>Christus</strong></span> <span class='ocrx_word' id='word_1_244' title='bbox 3183 1686 3282 1726; x_wconf 91' lang='lat' dir='ltr'><strong>nos</strong></span> <span class='ocrx_word' id='word_1_245' title='bbox 3306 1669 3517 1736; x_wconf 72' lang='lat' dir='ltr'><strong>diiexit,</strong></span> <span class='ocrx_word' id='word_1_246' title='bbox 3536 1672 3739 1727; x_wconf 89' lang='lat' dir='ltr'><strong>subve-</strong></span> 
     </span>
    </p>
   </div>
   <div class='ocr_carea' id='block_1_34' title="bbox 440 1761 2038 1823">
    <p class='ocr_par' dir='ltr' id='par_1_34' title="bbox 440 1761 2038 1823">
     <span class='ocr_line' id='line_1_34' title="bbox 440 1761 2038 1823; baseline -0.006 0"><span class='ocrx_word' id='word_1_247' title='bbox 440 1770 518 1823; x_wconf 86' lang='lat' dir='ltr'><strong>vis</strong></span> <span class='ocrx_word' id='word_1_248' title='bbox 545 1767 730 1823; x_wconf 87' lang='lat' dir='ltr'><strong>diebus</strong></span> <span class='ocrx_word' id='word_1_249' title='bbox 762 1767 950 1821; x_wconf 89' lang='lat' dir='ltr'><strong>venire</strong></span> <span class='ocrx_word' id='word_1_250' title='bbox 971 1763 1132 1819; x_wconf 82' lang='lat' dir='ltr'><strong>faciat</strong></span> <span class='ocrx_word' id='word_1_251' title='bbox 1160 1763 1467 1820; x_wconf 89' lang='lat' dir='ltr'><strong>admonete.</strong></span> <span class='ocrx_word' id='word_1_252' title='bbox 1494 1762 1694 1817; x_wconf 86' lang='lat' dir='ltr'><strong>Patrini</strong></span> <span class='ocrx_word' id='word_1_253' title='bbox 1717 1761 1893 1816; x_wconf 90' lang='lat' dir='ltr'><strong>ﬁliolis</strong></span> <span class='ocrx_word' id='word_1_254' title='bbox 1925 1761 2038 1816; x_wconf 82' lang='lat' dir='ltr'><strong>suis</strong></span> 
     </span>
    </p>
   </div>
   <div class='ocr_carea' id='block_1_35' title="bbox 439 1854 2036 1932">
    <p class='ocr_par' dir='ltr' id='par_1_35' title="bbox 439 1854 2036 1932">
     <span class='ocr_line' id='line_1_35' title="bbox 439 1854 2036 1932; baseline -0.005 -16"><span class='ocrx_word' id='word_1_255' title='bbox 439 1858 805 1932; x_wconf 87' lang='lat' dir='ltr'><strong>spiritualihus</strong></span> <span class='ocrx_word' id='word_1_256' title='bbox 830 1857 1158 1929; x_wconf 85' lang='lat' dir='ltr'><strong>symbolum,</strong></span> <span class='ocrx_word' id='word_1_257' title='bbox 1189 1867 1245 1912; x_wconf 90' lang='lat' dir='ltr'><strong>et</strong></span> <span class='ocrx_word' id='word_1_258' title='bbox 1270 1857 1573 1911; x_wconf 88' lang='lat' dir='ltr'><strong>orationem</strong></span> <span class='ocrx_word' id='word_1_259' title='bbox 1599 1854 1922 1910; x_wconf 84' lang='lat' dir='ltr'><strong>dominicam</strong></span> <span class='ocrx_word' id='word_1_260' title='bbox 1956 1854 2036 1908; x_wconf 84' lang='lat' dir='ltr'><strong>in-</strong></span> 
     </span>
    </p>
   </div>
   <div class='ocr_carea' id='block_1_36' title="bbox 437 1946 2036 2019">
    <p class='ocr_par' dir='ltr' id='par_1_36' title="bbox 437 1946 2036 2019">
     <span class='ocr_line' id='line_1_36' title="bbox 437 1946 2036 2019; baseline -0.006 -10"><span class='ocrx_word' id='word_1_261' title='bbox 437 1955 674 2019; x_wconf 90' lang='lat' dir='ltr'><strong>sinuent,</strong></span> <span class='ocrx_word' id='word_1_262' title='bbox 705 1952 788 2006; x_wconf 85' lang='lat' dir='ltr'><strong>vel</strong></span> <span class='ocrx_word' id='word_1_263' title='bbox 826 1951 1023 2006; x_wconf 91' lang='lat' dir='ltr'><strong>docere</strong></span> <span class='ocrx_word' id='word_1_264' title='bbox 1061 1965 1156 2005; x_wconf 89' lang='lat' dir='ltr'><strong>eos</strong></span> <span class='ocrx_word' id='word_1_265' title='bbox 1197 1950 1414 2005; x_wconf 88' lang='lat' dir='ltr'><strong>faciant.</strong></span> <span class='ocrx_word' id='word_1_266' title='bbox 1456 1949 1705 2005; x_wconf 87' lang='lat' dir='ltr'><strong>Chrisma</strong></span> <span class='ocrx_word' id='word_1_267' title='bbox 1732 1948 1833 2005; x_wconf 91' lang='lat' dir='ltr'><strong>sub</strong></span> <span class='ocrx_word' id='word_1_268' title='bbox 1858 1946 2036 2019; x_wconf 90' lang='lat' dir='ltr'><strong>sigillo</strong></span> 
     </span>
    </p>
   </div>
   <div class='ocr_carea' id='block_1_37' title="bbox 435 2030 2035 2114">
    <p class='ocr_par' dir='ltr' id='par_1_37' title="bbox 435 2030 2035 2114">
     <span class='ocr_line' id='line_1_37' title="bbox 435 2030 2035 2114; baseline -0.006 -11"><span class='ocrx_word' id='word_1_269' title='bbox 435 2047 526 2108; x_wconf 84' lang='lat' dir='ltr'><strong>sit.</strong></span> <span class='ocrx_word' id='word_1_270' title='bbox 557 2030 653 2102; x_wconf 33' lang='lat' dir='ltr'><strong>aut‘</strong></span> <span class='ocrx_word' id='word_1_271' title='bbox 678 2045 778 2102; x_wconf 89' lang='lat' dir='ltr'><strong>sub</strong></span> <span class='ocrx_word' id='word_1_272' title='bbox 807 2060 947 2109; x_wconf 89' lang='lat' dir='ltr'><strong>sera,</strong></span> <span class='ocrx_word' id='word_1_273' title='bbox 977 2054 1197 2114; x_wconf 88' lang='lat' dir='ltr'><strong>propter</strong></span> <span class='ocrx_word' id='word_1_274' title='bbox 1219 2042 1480 2113; x_wconf 84' lang='lat' dir='ltr'><strong>quosdam</strong></span> <span class='ocrx_word' id='word_1_275' title='bbox 1510 2040 1776 2097; x_wconf 86' lang='lat' dir='ltr'><strong>inﬁdeles.</strong></span> <span class='ocrx_word' id='word_1_276' title='bbox 1814 2042 1888 2095; x_wconf 83' lang='lat' dir='ltr'><strong>De</strong></span> <span class='ocrx_word' id='word_1_277' title='bbox 1918 2056 2035 2112; x_wconf 84' lang='lat' dir='ltr'><strong>my—</strong></span> 
     </span>
    </p>
   </div>
   <div class='ocr_carea' id='block_1_38' title="bbox 437 2134 2035 2198">
    <p class='ocr_par' dir='ltr' id='par_1_38' title="bbox 437 2134 2035 2198">
     <span class='ocr_line' id='line_1_38' title="bbox 437 2134 2035 2198; baseline -0.007 -2"><span class='ocrx_word' id='word_1_278' title='bbox 437 2140 604 2197; x_wconf 88' lang='lat' dir='ltr'><strong>sterio</strong></span> <span class='ocrx_word' id='word_1_279' title='bbox 650 2138 804 2194; x_wconf 84' lang='lat' dir='ltr'><strong>vobis</strong></span> <span class='ocrx_word' id='word_1_280' title='bbox 844 2137 1136 2192; x_wconf 89' lang='lat' dir='ltr'><strong>commisso</strong></span> <span class='ocrx_word' id='word_1_281' title='bbox 1188 2150 1283 2188; x_wconf 91' lang='lat' dir='ltr'><strong>vos</strong></span> <span class='ocrx_word' id='word_1_282' title='bbox 1339 2134 1631 2189; x_wconf 86' lang='lat' dir='ltr'><strong>admonere</strong></span> <span class='ocrx_word' id='word_1_283' title='bbox 1673 2148 1943 2198; x_wconf 88' lang='lat' dir='ltr'><strong>curamus,</strong></span> <span class='ocrx_word' id='word_1_284' title='bbox 1976 2143 2035 2186; x_wconf 92' lang='lat' dir='ltr'><strong>ut</strong></span> 
     </span>
    </p>
   </div>
   <div class='ocr_carea' id='block_1_39' title="bbox 435 2227 2033 2305">
    <p class='ocr_par' dir='ltr' id='par_1_39' title="bbox 435 2227 2033 2305">
     <span class='ocr_line' id='line_1_39' title="bbox 435 2227 2033 2305; baseline -0.006 -16"><span class='ocrx_word' id='word_1_285' title='bbox 435 2233 801 2305; x_wconf 83' lang='lat' dir='ltr'><strong>unusquisque</strong></span> <span class='ocrx_word' id='word_1_286' title='bbox 840 2242 1102 2294; x_wconf 88' lang='lat' dir='ltr'><strong>vestrum,</strong></span> <span class='ocrx_word' id='word_1_287' title='bbox 1152 2229 1200 2284; x_wconf 91' lang='lat' dir='ltr'><strong>si</strong></span> <span class='ocrx_word' id='word_1_288' title='bbox 1244 2227 1359 2284; x_wconf 89' lang='lat' dir='ltr'><strong>ﬁeri</strong></span> <span class='ocrx_word' id='word_1_289' title='bbox 1407 2241 1598 2298; x_wconf 82' lang='lat' dir='ltr'><strong>poteSt,</strong></span> <span class='ocrx_word' id='word_1_290' title='bbox 1640 2227 2033 2297; x_wconf 76' lang='lat' dir='ltr'><strong>eXpositionem</strong></span> 
     </span>
    </p>
   </div>
   <div class='ocr_carea' id='block_1_40' title="bbox 436 2320 2031 2400">
    <p class='ocr_par' dir='ltr' id='par_1_40' title="bbox 436 2320 2031 2400">
     <span class='ocr_line' id='line_1_40' title="bbox 436 2320 2031 2400; baseline -0.006 -16"><span class='ocrx_word' id='word_1_291' title='bbox 436 2328 670 2400; x_wconf 87' lang='lat' dir='ltr'><strong>symboli</strong></span> <span class='ocrx_word' id='word_1_292' title='bbox 719 2336 775 2380; x_wconf 92' lang='lat' dir='ltr'><strong>et</strong></span> <span class='ocrx_word' id='word_1_293' title='bbox 825 2323 1083 2379; x_wconf 87' lang='lat' dir='ltr'><strong>orationis</strong></span> <span class='ocrx_word' id='word_1_294' title='bbox 1127 2321 1413 2377; x_wconf 80' lang='lat' dir='ltr'><strong>dominicae</strong></span> <span class='ocrx_word' id='word_1_295' title='bbox 1470 2322 1620 2391; x_wconf 80' lang='lat' dir='ltr'><strong>juxta</strong></span> <span class='ocrx_word' id='word_1_296' title='bbox 1683 2320 2031 2375; x_wconf 89' lang='lat' dir='ltr'><strong>traditionem</strong></span> 
     </span>
    </p>
   </div>
   <div class='ocr_carea' id='block_1_41' title="bbox 435 2416 2036 2488">
    <p class='ocr_par' dir='ltr' id='par_1_41' title="bbox 435 2416 2036 2488">
     <span class='ocr_line' id='line_1_41' title="bbox 435 2416 2036 2488; baseline -0.006 -9"><span class='ocrx_word' id='word_1_297' title='bbox 435 2422 854 2485; x_wconf 83' lang='lat' dir='ltr'><strong>orthodoxorom</strong></span> <span class='ocrx_word' id='word_1_298' title='bbox 886 2429 1092 2488; x_wconf 89' lang='lat' dir='ltr'><strong>patrum</strong></span> <span class='ocrx_word' id='word_1_299' title='bbox 1139 2432 1302 2487; x_wconf 89' lang='lat' dir='ltr'><strong>penes</strong></span> <span class='ocrx_word' id='word_1_300' title='bbox 1340 2432 1399 2472; x_wconf 91' lang='lat' dir='ltr'><strong>se</strong></span> <span class='ocrx_word' id='word_1_301' title='bbox 1444 2416 1641 2471; x_wconf 89' lang='lat' dir='ltr'><strong>habeat</strong></span> <span class='ocrx_word' id='word_1_302' title='bbox 1668 2416 1945 2486; x_wconf 89' lang='lat' dir='ltr'><strong>scriptam,</strong></span> <span class='ocrx_word' id='word_1_303' title='bbox 1981 2425 2036 2471; x_wconf 89' lang='lat' dir='ltr'><strong>et</strong></span> 
     </span>
    </p>
   </div>
   <div class='ocr_carea' id='block_1_42' title="bbox 434 2509 2036 2587">
    <p class='ocr_par' dir='ltr' id='par_1_42' title="bbox 434 2509 2036 2587">
     <span class='ocr_line' id='line_1_42' title="bbox 434 2509 2036 2587; baseline -0.008 -13"><span class='ocrx_word' id='word_1_304' title='bbox 434 2534 554 2574; x_wconf 86' lang='lat' dir='ltr'><strong>eam</strong></span> <span class='ocrx_word' id='word_1_305' title='bbox 605 2514 835 2587; x_wconf 85' lang='lat' dir='ltr'><strong>pleniter</strong></span> <span class='ocrx_word' id='word_1_306' title='bbox 877 2510 1153 2583; x_wconf 86' lang='lat' dir='ltr'><strong>intelligat,</strong></span> <span class='ocrx_word' id='word_1_307' title='bbox 1185 2519 1239 2565; x_wconf 91' lang='lat' dir='ltr'><strong>et</strong></span> <span class='ocrx_word' id='word_1_308' title='bbox 1284 2509 1421 2565; x_wconf 86' lang='lat' dir='ltr'><strong>inde</strong></span> <span class='ocrx_word' id='word_1_309' title='bbox 1453 2509 1706 2581; x_wconf 84' lang='lat' dir='ltr'><strong>populum</strong></span> <span class='ocrx_word' id='word_1_310' title='bbox 1747 2509 1848 2563; x_wconf 90' lang='lat' dir='ltr'><strong>sibi</strong></span> <span class='ocrx_word' id='word_1_311' title='bbox 1888 2522 2036 2564; x_wconf 88' lang='lat' dir='ltr'><strong>com-</strong></span> 
     </span>
    </p>
   </div>
   <div class='ocr_carea' id='block_1_43' title="bbox 435 2602 2036 2677">
    <p class='ocr_par' dir='ltr' id='par_1_43' title="bbox 435 2602 2036 2677">
     <span class='ocr_line' id='line_1_43' title="bbox 435 2602 2036 2677; baseline -0.006 -11"><span class='ocrx_word' id='word_1_312' title='bbox 435 2613 658 2667; x_wconf 90' lang='lat' dir='ltr'><strong>missum</strong></span> <span class='ocrx_word' id='word_1_313' title='bbox 688 2606 904 2663; x_wconf 82' lang='lat' dir='ltr'><strong>assidue</strong></span> <span class='ocrx_word' id='word_1_314' title='bbox 935 2603 1276 2677; x_wconf 63' lang='lat' dir='ltr'><strong>praedicando</strong></span> <span class='ocrx_word' id='word_1_315' title='bbox 1316 2604 1564 2669; x_wconf 77' lang='lat' dir='ltr'><strong>instruat,</strong></span> <span class='ocrx_word' id='word_1_316' title='bbox 1595 2612 1682 2670; x_wconf 84' lang='lat' dir='ltr'><strong>et,</strong></span> <span class='ocrx_word' id='word_1_317' title='bbox 1716 2602 1763 2657; x_wconf 89' lang='lat' dir='ltr'><strong>si</strong></span> <span class='ocrx_word' id='word_1_318' title='bbox 1800 2617 1904 2657; x_wconf 92' lang='lat' dir='ltr'><strong>non</strong></span> <span class='ocrx_word' id='word_1_319' title='bbox 1936 2617 2036 2657; x_wconf 90' lang='lat' dir='ltr'><strong>no-</strong></span> 
     </span>
    </p>
   </div>
   <div class='ocr_carea' id='block_1_44' title="bbox 435 2695 2034 2771">
    <p class='ocr_par' dir='ltr' id='par_1_44' title="bbox 435 2695 2034 2771">
     <span class='ocr_line' id='line_1_44' title="bbox 435 2695 2034 2771; baseline -0.007 -11"><span class='ocrx_word' id='word_1_320' title='bbox 435 2703 594 2771; x_wconf 88' lang='lat' dir='ltr'><strong>verit,</strong></span> <span class='ocrx_word' id='word_1_321' title='bbox 623 2702 813 2758; x_wconf 86' lang='lat' dir='ltr'><strong>saltem</strong></span> <span class='ocrx_word' id='word_1_322' title='bbox 843 2714 1025 2756; x_wconf 87' lang='lat' dir='ltr'><strong>secum</strong></span> <span class='ocrx_word' id='word_1_323' title='bbox 1056 2705 1235 2754; x_wconf 90' lang='lat' dir='ltr'><strong>teneat</strong></span> <span class='ocrx_word' id='word_1_324' title='bbox 1259 2706 1313 2753; x_wconf 90' lang='lat' dir='ltr'><strong>et</strong></span> <span class='ocrx_word' id='word_1_325' title='bbox 1347 2696 1549 2752; x_wconf 88' lang='lat' dir='ltr'><strong>credat.</strong></span> <span class='ocrx_word' id='word_1_326' title='bbox 1584 2695 1870 2751; x_wconf 85' lang='lat' dir='ltr'><strong>Orationes</strong></span> <span class='ocrx_word' id='word_1_327' title='bbox 1898 2711 2034 2766; x_wconf 89' lang='lat' dir='ltr'><strong>quo-</strong></span> 
     </span>
    </p>
   </div>
   <div class='ocr_carea' id='block_1_45' title="bbox 433 2789 2035 2872">
    <p class='ocr_par' dir='ltr' id='par_1_45' title="bbox 433 2789 2035 2872">
     <span class='ocr_line' id='line_1_45' title="bbox 433 2789 2035 2872; baseline -0.008 -17"><span class='ocrx_word' id='word_1_328' title='bbox 433 2814 539 2872; x_wconf 90' lang='lat' dir='ltr'><strong>que</strong></span> <span class='ocrx_word' id='word_1_329' title='bbox 556 2798 839 2854; x_wconf 89' lang='lat' dir='ltr'><strong>missarum</strong></span> <span class='ocrx_word' id='word_1_330' title='bbox 866 2803 921 2850; x_wconf 85' lang='lat' dir='ltr'><strong>et</strong></span> <span class='ocrx_word' id='word_1_331' title='bbox 941 2792 1279 2864; x_wconf 63' lang='lat' dir='ltr'><strong>praefationes</strong></span> <span class='ocrx_word' id='word_1_332' title='bbox 1301 2802 1356 2847; x_wconf 91' lang='lat' dir='ltr'><strong>et</strong></span> <span class='ocrx_word' id='word_1_333' title='bbox 1378 2805 1639 2846; x_wconf 90' lang='lat' dir='ltr'><strong>canonem</strong></span> <span class='ocrx_word' id='word_1_334' title='bbox 1672 2790 1809 2846; x_wconf 88' lang='lat' dir='ltr'><strong>bene</strong></span> <span class='ocrx_word' id='word_1_335' title='bbox 1836 2789 2035 2844; x_wconf 89' lang='lat' dir='ltr'><strong>intelli-</strong></span> 
     </span>
    </p>
   </div>
   <div class='ocr_carea' id='block_1_46' title="bbox 433 2884 2037 2966">
    <p class='ocr_par' dir='ltr' id='par_1_46' title="bbox 433 2884 2037 2966">
     <span class='ocr_line' id='line_1_46' title="bbox 433 2884 2037 2966; baseline -0.006 -19"><span class='ocrx_word' id='word_1_336' title='bbox 433 2903 541 2966; x_wconf 87' lang='lat' dir='ltr'><strong>gat,</strong></span> <span class='ocrx_word' id='word_1_337' title='bbox 573 2900 626 2946; x_wconf 89' lang='lat' dir='ltr'><strong>et</strong></span> <span class='ocrx_word' id='word_1_338' title='bbox 677 2891 722 2946; x_wconf 89' lang='lat' dir='ltr'><strong>si</strong></span> <span class='ocrx_word' id='word_1_339' title='bbox 765 2906 869 2945; x_wconf 90' lang='lat' dir='ltr'><strong>non</strong></span> <span class='ocrx_word' id='word_1_340' title='bbox 901 2887 1092 2943; x_wconf 90' lang='lat' dir='ltr'><strong>saltem</strong></span> <span class='ocrx_word' id='word_1_341' title='bbox 1134 2886 1386 2941; x_wconf 89' lang='lat' dir='ltr'><strong>distincte</strong></span> <span class='ocrx_word' id='word_1_342' title='bbox 1429 2901 1492 2941; x_wconf 88' lang='lat' dir='ltr'><strong>ac</strong></span> <span class='ocrx_word' id='word_1_343' title='bbox 1522 2885 1836 2940; x_wconf 90' lang='lat' dir='ltr'><strong>memoriter</strong></span> <span class='ocrx_word' id='word_1_344' title='bbox 1861 2884 2037 2939; x_wconf 88' lang='lat' dir='ltr'><strong>valeat</strong></span> 
     </span>
    </p>
   </div>
   <div class='ocr_carea' id='block_1_47' title="bbox 2141 1763 3738 1835">
    <p class='ocr_par' dir='ltr' id='par_1_47' title="bbox 2141 1763 3738 1835">
     <span class='ocr_line' id='line_1_47' title="bbox 2141 1763 3738 1835; baseline 0.003 -18"><span class='ocrx_word' id='word_1_345' title='bbox 2141 1763 2271 1831; x_wconf 89' lang='lat' dir='ltr'><strong>niat,</strong></span> <span class='ocrx_word' id='word_1_346' title='bbox 2304 1773 2359 1818; x_wconf 92' lang='lat' dir='ltr'><strong>et</strong></span> <span class='ocrx_word' id='word_1_347' title='bbox 2383 1764 2654 1819; x_wconf 85' lang='lat' dir='ltr'><strong>orationes</strong></span> <span class='ocrx_word' id='word_1_348' title='bbox 2684 1772 2739 1818; x_wconf 91' lang='lat' dir='ltr'><strong>et</strong></span> <span class='ocrx_word' id='word_1_349' title='bbox 2774 1773 2979 1834; x_wconf 90' lang='lat' dir='ltr'><strong>septem</strong></span> <span class='ocrx_word' id='word_1_350' title='bbox 3018 1763 3255 1835; x_wconf 87' lang='lat' dir='ltr'><strong>psalmos</strong></span> <span class='ocrx_word' id='word_1_351' title='bbox 3293 1766 3556 1834; x_wconf 88' lang='lat' dir='ltr'><strong>speciales</strong></span> <span class='ocrx_word' id='word_1_352' title='bbox 3596 1766 3738 1821; x_wconf 90' lang='lat' dir='ltr'><strong>circa</strong></span> 
     </span>
    </p>
   </div>
   <div class='ocr_carea' id='block_1_48' title="bbox 2139 1854 3741 1927">
    <p class='ocr_par' dir='ltr' id='par_1_48' title="bbox 2139 1854 3741 1927">
     <span class='ocr_line' id='line_1_48' title="bbox 2139 1854 3741 1927; baseline 0.002 -17"><span class='ocrx_word' id='word_1_353' title='bbox 2139 1870 2234 1910; x_wconf 89' lang='lat' dir='ltr'><strong>eos</strong></span> <span class='ocrx_word' id='word_1_354' title='bbox 2261 1855 2547 1912; x_wconf 82' lang='lat' dir='ltr'><strong>decantare</strong></span> <span class='ocrx_word' id='word_1_355' title='bbox 2594 1866 2765 1911; x_wconf 85' lang='lat' dir='ltr'><strong>curet.</strong></span> <span class='ocrx_word' id='word_1_356' title='bbox 2798 1854 3056 1921; x_wconf 85' lang='lat' dir='ltr'><strong>Similiter</strong></span> <span class='ocrx_word' id='word_1_357' title='bbox 3099 1857 3342 1913; x_wconf 87' lang='lat' dir='ltr'><strong>ordinem</strong></span> <span class='ocrx_word' id='word_1_358' title='bbox 3396 1858 3450 1912; x_wconf 89' lang='lat' dir='ltr'><strong>in</strong></span> <span class='ocrx_word' id='word_1_359' title='bbox 3499 1858 3741 1927; x_wconf 76' lang='lat' dir='ltr'><strong>exequiis</strong></span> 
     </span>
    </p>
   </div>
   <div class='ocr_carea' id='block_1_49' title="bbox 2139 1947 3741 2022">
    <p class='ocr_par' dir='ltr' id='par_1_49' title="bbox 2139 1947 3741 2022">
     <span class='ocr_line' id='line_1_49' title="bbox 2139 1947 3741 2022; baseline 0.003 -20"><span class='ocrx_word' id='word_1_360' title='bbox 2139 1947 2512 2003; x_wconf 75' lang='lat' dir='ltr'><strong>defunctorum</strong></span> <span class='ocrx_word' id='word_1_361' title='bbox 2572 1948 2830 2019; x_wconf 80' lang='lat' dir='ltr'><strong>agendis,</strong></span> <span class='ocrx_word' id='word_1_362' title='bbox 2878 1963 3089 2018; x_wconf 89' lang='lat' dir='ltr'><strong>preces,</strong></span> <span class='ocrx_word' id='word_1_363' title='bbox 3143 1950 3475 2006; x_wconf 77' lang='lat' dir='ltr'><strong>exorcismos</strong></span> <span class='ocrx_word' id='word_1_364' title='bbox 3528 1965 3741 2022; x_wconf 85' lang='lat' dir='ltr'><strong>quoque</strong></span> 
     </span>
    </p>
   </div>
   <div class='ocr_carea' id='block_1_50' title="bbox 2138 2042 3737 2115">
    <p class='ocr_par' dir='ltr' id='par_1_50' title="bbox 2138 2042 3737 2115">
     <span class='ocr_line' id='line_1_50' title="bbox 2138 2042 3737 2115; baseline 0.004 -20"><span class='ocrx_word' id='word_1_365' title='bbox 2138 2042 2268 2097; x_wconf 86' lang='lat' dir='ltr'><strong>salis</strong></span> <span class='ocrx_word' id='word_1_366' title='bbox 2295 2054 2345 2096; x_wconf 91' lang='lat' dir='ltr'><strong>et</strong></span> <span class='ocrx_word' id='word_1_367' title='bbox 2376 2057 2527 2112; x_wconf 67' lang='lat' dir='ltr'><strong>aqua:</strong></span> <span class='ocrx_word' id='word_1_368' title='bbox 2554 2044 2866 2099; x_wconf 84' lang='lat' dir='ltr'><strong>memoriter</strong></span> <span class='ocrx_word' id='word_1_369' title='bbox 2902 2051 3083 2099; x_wconf 89' lang='lat' dir='ltr'><strong>teneat</strong></span> <span class='ocrx_word' id='word_1_370' title='bbox 3114 2062 3128 2099; x_wconf 90' lang='lat'>:</span> <span class='ocrx_word' id='word_1_371' title='bbox 3160 2053 3375 2100; x_wconf 87' lang='lat' dir='ltr'><strong>cantum</strong></span> <span class='ocrx_word' id='word_1_372' title='bbox 3395 2055 3737 2115; x_wconf 90' lang='lat' dir='ltr'><strong>nocturnum,</strong></span> 
     </span>
    </p>
   </div>
   <div class='ocr_carea' id='block_1_51' title="bbox 2137 2133 3737 2208">
    <p class='ocr_par' dir='ltr' id='par_1_51' title="bbox 2137 2133 3737 2208">
     <span class='ocr_line' id='line_1_51' title="bbox 2137 2133 3737 2208; baseline 0.005 -23"><span class='ocrx_word' id='word_1_373' title='bbox 2137 2142 2297 2202; x_wconf 88' lang='lat' dir='ltr'><strong>atque</strong></span> <span class='ocrx_word' id='word_1_374' title='bbox 2341 2133 2591 2188; x_wconf 90' lang='lat' dir='ltr'><strong>diurnum</strong></span> <span class='ocrx_word' id='word_1_375' title='bbox 2646 2136 2801 2191; x_wconf 89' lang='lat' dir='ltr'><strong>sciat.</strong></span> <span class='ocrx_word' id='word_1_376' title='bbox 2848 2135 3172 2206; x_wconf 86' lang='lat' dir='ltr'><strong>Computum</strong></span> <span class='ocrx_word' id='word_1_377' title='bbox 3232 2138 3276 2192; x_wconf 93' lang='lat' dir='ltr'><strong>si</strong></span> <span class='ocrx_word' id='word_1_378' title='bbox 3328 2153 3432 2193; x_wconf 88' lang='lat' dir='ltr'><strong>non</strong></span> <span class='ocrx_word' id='word_1_379' title='bbox 3457 2138 3737 2208; x_wconf 85' lang='lat' dir='ltr'><strong>majorem,</strong></span> 
     </span>
    </p>
   </div>
   <div class='ocr_carea' id='block_1_52' title="bbox 2137 2228 3740 2303">
    <p class='ocr_par' dir='ltr' id='par_1_52' title="bbox 2137 2228 3740 2303">
     <span class='ocr_line' id='line_1_52' title="bbox 2137 2228 3740 2303; baseline 0.001 -21"><span class='ocrx_word' id='word_1_380' title='bbox 2137 2228 2327 2282; x_wconf 90' lang='lat' dir='ltr'><strong>saltem</strong></span> <span class='ocrx_word' id='word_1_381' title='bbox 2356 2230 2651 2296; x_wconf 83' lang='lat' dir='ltr'><strong>minorem,</strong></span> <span class='ocrx_word' id='word_1_382' title='bbox 2680 2229 2733 2285; x_wconf 92' lang='lat' dir='ltr'><strong>id</strong></span> <span class='ocrx_word' id='word_1_383' title='bbox 2763 2238 2847 2285; x_wconf 89' lang='lat' dir='ltr'><strong>est</strong></span> <span class='ocrx_word' id='word_1_384' title='bbox 2865 2240 3082 2300; x_wconf 89' lang='lat' dir='ltr'><strong>epactas</strong></span> <span class='ocrx_word' id='word_1_385' title='bbox 3107 2240 3514 2303; x_wconf 84' lang='lat' dir='ltr'><strong>concurrentes,</strong></span> <span class='ocrx_word' id='word_1_386' title='bbox 3549 2230 3740 2287; x_wconf 86' lang='lat' dir='ltr'><strong>termi-</strong></span> 
     </span>
    </p>
   </div>
   <div class='ocr_carea' id='block_1_53' title="bbox 2140 2323 3737 2399">
    <p class='ocr_par' dir='ltr' id='par_1_53' title="bbox 2140 2323 3737 2399">
     <span class='ocr_line' id='line_1_53' title="bbox 2140 2323 3737 2399; baseline 0.003 -22"><span class='ocrx_word' id='word_1_387' title='bbox 2140 2335 2237 2377; x_wconf 92' lang='lat' dir='ltr'><strong>nos</strong></span> <span class='ocrx_word' id='word_1_388' title='bbox 2264 2323 2558 2393; x_wconf 80' lang='lat' dir='ltr'><strong>regulares,</strong></span> <span class='ocrx_word' id='word_1_389' title='bbox 2589 2332 2646 2379; x_wconf 91' lang='lat' dir='ltr'><strong>et</strong></span> <span class='ocrx_word' id='word_1_390' title='bbox 2680 2325 2723 2379; x_wconf 87' lang='lat' dir='ltr'><strong>si</strong></span> <span class='ocrx_word' id='word_1_391' title='bbox 2761 2334 2958 2395; x_wconf 88' lang='lat' dir='ltr'><strong>potest,</strong></span> <span class='ocrx_word' id='word_1_392' title='bbox 3000 2334 3194 2381; x_wconf 62' lang='lat' dir='ltr'><strong>caetera</strong></span> <span class='ocrx_word' id='word_1_393' title='bbox 3226 2327 3383 2383; x_wconf 91' lang='lat' dir='ltr'><strong>sciat.</strong></span> <span class='ocrx_word' id='word_1_394' title='bbox 3417 2324 3737 2399; x_wconf 80' lang='lat' dir='ltr'><strong>Martyrolo-</strong></span> 
     </span>
    </p>
   </div>
   <div class='ocr_carea' id='block_1_54' title="bbox 2139 2417 3737 2488">
    <p class='ocr_par' dir='ltr' id='par_1_54' title="bbox 2139 2417 3737 2488">
     <span class='ocr_line' id='line_1_54' title="bbox 2139 2417 3737 2488; baseline 0.002 -18"><span class='ocrx_word' id='word_1_395' title='bbox 2139 2417 2282 2488; x_wconf 87' lang='lat' dir='ltr'><strong>gium</strong></span> <span class='ocrx_word' id='word_1_396' title='bbox 2308 2426 2363 2471; x_wconf 88' lang='lat' dir='ltr'><strong>et</strong></span> <span class='ocrx_word' id='word_1_397' title='bbox 2387 2418 2807 2487; x_wconf 75' lang='lat' dir='ltr'><strong>pcenitentialem</strong></span> <span class='ocrx_word' id='word_1_398' title='bbox 2847 2419 3039 2488; x_wconf 89' lang='lat' dir='ltr'><strong>sapiat.</strong></span> <span class='ocrx_word' id='word_1_399' title='bbox 3079 2418 3342 2474; x_wconf 87' lang='lat' dir='ltr'><strong>Libellum</strong></span> <span class='ocrx_word' id='word_1_400' title='bbox 3370 2420 3528 2474; x_wconf 89' lang='lat' dir='ltr'><strong>istmn</strong></span> <span class='ocrx_word' id='word_1_401' title='bbox 3569 2435 3737 2474; x_wconf 90' lang='lat' dir='ltr'><strong>unus-</strong></span> 
     </span>
    </p>
   </div>
   <div class='ocr_carea' id='block_1_55' title="bbox 2139 2510 3737 2585">
    <p class='ocr_par' dir='ltr' id='par_1_55' title="bbox 2139 2510 3737 2585">
     <span class='ocr_line' id='line_1_55' title="bbox 2139 2510 3737 2585; baseline 0.003 -21"><span class='ocrx_word' id='word_1_402' title='bbox 2139 2511 2367 2581; x_wconf 76' lang='lat' dir='ltr'><strong>quisque</strong></span> <span class='ocrx_word' id='word_1_403' title='bbox 2418 2510 2614 2565; x_wconf 87' lang='lat' dir='ltr'><strong>haheat</strong></span> <span class='ocrx_word' id='word_1_404' title='bbox 2663 2522 2717 2566; x_wconf 88' lang='lat' dir='ltr'><strong>et</strong></span> <span class='ocrx_word' id='word_1_405' title='bbox 2774 2512 3084 2583; x_wconf 88' lang='lat' dir='ltr'><strong>frequenter</strong></span> <span class='ocrx_word' id='word_1_406' title='bbox 3129 2514 3306 2585; x_wconf 86' lang='lat' dir='ltr'><strong>legat,</strong></span> <span class='ocrx_word' id='word_1_407' title='bbox 3353 2528 3419 2569; x_wconf 91' lang='lat' dir='ltr'><strong>ne</strong></span> <span class='ocrx_word' id='word_1_408' title='bbox 3476 2512 3737 2569; x_wconf 89' lang='lat' dir='ltr'><strong>oblivioni</strong></span> 
     </span>
    </p>
   </div>
   <div class='ocr_carea' id='block_1_56' title="bbox 2141 2602 3737 2675">
    <p class='ocr_par' dir='ltr' id='par_1_56' title="bbox 2141 2602 3737 2675">
     <span class='ocr_line' id='line_1_56' title="bbox 2141 2602 3737 2675; baseline 0.004 -20"><span class='ocrx_word' id='word_1_409' title='bbox 2141 2602 2316 2657; x_wconf 81' lang='lat' dir='ltr'><strong>tradat</strong></span> <span class='ocrx_word' id='word_1_410' title='bbox 2340 2619 2400 2658; x_wconf 89' lang='lat' dir='ltr'><strong>ea</strong></span> <span class='ocrx_word' id='word_1_411' title='bbox 2446 2618 2566 2674; x_wconf 67' lang='lat' dir='ltr'><strong>qum</strong></span> <span class='ocrx_word' id='word_1_412' title='bbox 2608 2613 2732 2659; x_wconf 88' lang='lat' dir='ltr'><strong>sunt</strong></span> <span class='ocrx_word' id='word_1_413' title='bbox 2781 2604 2884 2660; x_wconf 90' lang='lat' dir='ltr'><strong>sibi</strong></span> <span class='ocrx_word' id='word_1_414' title='bbox 2928 2606 3282 2662; x_wconf 89' lang='lat' dir='ltr'><strong>observanda.</strong></span> <span class='ocrx_word' id='word_1_415' title='bbox 3322 2605 3477 2675; x_wconf 85' lang='lat' dir='ltr'><strong>Quod</strong></span> <span class='ocrx_word' id='word_1_416' title='bbox 3503 2650 3517 2675; x_wconf 95' lang='lat'><strong>,</strong></span> <span class='ocrx_word' id='word_1_417' title='bbox 3548 2606 3737 2662; x_wconf 82' lang='lat' dir='ltr'><strong>fratres</strong></span> 
     </span>
    </p>
   </div>
   <div class='ocr_carea' id='block_1_57' title="bbox 2137 2695 3737 2771">
    <p class='ocr_par' dir='ltr' id='par_1_57' title="bbox 2137 2695 3737 2771">
     <span class='ocr_line' id='line_1_57' title="bbox 2137 2695 3737 2771; baseline 0.002 -19"><span class='ocrx_word' id='word_1_418' title='bbox 2137 2695 2462 2765; x_wconf 87' lang='lat' dir='ltr'><strong>charissimi,</strong></span> <span class='ocrx_word' id='word_1_419' title='bbox 2493 2708 2552 2752; x_wconf 92' lang='lat' dir='ltr'><strong>ut</strong></span> <span class='ocrx_word' id='word_1_420' title='bbox 2581 2699 2893 2754; x_wconf 87' lang='lat' dir='ltr'><strong>memoriter</strong></span> <span class='ocrx_word' id='word_1_421' title='bbox 2922 2699 3154 2756; x_wconf 90' lang='lat' dir='ltr'><strong>retinere</strong></span> <span class='ocrx_word' id='word_1_422' title='bbox 3178 2710 3234 2755; x_wconf 89' lang='lat' dir='ltr'><strong>et</strong></span> <span class='ocrx_word' id='word_1_423' title='bbox 3270 2700 3559 2756; x_wconf 89' lang='lat' dir='ltr'><strong>salubriter</strong></span> <span class='ocrx_word' id='word_1_424' title='bbox 3584 2715 3737 2771; x_wconf 87' lang='lat' dir='ltr'><strong>pera-</strong></span> 
     </span>
    </p>
   </div>
   <div class='ocr_carea' id='block_1_58' title="bbox 2137 2791 3739 2862">
    <p class='ocr_par' dir='ltr' id='par_1_58' title="bbox 2137 2791 3739 2862">
     <span class='ocr_line' id='line_1_58' title="bbox 2137 2791 3739 2862; baseline 0.003 -18"><span class='ocrx_word' id='word_1_425' title='bbox 2137 2804 2263 2860; x_wconf 88' lang='lat' dir='ltr'><strong>gere</strong></span> <span class='ocrx_word' id='word_1_426' title='bbox 2316 2791 2608 2856; x_wconf 85' lang='lat' dir='ltr'><strong>valeamus,</strong></span> <span class='ocrx_word' id='word_1_427' title='bbox 2661 2792 3004 2862; x_wconf 87' lang='lat' dir='ltr'><strong>omnipotens</strong></span> <span class='ocrx_word' id='word_1_428' title='bbox 3055 2792 3196 2848; x_wconf 91' lang='lat' dir='ltr'><strong>Deus</strong></span> <span class='ocrx_word' id='word_1_429' title='bbox 3247 2792 3402 2847; x_wconf 88' lang='lat' dir='ltr'><strong>nobis</strong></span> <span class='ocrx_word' id='word_1_430' title='bbox 3438 2794 3739 2849; x_wconf 89' lang='lat' dir='ltr'><strong>concedere</strong></span> 
     </span>
    </p>
   </div>
   <div class='ocr_carea' id='block_1_59' title="bbox 2138 2884 3740 2959">
    <p class='ocr_par' dir='ltr' id='par_1_59' title="bbox 2138 2884 3740 2959">
     <span class='ocr_line' id='line_1_59' title="bbox 2138 2884 3740 2959; baseline 0.002 -20"><span class='ocrx_word' id='word_1_431' title='bbox 2138 2884 2408 2956; x_wconf 85' lang='lat' dir='ltr'><strong>dignetur,</strong></span> <span class='ocrx_word' id='word_1_432' title='bbox 2432 2887 2584 2956; x_wconf 89' lang='lat' dir='ltr'><strong>cujus</strong></span> <span class='ocrx_word' id='word_1_433' title='bbox 2605 2903 2827 2959; x_wconf 87' lang='lat' dir='ltr'><strong>regnum</strong></span> <span class='ocrx_word' id='word_1_434' title='bbox 2857 2898 2911 2943; x_wconf 93' lang='lat' dir='ltr'><strong>et</strong></span> <span class='ocrx_word' id='word_1_435' title='bbox 2936 2887 3216 2959; x_wconf 91' lang='lat' dir='ltr'><strong>imperium</strong></span> <span class='ocrx_word' id='word_1_436' title='bbox 3244 2887 3361 2944; x_wconf 91' lang='lat' dir='ltr'><strong>sine</strong></span> <span class='ocrx_word' id='word_1_437' title='bbox 3395 2885 3505 2943; x_wconf 87' lang='lat' dir='ltr'><strong>ﬁne</strong></span> <span class='ocrx_word' id='word_1_438' title='bbox 3526 2903 3740 2959; x_wconf 85' lang='lat' dir='ltr'><strong>perma-</strong></span> 
     </span>
    </p>
   </div>
   <div class='ocr_carea' id='block_1_60' title="bbox 435 2977 3136 3058">
    <p class='ocr_par' dir='ltr' id='par_1_60' title="bbox 435 2977 3136 3058">
     <span class='ocr_line' id='line_1_60' title="bbox 435 2977 3136 3058; baseline -0.001 -20"><span class='ocrx_word' id='word_1_439' title='bbox 435 2984 696 3058; x_wconf 85' lang='lat' dir='ltr'><strong>proferre,</strong></span> <span class='ocrx_word' id='word_1_440' title='bbox 721 2979 1003 3054; x_wconf 84' lang='lat' dir='ltr'><strong>epistolam</strong></span> <span class='ocrx_word' id='word_1_441' title='bbox 1034 2987 1089 3035; x_wconf 91' lang='lat' dir='ltr'><strong>et</strong></span> <span class='ocrx_word' id='word_1_442' title='bbox 1111 2978 1447 3050; x_wconf 87' lang='lat' dir='ltr'><strong>evangelium</strong></span> <span class='ocrx_word' id='word_1_443' title='bbox 1473 2977 1610 3034; x_wconf 88' lang='lat' dir='ltr'><strong>bene</strong></span> <span class='ocrx_word' id='word_1_444' title='bbox 1634 2978 1816 3048; x_wconf 86' lang='lat' dir='ltr'><strong>legere</strong></span> <span class='ocrx_word' id='word_1_445' title='bbox 1843 2979 2031 3048; x_wconf 88' lang='lat' dir='ltr'><strong>possit,</strong></span> <span class='ocrx_word' id='word_1_446' title='bbox 2060 2991 2107 3054; x_wconf 69' lang='grc' dir='ltr'><strong>ρ</strong></span> <span class='ocrx_word' id='word_1_447' title='bbox 2139 2987 2232 3034; x_wconf 90' lang='lat' dir='ltr'><strong>net</strong></span> <span class='ocrx_word' id='word_1_448' title='bbox 2260 2978 2313 3033; x_wconf 90' lang='lat' dir='ltr'><strong>in</strong></span> <span class='ocrx_word' id='word_1_449' title='bbox 2343 2978 2539 3035; x_wconf 59' lang='lat' dir='ltr'><strong>saecula</strong></span> <span class='ocrx_word' id='word_1_450' title='bbox 2569 2981 2911 3035; x_wconf 79' lang='lat' dir='ltr'><strong>steculorum.</strong></span> <span class='ocrx_word' id='word_1_451' title='bbox 2940 2979 3136 3036; x_wconf 80' lang='lat' dir='ltr'><strong>Amen.</strong></span> 
     </span>
    </p>
   </div>
   <div class='ocr_carea' id='block_1_61' title="bbox 474 3125 3692 3161">
    <p class='ocr_par' dir='ltr' id='par_1_61' title="bbox 474 3125 3692 3161">
     <span class='ocr_line' id='line_1_61' title="bbox 474 3125 3692 3161; baseline 0 -12"><span class='ocrx_word' id='word_1_452' title='bbox 474 3125 3692 3161; x_wconf 41' lang='grc' dir='ltr'><em>Ν</em></span> 
     </span>
    </p>
   </div>
   <div class='ocr_carea' id='block_1_62' title="bbox 1940 3262 2227 3328">
    <p class='ocr_par' dir='ltr' id='par_1_62' title="bbox 1940 3262 2227 3328">
     <span class='ocr_line' id='line_1_62' title="bbox 1940 3262 2227 3328; baseline 0 -2"><span class='ocrx_word' id='word_1_453' title='bbox 1940 3262 2227 3328; x_wconf 83' lang='lat' dir='ltr'><strong>SANCTI</strong></span> 
     </span>
    </p>
   </div>
   <div class='ocr_carea' id='block_1_63' title="bbox 436 3422 3737 3586">
    <p class='ocr_par' dir='ltr' id='par_1_63' title="bbox 436 3422 3737 3586">
     <span class='ocr_line' id='line_1_63' title="bbox 436 3422 3737 3586; baseline -0.004 -30"><span class='ocrx_word' id='word_1_454' title='bbox 436 3428 1606 3556; x_wconf 75' lang='lat' dir='ltr'><strong>EUTYGHIANI</strong></span> <span class='ocrx_word' id='word_1_455' title='bbox 1723 3424 2267 3543; x_wconf 72' lang='lat' dir='ltr'><strong>PAPE</strong></span> <span class='ocrx_word' id='word_1_456' title='bbox 2391 3427 2630 3544; x_wconf 72' lang='lat' dir='ltr'><strong>ET</strong></span> <span class='ocrx_word' id='word_1_457' title='bbox 2743 3422 3737 3543; x_wconf 72' lang='lat' dir='ltr'><strong>MABTYRIS</strong></span> 
     </span>
    </p>
   </div>
   <div class='ocr_carea' id='block_1_64' title="bbox 1518 3643 2631 3743">
    <p class='ocr_par' dir='ltr' id='par_1_64' title="bbox 1518 3643 2631 3743">
     <span class='ocr_line' id='line_1_64' title="bbox 1518 3643 2631 3743; baseline 0.001 -43"><span class='ocrx_word' id='word_1_458' title='bbox 1518 3643 1889 3743; x_wconf 47' lang='lat' dir='ltr'><strong>.EPISTQLA</strong></span> <span class='ocrx_word' id='word_1_459' title='bbox 1927 3644 2014 3700; x_wconf 90' lang='lat' dir='ltr'><strong>ET</strong></span> <span class='ocrx_word' id='word_1_460' title='bbox 2053 3643 2376 3702; x_wconf 80' lang='lat' dir='ltr'><strong>DECRETA</strong></span> <span class='ocrx_word' id='word_1_461' title='bbox 2404 3646 2631 3705; x_wconf 79' lang='lat' dir='ltr'><strong>BUBlA.</strong></span> 
     </span>
    </p>
   </div>
   <div class='ocr_carea' id='block_1_65' title="bbox 971 3790 1486 3865">
    <p class='ocr_par' dir='ltr' id='par_1_65' title="bbox 971 3790 1486 3865">
     <span class='ocr_line' id='line_1_65' title="bbox 971 3790 1486 3865; baseline -0.012 -13"><span class='ocrx_word' id='word_1_462' title='bbox 971 3792 1305 3853; x_wconf 84' lang='lat' dir='ltr'><strong>EPISTOLA</strong></span> <span class='ocrx_word' id='word_1_463' title='bbox 1338 3790 1486 3865; x_wconf 82' lang='grc'><strong>1(1).</strong></span> 
     </span>
    </p>
   </div>
   <div class='ocr_carea' id='block_1_66' title="bbox 555 3920 1923 3998">
    <p class='ocr_par' dir='ltr' id='par_1_66' title="bbox 555 3920 1923 3998">
     <span class='ocr_line' id='line_1_66' title="bbox 555 3920 1923 3998; baseline -0.013 -1"><span class='ocrx_word' id='word_1_464' title='bbox 555 3957 622 3998; x_wconf 78' lang='grc' dir='ltr'><strong>ΔΙ)</strong></span> <span class='ocrx_word' id='word_1_465' title='bbox 658 3951 896 3995; x_wconf 64' lang='grc' dir='ltr'><strong>ιοΑΝΝει</strong></span> <span class='ocrx_word' id='word_1_466' title='bbox 934 3949 1004 3989; x_wconf 78' lang='grc' dir='ltr'><strong>ΕΤ</strong></span> <span class='ocrx_word' id='word_1_467' title='bbox 1045 3949 1112 3988; x_wconf 78' lang='lat' dir='ltr'><strong>AD</strong></span> <span class='ocrx_word' id='word_1_468' title='bbox 1150 3945 1322 3987; x_wconf 76' lang='lat' dir='ltr'><strong>OINES</strong></span> <span class='ocrx_word' id='word_1_469' title='bbox 1360 3920 1635 3985; x_wconf 70' lang='grc' dir='ltr'><strong>εριεεόιιοε</strong></span> <span class='ocrx_word' id='word_1_470' title='bbox 1672 3926 1923 3982; x_wconf 69' lang='grc' dir='ltr'><strong>Βεοτιειε</strong></span> 
     </span>
    </p>
   </div>
   <div class='ocr_carea' id='block_1_67' title="bbox 1080 4084 1396 4125">
    <p class='ocr_par' dir='ltr' id='par_1_67' title="bbox 1080 4084 1396 4125">
     <span class='ocr_line' id='line_1_67' title="bbox 1080 4084 1396 4125; baseline -0.009 0"><span class='ocrx_word' id='word_1_471' title='bbox 1080 4084 1396 4125; x_wconf 66' lang='grc' dir='ltr'><strong>ιιιιονικοιιε.</strong></span> 
     </span>
    </p>
   </div>
   <div class='ocr_carea' id='block_1_68' title="bbox 791 4182 1674 4262">
    <p class='ocr_par' dir='ltr' id='par_1_68' title="bbox 791 4182 1674 4262">
     <span class='ocr_line' id='line_1_68' title="bbox 791 4182 1674 4262; baseline -0.011 -15"><span class='ocrx_word' id='word_1_472' title='bbox 791 4192 866 4246; x_wconf 88' lang='lat' dir='ltr'><strong>De</strong></span> <span class='ocrx_word' id='word_1_473' title='bbox 904 4191 1007 4262; x_wconf 77' lang='lat' dir='ltr'><strong>ﬁde</strong></span> <span class='ocrx_word' id='word_1_474' title='bbox 1030 4187 1407 4245; x_wconf 83' lang='lat' dir='ltr'><strong>Incarnationis</strong></span> <span class='ocrx_word' id='word_1_475' title='bbox 1444 4182 1674 4238; x_wconf 80' lang='lat' dir='ltr'><strong>Domini.</strong></span> 
     </span>
    </p>
   </div>
   <div class='ocr_carea' id='block_1_69' title="bbox 436 4300 2035 4373">
    <p class='ocr_par' dir='ltr' id='par_1_69' title="bbox 436 4300 2035 4373">
     <span class='ocr_line' id='line_1_69' title="bbox 436 4300 2035 4373; baseline -0.013 -4"><span class='ocrx_word' id='word_1_476' title='bbox 436 4314 659 4369; x_wconf 86' lang='lat' dir='ltr'><strong>Christus</strong></span> <span class='ocrx_word' id='word_1_477' title='bbox 675 4318 730 4364; x_wconf 87' lang='lat' dir='ltr'><strong>ut</strong></span> <span class='ocrx_word' id='word_1_478' title='bbox 744 4309 876 4362; x_wconf 83' lang='lat' dir='ltr'><strong>salva</strong></span> <span class='ocrx_word' id='word_1_479' title='bbox 894 4309 1196 4373; x_wconf 75' lang='lat' dir='ltr'><strong>proprietate</strong></span> <span class='ocrx_word' id='word_1_480' title='bbox 1219 4306 1473 4373; x_wconf 82' lang='lat' dir='ltr'><strong>utriusque</strong></span> <span class='ocrx_word' id='word_1_481' title='bbox 1482 4311 1693 4373; x_wconf 64' lang='lat' dir='ltr'><strong>patares,</strong></span> <span class='ocrx_word' id='word_1_482' title='bbox 1711 4312 1862 4352; x_wconf 89' lang='lat' dir='ltr'><strong>verus</strong></span> <span class='ocrx_word' id='word_1_483' title='bbox 1879 4300 2035 4360; x_wconf 88' lang='lat' dir='ltr'><strong>Deus,</strong></span> 
     </span>
    </p>
   </div>
   <div class='ocr_carea' id='block_1_70' title="bbox 875 4367 1599 4437">
    <p class='ocr_par' dir='ltr' id='par_1_70' title="bbox 875 4367 1599 4437">
     <span class='ocr_line' id='line_1_70' title="bbox 875 4367 1599 4437; baseline -0.008 -15"><span class='ocrx_word' id='word_1_484' title='bbox 875 4367 930 4422; x_wconf 76' lang='lat' dir='ltr'><strong>et</strong></span> <span class='ocrx_word' id='word_1_485' title='bbox 948 4367 1096 4421; x_wconf 82' lang='lat' dir='ltr'><strong>homo</strong></span> <span class='ocrx_word' id='word_1_486' title='bbox 1117 4381 1269 4419; x_wconf 85' lang='lat' dir='ltr'><strong>verus</strong></span> <span class='ocrx_word' id='word_1_487' title='bbox 1292 4367 1537 4418; x_wconf 79' lang='lat' dir='ltr'><strong>extiterit.</strong></span> <span class='ocrx_word' id='word_1_488' title='bbox 1590 4420 1599 4437; x_wconf 50' lang='grc' dir='ltr'><strong> </strong></span> 
     </span>
    </p>
   </div>
   <div class='ocr_carea' id='block_1_71' title="bbox 438 4493 2035 4578">
    <p class='ocr_par' dir='ltr' id='par_1_71' title="bbox 438 4493 2035 4578">
     <span class='ocr_line' id='line_1_71' title="bbox 438 4493 2035 4578; baseline -0.014 -10"><span class='ocrx_word' id='word_1_489' title='bbox 438 4508 763 4568; x_wconf 82' lang='lat' dir='ltr'><strong>Charissimis</strong></span> <span class='ocrx_word' id='word_1_490' title='bbox 804 4503 1045 4578; x_wconf 74' lang='lat' dir='ltr'><strong>fratribus</strong></span> <span class='ocrx_word' id='word_1_491' title='bbox 1081 4500 1275 4557; x_wconf 82' lang='lat' dir='ltr'><strong>Joanni</strong></span> <span class='ocrx_word' id='word_1_492' title='bbox 1304 4509 1352 4555; x_wconf 84' lang='lat' dir='ltr'><strong>et</strong></span> <span class='ocrx_word' id='word_1_493' title='bbox 1379 4498 1609 4554; x_wconf 87' lang='lat' dir='ltr'><strong>omnibus</strong></span> <span class='ocrx_word' id='word_1_494' title='bbox 1655 4511 1745 4567; x_wconf 82' lang='lat' dir='ltr'><strong>per</strong></span> <span class='ocrx_word' id='word_1_495' title='bbox 1774 4493 2035 4548; x_wconf 82' lang='lat' dir='ltr'><strong>Beoticam</strong></span> 
     </span>
    </p>
   </div>
   <div class='ocr_carea' id='block_1_72' title="bbox 435 4586 2038 4676">
    <p class='ocr_par' dir='ltr' id='par_1_72' title="bbox 435 4586 2038 4676">
     <span class='ocr_line' id='line_1_72' title="bbox 435 4586 2038 4676; baseline -0.012 -17"><span class='ocrx_word' id='word_1_496' title='bbox 435 4644 445 4676; x_wconf 61' lang='grc' dir='ltr'><strong><em>ε</em></strong></span> <span class='ocrx_word' id='word_1_497' title='bbox 511 4602 823 4676; x_wconf 79' lang='lat' dir='ltr'><strong>provinciam</strong></span> <span class='ocrx_word' id='word_1_498' title='bbox 850 4597 1136 4653; x_wconf 71' lang='lat' dir='ltr'><strong>constitutis</strong></span> <span class='ocrx_word' id='word_1_499' title='bbox 1163 4594 1435 4664; x_wconf 76' lang='lat' dir='ltr'><strong>episcopis,</strong></span> <span class='ocrx_word' id='word_1_500' title='bbox 1469 4589 1823 4661; x_wconf 77' lang='lat' dir='ltr'><strong>Eutychianus</strong></span> <span class='ocrx_word' id='word_1_501' title='bbox 1842 4586 2038 4658; x_wconf 85' lang='lat' dir='ltr'><strong>episco-</strong></span> 
     </span>
    </p>
   </div>
   <div class='ocr_carea' id='block_1_73' title="bbox 512 4691 1180 4768">
    <p class='ocr_par' dir='ltr' id='par_1_73' title="bbox 512 4691 1180 4768">
     <span class='ocr_line' id='line_1_73' title="bbox 512 4691 1180 4768; baseline -0.012 -16"><span class='ocrx_word' id='word_1_502' title='bbox 512 4714 609 4768; x_wconf 86' lang='lat' dir='ltr'><strong>pus</strong></span> <span class='ocrx_word' id='word_1_503' title='bbox 633 4696 687 4750; x_wconf 85' lang='lat' dir='ltr'><strong>in</strong></span> <span class='ocrx_word' id='word_1_504' title='bbox 708 4692 929 4748; x_wconf 87' lang='lat' dir='ltr'><strong>Domino</strong></span> <span class='ocrx_word' id='word_1_505' title='bbox 945 4691 1180 4747; x_wconf 79' lang='lat' dir='ltr'><strong>salutem.</strong></span> 
     </span>
    </p>
   </div>
   <div class='ocr_carea' id='block_1_74' title="bbox 514 4812 2031 4895">
    <p class='ocr_par' dir='ltr' id='par_1_74' title="bbox 514 4812 2031 4895">
     <span class='ocr_line' id='line_1_74' title="bbox 514 4812 2031 4895; baseline -0.013 -10"><span class='ocrx_word' id='word_1_506' title='bbox 514 4829 766 4885; x_wconf 84' lang='lat' dir='ltr'><strong>Hortatur</strong></span> <span class='ocrx_word' id='word_1_507' title='bbox 795 4841 895 4883; x_wconf 90' lang='lat' dir='ltr'><strong>nos</strong></span> <span class='ocrx_word' id='word_1_508' title='bbox 924 4825 1149 4895; x_wconf 64' lang='lat' dir='ltr'><strong>aequitas</strong></span> <span class='ocrx_word' id='word_1_509' title='bbox 1191 4817 1585 4890; x_wconf 89' lang='lat' dir='ltr'><strong>postulationis,</strong></span> <span class='ocrx_word' id='word_1_510' title='bbox 1621 4814 1889 4872; x_wconf 89' lang='lat' dir='ltr'><strong>desiderio</strong></span> <span class='ocrx_word' id='word_1_511' title='bbox 1916 4812 2031 4867; x_wconf 83' lang='lat' dir='ltr'><strong>fra-</strong></span> 
     </span>
    </p>
   </div>
   <div class='ocr_carea' id='block_1_75' title="bbox 438 4904 2033 4987">
    <p class='ocr_par' dir='ltr' id='par_1_75' title="bbox 438 4904 2033 4987">
     <span class='ocr_line' id='line_1_75' title="bbox 438 4904 2033 4987; baseline -0.013 -9"><span class='ocrx_word' id='word_1_512' title='bbox 438 4920 710 4978; x_wconf 88' lang='lat' dir='ltr'><strong>ternitatis</strong></span> <span class='ocrx_word' id='word_1_513' title='bbox 741 4930 849 4975; x_wconf 78' lang='lat' dir='ltr'><strong>tute</strong></span> <span class='ocrx_word' id='word_1_514' title='bbox 880 4915 1107 4987; x_wconf 77' lang='lat' dir='ltr'><strong>(Symm.</strong></span> <span class='ocrx_word' id='word_1_515' title='bbox 1139 4929 1220 4983; x_wconf 89' lang='lat' dir='ltr'><strong>ep.</strong></span> <span class='ocrx_word' id='word_1_516' title='bbox 1248 4912 1283 4967; x_wconf 82' lang='grc'>5</span> <span class='ocrx_word' id='word_1_517' title='bbox 1303 4952 1319 4979; x_wconf 89' lang='grc'>,</span> <span class='ocrx_word' id='word_1_518' title='bbox 1350 4910 1418 4963; x_wconf 83' lang='lat' dir='ltr'><strong>ad</strong></span> <span class='ocrx_word' id='word_1_519' title='bbox 1450 4909 1511 4964; x_wconf 91' lang='lat' dir='ltr'><strong>S.</strong></span> <span class='ocrx_word' id='word_1_520' title='bbox 1543 4904 1879 4979; x_wconf 64' lang='lat' dir='ltr'><strong>(lassat-ium),</strong></span> <span class='ocrx_word' id='word_1_521' title='bbox 1911 4919 2033 4977; x_wconf 89' lang='lat' dir='ltr'><strong>gra-</strong></span> 
     </span>
    </p>
   </div>
   <div class='ocr_carea' id='block_1_76' title="bbox 438 5006 2031 5077">
    <p class='ocr_par' dir='ltr' id='par_1_76' title="bbox 438 5006 2031 5077">
     <span class='ocr_line' id='line_1_76' title="bbox 438 5006 2031 5077; baseline -0.011 -1"><span class='ocrx_word' id='word_1_522' title='bbox 438 5028 619 5075; x_wconf 87' lang='lat' dir='ltr'><strong>tanter</strong></span> <span class='ocrx_word' id='word_1_523' title='bbox 638 5028 878 5072; x_wconf 90' lang='lat' dir='ltr'><strong>annuere</strong></span> <span class='ocrx_word' id='word_1_524' title='bbox 890 5021 938 5077; x_wconf 72' lang='grc'><strong>⁸,</strong></span> <span class='ocrx_word' id='word_1_525' title='bbox 952 5021 1008 5067; x_wconf 88' lang='lat' dir='ltr'><strong>et</strong></span> <span class='ocrx_word' id='word_1_526' title='bbox 1026 5009 1286 5067; x_wconf 87' lang='lat' dir='ltr'><strong>consultis</strong></span> <span class='ocrx_word' id='word_1_527' title='bbox 1310 5008 1414 5063; x_wconf 88' lang='lat' dir='ltr'><strong>tuis</strong></span> <span class='ocrx_word' id='word_1_528' title='bbox 1431 5007 1666 5064; x_wconf 88' lang='lat' dir='ltr'><strong>breviter</strong></span> <span class='ocrx_word' id='word_1_529' title='bbox 1681 5006 2031 5076; x_wconf 89' lang='lat' dir='ltr'><strong>respondere.</strong></span> 
     </span>
    </p>
   </div>
   <div class='ocr_carea' id='block_1_77' title="bbox 511 5144 2035 5231">
    <p class='ocr_par' dir='ltr' id='par_1_77' title="bbox 511 5144 2035 5231">
     <span class='ocr_line' id='line_1_77' title="bbox 511 5144 2035 5231; baseline -0.009 -18"><span class='ocrx_word' id='word_1_530' title='bbox 511 5158 592 5231; x_wconf 81' lang='lat' dir='ltr'><strong>(l)</strong></span> <span class='ocrx_word' id='word_1_531' title='bbox 622 5228 647 5231; x_wconf 97' lang='lat'>_</span> <span class='ocrx_word' id='word_1_532' title='bbox 678 5153 833 5211; x_wconf 87' lang='lat' dir='ltr'><strong>Prior</strong></span> <span class='ocrx_word' id='word_1_533' title='bbox 902 5151 1019 5231; x_wconf 64' lang='lat' dir='ltr'><strong>hate</strong></span> <span class='ocrx_word' id='word_1_534' title='bbox 1085 5147 1312 5220; x_wconf 87' lang='lat' dir='ltr'><strong>epistola</strong></span> <span class='ocrx_word' id='word_1_535' title='bbox 1371 5145 1711 5231; x_wconf 70' lang='lat' dir='ltr'><strong>Eutycbiapi</strong></span> <span class='ocrx_word' id='word_1_536' title='bbox 1775 5144 2035 5231; x_wconf 70' lang='lat' dir='ltr'><strong>adversus</strong></span> 
     </span>
    </p>
   </div>
   <div class='ocr_carea' id='block_1_78' title="bbox 435 5216 2033 5290">
    <p class='ocr_par' dir='ltr' id='par_1_78' title="bbox 435 5216 2033 5290">
     <span class='ocr_line' id='line_1_78' title="bbox 435 5216 2033 5290; baseline -0.009 -3"><span class='ocrx_word' id='word_1_537' title='bbox 435 5216 587 5288; x_wconf 75' lang='lat' dir='ltr'><strong>Pauli</strong></span> <span class='ocrx_word' id='word_1_538' title='bbox 616 5227 952 5282; x_wconf 87' lang='lat' dir='ltr'><strong>Samosateni</strong></span> <span class='ocrx_word' id='word_1_539' title='bbox 978 5216 1186 5279; x_wconf 80' lang='lat' dir='ltr'><strong>venena</strong></span> <span class='ocrx_word' id='word_1_540' title='bbox 1238 5216 1810 5290; x_wconf 55' lang='lat' dir='ltr'><strong>paratum&#39;antidotum</strong></span> <span class='ocrx_word' id='word_1_541' title='bbox 1850 5216 2033 5273; x_wconf 90' lang='lat' dir='ltr'><strong>habet.</strong></span> 
     </span>
    </p>
   </div>
   <div class='ocr_carea' id='block_1_79' title="bbox 439 5290 2034 5363">
    <p class='ocr_par' dir='ltr' id='par_1_79' title="bbox 439 5290 2034 5363">
     <span class='ocr_line' id='line_1_79' title="bbox 439 5290 2034 5363; baseline -0.009 -6"><span class='ocrx_word' id='word_1_542' title='bbox 439 5304 609 5357; x_wconf 88' lang='lat' dir='ltr'><strong>Docet</strong></span> <span class='ocrx_word' id='word_1_543' title='bbox 626 5299 771 5354; x_wconf 89' lang='lat' dir='ltr'><strong>enim</strong></span> <span class='ocrx_word' id='word_1_544' title='bbox 803 5294 1074 5352; x_wconf 86' lang='lat' dir='ltr'><strong>Christum</strong></span> <span class='ocrx_word' id='word_1_545' title='bbox 1106 5294 1410 5361; x_wconf 90' lang='lat' dir='ltr'><strong>Dominum,</strong></span> <span class='ocrx_word' id='word_1_546' title='bbox 1440 5306 1598 5363; x_wconf 89' lang='lat' dir='ltr'><strong>quem</strong></span> <span class='ocrx_word' id='word_1_547' title='bbox 1624 5290 1818 5346; x_wconf 86' lang='lat' dir='ltr'><strong>Paulus</strong></span> <span class='ocrx_word' id='word_1_548' title='bbox 1828 5304 2034 5363; x_wconf 72' lang='lat' dir='ltr'><strong>purum</strong></span> 
     </span>
    </p>
   </div>
   <div class='ocr_carea' id='block_1_80' title="bbox 438 5304 2035 5434">
    <p class='ocr_par' dir='ltr' id='par_1_80' title="bbox 438 5304 2035 5434">
     <span class='ocr_line' id='line_1_80' title="bbox 439 5304 2034 5417; baseline -0.009 -60"><span class='ocrx_word' id='word_1_549' title='bbox 439 5304 609 5357; x_wconf 89' lang='lat' dir='ltr'><strong>Docet</strong></span> <span class='ocrx_word' id='word_1_550' title='bbox 626 5304 771 5354; x_wconf 89' lang='lat' dir='ltr'><strong>enim</strong></span> <span class='ocrx_word' id='word_1_551' title='bbox 803 5304 1074 5352; x_wconf 70' lang='lat' dir='ltr'><strong>Christum</strong></span> <span class='ocrx_word' id='word_1_552' title='bbox 1106 5304 1410 5361; x_wconf 79' lang='lat' dir='ltr'><strong>Donnnum,</strong></span> <span class='ocrx_word' id='word_1_553' title='bbox 1440 5306 1598 5363; x_wconf 89' lang='lat' dir='ltr'><strong>quem</strong></span> <span class='ocrx_word' id='word_1_554' title='bbox 1626 5304 2034 5417; x_wconf 61' lang='lat' dir='ltr'><strong>Paulusturum</strong></span> 
     </span>
     <span class='ocr_line' id='line_1_81' title="bbox 438 5361 2035 5434; baseline -0.009 -5"><span class='ocrx_word' id='word_1_555' title='bbox 438 5370 716 5429; x_wconf 82' lang='lat' dir='ltr'><strong>hominem</strong></span> <span class='ocrx_word' id='word_1_556' title='bbox 736 5383 859 5425; x_wconf 85' lang='lat' dir='ltr'><strong>esse</strong></span> <span class='ocrx_word' id='word_1_557' title='bbox 877 5365 1111 5434; x_wconf 86' lang='lat' dir='ltr'><strong>dicebat,</strong></span> <span class='ocrx_word' id='word_1_558' title='bbox 1137 5380 1322 5422; x_wconf 88' lang='lat' dir='ltr'><strong>verum</strong></span> <span class='ocrx_word' id='word_1_559' title='bbox 1343 5374 1400 5421; x_wconf 89' lang='lat' dir='ltr'><strong>et</strong></span> <span class='ocrx_word' id='word_1_560' title='bbox 1419 5374 1682 5419; x_wconf 63' lang='lat' dir='ltr'><strong>aeternum</strong></span> <span class='ocrx_word' id='word_1_561' title='bbox 1704 5363 1798 5418; x_wconf 84' lang='lat' dir='ltr'><strong>Det</strong></span> <span class='ocrx_word' id='word_1_562' title='bbox 1868 5361 2035 5427; x_wconf 89' lang='lat' dir='ltr'><strong>dium,</strong></span> 
     </span>
    </p>
   </div>
   <div class='ocr_carea' id='block_1_81' title="bbox 2134 3787 3735 3864">
    <p class='ocr_par' dir='ltr' id='par_1_81' title="bbox 2134 3787 3735 3864">
     <span class='ocr_line' id='line_1_82' title="bbox 2134 3787 3735 3864; baseline 0.003 -21"><span class='ocrx_word' id='word_1_563' title='bbox 2134 3787 2203 3843; x_wconf 83' lang='lat' dir='ltr'><strong>Et</strong></span> <span class='ocrx_word' id='word_1_564' title='bbox 2227 3789 2469 3860; x_wconf 90' lang='lat' dir='ltr'><strong>quamvis</strong></span> <span class='ocrx_word' id='word_1_565' title='bbox 2516 3788 2863 3845; x_wconf 89' lang='lat' dir='ltr'><strong>dilectionem</strong></span> <span class='ocrx_word' id='word_1_566' title='bbox 2908 3797 3053 3846; x_wconf 86' lang='lat' dir='ltr'><strong>tuam</strong></span> <span class='ocrx_word' id='word_1_567' title='bbox 3083 3791 3251 3847; x_wconf 87' lang='lat' dir='ltr'><strong>sciam</strong></span> <span class='ocrx_word' id='word_1_568' title='bbox 3290 3792 3358 3848; x_wconf 89' lang='lat' dir='ltr'><strong>ad</strong></span> <span class='ocrx_word' id='word_1_569' title='bbox 3387 3806 3549 3848; x_wconf 89' lang='lat' dir='ltr'><strong>omne</strong></span> <span class='ocrx_word' id='word_1_570' title='bbox 3594 3807 3735 3864; x_wconf 91' lang='lat' dir='ltr'><strong>opus</strong></span> 
     </span>
    </p>
   </div>
   <div class='ocr_carea' id='block_1_82' title="bbox 2133 3880 3736 3957">
    <p class='ocr_par' dir='ltr' id='par_1_82' title="bbox 2133 3880 3736 3957">
     <span class='ocr_line' id='line_1_83' title="bbox 2133 3880 3736 3957; baseline 0.004 -21"><span class='ocrx_word' id='word_1_571' title='bbox 2133 3880 2333 3936; x_wconf 88' lang='lat' dir='ltr'><strong>bonum</strong></span> <span class='ocrx_word' id='word_1_572' title='bbox 2359 3896 2480 3937; x_wconf 87' lang='lat' dir='ltr'><strong>esse</strong></span> <span class='ocrx_word' id='word_1_573' title='bbox 2503 3881 2751 3938; x_wconf 88' lang='lat' dir='ltr'><strong>devotam</strong></span> <span class='ocrx_word' id='word_1_574' title='bbox 2777 3882 2866 3956; x_wconf 90' lang='lat' dir='ltr'><strong>(S.</strong></span> <span class='ocrx_word' id='word_1_575' title='bbox 2899 3881 3026 3952; x_wconf 86' lang='lat' dir='ltr'><strong>Leo,</strong></span> <span class='ocrx_word' id='word_1_576' title='bbox 3055 3900 3137 3955; x_wconf 86' lang='lat' dir='ltr'><strong>ep.</strong></span> <span class='ocrx_word' id='word_1_577' title='bbox 3176 3884 3289 3957; x_wconf 77' lang='grc'><strong>46),</strong></span> <span class='ocrx_word' id='word_1_578' title='bbox 3322 3894 3379 3939; x_wconf 90' lang='lat' dir='ltr'><strong>ut</strong></span> <span class='ocrx_word' id='word_1_579' title='bbox 3409 3895 3590 3943; x_wconf 90' lang='lat' dir='ltr'><strong>tamen</strong></span> <span class='ocrx_word' id='word_1_580' title='bbox 3620 3887 3736 3942; x_wconf 86' lang='lat' dir='ltr'><strong>efﬁ-</strong></span> 
     </span>
    </p>
   </div>
   <div class='ocr_carea' id='block_1_83' title="bbox 2137 3974 3737 4049">
    <p class='ocr_par' dir='ltr' id='par_1_83' title="bbox 2137 3974 3737 4049">
     <span class='ocr_line' id='line_1_84' title="bbox 2137 3974 3737 4049; baseline 0.004 -19"><span class='ocrx_word' id='word_1_581' title='bbox 2137 3975 2318 4030; x_wconf 89' lang='lat' dir='ltr'><strong>cacior</strong></span> <span class='ocrx_word' id='word_1_582' title='bbox 2342 3974 2435 4029; x_wconf 89' lang='lat' dir='ltr'><strong>ﬁat</strong></span> <span class='ocrx_word' id='word_1_583' title='bbox 2463 3975 2529 4030; x_wconf 92' lang='lat' dir='ltr'><strong>ad</strong></span> <span class='ocrx_word' id='word_1_584' title='bbox 2552 3975 2693 4041; x_wconf 90' lang='lat' dir='ltr'><strong>illos,</strong></span> <span class='ocrx_word' id='word_1_585' title='bbox 2720 3977 2810 4047; x_wconf 91' lang='lat' dir='ltr'><strong>qui</strong></span> <span class='ocrx_word' id='word_1_586' title='bbox 2835 3990 2967 4033; x_wconf 86' lang='lat' dir='ltr'><strong>sane</strong></span> <span class='ocrx_word' id='word_1_587' title='bbox 2991 3992 3098 4032; x_wconf 92' lang='lat' dir='ltr'><strong>non</strong></span> <span class='ocrx_word' id='word_1_588' title='bbox 3121 3977 3354 4049; x_wconf 89' lang='lat' dir='ltr'><strong>sapiunt,</strong></span> <span class='ocrx_word' id='word_1_589' title='bbox 3386 3979 3616 4049; x_wconf 85' lang='lat' dir='ltr'><strong>qualiter</strong></span> <span class='ocrx_word' id='word_1_590' title='bbox 3640 3994 3737 4035; x_wconf 91' lang='lat' dir='ltr'><strong>eos</strong></span> 
     </span>
    </p>
   </div>
   <div class='ocr_carea' id='block_1_84' title="bbox 2143 4067 3735 4141">
    <p class='ocr_par' dir='ltr' id='par_1_84' title="bbox 2143 4067 3735 4141">
     <span class='ocr_line' id='line_1_85' title="bbox 2143 4067 3735 4141; baseline 0.003 -19"><span class='ocrx_word' id='word_1_591' title='bbox 2143 4067 2213 4122; x_wconf 90' lang='lat' dir='ltr'><strong>de</strong></span> <span class='ocrx_word' id='word_1_592' title='bbox 2240 4067 2615 4124; x_wconf 85' lang='lat' dir='ltr'><strong>incarnatione</strong></span> <span class='ocrx_word' id='word_1_593' title='bbox 2649 4067 2946 4125; x_wconf 86' lang='lat' dir='ltr'><strong>Salvatoris</strong></span> <span class='ocrx_word' id='word_1_594' title='bbox 2977 4071 3144 4125; x_wconf 82' lang='lat' dir='ltr'><strong>nostri</strong></span> <span class='ocrx_word' id='word_1_595' title='bbox 3194 4069 3487 4126; x_wconf 81' lang='lat' dir='ltr'><strong>informare</strong></span> <span class='ocrx_word' id='word_1_596' title='bbox 3516 4071 3735 4141; x_wconf 86' lang='lat' dir='ltr'><strong>debeas,</strong></span> 
     </span>
    </p>
   </div>
   <div class='ocr_carea' id='block_1_85' title="bbox 2139 4161 3736 4233">
    <p class='ocr_par' dir='ltr' id='par_1_85' title="bbox 2139 4161 3736 4233">
     <span class='ocr_line' id='line_1_86' title="bbox 2139 4161 3736 4233; baseline 0.002 -17"><span class='ocrx_word' id='word_1_597' title='bbox 2139 4162 2479 4218; x_wconf 88' lang='lat' dir='ltr'><strong>mandamus.</strong></span> <span class='ocrx_word' id='word_1_598' title='bbox 2504 4161 2676 4219; x_wconf 82' lang='lat' dir='ltr'><strong>Unum</strong></span> <span class='ocrx_word' id='word_1_599' title='bbox 2702 4163 2863 4232; x_wconf 80' lang='lat' dir='ltr'><strong>igitur</strong></span> <span class='ocrx_word' id='word_1_600' title='bbox 2883 4163 2985 4219; x_wconf 88' lang='lat' dir='ltr'><strong>hoc</strong></span> <span class='ocrx_word' id='word_1_601' title='bbox 3007 4163 3282 4220; x_wconf 88' lang='lat' dir='ltr'><strong>immobile</strong></span> <span class='ocrx_word' id='word_1_602' title='bbox 3304 4163 3736 4233; x_wconf 82' lang='lat' dir='ltr'><strong>fundamentum,</strong></span> 
     </span>
    </p>
   </div>
   <div class='ocr_carea' id='block_1_86' title="bbox 2056 4240 3736 4329">
    <p class='ocr_par' dir='ltr' id='par_1_86' title="bbox 2056 4240 3736 4329">
     <span class='ocr_line' id='line_1_87' title="bbox 2056 4240 3736 4329; baseline 0.001 -18"><span class='ocrx_word' id='word_1_603' title='bbox 2056 4240 2113 4301; x_wconf 84' lang='grc' dir='ltr'>Ῑ)</span> <span class='ocrx_word' id='word_1_604' title='bbox 2140 4271 2243 4311; x_wconf 89' lang='lat' dir='ltr'><strong>una</strong></span> <span class='ocrx_word' id='word_1_605' title='bbox 2276 4260 2393 4311; x_wconf 68' lang='lat' dir='ltr'><strong>haec</strong></span> <span class='ocrx_word' id='word_1_606' title='bbox 2418 4254 2546 4312; x_wconf 77' lang='lat' dir='ltr'><strong>felix</strong></span> <span class='ocrx_word' id='word_1_607' title='bbox 2574 4255 2695 4312; x_wconf 87' lang='lat' dir='ltr'><strong>ﬁdei</strong></span> <span class='ocrx_word' id='word_1_608' title='bbox 2718 4265 2895 4329; x_wconf 85' lang='lat' dir='ltr'><strong>petra,</strong></span> <span class='ocrx_word' id='word_1_609' title='bbox 2929 4256 3069 4312; x_wconf 87' lang='lat' dir='ltr'><strong>Petri</strong></span> <span class='ocrx_word' id='word_1_610' title='bbox 3100 4272 3196 4313; x_wconf 90' lang='lat' dir='ltr'><strong>ore</strong></span> <span class='ocrx_word' id='word_1_611' title='bbox 3217 4256 3465 4315; x_wconf 83' lang='lat' dir='ltr'><strong>confessa</strong></span> <span class='ocrx_word' id='word_1_612' title='bbox 3492 4277 3506 4314; x_wconf 90' lang='lat'><strong>:</strong></span> <span class='ocrx_word' id='word_1_613' title='bbox 3534 4257 3616 4313; x_wconf 87' lang='lat' dir='ltr'><strong>Tu</strong></span> <span class='ocrx_word' id='word_1_614' title='bbox 3661 4275 3736 4325; x_wconf 87' lang='lat' dir='ltr'><strong>es,</strong></span> 
     </span>
    </p>
   </div>
   <div class='ocr_carea' id='block_1_87' title="bbox 2138 4346 3739 4423">
    <p class='ocr_par' dir='ltr' id='par_1_87' title="bbox 2138 4346 3739 4423">
     <span class='ocr_line' id='line_1_88' title="bbox 2138 4346 3739 4423; baseline 0.002 -19"><span class='ocrx_word' id='word_1_615' title='bbox 2138 4349 2331 4421; x_wconf 89' lang='lat' dir='ltr'><strong>inquit,</strong></span> <span class='ocrx_word' id='word_1_616' title='bbox 2346 4346 2578 4405; x_wconf 86' lang='lat' dir='ltr'><strong>Christus</strong></span> <span class='ocrx_word' id='word_1_617' title='bbox 2601 4348 2770 4406; x_wconf 85' lang='lat' dir='ltr'><strong>Filius</strong></span> <span class='ocrx_word' id='word_1_618' title='bbox 2800 4348 2898 4405; x_wconf 87' lang='lat' dir='ltr'><strong>Dei</strong></span> <span class='ocrx_word' id='word_1_619' title='bbox 2928 4350 3031 4406; x_wconf 77' lang='lat' dir='ltr'><strong>vivi</strong></span> <span class='ocrx_word' id='word_1_620' title='bbox 3054 4350 3139 4421; x_wconf 89' lang='lat' dir='ltr'><strong>(S.</strong></span> <span class='ocrx_word' id='word_1_621' title='bbox 3173 4350 3390 4419; x_wconf 79' lang='lat' dir='ltr'><strong>Mauh.,</strong></span> <span class='ocrx_word' id='word_1_622' title='bbox 3425 4352 3559 4423; x_wconf 75' lang='lat' dir='ltr'><strong>xvn),</strong></span> <span class='ocrx_word' id='word_1_623' title='bbox 3592 4361 3739 4408; x_wconf 87' lang='lat' dir='ltr'><strong>tanta</strong></span> 
     </span>
    </p>
   </div>
   <div class='ocr_carea' id='block_1_88' title="bbox 2140 4444 3741 4516">
    <p class='ocr_par' dir='ltr' id='par_1_88' title="bbox 2140 4444 3741 4516">
     <span class='ocr_line' id='line_1_89' title="bbox 2140 4444 3741 4516; baseline 0.002 -19"><span class='ocrx_word' id='word_1_624' title='bbox 2140 4444 2193 4497; x_wconf 91' lang='lat' dir='ltr'><strong>in</strong></span> <span class='ocrx_word' id='word_1_625' title='bbox 2224 4458 2282 4498; x_wconf 93' lang='lat' dir='ltr'><strong>se</strong></span> <span class='ocrx_word' id='word_1_626' title='bbox 2303 4454 2617 4514; x_wconf 86' lang='lat' dir='ltr'><strong>argumenta</strong></span> <span class='ocrx_word' id='word_1_627' title='bbox 2647 4445 2920 4500; x_wconf 89' lang='lat' dir='ltr'><strong>sustinens</strong></span> <span class='ocrx_word' id='word_1_628' title='bbox 2944 4444 3210 4510; x_wconf 88' lang='lat' dir='ltr'><strong>veritatis,</strong></span> <span class='ocrx_word' id='word_1_629' title='bbox 3237 4456 3452 4516; x_wconf 71' lang='lat' dir='ltr'><strong>quanta:</strong></span> <span class='ocrx_word' id='word_1_630' title='bbox 3474 4445 3741 4515; x_wconf 83' lang='lat' dir='ltr'><strong>perversi-</strong></span> 
     </span>
    </p>
   </div>
   <div class='ocr_carea' id='block_1_89' title="bbox 2141 4537 3739 4611">
    <p class='ocr_par' dir='ltr' id='par_1_89' title="bbox 2141 4537 3739 4611">
     <span class='ocr_line' id='line_1_90' title="bbox 2141 4537 3739 4611; baseline 0.001 -20"><span class='ocrx_word' id='word_1_631' title='bbox 2141 4538 2265 4593; x_wconf 88' lang='lat' dir='ltr'><strong>tatis</strong></span> <span class='ocrx_word' id='word_1_632' title='bbox 2277 4537 2626 4607; x_wconf 86' lang='lat' dir='ltr'><strong>quaestiones,</strong></span> <span class='ocrx_word' id='word_1_633' title='bbox 2643 4547 2699 4592; x_wconf 88' lang='lat' dir='ltr'><strong>et</strong></span> <span class='ocrx_word' id='word_1_634' title='bbox 2720 4537 3053 4611; x_wconf 78' lang='lat' dir='ltr'><strong>infidelitatis</strong></span> <span class='ocrx_word' id='word_1_635' title='bbox 3081 4539 3364 4595; x_wconf 77' lang='lat' dir='ltr'><strong>calumniae</strong></span> <span class='ocrx_word' id='word_1_636' title='bbox 3377 4539 3739 4595; x_wconf 87' lang='lat' dir='ltr'><strong>movebuntur</strong></span> 
     </span>
    </p>
   </div>
   <div class='ocr_carea' id='block_1_90' title="bbox 2144 4628 3740 4702">
    <p class='ocr_par' dir='ltr' id='par_1_90' title="bbox 2144 4628 3740 4702">
     <span class='ocr_line' id='line_1_91' title="bbox 2144 4628 3740 4702; baseline 0 -17"><span class='ocrx_word' id='word_1_637' title='bbox 2144 4628 2232 4701; x_wconf 90' lang='lat' dir='ltr'><strong>(S.</strong></span> <span class='ocrx_word' id='word_1_638' title='bbox 2264 4629 2389 4697; x_wconf 82' lang='lat' dir='ltr'><strong>Leo,</strong></span> <span class='ocrx_word' id='word_1_639' title='bbox 2425 4647 2476 4699; x_wconf 74' lang='grc' dir='ltr'><strong>ῃ.</strong></span> <span class='ocrx_word' id='word_1_640' title='bbox 2509 4630 2601 4694; x_wconf 87' lang='lat'><strong>97,</strong></span> <span class='ocrx_word' id='word_1_641' title='bbox 2628 4646 2692 4685; x_wconf 78' lang='lat' dir='ltr'><strong>ea:</strong></span> <span class='ocrx_word' id='word_1_642' title='bbox 2720 4629 2781 4687; x_wconf 90' lang='lat' dir='ltr'><strong>S.</strong></span> <span class='ocrx_word' id='word_1_643' title='bbox 2819 4629 3014 4685; x_wconf 80' lang='lat' dir='ltr'><strong>Hilarii</strong></span> <span class='ocrx_word' id='word_1_644' title='bbox 3056 4632 3199 4687; x_wconf 82' lang='lat' dir='ltr'><strong>libris</strong></span> <span class='ocrx_word' id='word_1_645' title='bbox 3224 4630 3288 4687; x_wconf 85' lang='lat' dir='ltr'><strong>de</strong></span> <span class='ocrx_word' id='word_1_646' title='bbox 3316 4630 3587 4698; x_wconf 82' lang='lat' dir='ltr'><strong>Trinitate,</strong></span> <span class='ocrx_word' id='word_1_647' title='bbox 3612 4647 3740 4702; x_wconf 82' lang='lat' dir='ltr'><strong>quos</strong></span> 
     </span>
    </p>
   </div>
   <div class='ocr_carea' id='block_1_91' title="bbox 2138 4721 3737 4794">
    <p class='ocr_par' dir='ltr' id='par_1_91' title="bbox 2138 4721 3737 4794">
     <span class='ocr_line' id='line_1_92' title="bbox 2138 4721 3737 4794; baseline 0.001 -19"><span class='ocrx_word' id='word_1_648' title='bbox 2138 4723 2333 4793; x_wconf 81' lang='lat' dir='ltr'><strong>cilat.).</strong></span> <span class='ocrx_word' id='word_1_649' title='bbox 2361 4721 2479 4777; x_wconf 83' lang='lat' dir='ltr'><strong>Jam</strong></span> <span class='ocrx_word' id='word_1_650' title='bbox 2506 4723 2558 4777; x_wconf 93' lang='lat' dir='ltr'><strong>in</strong></span> <span class='ocrx_word' id='word_1_651' title='bbox 2587 4723 2797 4778; x_wconf 65' lang='lat' dir='ltr'><strong>caeteris</strong></span> <span class='ocrx_word' id='word_1_652' title='bbox 2821 4722 3155 4789; x_wconf 84' lang='lat' dir='ltr'><strong>dispensatio</strong></span> <span class='ocrx_word' id='word_1_653' title='bbox 3180 4724 3471 4778; x_wconf 89' lang='lat' dir='ltr'><strong>voluntatis</strong></span> <span class='ocrx_word' id='word_1_654' title='bbox 3495 4731 3737 4794; x_wconf 65' lang='lat' dir='ltr'><strong>paternae</strong></span> 
     </span>
    </p>
   </div>
   <div class='ocr_carea' id='block_1_92' title="bbox 2136 4814 3740 4885">
    <p class='ocr_par' dir='ltr' id='par_1_92' title="bbox 2136 4814 3740 4885">
     <span class='ocr_line' id='line_1_93' title="bbox 2136 4814 3740 4885; baseline 0.001 -16"><span class='ocrx_word' id='word_1_655' title='bbox 2136 4815 2225 4869; x_wconf 85' lang='lat' dir='ltr'><strong>sit.</strong></span> <span class='ocrx_word' id='word_1_656' title='bbox 2258 4814 2399 4884; x_wconf 87' lang='lat' dir='ltr'><strong>Ergo</strong></span> <span class='ocrx_word' id='word_1_657' title='bbox 2437 4823 2631 4885; x_wconf 86' lang='lat' dir='ltr'><strong>partus</strong></span> <span class='ocrx_word' id='word_1_658' title='bbox 2673 4822 2728 4869; x_wconf 90' lang='lat' dir='ltr'><strong>et</strong></span> <span class='ocrx_word' id='word_1_659' title='bbox 2773 4828 2992 4885; x_wconf 88' lang='lat' dir='ltr'><strong>corpus,</strong></span> <span class='ocrx_word' id='word_1_660' title='bbox 3042 4823 3269 4885; x_wconf 88' lang='lat' dir='ltr'><strong>postque</strong></span> <span class='ocrx_word' id='word_1_661' title='bbox 3297 4830 3449 4881; x_wconf 82' lang='lat' dir='ltr'><strong>crux,</strong></span> <span class='ocrx_word' id='word_1_662' title='bbox 3480 4830 3624 4869; x_wconf 90' lang='lat' dir='ltr'><strong>mors</strong></span> <span class='ocrx_word' id='word_1_663' title='bbox 3654 4815 3740 4870; x_wconf 86' lang='lat' dir='ltr'><strong>in-</strong></span> 
     </span>
    </p>
   </div>
   <div class='ocr_carea' id='block_1_93' title="bbox 2138 4906 3737 4980">
    <p class='ocr_par' dir='ltr' id='par_1_93' title="bbox 2138 4906 3737 4980">
     <span class='ocr_line' id='line_1_94' title="bbox 2138 4906 3737 4980; baseline 0.002 -19"><span class='ocrx_word' id='word_1_664' title='bbox 2138 4906 2298 4974; x_wconf 85' lang='lat' dir='ltr'><strong>ferni,</strong></span> <span class='ocrx_word' id='word_1_665' title='bbox 2339 4907 2488 4962; x_wconf 90' lang='lat' dir='ltr'><strong>salus</strong></span> <span class='ocrx_word' id='word_1_666' title='bbox 2530 4916 2715 4963; x_wconf 88' lang='lat' dir='ltr'><strong>nostra</strong></span> <span class='ocrx_word' id='word_1_667' title='bbox 2747 4917 2831 4963; x_wconf 91' lang='lat' dir='ltr'><strong>est</strong></span> <span class='ocrx_word' id='word_1_668' title='bbox 2855 4907 2883 4946; x_wconf 68' lang='grc' dir='ltr'>δ</span> <span class='ocrx_word' id='word_1_669' title='bbox 2915 4908 3132 4963; x_wconf 91' lang='lat' dir='ltr'><strong>humani</strong></span> <span class='ocrx_word' id='word_1_670' title='bbox 3160 4909 3302 4964; x_wconf 91' lang='lat' dir='ltr'><strong>enim</strong></span> <span class='ocrx_word' id='word_1_671' title='bbox 3332 4909 3547 4980; x_wconf 87' lang='lat' dir='ltr'><strong>generis</strong></span> <span class='ocrx_word' id='word_1_672' title='bbox 3574 4924 3737 4965; x_wconf 89' lang='lat' dir='ltr'><strong>causa</strong></span> 
     </span>
    </p>
   </div>
   <div class='ocr_carea' id='block_1_94' title="bbox 2138 5002 3740 5076">
    <p class='ocr_par' dir='ltr' id='par_1_94' title="bbox 2138 5002 3740 5076">
     <span class='ocr_line' id='line_1_95' title="bbox 2138 5002 3740 5076; baseline 0 -17"><span class='ocrx_word' id='word_1_673' title='bbox 2138 5003 2236 5061; x_wconf 91' lang='lat' dir='ltr'><strong>Dei</strong></span> <span class='ocrx_word' id='word_1_674' title='bbox 2258 5002 2429 5060; x_wconf 86' lang='lat' dir='ltr'><strong>Filius</strong></span> <span class='ocrx_word' id='word_1_675' title='bbox 2450 5015 2605 5059; x_wconf 87' lang='lat' dir='ltr'><strong>natus</strong></span> <span class='ocrx_word' id='word_1_676' title='bbox 2627 5019 2694 5059; x_wconf 86' lang='lat' dir='ltr'><strong>ex</strong></span> <span class='ocrx_word' id='word_1_677' title='bbox 2719 5002 2939 5075; x_wconf 73' lang='lat' dir='ltr'><strong>Virgine</strong></span> <span class='ocrx_word' id='word_1_678' title='bbox 2963 5014 3044 5059; x_wconf 91' lang='lat' dir='ltr'><strong>est</strong></span> <span class='ocrx_word' id='word_1_679' title='bbox 3069 5013 3125 5061; x_wconf 92' lang='lat' dir='ltr'><strong>et</strong></span> <span class='ocrx_word' id='word_1_680' title='bbox 3152 5003 3353 5074; x_wconf 86' lang='lat' dir='ltr'><strong>Spiritu</strong></span> <span class='ocrx_word' id='word_1_681' title='bbox 3383 5015 3594 5072; x_wconf 89' lang='lat' dir='ltr'><strong>sancto,</strong></span> <span class='ocrx_word' id='word_1_682' title='bbox 3624 5006 3740 5076; x_wconf 91' lang='lat' dir='ltr'><strong>ipso</strong></span> 
     </span>
    </p>
   </div>
   <div class='ocr_carea' id='block_1_95' title="bbox 2141 5142 3741 5213">
    <p class='ocr_par' dir='ltr' id='par_1_95' title="bbox 2141 5142 3741 5213">
     <span class='ocr_line' id='line_1_96' title="bbox 2141 5142 3741 5213; baseline 0.003 -15"><span class='ocrx_word' id='word_1_683' title='bbox 2141 5142 2196 5198; x_wconf 87' lang='lat' dir='ltr'><strong>in</strong></span> <span class='ocrx_word' id='word_1_684' title='bbox 2247 5152 2491 5210; x_wconf 89' lang='lat' dir='ltr'><strong>tempore</strong></span> <span class='ocrx_word' id='word_1_685' title='bbox 2534 5143 2728 5207; x_wconf 80' lang='lat' dir='ltr'><strong>virtute</strong></span> <span class='ocrx_word' id='word_1_686' title='bbox 2776 5144 3008 5213; x_wconf 88' lang='lat' dir='ltr'><strong>Spiritus</strong></span> <span class='ocrx_word' id='word_1_687' title='bbox 3059 5144 3243 5201; x_wconf 87' lang='lat' dir='ltr'><strong>Sancti</strong></span> <span class='ocrx_word' id='word_1_688' title='bbox 3296 5145 3348 5200; x_wconf 91' lang='lat' dir='ltr'><strong>in</strong></span> <span class='ocrx_word' id='word_1_689' title='bbox 3393 5157 3547 5201; x_wconf 90' lang='lat' dir='ltr'><strong>utero</strong></span> <span class='ocrx_word' id='word_1_690' title='bbox 3575 5147 3741 5202; x_wconf 66' lang='lat' dir='ltr'><strong>beata:</strong></span> 
     </span>
    </p>
   </div>
   <div class='ocr_carea' id='block_1_96' title="bbox 2138 5214 3742 5290">
    <p class='ocr_par' dir='ltr' id='par_1_96' title="bbox 2138 5214 3742 5290">
     <span class='ocr_line' id='line_1_97' title="bbox 2138 5214 3742 5290; baseline 0.001 -18"><span class='ocrx_word' id='word_1_691' title='bbox 2138 5214 2320 5272; x_wconf 83' lang='lat' dir='ltr'><strong>Mariae</strong></span> <span class='ocrx_word' id='word_1_692' title='bbox 2365 5214 2981 5290; x_wconf 19' lang='lat' dir='ltr'><strong>Virginisnincarnatum</strong></span> <span class='ocrx_word' id='word_1_693' title='bbox 3012 5231 3162 5279; x_wconf 69' lang='lat' dir='ltr'><strong>esse,</strong></span> <span class='ocrx_word' id='word_1_694' title='bbox 3185 5227 3239 5290; x_wconf 80' lang='lat' dir='ltr'><strong>et</strong></span> <span class='ocrx_word' id='word_1_695' title='bbox 3267 5234 3364 5288; x_wconf 91' lang='lat' dir='ltr'><strong>per</strong></span> <span class='ocrx_word' id='word_1_696' title='bbox 3395 5217 3498 5273; x_wconf 91' lang='lat' dir='ltr'><strong>boc</strong></span> <span class='ocrx_word' id='word_1_697' title='bbox 3538 5233 3742 5290; x_wconf 68' lang='lat' dir='ltr'><strong>nequa-</strong></span> 
     </span>
    </p>
   </div>
   <div class='ocr_carea' id='block_1_97' title="bbox 2139 5286 3745 5358">
    <p class='ocr_par' dir='ltr' id='par_1_97' title="bbox 2139 5286 3745 5358">
     <span class='ocr_line' id='line_1_98' title="bbox 2139 5286 3745 5358; baseline 0.004 -18"><span class='ocrx_word' id='word_1_698' title='bbox 2139 5302 2299 5358; x_wconf 90' lang='lat' dir='ltr'><strong>quam</strong></span> <span class='ocrx_word' id='word_1_699' title='bbox 2323 5297 2569 5343; x_wconf 87' lang='lat' dir='ltr'><strong>naturam</strong></span> <span class='ocrx_word' id='word_1_700' title='bbox 2594 5286 2830 5344; x_wconf 87' lang='lat' dir='ltr'><strong>divinam</strong></span> <span class='ocrx_word' id='word_1_701' title='bbox 2853 5287 3189 5344; x_wconf 88' lang='lat' dir='ltr'><strong>immutatam</strong></span> <span class='ocrx_word' id='word_1_702' title='bbox 3219 5286 3404 5346; x_wconf 85' lang='lat' dir='ltr'><strong>fuisse.</strong></span> <span class='ocrx_word' id='word_1_703' title='bbox 3440 5286 3639 5346; x_wconf 59' lang='lat' dir='ltr'><strong>Seven:</strong></span> <span class='ocrx_word' id='word_1_704' title='bbox 3662 5289 3745 5346; x_wconf 86' lang='lat' dir='ltr'><strong>Bt-</strong></span> 
     </span>
    </p>
   </div>
   <div class='ocr_carea' id='block_1_98' title="bbox 2140 5373 2280 5415">
    <p class='ocr_par' dir='ltr' id='par_1_98' title="bbox 2140 5373 2280 5415">
     <span class='ocr_line' id='line_1_99' title="bbox 2140 5373 2280 5415; baseline -0.007 -1"><span class='ocrx_word' id='word_1_705' title='bbox 2140 5373 2280 5415; x_wconf 71' lang='lat' dir='ltr'><strong>NIUS.</strong></span> 
     </span>
    </p>
   </div>
   <div class='ocr_carea' id='block_1_99' title="bbox 1667 5494 2499 5556">
    <p class='ocr_par' dir='ltr' id='par_1_99' title="bbox 1667 5494 2499 5556">
     <span class='ocr_line' id='line_1_100' title="bbox 1667 5494 2499 5556; baseline -0.004 -2"><span class='ocrx_word' id='word_1_706' title='bbox 1667 5495 2050 5556; x_wconf 83' lang='lat' dir='ltr'><strong>LECTIONES</strong></span> <span class='ocrx_word' id='word_1_707' title='bbox 2088 5494 2499 5554; x_wconf 77' lang='lat' dir='ltr'><strong>VARIANTES.</strong></span> 
     </span>
    </p>
   </div>
   <div class='ocr_carea' id='block_1_100' title="bbox 423 5628 2030 5701">
    <p class='ocr_par' dir='ltr' id='par_1_100' title="bbox 423 5628 2030 5701">
     <span class='ocr_line' id='line_1_101' title="bbox 423 5628 2030 5701; baseline 0 -14"><span class='ocrx_word' id='word_1_708' title='bbox 423 5639 440 5697; x_wconf 63' lang='grc' dir='ltr'><em>ι</em></span> <span class='ocrx_word' id='word_1_709' title='bbox 492 5631 787 5701; x_wconf 36' lang='grc' dir='ltr'><strong>ξλῐηηιιθνθ</strong></span> <span class='ocrx_word' id='word_1_710' title='bbox 811 5628 956 5682; x_wconf 76' lang='lat' dir='ltr'><strong>Labb.</strong></span> <span class='ocrx_word' id='word_1_711' title='bbox 998 5688 1033 5701; x_wconf 49' lang='grc' dir='ltr'><strong><em>η</em></strong></span> <span class='ocrx_word' id='word_1_712' title='bbox 1194 5700 1197 5701; x_wconf 19' lang='grc' dir='ltr'><em>ν</em></span> <span class='ocrx_word' id='word_1_713' title='bbox 1340 5692 1351 5701; x_wconf 86' lang='lat'>_</span> <span class='ocrx_word' id='word_1_714' title='bbox 1434 5698 1467 5701; x_wconf 35' lang='grc' dir='ltr'>μ</span> <span class='ocrx_word' id='word_1_715' title='bbox 1700 5695 1830 5701; x_wconf 36' lang='grc' dir='ltr'><strong>ᾠη-</strong></span> <span class='ocrx_word' id='word_1_716' title='bbox 1884 5679 2030 5701; x_wconf 41' lang='grc' dir='ltr'><strong>μη,</strong></span> 
     </span>
    </p>
   </div>
   <div class='ocr_carea' id='block_1_101' title="bbox 486 5679 2053 5760">
    <p class='ocr_par' dir='ltr' id='par_1_101' title="bbox 486 5679 2053 5760">
     <span class='ocr_line' id='line_1_102' title="bbox 486 5679 2053 5760; baseline -0.013 -8"><span class='ocrx_word' id='word_1_717' title='bbox 486 5689 516 5728; x_wconf 72' lang='grc'><strong>⁸³</strong></span> <span class='ocrx_word' id='word_1_718' title='bbox 544 5679 743 5760; x_wconf 50' lang='lat' dir='ltr'><strong>Vir-go,</strong></span> <span class='ocrx_word' id='word_1_719' title='bbox 764 5679 939 5755; x_wconf 68' lang='lat' dir='ltr'><strong>partes</strong></span> <span class='ocrx_word' id='word_1_720' title='bbox 961 5688 1228 5756; x_wconf 52' lang='lat' dir='ltr'><strong>etjcorpus,</strong></span> <span class='ocrx_word' id='word_1_721' title='bbox 1249 5692 1506 5754; x_wconf 83' lang='lat' dir='ltr'><strong>postquam</strong></span> <span class='ocrx_word' id='word_1_722' title='bbox 1525 5696 1666 5747; x_wconf 76' lang='lat' dir='ltr'><strong>crux,</strong></span> <span class='ocrx_word' id='word_1_723' title='bbox 1700 5695 1850 5742; x_wconf 87' lang='lat' dir='ltr'><strong>mors,</strong></span> <span class='ocrx_word' id='word_1_724' title='bbox 1884 5679 2053 5742; x_wconf 87' lang='lat' dir='ltr'><strong>inferi,</strong></span> 
     </span>
    </p>
   </div>
   <div class='ocr_carea' id='block_1_102' title="bbox 2147 5613 3221 5685">
    <p class='ocr_par' dir='ltr' id='par_1_102' title="bbox 2147 5613 3221 5685">
     <span class='ocr_line' id='line_1_103' title="bbox 2147 5613 3221 5685; baseline 0.002 -17"><span class='ocrx_word' id='word_1_725' title='bbox 2147 5613 2283 5668; x_wconf 81' lang='lat' dir='ltr'><strong>salus</strong></span> <span class='ocrx_word' id='word_1_726' title='bbox 2303 5624 2469 5667; x_wconf 87' lang='lat' dir='ltr'><strong>nostra</strong></span> <span class='ocrx_word' id='word_1_727' title='bbox 2494 5623 2588 5667; x_wconf 89' lang='lat' dir='ltr'><strong>est.</strong></span> <span class='ocrx_word' id='word_1_728' title='bbox 2614 5615 2698 5668; x_wconf 86' lang='lat' dir='ltr'><strong>Sic</strong></span> <span class='ocrx_word' id='word_1_729' title='bbox 2720 5619 2915 5670; x_wconf 89' lang='lat' dir='ltr'><strong>omnino</strong></span> <span class='ocrx_word' id='word_1_730' title='bbox 2936 5620 3221 5685; x_wconf 86' lang='lat' dir='ltr'><strong>legendum.</strong></span> 
     </span>
    </p>
   </div>
  </div>
