3990 6060
264 104 372 160 109

258 328 367 381 εει,
402 319 739 380 innmbraute
763 327 986 395 virtute,
1014 334 1252 403 cnrporis
1281 339 1378 393 sibi
1412 343 1558 399 initia
1587 351 1846 414 consevit,

256 421 310 464 et
333 413 559 469 exordia
576 418 754 475 carnis
776 422 1008 478 instituit
1025 435 1070 492 ει,
1093 438 1148 481 ut
1167 429 1326 487 homo
1345 433 1513 492 factus
1531 453 1595 494 ex
1621 442 1845 513 virgine,

253 516 504 562 naturam
532 510 581 564 in
615 525 676 567 se
704 516 881 571 carnis
907 519 1195 589 acciperet,
1228 539 1324 594 per
1347 543 1508 598 quam
1557 531 1712 603 hujus
1755 537 1849 591 ad-

251 600 530 656 mixtionis
570 607 902 675 societatem,
955 616 1344 675 sanctiﬁcatum
1395 623 1445 678 in
1494 640 1560 680 eo
1613 628 1845 686 universi

253 692 474 750 humani
499 701 714 767 generis
741 717 936 773 corpus
983 709 1259 767 existeret.
1296 715 1360 769 Et
1386 721 1840 788 quemadmodum

249 801 437 844 omnes
460 791 507 844 in
537 793 656 860 ipso
687 810 780 865 per
804 797 874 859 id,
906 803 1047 870 quod
1075 819 1391 876 corporeum
1421 826 1481 868 se
1502 829 1626 870 esse
1654 818 1838 888 voluit,

247 882 636 950 conderentur,
670 887 740 942 ita
772 905 980 948 rursum
1013 895 1065 950 in
1093 912 1283 956 omnes
1311 905 1423 974 ipse
1457 923 1551 974 per
1594 911 1669 978 id,
1699 914 1842 983 quod

247 973 368 1044 ejus
392 986 475 1031 est
501 978 783 1048 invisibile,
817 984 1134 1046 referretur.
1170 994 1262 1050 Dei
1312 998 1474 1068 igitur
1501 1002 1676 1075 imago
1709 1007 1843 1062 invi-

249 1069 448 1133 sibilis,
495 1073 746 1142 pudorem
793 1077 1011 1138 humani
1057 1089 1261 1143 exordii
1314 1107 1418 1147 non
1471 1100 1757 1168 recusavit,
1789 1111 1844 1157 et

249 1175 350 1230 per
395 1166 835 1239 conceptionem,
897 1185 1146 1246 partum,
1201 1183 1476 1253 vagitum,
1531 1198 1585 1244 et
1635 1205 1838 1260 cunas,

246 1269 543 1326 omnesque
593 1273 791 1315 nostrae
846 1275 1050 1322 natum
1099 1276 1453 1330 contumelias
1498 1285 1838 1340 transcurrit.

246 1345 391 1412 Quid
424 1349 624 1404 tandem
655 1351 870 1423 dignum
922 1373 952 1412 a
998 1360 1153 1416 nobis
1198 1372 1360 1420 tanta:
1399 1367 1724 1440 dignationis
1763 1377 1842 1429 af-

241 1435 387 1492 fectu
414 1436 442 1476 ¹³
462 1443 816 1510 rependetur?
843 1446 1220 1508 [inenarrabilis
1247 1471 1376 1528 ergo
1401 1475 1430 1513 a
1463 1461 1570 1517 Deo
1591 1465 1838 1536 originis,

245 1543 383 1584 unus
428 1533 729 1601 unigenitns
778 1535 940 1605 Deus,
988 1541 1038 1594 in
1067 1548 1311 1615 corporis
1358 1549 1579 1607 humani
1612 1556 1838 1614 formam

241 1631 446 1677 sancta:
473 1623 704 1695 Virginis
734 1639 888 1686 utero
919 1632 1154 1692 insertus
1199 1645 1460 1698 accrescit
1489 1663 1503 1699 :
1537 1648 1627 1716 qui
1658 1653 1836 1707 omnia
1866 1665 1913 1724 Β

240 1715 507 1781 continet,
541 1717 673 1775 intra
707 1737 888 1792 quem,
919 1733 974 1780 et
1002 1743 1096 1797 per
1126 1747 1284 1801 quem
1315 1747 1507 1793 cuncta
1539 1715 1683 1808 sunt,
1738 1743 1839 1800 bn-

237 1810 384 1862 mani
420 1819 602 1880 partus
630 1814 746 1884 lege
779 1818 1066 1884 profertur.
1099 1824 1178 1877 Ad
1209 1827 1364 1896 cujus
1388 1845 1576 1886 vocem
1607 1835 1836 1892 archan-

238 1905 366 1973 geli,
391 1915 549 1975 atque
570 1909 740 1977 angeli
772 1920 1023 1981 tremunt,
1057 1917 1252 1972 coelum
1279 1930 1334 1976 et
1379 1931 1541 1991 terra,
1575 1937 1629 1981 et
1655 1931 1834 1986 omnia

236 1998 398 2070 hujus
425 2003 605 2057 mundi
640 2007 974 2064 resolvuntur
1000 2012 1287 2078 elementa,
1319 2019 1520 2088 vagitus
1547 2034 1568 2060 ε
1596 2023 1834 2080 infantia:

237 2095 470 2151 auditur.
503 2097 602 2165 Qui
631 2099 911 2158 invisibilis
941 2114 996 2158 et
1017 2106 1575 2178 incomprehensibilis
1595 2128 1699 2187 est,
1725 2137 1830 2177 non

237 2189 380 2253 visu,
411 2205 587 2254 sensu,
619 2203 866 2264 tactuque
899 2199 1279 2265 moderandus,
1311 2207 1466 2262 cunis
1492 2219 1574 2264 est
1605 2211 1830 2270 obvolu-

240 2289 352 2335 tus.
378 2282 504 2338 ﬂzec
532 2285 573 2339 si
601 2293 720 2355 quis
747 2288 959 2360 indigna
991 2291 1098 2347 Deo
1123 2297 1329 2360 recolit,
1362 2309 1507 2354 tanto
1526 2317 1585 2357 se
1615 2305 1832 2375 majoris

235 2374 483 2429 benelicii
532 2377 819 2434 obnoxium
875 2385 1180 2453 conlitelur,
1234 2402 1437 2459 quanto
1483 2395 1664 2452 minus
1716 2398 1831 2456 hate

238 2464 341 2521 Dei
365 2482 723 2525 convenerunt
749 2474 1035 2542 majestati.
1061 2478 1177 2534 Non
1199 2481 1290 2537 ille
1319 2485 1465 2554 eguit
1493 2485 1656 2543 homo
1681 2492 1821 2547 el’lici

235 2576 342 2627 per
393 2579 546 2631 quem
593 2566 748 2622 homo
795 2567 967 2626 factus
1013 2584 1097 2628 est
1125 2591 1138 2627 :
1171 2577 1264 2630 sed
1313 2593 1410 2633 nos
1457 2583 1724 2653 eguimus,
1773 2585 1832 2641 ut

235 2651 389 2708 Dens
415 2671 537 2710 caro
565 2658 730 2725 ﬁeret,
761 2676 814 2716 et
842 2661 1105 2720 habitaret
1127 2668 1178 2720 in
1208 2669 1384 2737 nobis,
1415 2671 1467 2726 id
1493 2651 1596 2741 εει,
1625 2691 1831 2734 assum-

233 2750 425 2817 ptione
440 2753 631 2819 carnis,
657 2770 790 2810 unus
816 2757 1023 2812 interna
1050 2761 1320 2816 universa:
1343 2768 1518 2820 carnis
1548 2768 1828 2827 incoleret.

233 2841 524 2900 Humilitas
553 2847 666 2918 ejus
697 2860 878 2906 nostra
925 2855 1178 2909 nobilitas
1208 2868 1290 2912 est
1319 2874 1334 2910 :
1362 2863 1684 2918 contumelia
1712 2866 1828 2935 ejus

235 2935 414 2992 honor
439 2952 622 2996 noster
645 2953 747 2998 est.
776 2946 928 3011 Quod
955 2946 1046 3002 ille
1072 2948 1212 3003 Deus
1240 2950 1294 3004 in
1318 2966 1482 3009 carne
1500 2958 1824 3026 consistens,

231 3028 339 3085 hoc
371 3046 468 3086 nos
497 3035 726 3088 vicissim
751 3037 801 3090 iu
839 3038 1002 3093 Deum
1028 3055 1091 3095 ex
1123 3057 1285 3098 carne
1314 3048 1573 3102 renovati.
1619 3049 1780 3106 Plane
1801 3049 1827 3088 ἀ
1855 3058 1899 3120 C
1931 3063 1986 3107 et
2015 3055 2202 3124 Deum,
2257 3070 2396 3119 totus

231 3124 396 3179 vitam
445 3142 593 3182 suam
639 3131 825 3196 nescit,
876 3135 964 3203 qui
1018 3133 1290 3191 Christum
1322 3138 1507 3195 Jesum
1540 3152 1598 3197 ut
1641 3161 1825 3202 verum

231 3216 424 3285 Deum,
469 3221 536 3274 ita
582 3231 636 3276 et
677 3239 859 3279 verum
918 3235 941 3261 ο
985 3227 1195 3297 ignorat
1240 3229 1531 3289 hominem.
1591 3237 1656 3291 Et
1709 3238 1828 3308 ejus

229 3311 353 3367 dem
404 3315 622 3382 periculi
678 3332 765 3373 res
813 3327 913 3383 est.
970 3321 1150 3377 Jesum
1205 3323 1496 3395 Christum,
1526 3331 1610 3387 vel
1654 3331 1826 3402 Spiri-

231 3413 346 3459 tum
377 3417 639 3473 sanctum,
675 3410 836 3465 Deum
868 3428 972 3467 non
1005 3415 1248 3480 credere,
1279 3420 1362 3474 vel
1390 3436 1608 3477 carnem
1656 3428 1826 3482 nostri

228 3499 473 3566 corporis
501 3499 552 3553 in
578 3499 789 3556 Christo
812 3502 1106 3575 denegaret
1149 3506 1321 3580 (Idem
1369 3512 1430 3566 S.
1461 3511 1584 3585 Leo,
1612 3515 1819 3585 ibidem,

228 3605 298 3642 ea:
319 3591 487 3645 eodem
514 3592 574 3647 S.
608 3592 853 3666 Hilario).
882 3596 1062 3652 Omnis
1104 3616 1243 3672 ergo,
1275 3604 1368 3669 ait,
1396 3608 1483 3675 qui
1503 3610 1825 3676 conﬁtebitur

227 3701 313 3737 me
339 3701 509 3738 coram
541 3686 843 3756 hominibus,
873 3691 1153 3759 conﬁtebor
1180 3704 1226 3748 et
1254 3711 1344 3766 ego
1374 3713 1486 3751 eum
1515 3718 1685 3756 coram
1715 3702 1822 3756 Pa-

225 3787 304 3831 tre
344 3795 476 3844 meo,
523 3779 610 3845 qui
637 3781 688 3833 in
718 3782 855 3835 caelis
882 3793 954 3836 est
989 3802 1001 3836 :
1032 3786 1118 3854 qui
1147 3795 1312 3840 autem
1344 3793 1598 3861 negaverit
1628 3811 1706 3849 me
1732 3812 1820 3850 co-

225 3887 340 3924 ram
371 3871 675 3938 hominibus,
710 3874 901 3943 negabo
932 3884 977 3928 et
1008 3893 1119 3929 eum
1161 3893 1332 3932 coram
1367 3879 1524 3936 Patre
1554 3901 1682 3950 meo,
1732 3890 1820 3953 qui

226 3967 379 4018 estin
407 3965 541 4018 caelis
569 3964 781 4036 (Matth.
807 3971 881 4035 Χ).
915 3967 1038 4022 litec
1073 3969 1286 4025 Verbum
1325 3990 1444 4027 caro
1489 3981 1679 4046 factum
1726 3981 1813 4052 (S.

223 4057 386 4112 Juan.
411 4061 454 4126 ι)
477 4058 808 4129 loquebatur,
828 4069 882 4116 et
904 4060 1065 4115 homo
1091 4062 1247 4118 Jesus
1276 4064 1540 4132 Christus,
1565 4071 1815 4129 Dominus

224 4151 526 4220 majestatis
569 4151 812 4218 docebat,
871 4154 1134 4209 mediator
1165 4157 1278 4227 ipse
1307 4158 1357 4212 in
1404 4176 1462 4214 se
1492 4160 1558 4216 ad
1587 4163 1810 4219 salutem

225 4244 484 4300 Ecclesia:
509 4247 829 4301 constitutus
853 4257 907 4302 et
931 4247 1048 4318 ipso
1074 4249 1164 4303 illo
1193 4251 1331 4307 inter
1363 4252 1528 4308 Deum
1557 4267 1610 4310 et
1638 4260 1808 4312 homi—

224 4355 319 4394 nes
350 4339 660 4394 mediatoris
689 4353 1043 4410 sacramento,
1078 4343 1344 4416 utrimque
1375 4364 1509 4403 unus
1546 4349 1805 4422 existens,

224 4430 350 4483 dum
378 4430 492 4498 ipse
517 4448 583 4486 ex
615 4431 774 4486 uniis
802 4432 853 4486 iu
885 4433 1112 4505 idipsum
1144 4437 1366 4501 naturis,
1392 4449 1593 4496 natura:
1615 4445 1809 4500 utrius-

224 4538 333 4595 que
359 4539 442 4578 res
465 4524 651 4580 eadem
681 4534 798 4588 est;
846 4526 918 4580 ita
946 4536 1144 4594 t:uuen,
1179 4536 1235 4582 ut
1275 4541 1465 4586 neutro
1507 4547 1715 4591 careret
1753 4537 1806 4592 in

225 4626 472 4687 utroque,
506 4634 573 4674 ne
620 4617 756 4672 forte
792 4617 928 4673 Deus
970 4633 1109 4684 esse,
1142 4621 1302 4676 homo
1340 4624 1628 4688 nascendo,
1661 4626 1806 4681 desi-

227 4722 382 4766 neret
410 4731 423 4766 :
456 4720 511 4765 et
558 4712 720 4766 homo
749 4729 980 4780 rursum,
1015 4715 1152 4770 Deus
1181 4717 1465 4781 manendo,
1507 4733 1611 4773 non
1642 4731 1806 4776 esset.

230 4803 364 4859 l-lzec
383 4805 558 4875 itaque
580 4807 823 4860 humanae
844 4807 1180 4863 beatitudinis
1207 4809 1338 4866 ﬁdes
1365 4827 1486 4866 vera
1512 4821 1612 4878 est,
1642 4813 1803 4870 Deum

231 4907 290 4953 et
323 4897 579 4954 hominem
612 4899 918 4969 prmdicare,
939 4900 1172 4955 Vi-rhum
1203 4911 1252 4957 et
1281 4918 1493 4958 carnem
1525 4907 1766 4961 conﬁteri
1792 4925 1806 4960 :

230 5006 417 5062 neque
447 4992 601 5047 Deum
634 4993 856 5061 ne-cire,
886 4994 1027 5062 qttod
1056 4994 1218 5050 homo
1248 4996 1315 5049 sit
1345 5014 1358 5049 :
1393 5012 1562 5067 neque
1588 5013 1804 5053 carnem

227 5088 490 5156 ignorare
530 5087 660 5156 quod
692 5087 921 5141 Verbum
964 5088 1051 5141 sit.
1104 5087 1274 5143 Natus
1301 5089 1459 5160 igitur
1506 5089 1808 5162 unigenitus

223 5179 373 5237 Deus
392 5193 461 5234 ex
482 5177 670 5248 virgine
690 5181 851 5237 homo
878 5179 1069 5253 (Idem,
1093 5183 1264 5238 eadem
1281 5184 1512 5254 epistola,
1547 5201 1607 5238 ea:
1634 5183 1805 5240 eodem

1699 134 2028 199 EPISTOLA
2069 143 2086 198 Ι
2096 186 2108 199 .

259 223 362 276 sibi
391 223 444 278 in
478 225 578 280 hac
623 232 936 299 operatione
962 235 1283 309 famulante,
1313 253 1368 300 ct
1391 260 1508 314 sua,
1542 250 1633 308 Dei
1661 255 1850 313 videli-
1875 263 1928 322 Α
1954 261 2017 317 S.
2048 263 2270 339 Hilario)

3426 189 3528 246 170

2277 309 2292 334 ,
2324 279 2374 326 et
2415 275 2706 332 secundum
2737 279 3118 348 plenitudinem
3151 298 3446 366 temporum
3478 304 3530 358 in

1953 358 2239 428 semetipso
2271 364 2576 431 profuturus
2616 370 2667 425 in
2718 373 2878 429 Deum
2931 378 3220 450 hominem,
3269 388 3409 448 hunc
3439 410 3533 464 per

1952 450 2126 504 omnia
2170 457 2462 525 evangelici
2502 468 2766 521 sermonis
2795 471 3006 526 modum
3041 481 3225 542 tenuit,
3259 496 3312 538 ut
3340 500 3399 540 se
3443 488 3534 544 Dei

1951 537 2141 596 Filium
2174 547 2322 601 credi
2352 549 2587 618 doceret,
2611 566 2663 609 et
2691 556 2919 616 hominis
2947 566 3110 622 ﬁlium
3142 575 3455 639 przedicaret
3481 591 3536 636 et

1951 634 2285 706 admoneret,
2322 642 2548 713 loquens
2577 657 2631 702 et
2675 667 2870 721 gerens
2922 657 3080 713 homo
3126 666 3370 725 universa
3413 689 3535 744 qua:

1953 723 2041 744 ,μ
2074 741 2089 744 Α
2176 739 2186 744 _
2234 730 2248 744 .

1950 723 2042 780 Dei
2069 739 2212 790 sunt.
2234 730 2456 802 loquens
2480 749 2534 792 et
2554 755 2748 811 gerens
2766 745 2957 803 deinde
2983 751 3120 809 Deus
3141 759 3387 816 universa
3413 723 3534 834 qua:
3593 817 3597 820 .

3278 813 3387 816 -___-
3416 813 3508 834 .,_-

1949 813 2178 875 hominis
2207 835 2360 892 sunt;
2391 828 2464 882 ita
2496 841 2692 899 tamen,
2728 847 2784 890 ut
2807 839 2924 908 ipso
2951 841 3042 897 illo
3072 849 3344 922 utriusque
3370 872 3508 926 gene

1946 910 2022 974 ris
2041 928 2311 984 sermone,
2343 936 2614 992 nunqttam
2637 927 2737 982 nisi
2758 944 2878 984 cum
2901 933 3285 1004 signiﬁcatione
3306 944 3536 1007 hominis

1945 998 2152 1058 locutus
2203 1006 2273 1061 sit
2316 1020 2370 1065 et
2417 1013 2528 1070 Dei.
2579 1018 2702 1074 llzec
2735 1021 2752 1059 ί
2783 998 2972 1096 itaque
3007 1029 3224 1090 fallendi
3266 1043 3537 1110 Simplices

1944 1103 2103 1164 atque
2132 1097 2458 1174 ignorantes,
2495 1108 2758 1170 haereticis
2783 1122 2994 1177 occasio
3019 1136 3122 1195 est,
3152 1142 3206 1184 ut
3233 1148 3354 1203 quae.
3383 1139 3450 1193 ab
3470 1156 3536 1198 eo

1944 1192 2235 1248 secundum
2270 1196 2537 1258 hominem
2566 1206 2703 1261 dicta
2727 1223 2872 1282 sunt,
2904 1216 3041 1272 dicta
3088 1237 3208 1279 esse
3235 1231 3531 1290 secundum

1943 1279 2135 1337 divince
2159 1297 2363 1345 natura:
2389 1293 2755 1358 inﬁrmitatem
2781 1310 3107 1370 mentiantur
3136 1333 3151 1370 :
3183 1327 3237 1374 et
3257 1323 3375 1388 quia
3399 1343 3535 1385 unus

1943 1381 2102 1443 atque
2129 1377 2270 1435 idem
2301 1394 2404 1450 est,
2442 1387 2665 1459 loquens
2696 1399 2872 1454 omnia
2913 1419 3031 1472 quze
3075 1377 3309 1478 loquitur
3340 1416 3408 1473 de
3446 1435 3534 1478 se-

1943 1469 2200 1539 metipso,
2223 1478 2400 1532 omnia
2427 1497 2549 1536 eum
2577 1483 2643 1540 de
2671 1486 2942 1548 divinitate
2988 1497 3221 1557 locutum
3251 1523 3372 1564 esse
3399 1526 3532 1567 con-

1941 1561 2184 1620 tendant.
2231 1566 2340 1624 Nec
2385 1570 2515 1630 Sane
2567 1593 2844 1652 negamus,
2901 1597 3067 1645 totum
3114 1594 3286 1664 illum,
3341 1604 3431 1672 qui
3481 1607 3531 1662 ei

1942 1665 2142 1720 manet.
2196 1672 2402 1718 natura:
2443 1683 2555 1723 sua:
2604 1687 2725 1730 esse
2755 1691 3080 1742 sermonem.
3138 1689 3243 1747 Sed
3288 1696 3334 1750 si
3375 1697 3532 1758 Jesus

1939 1744 2182 1807 Christus
2208 1766 2261 1809 et
2293 1756 2454 1816 homo
2481 1774 2536 1818 et
2567 1765 2730 1838 Deus,
2776 1783 2831 1828 et
2877 1793 3048 1849 neque
3092 1798 3213 1841 cum
3259 1789 3422 1848 homo
3464 1798 3534 1854 sit

1939 1848 2048 1895 tum
2078 1845 2304 1912 primum
2339 1853 2500 1921 Deus,
2555 1875 2729 1930 neque
2775 1875 2907 1936 tum,
2941 1845 3062 1928 cum
3091 1887 3144 1932 et
3173 1879 3334 1938 homo
3363 1887 3432 1942 sit
3476 1901 3534 1947 et

1940 1932 2101 2004 Deus,
2130 1949 2237 1995 tum
2265 1960 2370 2000 non
2386 1949 2542 2005 etiam
2571 1963 2626 2008 et
2657 1956 2817 2027 Deus,
2842 1979 3013 2034 neque
3041 1982 3156 2038 post
3189 1974 3456 2038 hominem
3479 1985 3532 2043 in

1936 2025 2068 2095 Deo,
2099 2047 2203 2087 non
2233 2045 2373 2094 totus
2398 2041 2557 2100 homo
2580 2056 2724 2105 totus
2737 2053 2894 2123 Deus,
2918 2074 3076 2116 unum
3093 2075 3252 2138 atque
3278 2073 3415 2132 idem
3440 2095 3532 2136 ne-

1935 2134 2086 2178 cesse
2101 2128 2401 2188 estdicatur
2412 2137 2530 2205 ejus
2554 2156 2676 2199 esse
2695 2160 3106 2223 snerameutum,
3135 2166 3277 2232 quod
3297 2176 3527 2239 generis.

1937 2214 1997 2239 υι
2035 2233 2143 2239 ---μ-
2185 2223 2196 2234 ⁶
2553 2235 2562 2239 “

1935 2214 2148 2274 Etcum
2182 2223 2234 2276 in
2266 2241 2332 2281 eo
2366 2235 2656 2291 secundum
2692 2248 2900 2312 tempus
2952 2249 3209 2311 discernis
3261 2214 3528 2328 hzminem

1937 2324 1956 2328 _
1998 2309 2063 2328 ,κγ
2188 2315 2223 2328 ..
2267 2320 2276 2328 .

1933 2324 1963 2362 a
1998 2309 2135 2377 Deo,
2188 2315 2277 2372 Dei
2328 2329 2452 2377 tunc
2479 2335 2638 2396 atque
2667 2330 2898 2391 hominis
2928 2339 3173 2404 discerne
3200 2366 3524 2419 sermonem.

1934 2399 1994 2419 η,
2176 2408 2209 2419 ..

1933 2399 2140 2461 Etcum
2175 2408 2337 2467 Deum
2383 2424 2542 2487 atque
2572 2420 2841 2482 hominem
2870 2431 2923 2486 in
2957 2443 3199 2508 tempore
3227 2449 3519 2522 conﬁteris,

1935 2493 2025 2522 nn:
2078 2507 2201 2522 .....-
2254 2513 2333 2522 -.κ
2443 2511 2455 2522 -
2572 2513 2583 2522 ·
2627 2515 2639 2522 ·
2717 2520 2724 2522 Α

1933 2493 2026 2548 Dei
2078 2507 2203 2554 tunc
2251 2513 2409 2575 atque
2441 2511 2669 2568 hominis
2715 2520 2764 2572 in
2812 2493 3241 2593 tempore'dicta
3273 2493 3521 2610 dijudica:

1933 2587 2061 2610 μη...
2096 2607 2169 2610 --ρ
2206 2609 2209 2610 ν
2316 2609 2322 2610 ί
2360 2599 2373 2610 ·
2490 2605 2501 2610 ⁸

2928 2587 2936 2593 -
3195 2587 3241 2591 --
3275 2587 3521 2610 “rum...

1931 2587 2064 2642 Cum
2096 2607 2222 2649 vero
2248 2609 2328 2652 est
2360 2599 2576 2661 homine
2602 2619 2653 2663 et
2677 2611 2805 2679 Deo,
2834 2632 3045 2676 rursum
3079 2629 3234 2684 totiu~
3266 2633 3522 2712 hominis,

1932 2679 2089 2712 ίηιῖιητ
2148 2685 2249 2712 2....
2303 2691 2393 2712 περ
2429 2706 2469 2712 -,
2677 2702 2690 2712 .
2886 2711 2891 2712 ,

1932 2679 2091 2737 totius
2139 2685 2250 2756 jam
2302 2691 2393 2748 Dei
2428 2706 2637 2767 tempus
2675 2702 2925 2780 intelligis
2959 2733 2971 2766 :
3003 2716 3266 2789 siquidem
3296 2729 3424 2788 illud

1934 2771 2121 2794 ,ΜΝ
2165 2787 2176 2794 ,
2253 2782 2286 2794 ξ.

2848 2771 2874 2780 ν
3062 2771 3265 2789 Ἰ-.--ν---
3296 2771 3423 2788 ιιιυυ
3456 2771 3523 2794 au

1929 2771 2448 2840 demonstrationem
2499 2797 2758 2864 temporis
2786 2801 2984 2860 dictum
3015 2820 3116 2877 est,
3151 2824 3375 2889 tempori
3402 2843 3525 2885 coa-

1930 2876 2098 2936 ptato,
2119 2887 2236 2941 qua!
2257 2875 2396 2932 dicta
2423 2893 2548 2938 sunt
2571 2904 2585 2940 :
2618 2899 2674 2942 ut
2700 2906 2820 2948 cum
2847 2898 2986 2954 aliud

3013 2904 3082 2959 sit
3100 2919 3224 2966 ante
3247 2913 3518 2980 hominem

1930 2958 2092 3028 Deus,
2125 2965 2267 3022 aliud
2290 2971 2357 3024 sit
2381 2972 2543 3030 homo
2569 2989 2622 3034 et
2642 2981 2802 3049 Deus,

2834 2991 2977 3046 aliud
3005 2997 3072 3052 sit
3100 3014 3218 3069 post
3245 3006 3515 3072 hominem

2427 3066 2589 3124 homo
2635 3085 2689 3129 et
2719 3087 2862 3136 totus
2889 3085 3046 3155 Dens,
3082 3109 3184 3150 non
3225 3104 3517 3165 confundas

1932 3152 2258 3220 temporibus
2280 3165 2336 3212 et
2359 3164 2644 3228 generibus
2670 3169 3079 3240 diSpensatiouis
3095 3200 3511 3269 sacramentum,

1933 3255 2048 3269 η...
2079 3260 2169 3269 -_-

1931 3255 2049 3296 cum
2078 3260 2172 3312 pro
2195 3249 2453 3317 qualitate
2479 3270 2755 3329 generum,
2775 3281 2838 3321 ac
2855 3279 3182 3346 naturarum,
3212 3284 3371 3343 alium
3392 3249 3512 3350 cun;

1931 3350 2265 3395 sacramento
2291 3342 2519 3403 hominis
2540 3366 2759 3411 necesse
2785 3370 2868 3414 est
2891 3379 3193 3427 sermonem
3219 3376 3378 3437 fuisse
3403 3401 3509 3444 non

1932 3441 2079 3499 nato,
2120 3434 2281 3490 alium
2332 3440 2505 3499 adhuc
2558 3449 2835 3520 morituro,
2889 3459 3046 3515 alium
3099 3470 3257 3524 etiam
3283 3470 3518 3537 interno.

1927 3522 2105 3581 Nostri
2134 3529 2290 3599 igitur
2315 3547 2474 3588 causa
2508 3539 2620 3595 haec
2650 3546 2826 3599 omnia
2854 3548 3011 3608 Jesus
3034 3557 3272 3618 Christus
3291 3583 3509 3640 gerens,

1925 3624 1980 3671 et
2009 3622 2250 3693 corporis
2297 3628 2463 3681 nostri
2503 3629 2664 3686 homo
2696 3647 2869 3706 natus,
2903 3649 3192 3706 secundum
3225 3622 3512 3720 coiisuetu:

1923 3709 2100 3768 dinem
2132 3725 2336 3771 natura:
2362 3731 2555 3778 nostra:
2575 3726 2778 3784 locutus
2801 3745 2900 3797 est,
2933 3753 3039 3794 non
3065 3753 3234 3802 tamen
3257 3754 3510 3816 amittens

1921 3814 2130 3858 natura:
2159 3821 2269 3862 sine
2313 3825 2454 3879 esse,
2503 3819 2642 3885 quod
2677 3819 2815 3878 Deus
2862 3838 2960 3882 est.
3012 3832 3142 3889 Nam
3191 3849 3399 3902 tametsi
3450 3851 3503 3906 in

1919 3993 2106 4061 egerit,
2163 4011 2249 4050 res
2279 4007 2454 4054 tamen
2498 4003 2639 4072 ipsas
2685 4024 2874 4067 omnes
2917 4016 3113 4076 virtute
3141 4034 3342 4082 naturre
3379 3993 3500 4090 sua:

1916 4086 2098 4155 gessit.
2128 4087 2357 4147 Videsiie
2385 4093 2449 4146 ita
2478 4094 2639 4151 Deum
2681 4109 2735 4154 et
2789 4105 3054 4164 hominem
3098 4119 3392 4192 praedicari,
3444 4139 3501 4184 ut

1915 4192 2058 4232 mors
2083 4179 2301 4247 homini,
2331 4183 2438 4239 Deo
2459 4192 2772 4247 verocarnis
2799 4198 3052 4255 excizatio
3077 4205 3357 4277 deputetur
3376 4219 3498 4290 (ψ

1915 4287 2019 4327 non
2051 4284 2228 4330 tamen
2256 4289 2314 4331 ut
2343 4278 2480 4334 alios
2508 4281 2595 4341 sit,
2642 4287 2731 4355 qui
2780 4304 3018 4350 mortuus
3045 4309 3146 4365 est,
3179 4316 3229 4358 et
3253 4278 3394 4366 alios
3427 4278 3496 4370 sit

1914 4379 2009 4433 per
2053 4362 2207 4433 quem
2241 4381 2480 4425 mortuus
2528 4378 2772 4446 resurgit.
2828 4380 3062 4452 Spoliata
3111 4393 3250 4451 enim
3303 4415 3489 4470 carne,

1832 4453 1885 4512 D
1909 4456 2152 4514 Christus
2173 4470 2255 4515 est
2285 4475 2523 4520 mortuus
2553 4483 2566 4519 :
2596 4481 2649 4523 et
2669 4485 2900 4539 rursum,
2924 4476 3192 4540 Christum
3217 4504 3244 4540 a
3269 4497 3490 4554 mortuis

1909 4554 2168 4619 excitans,
2202 4555 2342 4613 idem
2395 4559 2642 4617 Christus
2680 4575 2780 4628 est,
2825 4583 2986 4627 carne
3013 4590 3072 4630 se
3099 4582 3351 4649 spoliatis.
3383 4589 3486 4643 Na-

1907 4653 2077 4700 turam
2111 4647 2220 4712 Dei,
2255 4650 2303 4702 in
2337 4650 2526 4705 virtute
2549 4659 2950 4717 resurrectionis
2979 4665 3208 4738 intellige
3231 4691 3246 4727 :
3273 4675 3486 4746 dispen-

1907 4743 2167 4818 sationem
2223 4742 2450 4797 hominis
2498 4745 2550 4799 in
2598 4759 2768 4806 tnorte
2805 4768 3052 4824 agnosce.
3103 4760 3170 4816 Et
3211 4779 3328 4821 cum
3380 4771 3488 4830 sint

2839 4811 2866 4824 ι,
3103 4811 3168 4816 _-

1906 4840 2132 4902 utraque
2157 4811 2271 4889 [suis
2315 4844 2461 4905 gesta
2509 4839 2730 4903 naturis,
2788 4859 2948 4901 unum
2996 4860 3166 4906 tamen
3212 4855 3480 4921 Christum

1904 4924 2084 4981 Jesum
2130 4943 2250 4984 eum
2297 4941 2564 4987 memento
2589 4949 2726 4993 esse.
2761 4939 2846 5007 qui
2880 4950 3157 5012 utrumque
3206 4961 3306 5006 est.
3356 4954 3482 5014 llazc

2081 5066 2222 5152 [.tem
2253 5068 2310 5125 S.
2343 5067 2469 5132 Leo,
2497 5069 2690 5152 ibidem
2716 5115 2730 5136 ,
2762 5067 3040 5152 expoderh
3068 5080 3124 5136 ὃ.
3157 5083 3372 5146 Hilario.
3407 5094 3483 5152 Ex

1905 5139 2098 5232 quibus
2124 5139 2286 5193 lector
2309 5142 2947 5232 perpendatquamlth
2990 5150 3147 5232 distet

1908 5210 2098 5266 vilibus
2122 5210 2523 5280 acquotidianis
2549 5210 2858 5272 mercatoris
2885 5210 3198 5290 panniculis:

1466 5385 1839 5448 LECTIONES
1872 5389 2281 5449 VARIANTES.

290 5527 317 5554 “
344 5524 582 5576 Instruxit
607 5525 748 5577 Labb.

283 5587 314 5625 b
339 5585 553 5639 Affecti)!
577 5587 716 5640 Labb.

288 5655 310 5682 ε
340 5649 522 5712 Vagittt
551 5648 698 5702 Labb.

505 5733 796 5795 ΡΔτιιοι.
843 5734 915 5792 ν.

1971 5526 1998 5568 εἴ
2017 5529 2140 5596 Nam
2162 5535 2233 5584 sic
2252 5531 2394 5596 plane
2421 5531 2561 5584 Labb.

1971 5600 1994 5625 υ
2017 5593 2091 5643 Ne
2116 5597 2184 5645 sic
2209 5593 2350 5646 Labb.

1973 5654 1994 5694 ί
2022 5655 2148 5709 Hinc
2174 5656 2314 5708 Lnltb.
