4020 6072
485 177 590 235 175

1279 171 1335 228 s.
1375 162 1792 227 summm
1829 158 2031 219 PAPAS
2071 154 2159 217 ET
2197 132 2546 217 summis
2588 152 2915 214 EPISTOLA
2955 153 3020 210 ιι.

3654 144 3759 204 176

486 326 532 372 et
555 313 679 370 mihi
701 312 999 380 eosdedisti,
1027 318 1073 367 et
1096 325 1375 366 sermonem
1389 319 1532 363 tuum
1547 293 1887 361 servaverunt.
1913 299 2064 355 Nunc
2093 301 2147 360 Α
2171 313 2262 352 nos
2287 313 2459 351 sumus
2486 297 2539 350 in
2567 297 2661 350 hoc
2695 293 2908 348 mundo.
2938 291 3118 346 Timor
3144 303 3246 343 non
3273 297 3347 344 est
3374 286 3428 342 in
3469 283 3718 342 charitate
3740 328 3758 354 ,

486 417 830 482 cognoverunt
849 408 969 479 quia
995 405 1165 460 omnia
1193 419 1307 474 quae
1333 403 1518 458 dedisti
1546 401 1689 464 mihi,
1721 400 1810 453 abs
1837 409 1883 453 te
1909 403 2026 451 sunt
2049 411 2069 448 :

484 505 606 572 quia
629 501 777 556 verba
792 516 906 570 qua:
923 499 1107 554 dedisti
1123 498 1268 563 mihi,
1297 497 1415 552 dedi
1438 497 1530 560 eis,
1547 506 1594 550 et
1611 495 1708 566 ipsi
1731 499 2030 564 acceperunt
2051 505 2071 542 :

486 607 536 652 et
562 603 904 669 cognoverunt
927 609 1041 648 vere
1058 593 1177 657 quia
1203 608 1235 644 a
1261 601 1309 644 te
1337 591 1502 655 exivi,
1533 598 1579 643 et
1605 586 1928 642 crediderunt
1951 584 2072 653 quia

489 699 545 742 tu
571 704 651 743 me
675 687 876 741 misisti.
900 684 1006 757 Ego
1028 700 1119 753 pro
1135 685 1206 737 eis
1217 699 1360 755 rogo,
1387 698 1487 736 non
1509 696 1602 752 pro
1623 679 1810 734 mundo
1823 694 1965 749 rogo,
1984 675 2072 731 sed

491 797 585 849 pro
608 781 680 834 eis
705 795 830 850 quos
857 777 1040 831 dedisti
1069 776 1193 830 mihi
1215 815 1231 841 ,
1259 776 1378 842 quia
1402 774 1476 827 tui
1504 781 1641 827 sunt.
1669 769 1736 825 Et
1764 787 1873 825 mea
1902 770 2073 824 omnia

490 884 581 929 tua
599 883 740 940 sunt,
769 882 816 927 et
845 882 932 926 tua
953 886 1063 925 mea
1086 878 1225 936 sunt,
1255 877 1301 923 et
1330 867 1643 936 clariﬁcatus
1668 881 1782 919 sum
1805 865 1858 918 in
1884 863 1976 918 eis.
2007 860 2075 915 Et

480 971 598 1040 jam
625 985 728 1023 non
756 983 868 1022 sum
892 967 946 1020 in
974 965 1195 1030 mundo,
1225 972 1271 1017 et
1297 963 1348 1016 hi
1372 963 1425 1016 in
1469 960 1660 1014 mundo
1689 968 1807 1014 sunt
1831 1000 1845 1024 ,
1898 965 1945 1012 et
1986 971 2076 1026 ego

492 1062 561 1115 ad
586 1071 634 1115 te
660 1060 823 1115 venio.
860 1057 1018 1112 Pater
1061 1064 1263 1121 sancte,
1296 1070 1440 1109 serva
1484 1069 1567 1107 eos
1615 1052 1670 1106 in
1717 1051 1919 1105 nomine
1966 1057 2074 1115 tuo,

491 1171 618 1226 quos
649 1154 837 1208 dedisti
880 1152 1041 1218 mihi,
1081 1161 1129 1206 et
1178 1165 1335 1204 unum
1371 1149 1493 1214 sint,
1542 1147 1670 1201 sicut
1711 1155 1758 1199 et
1796 1162 1908 1200 nos.
1952 1142 2078 1198 Cum

489 1262 650 1301 essem
674 1244 890 1310 cumeis,
905 1258 996 1312 ego
1011 1241 1269 1296 servabam
1287 1256 1372 1294 eos
1398 1241 1452 1292 in
1473 1239 1674 1293 nomine
1689 1246 1794 1290 tuo.
1825 1235 1965 1303 Quos
1990 1234 2079 1288 de-

491 1336 612 1391 disti
636 1336 781 1399 mihi,
801 1335 1045 1389 custodivi
1069 1349 1087 1388 :
1109 1344 1154 1388 et
1172 1349 1318 1387 nemo
1335 1348 1397 1386 ex
1415 1332 1493 1386 his
1511 1331 1682 1399 periit,
1701 1329 1800 1383 nisi
1813 1329 1952 1397 [ilius
1966 1343 2080 1397 per-

493 1429 721 1495 ditionis,
743 1437 796 1482 ut
815 1427 1086 1498 Scriptura
1100 1426 1390 1496 impleatur.
1418 1423 1573 1478 Nunc
1594 1433 1763 1478 autem
1775 1421 1844 1475 ad
1856 1432 1904 1476 te
1914 1421 2080 1490 venio,

491 1533 539 1576 et
559 1521 668 1576 haec
689 1523 869 1592 loquor
892 1520 946 1573 in
971 1518 1182 1584 mundo,
1205 1528 1258 1571 ut
1281 1516 1498 1570 habeant
1524 1513 1767 1586 gaudium
1791 1529 1958 1568 meum
1979 1513 2080 1566 im-

494 1616 682 1685 pletum
709 1615 764 1667 in
794 1612 1095 1681 semetipsis.
1143 1609 1250 1681 Ego
1275 1609 1392 1664 dedi
1415 1609 1488 1662 eis
1521 1622 1803 1662 sermonem
1829 1614 1972 1659 tuum
1996 1621 2014 1659 :
2035 1616 2085 1658 et

2171 389 2260 444 sed
2282 392 2506 459 perfecta
2532 388 2755 441 charitas
2782 389 2923 458 foras
2958 381 3109 436 mittit
3145 382 3372 436 timorem
3389 422 3405 446 ,
3429 381 3670 449 quoniam
3697 379 3766 433 ti-

2171 498 2282 536 mor
2306 497 2506 552 plenam
2537 479 2702 534 habet.
2738 478 2839 546 Qui
2883 487 3048 532 autem
3076 476 3248 542 timet,
3279 492 3381 530 non
3409 484 3482 530 est
3510 473 3766 546 perfectus

2170 575 2224 628 in
2254 573 2519 628 charitate.
2557 570 2669 626 Nos
2691 587 2809 642 ergo
2838 569 3114 641 diligamus
3145 566 3326 634 Deum,
3354 566 3595 639 quoniam
3623 564 3766 620 Deus

2173 667 2314 738 prior
2334 665 2512 720 dilexit
2542 681 2653 720 nos.
2686 663 2747 719 Si
2767 663 2878 733 quis
2898 662 3103 728 dixerit,
3126 660 3365 732 quoniam
3388 659 3548 729 diligo
3578 657 3765 724 Deum,

2175 770 2222 816 et
2253 760 2463 830 fratrem
2488 776 2636 814 suum
2659 759 2843 825 oderit,
2872 756 3094 812 mendax
3119 766 3211 810 est.
3240 755 3342 824 Qui
3359 764 3527 809 autem
3557 771 3657 808 non
3683 751 3772 807 di-

2179 853 2294 924 ligit
2326 857 2538 924 fratrem
2563 869 2714 907 suum
2751 867 2898 922 quem
2921 851 3078 919 videt,
3109 847 3279 904 Deum
3307 864 3452 916 quem
3477 863 3578 902 non
3608 845 3769 912 videt,

2177 945 2426 1014 quomodo
2457 954 2615 1014 potest
2639 943 2889 1015 diligere?
2919 940 2984 995 Et
3026 942 3120 995 hoc
3147 939 3444 994 mandatum
3470 939 3708 993 habemus
3737 953 3773 991 a

2179 1033 2320 1104 Deo,
2355 1048 2409 1090 ut
2452 1037 2538 1108 qui
2578 1036 2744 1108 diligit
2786 1034 2986 1102 Deum,
3035 1032 3215 1104 diligat
3255 1042 3302 1086 et
3349 1033 3560 1103 fratrem
3596 1045 3769 1084 suum.

2184 1129 2362 1184 Omnis
2386 1129 2472 1200 qui
2497 1129 2684 1194 credit,
2716 1127 2955 1199 quoniam
2981 1126 3132 1180 Jesus
3170 1132 3244 1180 est
3283 1123 3547 1189 Christus,
3578 1138 3640 1177 ex
3665 1120 3776 1177 Deo

2182 1230 2334 1276 natus
2363 1230 2456 1275 est.
2491 1218 2556 1274 Et
2581 1219 2745 1273 omnis
2767 1218 2856 1288 qui
2883 1217 3050 1289 diligit
3076 1232 3211 1284 eum,
3241 1215 3329 1288 qui
3363 1215 3537 1286 genuit
3556 1256 3573 1276 ,
3605 1213 3779 1285 diligit

2183 1323 2228 1370 et
2256 1330 2392 1378 eum,
2424 1313 2512 1386 qui
2540 1323 2693 1368 natus
2720 1324 2794 1367 est
2819 1327 2883 1367 ex
2907 1327 2986 1366 eo.
3018 1309 3085 1364 In
3110 1311 3204 1364 hoc
3234 1308 3606 1380 cognoscimus,
3647 1322 3778 1378 quo-

2185 1408 2326 1462 niam
2365 1406 2632 1478 diligemus
2678 1416 2826 1460 natos
2866 1404 2995 1470 Dei,
3033 1420 3148 1458 cum
3192 1400 3354 1456 Deum
3391 1400 3704 1472 diligamus,
3733 1405 3784 1453 et

2187 1500 2431 1554 mandata
2459 1501 2572 1572 ejus
2597 1500 2868 1571 faciamus.
2904 1496 3031 1552 Haec
3057 1506 3129 1552 est
3153 1495 3287 1552 enim
3315 1493 3539 1549 charitas
3568 1490 3697 1556 Dei,
3724 1499 3784 1546 ut

2186 1594 2430 1649 mandata
2459 1598 2570 1665 ejus
2595 1594 2940 1649 custodiamus
2964 1609 2984 1645 :
3008 1600 3055 1646 et
3077 1589 3319 1644 mandata
3342 1592 3452 1660 ejus
3473 1587 3648 1658 gravia
3675 1600 3785 1639 non

494 1683 712 1764 mundus
731 1707 846 1761 odio
861 1705 1034 1759 habuit
1054 1721 1155 1768 eos,
1173 1704 1295 1774 quia
1315 1719 1417 1756 non
1443 1710 1557 1755 sunt
1574 1700 1636 1754 de
1658 1698 1867 1760 mundo,
1885 1698 2015 1752 sicut
2037 1704 2082 1751 et
2111 1707 2160 1768 Β
2186 1699 2304 1744 sunt
2329 1689 2375 1760 (Ι
2403 1688 2586 1757 Joan.,
2615 1689 2695 1761 v).
2730 1689 2796 1744 Et
2838 1703 2934 1760 per
2963 1686 3276 1758 prophetam
3295 1726 3312 1753 ,
3345 1683 3621 1748 Dominus,
3659 1693 3780 1736 mo-

493 1818 587 1872 ego
608 1816 709 1854 non
725 1815 837 1853 sum
857 1798 920 1852 de
944 1795 1154 1851 mundo.
1180 1793 1303 1849 Non
1323 1809 1448 1865 rogo
1465 1803 1520 1847 ut
1535 1792 1688 1846 tollas
1700 1807 1782 1846 eos
1797 1790 1859 1844 de
1871 1787 2082 1856 mundo,

490 1892 580 1947 sed
606 1902 662 1946 ut
685 1907 848 1945 serves
881 1907 966 1945 eos
991 1907 1024 1943 ιι
1047 1888 1203 1942 malo.
1235 1886 1311 1941 De
1338 1887 1528 1939 mundo
1567 1901 1668 1938 non
1707 1895 1824 1938 sunt
1847 1925 1858 1946 ,
1886 1883 2016 1937 sicut
2040 1892 2087 1936 et

492 2003 583 2057 ego
606 2003 706 2041 non
728 2003 841 2040 sum
862 1986 924 2039 de
944 1986 1148 2038 mundo.
1178 1981 1458 2050 Sancti/ica
1478 1996 1562 2035 eos
1580 1980 1633 2033 in
1659 1980 1879 2033 veritate.
1905 1975 2086 2034 Sermo

491 2087 609 2134 tuus
631 2080 816 2134 veritas
840 2089 930 2132 est.
967 2077 1114 2132 Sicut
1138 2087 1193 2130 tu
1223 2091 1302 2130 me
1329 2075 1511 2128 misisti
1535 2074 1589 2127 in
1625 2071 1892 2136 mundum,
1920 2079 1967 2123 et
1996 2085 2087 2140 ego

493 2173 611 2228 misi
640 2188 724 2226 eos
746 2173 799 2225 in
828 2169 1090 2224 mundum.
1115 2168 1182 2224 Et
1204 2184 1296 2240 pro
1316 2169 1388 2222 eis
1407 2182 1499 2238 ego
1527 2166 1791 2234 sanctifico
1814 2165 2084 2234 meipsum,

493 2273 548 2319 ut
572 2265 675 2319 sint
700 2272 749 2318 et
774 2263 875 2333 ipsi
898 2261 1199 2330 sanctiﬁcati
1220 2262 1276 2314 in
1300 2260 1524 2314 veritate.
1557 2257 1679 2312 Non
1702 2275 1793 2327 pro
1816 2257 1887 2312 eis
1921 2267 2088 2311 autem

494 2375 619 2429 rogo
645 2366 864 2423 tantum,
895 2357 984 2411 sed
1022 2367 1069 2411 et
1097 2373 1189 2426 pro
1214 2357 1285 2410 eis
1317 2356 1404 2426 qui
1429 2355 1674 2409 credituri
1701 2364 1818 2408 sunt
1849 2370 1939 2425 per
1977 2368 2088 2406 ver—

497 2453 616 2506 bum
641 2467 813 2507 eoruin
842 2452 895 2504 in
924 2465 1020 2515 me,
1045 2459 1099 2503 ut
1120 2465 1292 2503 onmes
1320 2464 1480 2502 unum
1507 2449 1629 2514 sint,
1658 2459 1706 2502 et
1733 2448 1950 2502 mundus
1978 2464 2089 2502 cre-

495 2545 581 2598 dat
615 2547 736 2616 quia
773 2555 826 2598 tu
854 2562 933 2599 me
961 2544 1163 2599 misisti.
1189 2542 1256 2596 Et
1279 2559 1370 2613 ego
1395 2542 1698 2611 claritatem,
1725 2561 1876 2615 quam
1907 2545 2092 2599 dedisti

497 2639 653 2704 mihi,
684 2638 802 2693 dedi
828 2639 920 2704 eis,
950 2647 1004 2691 ut
1025 2638 1126 2693 sint
1153 2653 1330 2703 unum,
1357 2637 1486 2691 sicut
1513 2646 1560 2691 et
1585 2653 1678 2691 nos
1706 2654 1864 2691 unum
1890 2653 2084 2692 sumus.

496 2730 609 2800 Ego
640 2731 692 2784 in
721 2731 809 2797 eis,
845 2739 890 2784 et
918 2740 973 2782 tu
1015 2731 1068 2783 in
1096 2746 1195 2794 me,
1228 2739 1283 2782 ut
1309 2731 1411 2784 sint
1448 2732 1782 2784 consummati
1810 2731 1865 2784 in
1891 2746 2086 2796 unum,

497 2835 552 2877 ut
579 2834 848 2894 cognoscat
873 2824 1113 2891 mundus,
1139 2826 1260 2892 quia
1287 2835 1342 2878 tu
1365 2841 1444 2879 me
1473 2825 1686 2890 misisti,
1721 2835 1767 2878 et
1797 2824 1954 2878 dilexi
1983 2841 2087 2890 eos,

493 2916 625 2970 sicut
649 2925 698 2971 et
723 2932 801 2972 me
824 2917 1067 2971 dilexisti.
1104 2915 1279 2984 Pater,
1308 2933 1433 2984 quos
1473 2917 1654 2972 dedisti
1683 2917 1839 2984 mihi,
1870 2917 2005 2985 volo,
2038 2927 2092 2972 ut

496 3012 584 3067 ubi
611 3028 703 3084 ego
739 3027 886 3078 sum,
917 3019 961 3065 et
987 3010 1062 3065 illi
1086 3010 1188 3064 sint
1226 3027 1448 3077 mecum,
1483 3021 1539 3064 ut
1577 3011 1778 3064 videant
1805 3012 2090 3065 claritatem

2188 1782 2402 1848 nendo,
2449 1798 2518 1839 ne
2557 1782 2822 1853 laedantur
2857 1781 3106 1852 discipuli
3158 1779 3274 1844 sui,
3308 1775 3616 1847 horumque
3654 1787 3784 1830 suc-

2189 1889 2458 1942 cessores,
2489 1875 2663 1946 inquit
2689 1873 2885 1947 (Psal.,
2921 1889 3091 1940 xxx",
3125 1889 3186 1927 ex
3211 1887 3342 1926 vers.
3376 1867 3440 1925 S.
3483 1865 3788 1938 Hieronymi

2189 1986 2343 2039 quam
2360 1985 2476 2024 cum
2497 1979 2658 2024 vetere
2680 1978 2727 2024 et
2746 1968 2932 2023 Italica
2947 1964 3237 2039 permiscet)
3266 1981 3284 2019 :
3315 1962 3611 2019 Circumdat
3632 1978 3790 2034 ange-

2192 2061 2272 2117 lus
2292 2061 2500 2118 Domini
2523 2065 2578 2118 in
2600 2080 2729 2134 gyro
2744 2063 2973 2118 timentes
2988 2078 3122 2128 eum,
3151 2069 3197 2115 et
3215 2067 3352 2114 eruet
3377 2075 3481 2114 eos.
3503 2055 3718 2112 Gustate
3739 2065 3789 2110 et

2191 2154 2372 2223 videte,
2399 2157 2640 2227 quoniam
2669 2156 2829 2210 bonus
2847 2163 2919 2210 est
2944 2153 3218 2210 Dominus.
3248 2151 3437 2208 Beatus
3461 2151 3538 2207 vir
3561 2152 3649 2221 qui
3673 2167 3790 2222 spe-

2192 2259 2273 2306 rat
2296 2249 2350 2304 in
2376 2266 2454 2304 eo.
2487 2247 2680 2304 Timete
2701 2248 2996 2318 Dominum,
3017 2265 3190 2304 omnes
3208 2247 3370 2304 sancti
3395 2247 3526 2318 ejus,
3549 2245 3790 2317 quoniam

2193 2357 2296 2396 non
2321 2351 2393 2397 est
2418 2342 2594 2412 inapia
2629 2341 2918 2396 timentibus
2959 2359 3094 2396 eum.
3128 2339 3321 2395 Leones
3349 2339 3708 2410 indiguerunt,
3739 2345 3790 2391 et

2193 2435 2474 2489 esurierunt
2508 2451 2528 2488 :
2566 2434 2905 2505 quaerentibus
2942 2433 3250 2498 Dominum,
3292 2449 3394 2488 non
3441 2430 3597 2486 deerit
3639 2446 3789 2485 omne

2195 2527 2403 2582 bonum.
2449 2527 2747 2596 Ambulate,
2777 2528 2902 2598 ﬁlii,
2946 2529 3117 2582 audite
3163 2543 3277 2595 me,
3310 2527 3538 2581 timorem
3586 2524 3789 2579 Domini

2195 2621 2382 2674 docebo
2407 2636 2514 2675 vos.
2549 2621 2678 2688 Quis
2704 2630 2777 2676 est
2806 2622 2882 2675 vir
2904 2622 2992 2691 qui
3017 2621 3133 2675 velit
3177 2622 3352 2686 vitam,
3383 2618 3548 2690 diligit
3578 2617 3684 2672 dies
3711 2616 3789 2671 vi-

2195 2711 2312 2766 dere
2337 2711 2536 2766 bonos?
2565 2711 2775 2766 Custodi
2802 2712 3031 2782 linguam
3052 2719 3191 2764 tuam
3219 2727 3251 2764 a
3279 2711 3436 2775 malo,
3469 2719 3517 2763 et
3542 2709 3678 2764 labia
3703 2717 3790 2762 tua

2195 2823 2259 2861 ne
2287 2808 2562 2878 loquantur
2606 2808 2801 2862 dolum.
2834 2806 3035 2863 Recede
3075 2824 3108 2861 a
3151 2806 3318 2870 malo,
3351 2816 3400 2861 et
3450 2808 3532 2877 fac
3561 2807 3746 2861 bonum
3770 2821 3791 2860 :

2196 2917 2366 2974 quaere
2393 2919 2601 2973 pacem,
2631 2911 2678 2956 et
2706 2917 3005 2973 persequere
3042 2917 3175 2956 eam.
3212 2899 3365 2954 Oculi
3391 2897 3600 2954 Domini
3637 2915 3793 2968 super

2189 2996 2380 3064 justas,
2409 3003 2457 3048 et
2481 3010 2630 3049 aures
2653 2995 2762 3065 ejus
2785 2994 2854 3047 ad
2881 2994 3155 3048 clamorem
3177 3008 3368 3046 eorum.
3415 2991 3594 3046 Vultus
3623 3001 3791 3047 autem

499 3123 684 3174 meam,
710 3123 862 3178 quam
899 3106 1082 3160 dedisti
1122 3105 1282 3171 mihi,
1310 3106 1431 3176 quia
1458 3105 1682 3159 dilexisti
1713 3121 1791 3159 me
1829 3115 1946 3159 ante
1972 3121 2087 3160 con-

2198 3085 2410 3142 Domini
2435 3088 2488 3142 in
2525 3087 2766 3157 facientes
2791 3087 2984 3142 malum
3005 3129 3021 3154 ,
3052 3097 3107 3141 ut
3135 3086 3314 3157 perdat
3349 3085 3412 3140 de
3439 3096 3576 3140 terra
3601 3101 3794 3140 memo-

498 3201 810 3255 stitutionem
848 3199 1043 3254 mundi.
1081 3197 1236 3254 Pater
1253 3201 1416 3270 juste,
1446 3199 1664 3253 mundus
1692 3207 1740 3253 te
1766 3217 1866 3253 non
1907 3216 2095 3271 cogno-

499 3293 589 3359 vit,
621 3309 710 3363 ego
730 3301 897 3346 autem
925 3301 972 3346 te
989 3293 1230 3363 cognovi,
1257 3301 1305 3345 et
1327 3293 1380 3345 hi
1400 3301 1757 3363 cognoverunt,
1787 3292 1908 3357 quia
1938 3303 1992 3347 tu
2016 3309 2096 3348 me

502 3386 703 3440 misisti.
732 3383 800 3440 Et
816 3395 989 3439 notum
1011 3385 1108 3452 feci
1130 3385 1201 3439 eis
1225 3401 1406 3439 nomen
1430 3397 1595 3451 tuum,
1619 3395 1665 3439 et
1686 3395 1860 3440 notum
1883 3385 2092 3454 faciam,

499 3488 555 3531 ut
580 3477 781 3532 dilectio
798 3519 814 3543 ,
844 3494 944 3547 qua
971 3476 1194 3531 dilexisti
1221 3493 1317 3544 me,
1340 3477 1394 3552 in
1419 3479 1544 3544 ipsis
1565 3479 1648 3545 sit,
1679 3489 1724 3532 et
1750 3495 1843 3548 ego
1865 3479 1918 3533 in
1945 3481 2091 3548 ipsis.

504 3570 575 3626 Et
600 3570 741 3626 idem
784 3568 1020 3625 Joannes
1051 3570 1324 3640 apostolus
1352 3580 1405 3624 et
1439 3570 1794 3642 evangelista,
1825 3573 1876 3626 in
1924 3573 2095 3641 prima

502 3679 597 3719 sua
618 3664 864 3732 epistola,
895 3662 1348 3734 loquitur,dicens
1375 3663 1420 3736 (Ι
1441 3663 1599 3718 Joan.
1632 3661 1707 3734 tv)
1733 3683 1746 3717 :
1772 3664 2092 3732 Charissimi,

503 3757 776 3828 diligamus
791 3757 1023 3821 invicem,
1041 3756 1160 3825 quia
1175 3755 1398 3810 charitas
1413 3772 1475 3811 ex
1504 3755 1606 3810 Deo
1633 3766 1704 3811 est
1730 3775 1742 3811 :
1768 3766 1815 3811 et
1834 3757 1998 3812 omnis
2011 3759 2097 3825 qui

503 3851 692 3923 diligit,
724 3866 787 3905 ex
815 3849 924 3904 Deo
966 3859 1114 3903 natus
1142 3857 1250 3915 est,
1279 3857 1326 3904 et
1352 3849 1610 3920 cognoscit
1639 3847 1824 3905 Deum.
1862 3850 1965 3917 Qui
1993 3867 2096 3904 non

503 3952 693 4023 diligit,
724 3966 827 4004 non
854 3949 993 4003 novit
1017 3947 1201 4015 Deum,
1231 3947 1351 4016 quia
1381 3945 1518 4000 Deus
1533 3946 1755 4002 charitas
1779 3956 1870 4001 est.
1901 3945 1969 4000 In
1999 3946 2096 4000 hoc

503 4045 745 4117 apparuit
777 4044 1001 4100 charitas
1031 4041 1127 4097 Dei
1171 4043 1224 4096 in
1259 4041 1428 4109 nobis,
1460 4041 1698 4112 quoniam
1729 4039 1923 4094 Filium
1948 4056 2097 4093 suum

503 4141 822 4211 unigenitum
838 4139 973 4194 misit
995 4137 1131 4191 Deus
1147 4138 1200 4191 in
1226 4136 1491 4198 mundum,
1516 4146 1572 4189 ut
1598 4136 1822 4189 vivamus
1846 4149 1934 4202 per
1955 4149 2090 4188 eum.

505 4233 576 4292 In
599 4233 694 4292 hoc
712 4241 785 4287 est
804 4231 1046 4296 charitas,
1070 4245 1170 4283 non
1188 4230 1334 4299 quasi
1348 4245 1438 4283 nos
1455 4229 1782 4283 dilexerimus
1798 4227 1984 4293 Deum,
2007 4228 2097 4283 sed

504 4326 747 4396 quoniam
763 4325 872 4394 ipse
885 4323 1061 4376 dilexit
1080 4337 1194 4385 nos,
1209 4331 1257 4374 et
1272 4321 1406 4374 misit
1421 4321 1588 4389 ﬁlium
1608 4337 1752 4374 suum
1772 4319 2096 4392 propitiatio-

506 4436 622 4475 nem
643 4434 735 4490 ι,νο
757 4416 972 4498 peccatis
999 4414 1199 4470 nostris.
1222 4411 1520 4467 Charissimi
1536 4454 1550 4475 ,
1580 4412 1625 4466 si
1649 4412 1720 4464 sic
1747 4410 1884 4466 Deus
1910 4411 2090 4465 dilexit

2198 3181 2330 3234 riam
2354 3196 2549 3236 eorum.
2582 3180 2936 3236 Clamaverunt
2971 3181 3134 3252 justi,
3165 3189 3210 3235 et
3249 3179 3498 3235 Dominus
3537 3180 3795 3234 exaudivit

2201 3289 2305 3336 eos,
2336 3283 2382 3328 et
2409 3290 2472 3329 ex
2497 3273 2731 3328 omnibus
2772 3273 3184 3328 tribulationibus
3226 3288 3399 3328 eorum
3433 3272 3659 3327 liberavit
3685 3289 3789 3328 eos.

2198 3368 2365 3423 Juxta
2393 3379 2466 3424 est
2491 3367 2742 3423 Dominus
2768 3367 3000 3422 contritis
3023 3367 3194 3433 corde,
3225 3376 3270 3422 et
3294 3367 3584 3438 confractos
3609 3367 3794 3436 spiritu

2199 3461 2434 3517 salvabit.
2467 3461 2635 3516 Multa
2664 3463 2802 3516 mala
2819 3464 2984 3533 justo,
3011 3470 3061 3516 et
3082 3476 3146 3514 ex
3170 3460 3400 3515 omnibus
3434 3459 3538 3514 illis
3567 3458 3796 3514 liberabit

2200 3571 2315 3609 eum
2334 3552 2599 3610 Dominus.
2623 3551 2854 3610 Custodit
2882 3552 3134 3607 Dominus
3153 3553 3326 3607 omnia
3345 3569 3460 3606 ossa
3483 3551 3616 3623 ejus,
3639 3568 3796 3607 unum

2201 3664 2266 3703 ex
2289 3647 2367 3703 his
2392 3664 2493 3704 non
2527 3648 2894 3720 confringetur.
2932 3645 3214 3719 Interﬁciet
3239 3647 3453 3719 impium
3480 3647 3676 3702 malitia
3699 3689 3716 3714 ,
3748 3656 3798 3704 et

2202 3742 2424 3797 odientes
2439 3743 2641 3814 justum
2665 3742 3022 3814 culpabuntur.
3052 3739 3287 3796 Redimet
3321 3739 3797 3812 Dominuslanimas

2202 3851 2462 3890 servorum
2502 3851 2745 3903 suorum,
2792 3845 2838 3888 et
2883 3833 3114 3889 liberabit
3155 3850 3257 3888 eos.
3305 3832 3407 3888 Vos
3431 3849 3551 3904 ergo
3571 3875 3586 3898 ,
3614 3833 3798 3902 fratres

2203 3927 2402 3998 (Psal.,
2445 3929 2588 3997 Liv),
2631 3945 2784 4001 super
2815 3925 3090 3982 Dominum
3132 3929 3306 3998 ponite
3343 3926 3499 3981 corda
3523 3936 3722 3992 vestra,
3750 3935 3799 3981 et

2202 4023 2314 4093 ipse
2341 4025 2557 4078 enutriet
2581 4038 2689 4086 vos,
2719 4023 2842 4093 quia
2869 4038 2974 4077 non
3003 4019 3142 4074 dabit
3166 4020 3222 4074 in
3242 4027 3484 4074 xternum
3515 4018 3799 4090 ﬂuctuatio-

2203 4131 2321 4170 nem
2343 4117 2516 4187 justis.
2549 4114 2690 4171 Deus
2717 4124 2883 4170 autem
2916 4113 3166 4170 Dominus
3194 4122 3364 4167 noster
3387 4111 3600 4167 deducet
3628 4110 3799 4166 inimi-

2209 4225 2296 4264 cos
2318 4220 2536 4275 nostros,
2557 4210 2706 4278 juxta
2731 4207 3012 4278 Pr0phetie
3033 4221 3239 4272 vocem,
3259 4205 3313 4259 in
3336 4214 3541 4272 puteum
3567 4203 3798 4260 interitus

2204 4303 2447 4371 quoniam
2474 4302 2570 4356 viri
2594 4301 2900 4372 sanguinum
2922 4308 2970 4356 et
2996 4298 3161 4354 dolosi
3187 4315 3289 4353 non
3318 4297 3660 4351 dimidiabunt
3687 4295 3795 4352 dies

2212 4411 2351 4450 suos.
2391 4393 2499 4450 Vox
2522 4404 2691 4450 autem
2707 4411 2905 4466 semper
2920 4403 3121 4463 sperate
3139 4392 3194 4447 in
3222 4391 3463 4458 Domino,
3483 4400 3532 4444 et
3557 4389 3800 4461 ﬁduciam

503 4531 621 4581 nos,
648 4525 695 4568 et
721 4489 1070 4568 nos’debemus
1095 4508 1394 4562 alterutrum
1420 4506 1651 4577 diligere.
1676 4504 1842 4559 Deum
1865 4521 2010 4559 nemo
2031 4504 2087 4558 vi-

2209 4487 2439 4542 habetote
2464 4489 2518 4542 in
2546 4505 2628 4555 eo,
2651 4488 2771 4559 quia
2798 4488 2910 4558 ipse
2931 4485 3163 4543 liberabit
3189 4503 3302 4543 nos.
3326 4485 3447 4558 Ipse
3470 4497 3546 4541 est
3564 4486 3696 4541 enim
3718 4485 3799 4542 be—

508 4609 582 4662 dit
609 4622 868 4678 umquam.
898 4605 957 4661 Si
979 4604 1250 4674 diligamus
1271 4601 1500 4668 invicem,
1535 4599 1668 4654 Deus
1686 4600 1738 4654 in
1753 4601 1894 4654 nobis
1925 4609 2093 4655 manet

507 4714 553 4758 et
568 4703 790 4757 charitas
803 4702 912 4771 ejus
934 4699 988 4752 in
1012 4695 1153 4750 nobis
1179 4699 1402 4768 perfecta
1419 4704 1509 4748 est.
1529 4692 1596 4747 In
1613 4693 1708 4746 hoc
1735 4692 2087 4764 intelligimus,

509 4795 748 4864 quoniam
782 4795 835 4847 in
880 4809 938 4848 eo
967 4805 1246 4854 manemus,
1275 4797 1321 4841 et
1347 4789 1454 4856 ipse
1483 4787 1536 4839 in
1574 4785 1733 4850 nobis,
1765 4786 2004 4857 quoniam
2031 4785 2096 4840 de

511 4889 694 4960 spiritu
733 4905 824 4942 suo
848 4885 984 4941 dedit
1010 4881 1170 4937 nobis.
1207 4879 1272 4934 Et
1307 4896 1398 4934 nos
1423 4879 1640 4932 vidimus
1665 4887 1713 4933 et
1744 4879 2090 4947 testificamur,

511 4984 750 5056 quoniam
779 4980 932 5034 Pater
966 4977 1098 5033 misit
1130 4974 1323 5030 Filium
1365 4989 1511 5028 suum
1551 4972 1852 5026 salvatorem
1894 4970 2092 5026 mundi.

513 5075 754 5148 Quisquis
773 5075 1029 5144 confessus
1055 5071 1238 5142 fuerit,
1262 5069 1500 5140 quoniam
1521 5066 1672 5120 Iesus
1708 5075 1780 5120 est
1800 5065 1938 5134 filius
1959 5063 2091 5133 Dei,

510 5172 650 5227 Deus
679 5171 730 5224 in
753 5184 811 5221 eo
833 5175 998 5221 manet
1028 5176 1073 5220 et
1097 5169 1208 5236 ipse
1231 5164 1285 5216 in
1312 5160 1437 5216 Deo.
1472 5159 1537 5214 Et
1559 5176 1651 5214 nos
1672 5159 1890 5214 vidimus
1915 5169 1963 5213 et
1992 5175 2100 5213 cre-

507 5266 731 5320 didimus
750 5259 1007 5324 charitati,
1035 5275 1184 5328 quam
1209 5255 1354 5311 habet
1376 5252 1516 5308 Deus
1540 5253 1595 5306 in
1624 5252 1786 5317 nobis,
1817 5250 1952 5307 Deus
1975 5252 2101 5306 cha-

504 5359 631 5412 ritas
657 5365 728 5412 est
750 5370 769 5408 :
791 5363 838 5408 et
872 5351 957 5423 qui
991 5360 1156 5404 manet
1189 5351 1243 5404 in
1285 5347 1554 5408 charitate,
1590 5345 1645 5398 in
1682 5343 1786 5399 Deo
1813 5353 2020 5412 manet,
2051 5352 2100 5398 et

500 5448 671 5502 Deum
702 5450 760 5503 in
785 5461 863 5500 eo.
894 5441 962 5497 In
989 5443 1083 5495 hoc
1118 5440 1339 5509 perfecta
1365 5449 1437 5495 est
1462 5437 1685 5492 charitas
1715 5436 1975 5490 nobiscum
1993 5477 2008 5502 ,
2045 5443 2103 5490 ut

493 5541 750 5612 ﬁduciam
779 5538 1053 5597 habeamus
1078 5535 1132 5590 in
1160 5535 1242 5590 die
1256 5534 1470 5606 judicii,
1498 5532 1618 5604 quia
1645 5532 1778 5589 sicut
1801 5529 1892 5585 ille
1929 5540 2030 5600 est,
2056 5537 2104 5585 et

2206 4580 2437 4636 nedictus
2480 4597 2514 4634 a
2549 4580 2738 4635 stvculo
2793 4595 2950 4650 usque
2991 4579 3048 4633 in
3083 4579 3364 4648 steculum,
3418 4587 3466 4632 et
3509 4577 3654 4648 regni
3690 4577 3799 4648 ejus

2205 4688 2310 4727 non
2355 4672 2448 4727 erit
2493 4673 2612 4739 finis
2640 4670 2792 4744 (Luc,
2822 4669 2880 4743 ι).
2919 4671 3046 4725 Data
3087 4669 3298 4726 decimo
3337 4670 3495 4726 tertio
3542 4667 3799 4724 kalendas

2205 4764 2442 4821 Octobris
2472 4764 2652 4837 (anno
2675 4764 2783 4820 285
2803 4761 2854 4834 ),
2885 4761 3024 4818 Caro
3063 4761 3314 4820 Secundo
3341 4771 3396 4820 ct
3443 4760 3641 4818 Carino
3668 4759 3798 4816 viris

2207 4858 2523 4914 clarissimis
2555 4857 2870 4913 consulibus
2901 4855 3006 4929 (l).

2279 4973 2361 5046 (l)
2404 4976 2474 5030 15
2503 4974 2704 5028 kalend.
2736 4974 2899 5028 octob.
2954 4971 3086 5046 caro
3116 5015 3130 5039 ,
3185 4981 3292 5046 etc.
3345 4970 3481 5046 Hinc
3513 4969 3798 5046 conﬁrma-

2206 5042 2482 5115 tur,iluod
2513 5060 2676 5117 supra
2720 5045 2968 5117 diximus
3009 5045 3060 5117 in
3115 5044 3257 5098 notis
3306 5043 3578 5117 aintam
3629 5042 3795 5113 Euty-

2206 5114 2421 5180 chiau’i,
2469 5114 2646 5173 verliis
2678 5135 2693 5172 :
2737 5127 2902 5172 octav.
2951 5114 3413 5186 kalendaugusti,
3449 5116 3628 5170 verius
3656 5125 3795 5174 esse.

2215 5189 2611 5259 Eulychiunum
2643 5197 2796 5242 seu"
2829 5188 2947 5244 idus
2974 5185 3298 5259 ἀθοεῃιὶιτίε,
3334 5203 3440 5259 non
3466 5198 3645 5259 autem
3671 5193 3794 5240 octo

2209 5257 2470 5314 kalendas
2488 5261 2727 5330 augusti,
2755 5259 3073 5330 decessisse.
3104 5257 3474 5330 Huiciepistola
3503 5257 3648 5330 enini
3678 5261 3798 5326 post

2209 5340 2494 5401 augustum
2548 5327 2734 5387 Iliense
2787 5329 3075 5400 septembri
3134 5327 3332 5397 scripta
3374 5339 3457 5401 est
3501 5347 3516 5382 :
3567 5327 3792 5401 ideoque

2212 5397 2573 5459 certissimum
2605 5413 2708 5469 est,
2742 5397 2866 5456 cuni
2893 5403 3106 5467 saltem,
3129 5401 3274 5472 quod
3299 5399 3482 5456 scribit
3514 5397 3795 5472 pontiﬁca-

2213 5473 2310 5600 ξε,
2340 5489 2531 5531 mense
2551 5468 2781 5546 julio'ex
2807 5473 2907 5529 hac
2935 5471 3041 5530 vita
3087 5468 3216 5546 non,
3246 5476 3558 5540 emlgrasse.
3597 5468 3796 5528 Sivn.

2260 5559 2419 5600 iuius.

2260 5559 2419 5603 ωιυσ.
