4020 6072
237 125 348 180 177

1052 132 1109 188 S.
1154 130 1571 192 EUTYCHIANI
1605 131 1809 193 PAP/E
1848 135 1935 195 ET
1973 138 2330 199 MARTYRIS
2357 141 2699 202 DECRETA.

3410 156 3514 214 £78

231 249 3510 303 .._..____.________________________________________________

480 353 1356 473 DEGBETA
1447 361 2608 488 murranum:
2675 376 3291 534 PAPE,

229 618 300 679 SI
346 618 418 677 IN
471 619 622 678 IPSO
677 620 1096 679 EUTYCHIANI
1151 622 1406 680 NOMINE
1465 624 1696 682 ΕΒΒοΙῖ
1757 626 1889 684 NON
1945 629 2097 698 EST,
2149 632 2313 702 ρυλε
2371 634 2508 692 NON
2565 638 2940 699 HABENTUR
3003 645 3070 701 IN
3129 648 3515 722 PRIORIBUS,

803 720 850 774 Δ
902 717 1172 776 LABBEO
1227 717 1592 777 DESUMPTA
1650 720 1747 777 EX
1806 721 2160 782 GRATIANO
2212 727 2303 783 ET
2361 729 2570 787 IVONE
2622 732 2712 791 ET
2752 735 2950 796 ALllS.

921 937 1140 978 PBIIUI.

1853 926 1908 984 Α
1931 922 2118 978 cendia
2143 923 2350 993 fecerit,
2374 927 2488 985 sive
2510 929 2626 986 ﬁeri
2645 932 2888 1002 jusserit,
2921 947 3013 992 aut
3043 938 3257 998 facienti
3287 959 3516 1005 consen-

230 1019 357 1078 Non
385 1030 462 1077 est
480 1017 816 1076 obedientium
842 1017 1100 1090 episcopo,
1122 1017 1211 1088 qui
1234 1031 1328 1088 pro
1348 1015 1600 1071 hwreticis
1618 1015 1828 1071 missam
1932 1016 2081 1080 serit,
2113 1032 2390 1090 quousque
2417 1021 2484 1076 de
2510 1021 2594 1079 his
2637 1026 2922 1100 unicuique
2961 1031 3204 1102 li'galiter
3231 1046 3285 1091 et
3312 1038 3515 1096 amica.

854 1129 1033 1169 canere
1053 1115 1212 1178 iubet.

1931 1109 2110 1166 biliter
2133 1127 2313 1168 coram
2338 1115 2596 1188 episcopo
2619 1121 2874 1188 civitatis.
2905 1124 3128 1196 aliisque
3153 1129 3379 1202 civibus,
3408 1151 3514 1192 non

303 1230 362 1287 Si
387 1231 507 1302 quis
533 1231 841 1302 episcopus,
873 1239 966 1286 aut
1001 1231 1201 1295 abbas.
1235 1230 1553 1306 presbytero
1578 1239 1668 1285 aut
1707 1243 1824 1284 πω,
1930 1205 2319 1271 emendaverit,
2353 1209 2427 1306 ab
2448 1210 2687 1268 Ecclesia
2719 1231 2779 1272 se
2807 1217 3070 1285 privatum
3102 1236 3415 1292 cognoscat.
3443 1228 3501 1284 Si

233 1325 416 1382 nacho
439 1339 540 1380 suo
569 1325 792 1395 jusserit
818 1327 1010 1381 missas
1048 1342 1144 1396 pro
1171 1327 1437 1383 hmreticis
1463 1325 1541 1398 (i)
1566 1332 1786 1381 cantare
1805 1367 1820 1393 ,

223 1433 337 1478 non
363 1419 503 1476 licet.
537 1416 653 1474 Non
680 1418 822 1477 enim
846 1420 1061 1491 expedit
1087 1421 1166 1478 eis
1193 1420 1424 1478 obedire.

870 1552 1170 1594 SECUNDUM.

257 1629 530 1686 Abbatissa
557 1645 862 1700 prwsttmens
901 1632 1068 1686 velare
1106 1634 1379 1704 uirginem,
1410 1634 1487 1688 vel
1511 1634 1748 1702 viduam,

799 1725 1284 1778 excommunicetur.

297 1815 659 1872 Nihilominus
681 1817 844 1872 etiam
867 1817 918 1871 in
943 1816 1264 1887 quibusdam
1285 1817 1421 1874 locis
1447 1819 1719 1876 insolitum
1737 1821 1816 1875 in-

225 1909 478 1964 venimus
507 1924 661 1964 usum
691 1908 930 1964 stultitia:
958 1908 1202 1978 plenum,
1228 1919 1282 1965 et
1309 1909 1691 1966 ecclesiasticae
1715 1926 1813 1966 au-

225 2000 460 2055 ctoritati
488 2002 840 2068 contrarium,
874 2016 941 2056 eo
969 2001 1110 2072 quod
1144 2001 1399 2058 videlicet
1425 2004 1700 2060 nonnullae
1721 2005 1816 2060 ab-

222 2093 475 2157 batissae,
509 2104 562 2148 et
603 2094 796 2165 aliqua:
841 2110 906 2150 ex
952 2095 1491 2162 sanctimonialihus,
1536 2097 1711 2151 viduis
1761 2106 1818 2153 et

224 2186 425 2258 puellis
453 2186 770 2257 virginibus,
799 2198 986 2243 contra
1017 2187 1116 2254 fas,
1146 2187 1322 2243 velum
1365 2189 1643 2260 imponere
1673 2205 1813 2260 prae-

228 2290 480 2348 sumant,
508 2291 561 2336 et
591 2281 713 2337 ideo
742 2283 1013 2338 nonnulla!
1042 2282 1241 2353 injuste
1283 2283 1474 2338 velata:
1519 2293 1707 2354 putant
1754 2300 1814 2340 se

225 2376 452 2432 liberius
479 2378 592 2432 suis
631 2377 936 2432 carnalibus
973 2376 1257 2433 desideriis
1297 2393 1458 2448 posse
1486 2379 1726 2446 servire,
1760 2387 1816 2434 et

225 2485 361 2525 suas
387 2470 682 2526 voluntates
712 2471 953 2542 explere.
979 2469 1321 2542 Quapropter
1342 2471 1651 2536 statuimus,
1685 2483 1741 2527 ut
1769 2473 1817 2528 si

223 2561 504 2618 abbatissa
533 2572 620 2618 aut
641 2563 893 2634 quaslibet
920 2563 1368 2632 sanctimonialis,
1404 2573 1522 2634 post
1549 2563 1690 2619 hanc
1717 2564 1813 2622 dc-

223 2654 566 2719 ﬁuitionem,
599 2656 648 2710 in
694 2664 895 2711 tantam
943 2655 1220 2712 audaciam
1264 2657 1566 2727 proruperil
1589 2700 1604 2725 ,
1638 2668 1691 2712 ut
1721 2668 1817 2714 aut

221 2748 445 2803 viduam
469 2757 560 2802 aut
586 2749 817 2819 puellam
844 2749 1101 2820 virginem
1127 2751 1306 2804 velare
1333 2760 1646 2820 praesumat,
1672 2750 1817 2821 judi-

224 2840 312 2895 cio
341 2839 606 2896 canonico
635 2856 805 2912 usque
847 2841 913 2896 ad
955 2842 1378 2897 satisfactionem
1419 2841 1675 2897 subdatur
1705 2842 1726 2912 (
1747 2841 1815 2897 In

221 2935 413 2992 decret.
437 2935 549 2992 luo.
574 2936 662 2992 tib.
691 2949 769 3005 tu,
791 2935 882 3003 ΞΟ,
913 2954 964 3008 q.
987 2936 1042 2992 2.
1068 2935 1354 2992 Statuimus
1375 2947 1430 2991 ut
1455 2937 1498 2991 si
1515 2935 1814 3008 abbatissa.)
1885 2937 1887 2946 ‘

784 3075 791 3082 ‘
891 3067 1146 3109 TERTIUM.

222 3146 491 3203 Fidelium
539 3147 789 3202 consortio
833 3156 1044 3215 careat,
1089 3147 1178 3217 qui
1215 3148 1564 3220 paenitentiam
1598 3148 1813 3220 periurii

816 3257 965 3313 agere
986 3242 1223 3297 noluerit.

294 3357 701 3416 Pradicandum
733 3369 816 3413 est
841 3358 1036 3426 etiam,
1065 3365 1121 3412 ut
1152 3358 1444 3428 perjurium
1490 3357 1678 3414 fideles
1719 3373 1811 3415 ca-

221 3463 408 3519 veant,
435 3463 488 3509 et
519 3453 586 3507 ab
607 3451 710 3508 hoc
734 3467 1077 3521 summopere
1097 3451 1424 3519 abstineant,
1447 3451 1680 3507 scientes
1710 3451 1813 3506 hoc

220 3547 434 3619 grande
459 3545 642 3602 scelus
669 3560 814 3610 esse,
847 3553 902 3599 et
942 3545 995 3598 in
1031 3545 1146 3615 lege
1185 3555 1238 3599 et
1267 3544 1320 3598 in
1354 3544 1630 3614 prophetis
1673 3555 1728 3599 et
1757 3545 1814 3599 in

219 3643 576 3714 Evangelium
593 3642 916 3713 prohibitum
939 3641 1146 3715 (Levit.,
1165 3657 1240 3706 vr;
1262 3640 1443 3707 Josue,
1463 3656 1536 3704 tx;
1552 3639 1808 3709 Malach.,

218 3755 312 3805 tu;
343 3736 563 3803 Mutila,
591 3736 665 3809 v).
699 3735 1016 3791 Audivimus
1044 3742 1220 3790 autem
1247 3733 1504 3804 quosdam
1527 3733 1809 3804 parvipen-
1835 3731 1878 3795 C

217 3833 352 3889 dere
370 3831 476 3887 hoc
488 3832 684 3894 scelus,
699 3840 754 3887 et
769 3831 940 3886 levem
955 3826 1354 3898 quodammodo
1371 3827 1617 3897 periuriis
1639 3825 1812 3896 poeni-

216 3901 957 3992 tentiaemodumimponere.
979 3919 1078 3989 Qui
1109 3935 1268 3976 nosse
1293 3919 1512 3984 debent,
1546 3921 1706 3975 talem
1739 3920 1810 3976 de

215 4017 464 4092 perjurio
494 4017 858 4086 paenitentiam
889 4014 1087 4083 imponi
1126 4013 1353 4075 debere,
1386 4013 1595 4082 qualem
1642 4022 1698 4068 et
1740 4011 1809 4068 de

216 4112 514 4176 adulterio,
545 4119 601 4166 et
624 4110 691 4165 de
721 4108 1095 4173 fornicatione,
1121 4117 1175 4160 et
1203 4104 1271 4160 de
1300 4103 1588 4160 homicidio
1616 4113 1810 4174 sponte

214 4205 516 4262 commisso
535 4247 550 4269 ,
579 4213 633 4258 et
659 4202 727 4257 de
769 4201 979 4257 czeteris
1005 4197 1374 4255 criminalibus
1413 4196 1575 4252 vitiis.
1605 4196 1662 4252 Si
1691 4197 1810 4268 quis

216 4317 348 4357 vero
380 4306 690 4369 perpetrato
720 4296 975 4366 pcrjurio,
1005 4304 1099 4349 aut
1127 4293 1367 4364 quolibet.
1391 4292 1654 4348 criminali
1685 4307 1804 4363 pec-

216 4406 364 4459 cato,
397 4394 593 4448 timens
636 4389 1004 4461 paenitentiam
1037 4389 1282 4458 longam,
1314 4385 1382 4440 ad
1407 4384 1806 4440 confessionem

219 4488 411 4544 venire
436 4485 702 4550 voluerit,
731 4483 800 4538 ab
839 4481 1078 4538 Ecclesia
1118 4478 1458 4551 repellendus
1482 4488 1566 4534 est
1584 4521 1600 4547 ,
1632 4479 1746 4534 sive
1775 4495 1807 4534 a

219 4578 601 4636 communione
625 4585 680 4632 et
703 4575 977 4630 consortio
1005 4572 1260 4637 fidelium,
1295 4582 1356 4627 ut
1381 4571 1560 4626 nullus
1589 4586 1709 4627 cum
1732 4587 1802 4628 eo

220 4674 506 4741 comedat,
537 4687 714 4744 neque
742 4670 922 4740 bibat,
960 4683 1136 4740 neque
1167 4677 1284 4724 oret
1310 4683 1336 4736 ,·
1360 4681 1536 4739 neque
1564 4667 1617 4723 in
1647 4666 1808 4724 domo

229 4783 328 4823 sua
353 4784 474 4823 eum
506 4767 747 4837 recipiat.
1537 4775 1544 4778 "

865 4874 1132 4926 QUARTUM.

226 4955 468 5012 Membra
493 4957 814 5019 detruncans,
845 4953 1020 5009 domos
1048 4950 1340 5020 incendens,
1370 4952 1560 5022 absque
1576 4951 1810 5020 iudiciali

615 5048 912 5105 auctoritate
939 5044 1414 5102 excommunicetur.

294 5164 361 5222 Si
389 5163 516 5236 quis
538 5165 892 5220 membrorum
924 5159 1306 5227 truncationes,
1327 5167 1382 5216 et
1405 5159 1688 5216 domorum
1718 5157 1801 5215 in-
1831 5129 1887 5192 Β

291 5300 380 5375 (l)
421 5299 615 5358 Cteteri
660 5300 978 5358 collectores
1014 5295 1216 5356 addunt
1252 5297 1515 5354 mortuis:
1543 5311 1644 5368 pro
1670 5295 1808 5353 vivis

1929 1313 2057 1355 vero
2084 1311 2204 1371 post
2231 1303 2518 1360 secundam
2543 1314 2600 1362 et
2619 1311 2828 1364 tertiam
2855 1315 3292 1382 conventionem,
3321 1330 3508 1375 cuncta

1926 1392 1984 1447 in
2004 1393 2201 1464 quibus
2221 1397 2484 1468 arguitur,
2510 1413 2615 1454 non
2637 1401 3023 1469 emendaverit,
3049 1414 3316 1478 tamquam
3339 1410 3516 1466 ethni-

1927 1500 2022 1541 cus
2058 1496 2113 1542 et
2141 1488 2475 1560 publicanus,
2513 1491 2582 1549 ab
2622 1495 2770 1550 omni
2817 1496 3238 1556 Christianorum
3282 1502 3511 1575 collegio

1925 1589 2226 1649 separetur.

2595 1715 2850 1766 ρυιΝτωί.

2019 1810 2087 1866 In
2114 1820 2358 1882 potestate
2387 1815 2554 1884 ﬁdelis
2579 1817 2678 1884 sit,
2706 1829 2819 1888 post
2849 1820 3152 1890 baptismum
3179 1826 3405 1895 recipere

2303 1925 2514 1984 uxorem
2539 1927 2692 1982 quam
2715 1923 2833 1968 ante
2858 1914 3139 1972 dimiserat.

1996 2025 2051 2080 Si
2092 2026 2211 2096 quis
2257 2027 2472 2097 gentilis
2516 2031 2774 2100 gentilem
2821 2048 3042 2090 uxorem
3079 2035 3344 2094 dimiserit
3381 2049 3508 2100 ante

1918 2119 2282 2189 baptismum;
2328 2133 2448 2192 post
2479 2124 2801 2195 baptismum
2843 2126 2896 2183 in
2942 2138 3208 2200 potestate
3235 2133 3352 2204 ejus
3380 2135 3484 2192 erit

1918 2227 2038 2271 eam
2069 2211 2288 2283 habere,
2317 2216 2403 2274 vel
2432 2230 2538 2272 non
2565 2217 2788 2276 trahere.

2601 2351 2825 2392 SEXTUM.

2015 2445 2213 2500 Fidelis
2239 2447 2501 2514 inﬁdelem
2527 2450 2865 2507 discedentem
2891 2457 3033 2525 sequi
3055 2472 3159 2511 non
3184 2459 3401 2530 cogitur.

1991 2556 2167 2614 Simili
2193 2561 2374 2630 modo,
2406 2564 2449 2618 si
2479 2579 2615 2620 unus
2645 2579 2710 2620 ex
2734 2565 3032 2638 conjugatis
3063 2569 3361 2640 baptizatus
3389 2585 3505 2642 eSt,

1919 2663 1974 2706 et
2001 2654 2138 2709 alter
2162 2657 2404 2726 gentilis,
2437 2669 2491 2714 et
2520 2658 2672 2730 sequi
2701 2675 2807 2716 non
2840 2661 2947 2716 vult
2967 2704 2982 2726 ,
3010 2664 3148 2719 sicut
3174 2665 3301 2722 dicit
3327 2669 3502 2738 Apos-

1919 2745 2061 2804 tolus
2090 2765 2104 2803 :
2134 2745 2370 2819 Inﬁdelis
2396 2751 2441 2806 si
2469 2751 2702 2819 discedit,
2734 2755 2967 2816 discedat
2997 2757 3044 2828 (Ι
3068 2755 3214 2827 Con,
3248 2760 3370 2833 νυ).

2573 2884 2857 2927 SEPTIHUM.

2379 2969 2640 3054 Synodale
2659 2989 3024 3059 juramentum.

1989 3119 2288 3193 Episcopus
2344 3123 2396 3177 in
2453 3123 2660 3196 synodo
2707 3127 2985 3197 residens,
3037 3141 3161 3201 post
3208 3148 3498 3205 congruam

1916 3213 2294 3269 allocutionem
2339 3225 2546 3286 septem
2573 3233 2637 3272 ex
2676 3219 2830 3288 plebe
2869 3221 2985 3292 ejus
3031 3231 3056 3260 ε
3086 3225 3386 3294 parochias,
3417 3229 3503 3284 vel

1917 3322 1983 3363 eo
2009 3309 2257 3379 amplius,
2291 3319 2452 3380 prout
2481 3311 2675 3368 viderit
2699 3315 2984 3385 expedire,
3015 3319 3367 3387 maturiores,
3399 3321 3498 3377 ho—

1916 3401 2214 3468 nestiores,
2249 3412 2412 3473 atque
2438 3404 2742 3462 veraciores
2768 3407 2946 3477 viros,
2981 3409 3034 3464 in
3078 3409 3310 3466 medium
3342 3412 3502 3470 debet

1915 3492 2178 3550 advocare
2208 3511 2222 3548 :
2255 3503 2312 3549 et
2336 3494 2542 3551 illatisb
2586 3509 2892 3554 sanctorum
2927 3501 3237 3571 pignoribus
3258 3545 3273 3570 ,
3301 3520 3498 3560 unum-

1914 3599 2181 3656 quemque
2223 3586 2434 3642 illorum
2479 3587 2570 3643 tali
2615 3601 2953 3648 sacramento
2997 3595 3400 3666 constringere,
3443 3609 3502 3654 ut

1917 3677 2111 3733 amodo
2156 3678 2210 3732 in
2255 3689 2426 3736 antec
2469 3680 2727 3753 quidquid
2770 3685 2940 3750 nosti,
2993 3695 3084 3741 aut
3135 3686 3360 3756 audisti,
3408 3701 3503 3746 aut

1914 3771 2252 3842 postmodum
2278 3773 2628 3844 iuquisiturus
2665 3791 2746 3843 es,
2781 3777 2921 3846 quod
2948 3787 3131 3834 contra
3163 3781 3496 3838 voluntatem

1914 3870 2008 3926 Dei
2036 3880 2090 3926 et
2119 3880 2320 3926 rectam
2353 3871 2796 3928 christianitatem
2829 3875 2880 3928 in
2921 3875 3019 3930 ista
3055 3876 3340 3946 parochia,
3381 3877 3495 3933 fac-

1914 3947 2025 4018 tum
2055 3963 2154 4028 sit,
2185 3973 2276 4018 aut
2303 3963 2536 4019 futurum
2565 3965 2700 4028 erit,
2731 3967 2776 4021 si
2804 3966 2856 4020 in
2878 3966 3067 4023 diebus
3097 3968 3200 4021 tuis
3221 3969 3492 4038 evenerit,

1913 4067 2117 4114 tantum
2164 4071 2220 4116 ut
2250 4062 2315 4117 ad
2357 4072 2499 4118 tuam
2540 4065 2898 4135 cognitionem
2948 4081 3289 4137 quocumque
3337 4067 3497 4124 modo

1912 4153 2222 4222 perveniat,
2254 4157 2299 4208 si
2330 4156 2434 4210 scis
2454 4198 2470 4224 ,
2502 4164 2592 4210 aut
2635 4156 2923 4212 indicatum
2969 4156 3128 4213 fuerit
3169 4158 3296 4223 tibi,
3327 4175 3496 4232 syno-

1913 4245 2088 4301 dalem
2115 4261 2330 4302 causam
2359 4263 2508 4314 esse,
2538 4259 2591 4305 et
2619 4248 2684 4305 ad
2722 4251 3075 4307 ministerium
3117 4251 3352 4323 episcOpi
3377 4269 3499 4325 per-

1913 4342 2112 4407 tinere,
2158 4341 2303 4413 quod
2346 4351 2399 4398 tu
2439 4358 2538 4399 nec
2584 4353 2801 4414 propter
2837 4361 3110 4413 amorem,
3155 4363 3253 4402 nec
3281 4356 3499 4419 propter

1913 4432 2184 4496 timorem.
2218 4449 2318 4490 nec
2345 4444 2566 4506 propter
2597 4435 2896 4506 praemium,
2927 4451 3027 4492 nec
3053 4448 3270 4510 propter
3300 4454 3495 4510 paren-

1915 4525 2073 4580 telam
2094 4567 2109 4592 ,
2139 4526 2406 4582 ullatenus
2439 4527 2581 4582 celes
2603 4527 2889 4598 episcopo,
2922 4535 3015 4582 aut
3034 4527 3151 4599 ejus
3180 4529 3380 4596 misso,
3407 4530 3495 4584 cui

1912 4617 2017 4674 hoc
2063 4619 2332 4690 inquirere
2375 4618 2626 4689 jusserit,
2687 4619 3130 4690 quandocumque
3177 4636 3244 4674 ex
3293 4619 3395 4674 hoc
3440 4627 3494 4674 te

1912 4713 2323 4782 interrogaverit
2364 4712 2484 4767 :sic
2526 4723 2578 4768 te
2627 4712 2768 4768 Deus
2791 4711 3047 4782 adjuvet,
3089 4721 3143 4767 et
3168 4713 3282 4766 istae
3311 4718 3498 4766 sancto

1912 4822 2028 4864 rum
2057 4806 2296 4877 reliquiae
2315 4849 2329 4872 ,
2371 4814 2426 4861 et
2464 4805 2592 4862 illud
2619 4803 2646 4842 ἀ
2678 4815 3067 4862 sacramentum
3086 4847 3102 4872 ,
3133 4803 3273 4874 quod
3296 4804 3440 4874 juste
3469 4815 3497 4842 ο

1906 4899 2107 4971 juravit
2141 4898 2208 4954 de
2255 4898 2497 4970 synodali
2541 4914 2736 4965 causa,
2781 4897 2923 4968 quod
2954 4906 3008 4953 tu
3039 4894 3166 4950 illud
3195 4910 3260 4950 ex
3301 4896 3387 4959 te,
3421 4897 3495 4951 ita

1912 4990 2320 5055 observahis,’in
2341 5001 2598 5061 quantum
2625 4991 2791 5062 sapis,
2817 4997 2909 5044 aut
2933 4987 3152 5055 audisti,
3171 4997 3264 5043 aut
3289 4988 3357 5044 ab
3383 4988 3487 5043 hac

1912 5084 2001 5142 die
2030 5085 2082 5140 in
2111 5092 2266 5141 antea
2295 5084 2648 5157 iuquisiturus
2675 5098 2755 5150 es,
2784 5082 2864 5138 sic
2895 5091 2947 5137 te
2976 5081 3115 5138 Deus
3143 5081 3380 5152 adjuvet.

1915 5225 2058 5280 enim
2089 5231 2143 5279 et
2161 5222 2287 5349 laliis
2313 5221 2466 5278 malis
2495 5221 2658 5278 etiam
2677 5217 2895 5290 speciali
2915 5217 3158 5276 oratione
3181 5217 3388 5275 licitum
3413 5226 3498 5275 est

1915 5310 2086 5349 orare.
2207 5310 2322 5349 ABR.

1911 5310 2086 5352 orare.
2161 5310 2322 5350 LABB.

1459 5438 1837 5502 LECTIONES
1871 5437 2282 5497 VARIANTES.

284 5565 311 5592 ³
340 5559 502 5611 Ipsius
522 5559 666 5611 Labb.

282 5625 314 5661 1’
341 5623 520 5674 Allatis
539 5623 682 5674 Labb.

281 5693 305 5719 θ
336 5686 497 5737 Antea
523 5684 661 5735 Labb.

1977 5553 2004 5593 ἀ
2031 5553 2347 5606 Burchardus
2383 5546 2516 5619 legit,
2541 5552 2702 5616 istud;
2740 5560 2787 5605 et
2826 5555 3065 5622 prmpomt
3087 5549 3218 5604 hanc
3241 5544 3494 5598 rubricam

1909 5619 2250 5670 Jttramentum
2280 5621 2585 5668 caeterorum.
2667 5649 2736 5670 ,κ

1987 5684 2009 5713 ε
2035 5679 2134 5730 Iste
2159 5678 2301 5732 Lobb.
