4020 6072
445 187 545 243 179

1100 317 1364 392 Qt'i'ﬁlﬁi.

436 441 533 506 (Ex
553 442 784 508 decreto,-
979 437 1056 528 est
1079 431 1315 522 librorum
1353 435 1638 522 statim,
1664 441 1792 506 libi-0
1816 443 2022 519 gustatio

909 538 1098 594 quarto,
1123 535 1282 597 capite
1306 537 1564 604 secundo.)

707 636 777 692 Et
795 637 985 692 malum
1011 637 1261 694 ebrietatis
1286 643 1490 696 omnino
1518 644 1719 700 vitetur.

510 737 703 806 Malum
741 766 989 822 magnum
1020 753 1298 811 ebrietatis
1320 797 1334 821 ,
1362 757 1504 814 unde
1533 761 1714 819 omnia
1745 763 1874 819 vitia
1902 765 2020 836 pul-

437 843 626 909 lulant,
646 842 965 900 Christianis
990 846 1162 901 modis
1183 848 1433 904 omnibus
1450 865 1641 908 cavere
1661 856 2020 925 praecipimus.

437 936 536 1005 Qui
579 947 758 990 autem
787 935 888 991 hoc
926 937 1094 993 vitare
1139 939 1400 1007 noluerit,
1449 949 2021 1005 excommunicandum

435 1035 557 1086 esse
582 1029 936 1099 decrevimus,
965 1046 1131 1102 usque
1151 1032 1218 1087 ad
1241 1049 1534 1104 congruam
1562 1039 2018 1100 emendationem.

1135 1139 1332 1183 NONUM.

871 1237 968 1300 (Ex
994 1241 1189 1305 eodem,
1216 1243 1379 1306 capite
1403 1245 1596 1310 tertio.)

436 1337 586 1406 Quod
633 1341 857 1412 episcopi
901 1352 949 1398 et
988 1344 1085 1400 Dei
1124 1346 1346 1403 ministri
1391 1349 1630 1406 ebrietate
1668 1360 1772 1408 non
1810 1354 2024 1410 debeant

1123 1455 1348 1512 gravari.

503 1583 751 1663 Episcopi
780 1602 834 1648 et
869 1593 961 1650 Dei
992 1595 1260 1664 ministri,
1306 1613 1414 1654 non
1444 1599 1643 1657 debent
1667 1604 2022 1658 comessatio-

433 1687 592 1743 nibus
617 1695 671 1743 et
699 1688 1009 1745 vinolentiis
1036 1690 1217 1748 nimiis
1258 1693 1592 1761 incumbere,
1628 1694 1724 1751 sed
1765 1698 2017 1752 conside-

433 1790 555 1836 rent
606 1782 926 1837 sententiam
984 1785 1228 1852 Domitii,
1279 1784 1572 1843 dicentes:
1615 1788 1904 1854 Attendite,
1957 1806 2020 1842 ne

437 1883 710 1946 graventur
757 1877 915 1930 corda
953 1883 1116 1933 uestra
1149 1880 1202 1933 in
1241 1881 1457 1952 erapula
1485 1889 1532 1936 et
1575 1877 1813 1938 ebrietate
1841 1883 2017 1953 (Luc.,

438 1983 566 2034 nt;
597 1967 618 2022 ι
645 1967 847 2036 Tltess.,
877 1968 982 2042 Ill).
1015 1971 1288 2030 Moderata
1335 1973 1479 2030 enim
1509 1971 1683 2030 cibum
1703 2018 1716 2042 ,
1757 1985 1811 2031 et
1841 1992 2024 2032 neces-

1419 188 1506 253 DE
1537 185 1804 257 saneto
1838 183 2002 260 ’CAlO
2040 184 2327 263 ROMANO
2363 189 2744 269 rammers.

2047 311 2100 385 Α
2126 309 2325 409 sarium
2354 337 2622 399 sumptum
2654 339 2887 406 sumant,
2919 340 2977 409 ut
3000 333 3150 409 juxta
3179 337 3505 409 apostolum,
3537 341 3708 399 sobrii

2054 1941 2102 2000 B

3607 203 3710 285 180

2125 406 2254 488 stat,
2287 408 2340 477 et
2367 415 2541 493 parati
2568 423 2635 478 ad
2660 402 3072 482 seramus.

2783 553 3035 596 DECIMUM.

2529 653 2624 719 (Ex
2648 655 2845 719 eodem,
2880 659 3041 722 capite
3074 658 3312 724 decimo.)

2129 761 2319 830 Quales
2353 760 2582 834 persona:
2622 767 2940 820 sacerdatum
2981 765 3147 837 epulis
3191 770 3432 825 interesse
3477 773 3709 829 debeant.

2126 863 2151 917 τί
2179 856 2602 912 ‘Observandum
2625 868 2707 913 est
2725 859 2898 926 nobis,
2919 868 3043 915 utet
3063 875 3158 914 vos
3183 861 3251 915 ab
3271 862 3526 918 ebrietate
3547 865 3710 920 absti-

2129 955 2302 1007 neatis
2322 993 2338 1017 ,
2368 960 2423 1007 et
2453 961 2506 1006 ut
2539 951 2722 1021 plebes
2759 952 2986 1009 subditae
3014 954 3345 1021 abstineant,
3387 959 3708 1025 prtedicetis.

2127 1043 2197 1100 Et
2222 1059 2393 1114 neque
2414 1057 2510 1115 per
2530 1046 2782 1100 tabernas
2801 1047 2936 1101 eatis
2957 1045 3209 1114 bibendo,
3235 1057 3328 1103 aut
3351 1052 3710 1118 comedenda,-

2127 1151 2301 1206 neque
2327 1136 2515 1192 domos
2531 1147 2620 1190 aut
2643 1138 2790 1192 vicos
2811 1138 3121 1194 curiositate
3140 1139 3379 1209 qualibet
3398 1145 3712 1213 peragretis,

2128 1244 2301 1299 neque
2339 1243 2459 1283 cum
2499 1228 2745 1293 feminis,
2798 1238 2890 1284 aut
2924 1243 3044 1285 cum
3101 1230 3428 1297 quibuslibet
3470 1235 3715 1302 personis

2126 1321 2370 1392 impuris,
2400 1319 2640 1376 convivia
2665 1319 2984 1388 exerceatis,
3019 1313 3121 1375 nisi
3152 1319 3291 1378 forte
3329 1311 3717 1392 paterfamilias

2126 1399 2349 1484 quilibet
2392 1417 2488 1469 vos
2530 1410 2832 1469 invitaverit
2873 1411 2940 1468 ad
2983 1403 3201 1499 domum
3251 1421 3437 1483 suam",
3487 1425 3544 1473 et
3585 1434 3714 1499 cum

2127 1496 2356 1579 conjuge
2397 1523 2525 1575 sua,
2572 1519 2625 1562 et
2669 1497 2788 1563 cum
2832 1501 2984 1578 plebe
3012 1488 3142 1562 velit
3167 1505 3443 1564 vobiscum
3489 1489 3717 1581 spiritali

2128 1602 2321 1674 gaudio
2369 1603 2575 1670 lmtari,
2609 1611 2664 1658 et
2692 1595 2978 1657 verborum
3015 1597 3318 1657 vestrorum
3363 1603 3712 1660 refectionem

2128 1695 2404 1764 accipere,
2437 1693 2492 1750 et
2531 1691 2681 1749 vobis
2729 1690 3076 1750 refet'itioiiein
3125 1692 3393 1750 carnalem
3438 1687 3717 1753 charitatis

2128 1786 2308 1843 officio
2336 1786 2618 1844 exhibere.
2641 1779 2867 1859 Oportet
2894 1785 3034 1843 enim
3056 1831 3069 1853 ,
3097 1779 3153 1842 ili
3176 1788 3221 1842 si
3251 1787 3464 1858 quando
3492 1790 3719 1860 quilibet

2129 1863 2363 1937 fidelium
2408 1877 2713 1935 carnalibus
2754 1877 2848 1935 vos
2897 1877 3306 1950 reﬁcitepulis,
3335 1895 3364 1934 a
3394 1879 3546 1936 vobis
3587 1881 3714 1936 reli-

2127 1976 2300 2030 ciatur
2328 1971 2695 2045 spiritualibus
2722 1973 2914 2044 epulis.

1307 2167 1666 2233 SYNODUS
1726 2159 2358 2238 MESOPOTAMICA
2404 2142 2832 2238 ARCHELAI.

501 2285 751 2358 Synodus
797 2287 978 2343 divina
1005 2297 1060 2344 et
1088 2303 1239 2346 sacra
1285 2283 1656 2362 particularis,
1703 2294 1927 2351 collecta
1959 2296 2013 2352 in

2187 2295 2399 2358 Σύνοδος
2444 2303 2549 2355 θεία
2586 2304 2670 2356 καὶ
2710 2302 2824 2378 ἱερά
2880 2296 3056 2380 (napum
3107 2309 3522 2381 συναθροισθεῖσα
3563 2311 3607 2363 εν
3648 2320 3712 2386 τῇ

429 2379 809 2447 Mesopotamia
841 2381 910 2434 ab
939 2381 1204 2438 Archelao
1224 2382 1618 2442 Careliarorum
1649 2388 1933 2459 episcopo,
1964 2398 2018 2445 et

2129 2393 2503 2466 ιιεσςοποταμία,
2535 2395 2636 2450 ἀπὸ
2664 2397 2934 2471 Δρχελὰου
2974 2398 3255 2454 ὶπισκόπου
3281 2403 3596 2477 Καρχάρων,
3631 2389 3712 2459 καί

430 2471 667 2528 Diodoro
709 2472 1022 2542 sacerdote,
1071 2486 1259 2533 contra
1304 2478 1511 2534 Martem
1562 2479 1914 2548 infernalem,
1963 2494 2019 2539 et

2129 2482 2369 2562 Διοδώρου
2417 2489 2612 2564 ἱερέως,
2666 2492 2792 2545 κατά
2844 2493 3093 2552 Matutam;
3150 2497 3241 2547 τοῦ
3290 2493 3582 2568 ἐριϐὡδοις,
3632 2502 3711 2550 καὶ

431 2564 797 2621 Diodonadcm
845 2568 1215 2640 presbyterum
1247 2589 1260 2625 :
1294 2587 1415 2643 qua:
1459 2572 1646 2630 multis
1686 2575 1860 2632 modis
1891 2591 2020 2632 con-

428 2657 625 2714 futatos
651 2657 816 2716 hosce
843 2661 1132 2718 abdicavit.

627 2961 868 3073 nn
943 2957 1086 3078 s.
1163 2945 1594 3076 duo
1670 2961 2461 3079 ROMANO
2533 2965 3518 3088 PONTII'ICE

2119 2579 2457 2657 Διοδωριάδου
2515 2584 2897 2660 πρεσϐυτέρου·
2947 2586 3058 2645 ἥτις
3119 2588 3455 2660 πολυτρόπως
3509 2593 3710 2652 τούτοις

2126 2675 2366 2748 ἐλεγξασα
2394 2678 2665 2753 ἀπεκέρυξε
2677 2720 2688 2733 .

1461 3163 1952 3302 ῌΟΤΙΤΙΑ
2020 3167 2687 3252 HISTORIGA.

430 3351 436 3356 '
526 3346 639 3404 Caii
663 3361 812 3420 papa:
841 3347 1168 3418 pontiﬁcatus
1194 3354 1240 3400 et
1269 3345 1453 3400 obltus.
1475 3373 1546 3385 —
1568 3345 1796 3401 Sanctus
1823 3346 2016 3415 Caius,
2045 3348 2091 3412 C
2123 3351 2327 3415 quievit.
2358 3350 2504 3406 lnter
2532 3363 2798 3438 martyres
2842 3364 3020 3411 tamen
3057 3357 3175 3442 ejus
3217 3362 3472 3416 memoria
3498 3363 3551 3418 in
3575 3380 3709 3420 non—

431 3457 590 3516 quem
637 3438 950 3496 Pontificale
979 3437 1190 3491 Damasi
1238 3435 1417 3500 tradit,
1452 3436 1665 3491 natione
1704 3436 1868 3490 fuisse
1900 3437 2023 3492 θαι-

433 3544 651 3599 matem,
679 3549 744 3589 es
768 3546 967 3603 genere
986 3529 1319 3595 Diocletiani,
1345 3545 1408 3584 ex
1435 3529 1592 3585 Patre
1616 3529 1765 3598 Caio,
1799 3538 1856 3584 ut
1874 3532 2025 3602 putat

431 3625 748 3682 Coutantius
773 3663 788 3691 ,
826 3638 984 3694 quem
1029 3631 1325 3691 sequuntur
1349 3623 1609 3678 Auctores
1636 3621 1790 3676 L’Art
1815 3624 1877 3677 de
1907 3625 2028 3678 ueri-

435 3720 530 3790 fier
559 3719 630 3772 les
657 3717 818 3778 dates,
854 3717 906 3769 in
933 3715 1110 3772 locum
1141 3712 1455 3784 Eutyebiani
1484 3713 1736 3769 suffectus
1765 3713 1864 3769 fuit
1882 3729 2025 3771 anno

433 3810 651 3868 Domini
680 3809 809 3874 18.3,
835 3808 922 3863 die
973 3820 1086 3862 xvn
1116 3802 1450 3873 decembris,
1505 3805 1633 3862 feria
1661 3806 1891 3862 secunda
1922 3806 2023 3880 (1).

435 3903 567 3959 Erat
605 3903 684 3957 uir
710 3915 910 3973 magna:
933 3900 1236 3972 prudentia,
1265 3913 1559 3969 magnaeque
1597 3899 1811 3965 virtutis,
1861 3908 1916 3954 ut
1945 3913 2028 3954 εει

435 4002 491 4056 in
538 3997 686 4054 Actis
713 3995 747 4050 8
776 3993 1074 4052 Sebastiani
1101 3991 1202 4064 (3).
1235 3993 1318 4048 Ab
1344 4007 1410 4047 eo
1435 3992 1806 4048 conﬁrmatum
1836 3993 2026 4050 dicitur

434 4090 732 4147 institutum
761 4086 1018 4155 Ecclesiae
1046 4094 1220 4152 vetus,
1255 4095 1314 4140 ut
1351 4083 1542 4140 Clerici
1583 4100 1676 4156 per
1704 4096 1909 4156 septem
1937 4102 2026 4142 or-

439 4183 621 4240 dinum
646 4178 845 4252 gradus
885 4178 1264 4234 documentum
1298 4176 1370 4232 fui
1398 4177 1619 4244 dantes;
1649 4179 1931 4235 tenderent
1957 4179 2025 4235 ad

438 4273 806 4346 episcopatum
856 4270 960 4343 ('5).
1011 4271 1142 4338 Quae
1187 4277 1447 4341 praeterea
1506 4271 1674 4341 gessit
1718 4272 2022 4342 pontificem

440 4378 607 4436 agens
628 4378 723 4434 per
752 4377 922 4416 annos
950 4360 1253 4430 duodecim,
1287 4376 1500 4418 menses
1525 4373 1777 4433 quatuor,
1816 4376 1868 4420 et
1910 4364 2026 4421 dies

443 4459 700 4530 quinque,
732 4455 898 4510 latent
941 4454 1173 4510 tenebris
1199 4455 1386 4511 obruta
1413 4456 1709 4522 vetustatis,
1735 4457 1916 4514 vivere
1941 4458 2028 4515 de-

441 4553 531 4608 siit
571 4568 601 4605 χ
641 4545 898 4605 kalendas
943 4548 1105 4613 maii,
1146 4548 1473 4605 Diocletiano
1517 4549 1582 4605 Vl
1613 4560 1667 4604 et
1714 4547 2026 4608 Constantio

443 4645 661 4701 Caesare
687 4640 730 4697 ΙΙ
754 4641 1082 4710 consulibus,
1109 4649 1164 4696 ut
1194 4641 1247 4696 iu
1277 4642 1517 4714 catalogo
1540 4641 1875 4698 Bucheriauo
1899 4641 2028 4714 legi-
2052 4661 2105 4739 Ῐ)

441 4745 530 4791 tur
562 4754 575 4790 :
607 4735 676 4790 de
703 4749 810 4805 quo
839 4733 998 4790 etiam
1024 4733 1288 4800 indiculus
1316 4733 1663 4805 depositionis
1693 4735 1839 4792 addit
1867 4755 1882 4790 :
1920 4734 2025 4791 Deo

445 4828 577 4904 cinia
617 4826 718 4882 kal.
744 4827 885 4890 maii,
935 4826 1044 4880 Caii
1077 4826 1130 4879 in
1157 4823 1376 4882 Callisti.
1417 4826 1681 4884 Caeterum
1711 4832 1757 4884 si
1782 4830 1914 4886 fides
1938 4846 2029 4886 ca-

445 4920 634 4992 talogis
650 4934 994 4975 romanorum
1021 4918 1327 4988 pontificum
1359 4919 1601 4976 habenda
1628 4919 1814 4977 :Caius
1827 4922 2027 4995 fugiens
2062 4965 2066 4969 μ

448 5015 843 5084 persecutionem
870 5009 1172 5065 Diocletiani
1204 5013 1260 5065 in
1294 5014 1484 5084 cryptis
1499 5015 1732 5069 habitans
1769 5019 2028 5087 conﬁssor

520 5193 598 5272 (1)
619 5188 898 5272 ,ϐουιειῃιν
948 5189 1537 5272 Epistqromhpontif”
1578 5201 1711 5272 tom.
1745 5207 1782 5272 1_,
1809 5167 2019 5272 p.506,

446 5260 542 5345 cui
562 5260 724 5318 etiam
753 5261 1104 5331 adstipulatur
1121 5261 1288 5319 Mansi
1307 5262 1359 5316 in
1389 5272 1500 5317 not.
1525 5260 1593 5317 ad
1620 5260 1842 5320 annales
1863 5263 2025 5320 Baro-

449 5350 597 5478 ῃυξὲ)
629 5404 744 5459 Act.
771 5402 1112 5472 Sanctorum,
1151 5404 1289 5476 apud
1314 5404 1582 5473 Bolland.,
1603 5405 1690 5463 die
1711 5405 1781 5463 20
1797 5407 2026 5478 januarii

443 5477 968 5633 g?3)1§eplenarius
1020 5545 1249 5633 Qdigum
1267 5619 1278 5633 ι
1297 5565 1552 5633 numerus
1577 5561 1664 5607 est
1691 5549 1760 5633 _iu
1788 5550 2025 5633 Epistula

421 5617 883 5753 ggrnféiiPapm
926 5617 1068 5693 apud
1120 5617 1345 5689 Euseb,
1408 5617 1546 5680 Hist.
1599 5619 1746 5712 each,
1798 5617 1894 5681 llb.
1949 5623 2022 5693 vi,

2126 3433 2285 3498 nul!is
2318 3435 2708 3518 martyrologiis
2752 3461 3082 3506 recenselur.
3117 3437 3225 3508 Nec
3255 3455 3467 3521 mirum,
3498 3473 3617 3513 cum
3649 3476 3712 3516 eo

2129 3521 2278 3590 titulo
2320 3535 2353 3590 ii
2377 3538 2536 3593 etiam
2584 3527 2872 3610 aliquando
2915 3554 3326 3611 exornarentur,
3375 3549 3462 3619 qui
3488 3552 3587 3606 etsi
3619 3567 3712 3622 pro

2126 3623 2322 3680 Christi
2356 3619 2458 3684 fide
2484 3641 2770 3697 certantes,
2801 3632 2960 3688 vitam
2991 3650 3108 3690 cum
3139 3650 3310 3694 morte
3333 3656 3437 3694 non
3467 3619 3712 3698 commu-

2130 3721 2353 3784 taSs'ent,
2389 3719 2732 3780 nihilominus
2771 3741 2869 3796 pro
2897 3726 3110 3797 pietate,
3141 3732 3266 3786 dum
3299 3734 3557 3804 viverent,
3587 3755 3712 3809 per-

2135 3813 2460 3881 secutiones,
2493 3813 2737 3884 ludibria,
2785 3815 2997 3875 labores
3041 3825 3300 3893 perpessi,
3330 3825 3381 3880 in
3411 3842 3538 3896 pace
3565 3830 3715 3900 quie-

2127 3922 2315 3967 verant
2353 3931 2364 3966 :
2403 3911 2544 3983 quod
2576 3912 2707 3968 Caio
2746 3915 2982 3985 pontifici
3011 3917 3296 3990 contigisse
3333 3921 3562 3978 dubitari
3608 3942 3713 3982 non

2130 4014 2325 4076 potest,
2345 4005 2433 4075 qui
2451 4005 2548 4062 sub
2565 4007 2635 4061 im
2644 4009 2975 4076 peratorihns
2991 4009 3313 4068 Diocletiano
3331 4022 3384 4069 et
3399 4013 3714 4074 Maximiano

2130 4099 2490 4168 pontificatum
2524 4101 2709 4158 tenuit.
2740 4102 2909 4159 Minus
2934 4105 3091 4160 etiam
3119 4117 3368 4164 accurata
3393 4123 3474 4166 est
3498 4111 3713 4169 Eusebii

2127 4190 2486 4265 Chronologia
2529 4189 2608 4266 (l)
2665 4195 2792 4251 dum
2847 4199 3001 4253 annis
3049 4201 3352 4270 quindecim
3402 4206 3616 4264 circiter
3660 4220 3716 4267 et

2129 4293 2297 4356 usque
2345 4287 2411 4341 ad
2457 4301 2550 4342 sua
2593 4289 2704 4345 fere
2755 4301 2992 4362 tempora
3028 4309 3304 4352 romanam
3334 4302 3517 4368 sedem
3549 4319 3708 4362 occu-

2129 4395 2288 4452 posse
2308 4383 2416 4468 ait;
2443 4398 2601 4453 quem
2623 4399 2822 4442 annum
2844 4386 3106 4444 decimum
3136 4393 3350 4449 tertium
3368 4397 3452 4451 vix
3472 4398 3711 4469 attigisse

2129 4485 2360 4531 constat.

2203 4567 2312 4621 Caii
2357 4561 2636 4626 Decretalis
2679 4573 2900 4631 subdita.
2929 4607 3002 4617 —
3031 4577 3254 4636 Unicam
3297 4581 3428 4639 Caio
3487 4601 3710 4643 romano

2135 4661 2367 4732 pontifici
2398 4665 2750 4735 decretalem,
2785 4668 2946 4724 Felici
2985 4673 3239 4744 episcopo
3285 4675 3484 4744 datam,
3519 4679 3709 4734 inscri-

2133 4754 2236 4823 psit
2280 4751 2546 4823 lsidorns,
2596 4773 2688 4814 sex
2729 4761 2902 4829 capita
2948 4765 3413 4834 complectentem.
3450 4769 3707 4842 Primum,

2132 4861 2368 4918 paganos
2391 4859 2445 4904 et
2470 4849 2752 4908 haereticos
2775 4869 2878 4908 non
2906 4869 3063 4925 posse
3083 4872 3337 4914 accusare
3365 4851 3707 4920 Christianus.

2131 4939 2432 4996 Secundum
2459 4985 2473 5010 ,
2514 4945 2823 5015 cpisc0pum
2864 4941 2968 5001 non
3013 4949 3135 5004 esse
3165 4953 3523 5010 accusandum
3569 4957 3711 5029 apud

2128 5029 2336 5102 judices
2365 5033 2668 5092 saeculares.
2705 5031 2938 5093 Tertium
2983 5031 3050 5095 de
3078 5037 3349 5112 episcotio,
3401 5047 3709 5118 presbytero

2133 5137 2187 5182 et
2214 5127 2461 5194 diacono,
2494 5128 2581 5184 vel
2611 5131 2826 5201 reliquis
2873 5132 3108 5201 clericis,
3153 5136 3291 5205 apud
3322 5138 3602 5212 episcopos
3622 5157 3711 5198 ac-

2127 5215 2397 5273 cusandis.
2422 5217 2680 5286 Quartum
2711 5221 2779 5278 σε
2823 5217 2928 5291 his,
2973 5226 3064 5296 qui
3094 5238 3294 5298 negant
3324 5230 3483 5288 Verbi
3518 5233 3608 5290 Dei
3637 5235 3709 5289 in-

2127 5312 2509 5368 carnationem.
2545 5313 2830 5385 Quintum,
2861 5318 3001 5386 quod
3041 5319 3108 5374 ad
3151 5336 3302 5390 spem
3333 5324 3456 5380 vitae
3492 5335 3706 5383 aeterna:

2129 5404 2397 5474 perveniri
2447 5421 2552 5490 non
2607 5410 2794 5477 possit,
2827 5411 2927 5465 nisi
2986 5429 3081 5481 per
3125 5415 3472 5472 mediatorem
3506 5418 3601 5474 Dei
3654 5431 3710 5477 et

2129 5485 2405 5557 hoinindm
2429 5485 2609 5556 .lcsum
2635 5502 2927 5560 Christum.
2959 5504 3199 5578 Sextum,
3226 5509 3293 5565 de
3318 5509 3594 5569 ordinibus
3615 5526 3706 5570 ec-
3767 5567 3770 5571 .

2203 5699 2282 5777 (ι)
2306 5703 2528 5777 Euseb.,
2561 5703 2698 5766 Hist.
2727 5709 2874 5781 eccl.,
2905 5709 2998 5770 lib.
3027 5725 3120 5782 vn,
3150 5724 3268 5782 cap.
3299 5693 3387 5769 se.
