4020 6072
211 107 319 167 tsi
962 113 1052 171 ne
1088 113 1408 173 DEGHE‘I‘O
1442 115 1605 174 cm
1639 116 2027 176 aoscmr'ro
2050 116 2258 179 uruca
2284 108 2737 182 ouantibus.
3391 114 3492 184 l8!

209 224 544 316 tilesiasticis.
567 227 694 316 Data
720 236 804 284 est
822 228 1068 285 kalendis
1091 230 1286 297 martii,
1319 227 1643 286 dioeletiano
1668 229 1810 288 γιαι
1831 236 1885 296 Α
1911 235 2255 305 testimoniis,
2287 232 2480 309 Quibus
2525 231 2593 296 ad
2636 241 2871 298 Leonem
2916 233 3214 316 Augustum
3277 233 3502 300 constat

207 307 529 373 ConStantio
558 305 606 373 Il
631 305 762 374 viris
781 319 1093 376 clarissimis
1122 336 1259 377 coss.
1279 320 1410 399 Quae
1441 322 1522 378 vel
1545 335 1649 377 una
1676 323 1802 378 sub-
1908 326 2145 399 Epis‘tbla
2170 359 2185 396 ,-
2218 345 2279 384 ea
2304 305 2471 386 dubio
2498 334 2682 402 procul
2731 333 2840 389 Leo
2889 305 3030 405 papa
3067 333 3490 392 adnumerasset.

207 407 432 502 scriptio
453 409 693 468 fraudem
725 413 920 484 prodit.
954 413 1059 470 Sed
1101 415 1457 484 imprudentia
1493 416 1804 487 imposldt'ls
1911 421 2074 477 Multo
2105 425 2271 494 magis
2299 425 2442 480 enim
2470 423 2654 481 Caium
2681 437 2734 483 et
2754 427 3110 495 deceSSOrem,
3156 435 3209 485 et
3235 429 3497 502 antiquio-

207 518 332 590 cum
351 503 630 590 pravitate
654 515 846 580 certat,
875 517 1054 578 utpote
1079 507 1170 578 qui
1191 507 1457 578 integrum
1476 508 1671 564 Leonis
1688 507 1803 564 Ma.
1910 529 2027 569 rem
2056 519 2356 572 memorare
2383 516 2583 586 debuit,
2626 527 2784 589 quam
2832 519 3181 576 AthanaSium
3203 563 3219 588 ,
3266 517 3493 576 Ambro-

206 587 300 666 gni
329 587 509 667 eaput,
540 599 682 670 quod
713 601 765 655 in
800 601 1032 671 Epistola
1054 601 1147 666 97,
1177 603 1470 658 secundum
1501 611 1604 669 est,-
1644 613 1801 657 suum
1908 609 2069 673 sium,
2099 610 2482 680 Augustinum,
2513 587 2734 680 quorum
2766 611 3132 669 auctoritatem
3161 622 3382 685 usurpat
3408 611 3500 669 de-

206 688 530 762 feeerit,get
567 691 789 772 totidem
835 696 1017 750 verbis
1060 696 1112 750 in
1162 695 1492 772 Decretalem
1541 695 1798 752 intulerit.
1906 698 2164 758 bellandis
2188 701 2470 759 haereticis.
2495 701 2736 759 Lunata.

206 783 341 852 Quze
367 787 412 840 si
440 785 611 842 Leoni
650 771 822 859 Magni
869 787 1028 845 Caius
1068 771 1414 856 imperasset,
1448 789 1500 844 in
1547 797 1792 845 veterum

1028 1190 1214 1264 QUOD
1251 1188 1412 1252 eam
1452 1183 1939 1263 ADSCRIBITUR,
1981 1181 2186 1251 emes
2229 1172 2688 1256 ORDINANDOS.

197 1321 205 1361 ι
278 1307 331 1370 l.
375 1297 531 1385 βψω
558 1308 718 1387 hujus
754 1315 857 1371 non
893 1314 1051 1371 modo
1081 1305 1225 1370 nulla
1253 1307 1319 1368 ad
1353 1307 1449 1369 nos
1481 1303 1795 1368 transmissa
1824 1313 1873 1375 B
1903 1302 2170 1375 Ecclesia,
2197 1328 2262 1368 ac
2297 1313 2611 1371 nominatim
2649 1316 2922 1384 Romana,
2956 1318 3026 1373 ab
3054 1319 3306 1375 omnibus
3334 1334 3495 1376 exac-

196 1411 291 1462 est
310 1399 515 1462 sincera
541 1405 792 1479 epistola,
817 1405 911 1488 sed
943 1423 1040 1463 nec
1067 1407 1416 1478 ulla‘usquam
1447 1397 1790 1462 memoratur.
1904 1416 2018 1460 tum
2060 1420 2168 1461 non
2194 1421 2315 1463 esse
2352 1407 2673 1478 probemus,
2703 1419 2760 1464 ut
2803 1420 3010 1480 septem
3047 1411 3338 1482 praedictos
3373 1422 3502 1482 gra‘o

223 895 3476 925 ———-————————-————-———-——————-—-—-————-————-—-——-—-———————J

201 1502 439 1559 Tantum
469 1499 521 1558 in
566 1491 857 1578 pontificali
887 1495 1027 1578 libro
1056 1495 1250 1557 dicitur
1275 1496 1652 1566 consuluisse;
1686 1518 1705 1551 ι
1743 1509 1800 1572 ut

199 1597 396 1653 omnes
439 1596 658 1652 ordines
684 1597 736 1651 in
767 1577 1005 1651 Ecclesia
1035 1588 1113 1650 sic
1141 1583 1534 1650 escenderent:
1581 1583 1636 1650 Si
1679 1584 1799 1664 quis

199 1690 490 1763 episcopus
516 1685 631 1746 fieri
673 1687 993 1756 mereretur,
1025 1701 1081 1744 ut
1117 1683 1264 1766 esset
1291 1673 1573 1756 ostiarius,
1607 1671 1794 1754 lector,

198 1783 496 1850 exercista',
523 1773 827 1854 acolythus,
852 1797 1084 1850 sequens
1110 1770 1492 1857 subdiaconus,
1521 1766 1801 1847 diaconus,

197 1869 506 1947 presbyter,
540 1881 594 1930 et
618 1865 813 1929 exinde
838 1873 1122 1944 episcopus
1148 1864 1508 1927 ordinaretur.
1551 1891 1568 1923 ι
1615 1941 1618 1946 _

270 1957 326 2022 2.
361 1957 478 2034 Quo
506 1966 725 2022 decreto
753 1969 797 2020 Si
833 1961 1180 2022 constituisse
1220 1957 1548 2034 intelligatur
1585 1957 1802 2038 decere,

196 2068 255 2115 ut
275 2053 504 2130 quisque
533 2064 629 2126 per
657 2039 1023 2114 ecclesiastica
1051 2055 1137 2112 illa
1165 2050 1362 2124 oflicia,
1395 2072 1500 2111 non
1537 2045 1802 2127 praecipiti

196 2152 364 2217 saltu,
396 2152 462 2206 ad
494 2141 860 2221 episcopatum
898 2141 1220 2216 adscendat;
1259 2146 1369 2220 jam
1403 2139 1506 2206 hoc
1533 2159 1656 2204 ante
1685 2146 1800 2203 Caii

199 2249 449 2315 tempora
493 2247 592 2299 usu
623 2235 896 2314 receptum
935 2233 1105 2299 fuiSse
1132 2231 1292 2299 ﬁdem
1328 2243 1453 2298 facit
1479 2239 1797 2315 Cyprianus,

199 2354 326 2394 cum
381 2337 615 2393 Cornelii
671 2336 1068 2392 ordinationem
1120 2336 1410 2407 legitimam
1459 2335 1621 2391 fuisse
1673 2334 1801 2390 inde

199 2430 400 2503 probat
447 2429 694 2501 (Comet,
738 2443 820 2502 ep.
875 2428 964 2494 l0,
1006 2429 1168 2500 11.7},
1211 2427 1350 2498 quod
1377 2437 1397 2478 ι
1437 2443 1541 2483 non
1590 2428 1689 2481 iste
1731 2426 1800 2480 ad

201 2524 580 2593 episcopatum
606 2521 784 2576 subito
812 2520 1284 2593 pervenissensed
1307 2537 1404 2593 per
1425 2521 1604 2576 omnia
1628 2520 1800 2576 eccle-

199 2585 432 2670 siastica
463 2613 631 2667 officia
660 2585 955 2684 promotus,
986 2599 1041 2668 δι
1071 2605 1126 2667 id
1152 2585 1349 2667 divinis
1374 2593 1800 2668 adlnlniﬁlr'atldé

198 2706 364 2761 nibus
392 2704 557 2759 Deum
584 2720 727 2773 sape
756 2705 1099 2774 promeritus,
1143 2704 1209 2759 ad
1251 2704 1536 2759 sacerdotii
1574 2704 1803 2760 sublime

199 2797 474 2868 fastigium
503 2797 710 2852 cunctis
736 2797 1011 2867 religionis
1036 2796 1291 2866 gradibus
1317 2797 1614 2853 adscendit.
1655 2799 1674 2850 ἰ
1701 2785 1804 2865 Qui

1907 1497 2007 1552 dus
2060 1498 2208 1569 prius
2258 1498 2486 1568 obeant,
2533 1516 2694 1572 quam
2747 1501 2816 1557 ad
2868 1503 3234 1574 episcopatum
3287 1502 3502 1559 valeant

1906 1588 2104 1645 efferri.

1976 1683 2035 1738 4.
2067 1683 2286 1740 Siricius
2313 1686 2474 1757 epist.
2504 1688 2557 1752 l,
2590 1686 2657 1759 ad
2685 1687 3003 1756 Himerium,
3033 1706 3088 1745 n.
3123 1688 3156 1745 9
3185 1699 3240 1745 et
3264 1689 3350 1758 10,
3379 1699 3506 1745 nec-

1909 1793 2019 1834 non
2044 1778 2290 1834 Zosimus
2317 1780 2478 1851 epist.
2508 1778 2563 1846 9,
2592 1771 2659 1836 ad
2689 1781 3036 1853 Hesychium,
3061 1799 3114 1838 n.
3147 1782 3184 1838 2
3209 1789 3262 1838 et
3295 1783 3348 1848 5,
3375 1783 3496 1853 qui-

1911 1870 2014 1927 bus
2068 1873 2291 1944 quisque
2342 1874 2594 1944 gradibus
2648 1873 2715 1930 ad
2760 1875 2996 1946 episcopi
3047 1881 3141 1931 aut
3195 1874 3492 1947 presbyteri

1912 1963 2649 2036 dignitatemiprovehendus
2695 1977 2840 2023 esset
2889 1966 3242 2033 deﬁnientes,
3292 1981 3398 2022 non
3438 1966 3494 2021 in

1912 2052 2138 2120 ostiarii,
2161 2055 2257 2112 sed
2284 2077 2302 2109 ι
2332 2055 2383 2112 in
2412 2057 2673 2113 lectorum
2699 2058 2942 2129 primitus
2967 2058 3154 2130 gradu,
3186 2064 3206 2112 ι
3234 2068 3292 2114 ιιι
3317 2058 3494 2114 verbis

1910 2161 2124 2209 utamur
2165 2152 2402 2219 Zosimi,
2441 2171 2459 2204 ι
2507 2152 2675 2208 divini
2726 2153 3025 2209 rudimenta
3073 2153 3275 2209 servitii
3317 2167 3338 2206 ι
3373 2149 3498 2222 poni

1908 2245 2243 2316 praecipiunt.
2267 2244 2434 2300 [mmo
2461 2244 2588 2300 dum
2617 2245 2840 2300 Siricius
2859 2246 2926 2301 de
2952 2260 3039 2312 eo,
3063 2246 3152 2315 qui
3176 2245 3498 2317 grandaevus

1907 2336 2227 2407 baptizatur,
2256 2337 2557 2404 constituit,
2591 2346 2650 2392 ut
2679 2339 2723 2392 si
2754 2338 2821 2392 ad
2852 2352 3058 2393 sacram
3092 2337 3332 2393 militiam
3369 2353 3491 2407 per-

1911 2427 2091 2484 venire
2117 2424 2354 2496 festinat,
2389 2427 2567 2484 statim
2615 2427 2665 2502 (a
2695 2439 2946 2500 suscepto
2995 2428 3284 2499 baptismo)
3329 2429 3492 2484 lecto-
3568 2453 3570 2455 >

1905 2535 2026 2576 rum
2051 2531 2142 2575 aut
2168 2521 2554 2576 exorcistarum
2599 2531 2826 2601 numero
2851 2521 3102 2586 societur,
3146 2539 3165 2572 ι
3201 2535 3306 2575 non
3335 2520 3403 2574 ab
3427 2535 3493 2575 eo

1903 2605 2189 2683 utrumque
2237 2612 2485 2683 gradum,
2521 2611 2617 2667 sed
2661 2605 2978 2668 alterutrum
3026 2621 3234 2666 tantum
3275 2610 3492 2666 videtur

1905 2707 2141 2777 exigere.
2175 2704 2271 2762 Cui
2310 2706 2600 2763 concinens
2638 2705 2887 2762 Zosimus
2915 2705 2984 2762 de
3011 2705 3200 2762 eodem
3231 2704 3490 2771 decernit,

1914 2819 1933 2854 ι
1971 2792 2029 2856 tit
2058 2801 2177 2872 post
2205 2801 2527 2872 baptismum
2554 2802 2758 2868 statim,
2805 2801 2848 2855 si
2871 2799 3064 2855 divinae
3105 2799 3309 2854 militim
3348 2797 3495 2852 desi-

200 2901 381 2946 autem
397 2889 597 2943 sintilli
615 2889 835 2960 gradus,
859 2890 970 2959 ipse
989 2903 1086 2943 nos
1101 2886 1577 2953 docetCornelius,
1601 2903 1722 2944 cum
1746 2890 1801 2944 in
1827 2901 1875 2966 ί)
1907 2896 2061 2953 derat
2086 2896 2378 2966 mancipari
2397 2936 2414 2963 ,
2439 2897 2554 2951 sive
2582 2894 2724 2950 ίυιει-
2766 2894 2996 2950 tectores
3021 2897 3135 2950 sive
3164 2894 3304 2948 ξηιετ
3335 2906 3495 2946 amr-

200 2972 435 3039 ecclesia
459 2983 556 3036 sua
583 2991 707 3035 tunc
728 2973 970 3036 eitiliSse
989 2971 1390 3052 meinorat(Ep.
1410 2981 1463 3049 9,
1485 2998 1537 3035 ιι.
1561 2981 1616 3052 4)
1638 3001 1656 3034 ι
1684 2973 1804 3052 p're-

201 3081 454 3151 sbyteros
477 3067 568 3144 ιϐ,
593 3077 850 3133 diaconos
880 3074 932 3143 7,
967 3065 1326 3132 subdiaconus
1355 3079 1594 3144 totidem,
1621 3079 1804 3150 acoly-

202 3171 325 3226 tbos’
370 3169 464 3233 42,
501 3169 795 3225 exorciStas
838 3179 892 3224 et
941 3151 1172 3225 lectores
1214 3185 1335 3224 cum
1385 3157 1618 3224 ostiariis
1647 3169 1737 3224 5‘2.
1775 3189 1795 3223 ι

201 3245 520 3317 Cornelium
552 3257 730 3316 tamen
772 3259 1012 3315 oumium
1053 3255 1264 3315 illorum
1294 3255 1554 3336 graduum
1587 3255 1799 3330 ofﬁciis,

203 3353 358 3411 nullo
389 3362 651 3423 excepto,
686 3351 925 3421 functum
957 3369 1109 3418 esse,
1153 3368 1258 3408 non
1291 3345 1459 3408 ausim
1502 3341 1796 3410 affirmare.

205 3473 209 3488 ς
277 3447 334 3503 5.
363 3439 420 3502 Si
458 3463 587 3502 vero
616 3441 863 3516 superius
891 3445 1237 3500 conStitutum
1270 3445 1434 3502 veluti
1467 3439 1554 3500 lex
1581 3461 1802 3502 censea-

205 3550 296 3596 tur
339 3531 728 3605 ecclesiastica,
758 3555 789 3595 a
819 3556 917 3610 qua
961 3555 1140 3604 nemo,
1167 3541 1267 3594 nisi
1299 3555 1392 3610 per
1437 3555 1559 3594 eum
1588 3540 1677 3612 qui
1721 3525 1802 3597 le-

205 3645 333 3707 gem
380 3623 497 3688 tulit
522 3675 535 3699 ,
569 3633 821 3688 immunis
863 3629 985 3699 ﬁat,
1017 3631 1147 3687 illud
1191 3632 1319 3687 Caio
1349 3632 1507 3703 longe
1535 3634 1805 3688 recentius

206 3743 330 3784 esse
385 3725 626 3797 pluribus
651 3725 912 3796 exemplis
962 3723 1117 3780 facile
1162 3713 1582 3779 demonstratur.
1613 3725 1803 3780 Poste-

205 3822 322 3877 rius
387 3825 470 3874 est
521 3817 621 3873 hoc
674 3833 806 3888 papa
860 3815 1144 3871 concilium
1202 3807 1558 3882 Sardiecnse,
1620 3823 1805 3885 utpote

205 3929 354 3970 anno
389 3912 519 3977 557,
547 3911 810 3979 habitum,
855 3908 1006 3981 cujus
1047 3926 1256 3966 canone
1296 3909 1361 3965 40
1404 3903 1630 3983 (Isidoro
1659 3907 1806 3963 Mer;

206 4007 375 4064 cotori
398 3991 513 4074 Β),
530 4006 787 4071 sancitur,
817 4001 834 4056 ι
863 4013 918 4059 ιιι
938 4003 982 4058 si
1005 4001 1124 4073 quis
1145 4019 1210 4058 ex
1237 4002 1354 4058 foro
1371 4005 1483 4059 sive
1505 3997 1674 4070 dives,
1695 3997 1808 4057 sive

208 4101 601 4166 scholasticus,
644 4099 930 4169 episcopus
971 4095 1088 4152 fieri
1133 4093 1324 4167 dignus
1368 4095 1648 4162 habeatur,
1701 4105 1808 4162 oon

208 4198 362 4268 prius
394 4194 771 4259 constituatur,
818 4207 973 4262 quam
1003 4187 1221 4245 lectoris
1248 4198 1302 4244 et
1339 4185 1548 4243 diaconi
1580 4197 1632 4244 et
1659 4202 1808 4257 pres-

209 4253 387 4361 byteri
439 4253 798 4341 ministeriqu
836 4253 1143 4354 peregerit;
1194 4301 1212 4333 ι
1270 4279 1487 4351 vultque
1538 4299 1556 4332 ι
1614 4253 1886 4336 habeatD

210 4381 637 4451 uniuscujusque
680 4373 881 4433 ordinis
909 4376 1105 4448 gradus
1157 4391 1263 4430 nou
1306 4375 1511 4430 minimi
1551 4367 1808 4445 temporis

212 4470 628 4543 longitudinem,
656 4486 750 4540 per
777 4457 920 4540 quod
946 4478 998 4523 et
1031 4463 1162 4522 lides
1187 4475 1242 4522 et
1264 4482 1469 4523 morum
1499 4463 1801 4536 probitas...

212 4566 387 4637 possit
407 4562 680 4635 cognosci.
708 4581 727 4614 ι
752 4555 946 4616 Tribus
969 4557 1072 4614 illis
1091 4558 1343 4630 gradibus
1364 4557 1804 4612 subdiaconatuni

213 4658 474 4727 adjiciunt
521 4653 731 4721 Grzcci,
765 4656 854 4724 qui
901 4661 1104 4707 tantum
1153 4650 1252 4706 hos
1285 4657 1514 4720 quatuor
1555 4649 1804 4704 ordinum

217 4751 416 4821 gradus
441 4765 562 4805 cum
606 4749 916 4818 episcopatu
959 4749 1277 4816 agnoscunt,
1309 4747 1367 4797 ut
1395 4757 1462 4797 ex
1492 4739 1656 4796 variis
1693 4755 1809 4795 mo-

219 4842 475 4898 nimentis
513 4840 716 4912 liquet,
769 4855 831 4894 ac
877 4838 1190 4892 nominatim
1232 4851 1302 4890 ex
1345 4835 1427 4890 his
1463 4833 1653 4907 synodi
1703 4833 1805 4889 Oe-

221 4948 390 4999 tavaa,
413 4933 617 5000 aet.l0,
649 4949 769 5004 cap.
803 4933 883 5008 5‘:
921 4950 939 4985 ‹
974 4929 1029 4988 Si
1059 4930 1244 5003 quis...
1283 4945 1375 5002 per
1399 4943 1587 4986 omnes
1613 4929 1809 5002 gradus

219 5027 618 5089 ecclesiastiCos
658 5021 894 5083 definitis
931 5023 1260 5095 temporibus
1283 5019 1444 5078 vitam
1485 5017 1806 5092 inculpatum

218 5124 494 5182 transisse
518 5119 823 5190 reperiatur,
850 5121 920 5174 ita
952 5127 1008 5173 ut
1037 5117 1089 5173 in
1117 5116 1333 5174 lectoris
1363 5133 1584 5173 munere
1611 5115 1806 5185 unum,

220 5220 273 5274 in
321 5207 642 5273 subdiaconi
689 5212 846 5280 duos,
899 5211 954 5265 in
986 5209 1195 5266 diaconi
1237 5213 1366 5277 tres,
1418 5208 1469 5265 In
1520 5203 1811 5266 sacerdotii

221 5303 460 5383 quatuOr
508 5311 674 5362 annos
714 5296 1043 5374 expleverit,
1073 5299 1140 5359 ad
1185 5303 1523 5374 episeopatus
1551 5299 1810 5358 hou'brem

222 5405 506 5464 evehator.
544 5419 564 5454 )
597 5399 752 5455 Nune
797 5399 957 5470 igitur
1000 5406 1196 5464 restat,
1247 5406 1305 5453 ut
1347 5397 1506 5452 etiam
1552 5395 1606 5451 iu
1651 5396 1814 5451 latina

284 5624 369 5690 (⁸)
406 5623 554 5674 Forte
575 5619 888 5686 Acolythatus
910 5611 1133 5670 Galland.

1909 2989 2071 3044 cistas
2097 2996 2360 3042 teneatur.
2390 3006 2410 3039 ι
2438 2986 2770 3057 Quamquam
2799 2987 2900 3043 iste
2927 2986 3128 3041 Zosimi
3147 2986 3300 3042 locus
3322 2983 3492 3053 expli-

1906 3081 2041 3146 cari,
2092 3079 2172 3134 sic
2226 3088 2430 3149 potest,
2489 3085 2545 3133 ut
2595 3077 2817 3148 perinde
2865 3080 2963 3150 ipsi
3014 3078 3084 3133 sit
3123 3095 3142 3129 ι
3188 3077 3301 3132 sive
3353 3076 3492 3130 inter

1905 3174 2156 3241 lectores,
2188 3173 2302 3228 sive
2347 3172 2488 3228 inter
2534 3173 2847 3238 exorcistas,
2885 3193 2905 3226 )
2940 3183 3099 3244 atque
3129 3191 3145 3222 ι
3197 3182 3305 3225 tum
3354 3170 3494 3223 inter

1904 3267 2134 3322 lectores
2188 3276 2296 3320 tum
2318 3307 2334 3333 ,
2381 3275 2511 3332 etc.,
2543 3283 2562 3317 ι
2597 3265 2828 3320 maxime
2877 3282 3000 3322 cum
3051 3264 3136 3319 his
3161 3263 3446 3334 praemittat
3478 3279 3491 3314 :

1911 3379 1929 3413 ι
1967 3360 2260 3416 Assuescat
2288 3359 2341 3414 in
2370 3358 2578 3414 Domini
2613 3357 2836 3426 castris,
2877 3359 2931 3415 in
2961 3358 3218 3413 lectorum
3249 3353 3491 3424 primitus

1906 3452 2071 3509 divini
2101 3451 2402 3508 rudimenta
2427 3446 2664 3520 Servitii;
2694 3467 2794 3508 nec
2817 3451 2891 3506 illi
2920 3451 3021 3506 vile
3048 3450 3116 3504 sit
3140 3445 3492 3511 exorcismm,

1907 3545 2246 3617 acolythum,
2302 3544 2724 3612 subdiaconum,
2778 3543 3058 3600 diaconum
3111 3555 3203 3612 per
3248 3539 3490 3593 ordinem

1909 3639 2047 3694 fieri.
2082 3659 2102 3692 ι
2133 3625 2269 3694 Illud
2299 3639 2509 3713 mirum,
2558 3637 2702 3710 quod
2728 3653 2850 3693 cum
2891 3633 3114 3693 Siricius
3149 3642 3204 3689 et
3249 3631 3494 3688 Zosimus

1910 3733 1964 3786 in
1993 3731 2222 3787 laudatis
2251 3731 2494 3802 epistolis
2520 3730 2760 3802 singulos
2788 3739 2895 3784 tam
2921 3737 3169 3784 accurate
3189 3724 3495 3782 describant

1911 3823 2129 3895 gradus,
2157 3823 2351 3896 quibus
2376 3823 2446 3879 ad
2474 3823 2759 3880 sacerdotii
2780 3823 2988 3894 apicem
3013 3819 3283 3892 perveniri
3305 3818 3489 3881 velint,

1912 3915 2188 3972 estiarium
2220 3926 2395 3972 tamen
2436 3924 2745 3972 constanter
2787 3923 3020 3972 taceant.
3052 3913 3205 3968 Hunc
3228 3927 3359 3967 sane
3384 3926 3493 3964 non

1913 4007 2298 4081 prreteriisseut
2337 4008 2584 4075 silentio,
2615 4009 2659 4064 si
2701 4023 2732 4062 a
2775 4005 2902 4062 Caio
2941 4006 3216 4062 decretum
3249 4001 3494 4073 superius

1913 4102 2217 4173 prodiisset.
2245 4101 2378 4156 Cum
2405 4101 2534 4171 ipsis
2554 4115 2616 4156 ea
2646 4101 2696 4156 in
2719 4116 2778 4155 re
2803 4098 3070 4155 consentit
3096 4093 3493 4166 supposititium

1913 4194 2129 4267 quidem
2150 4233 2164 4258 ,
2194 4191 2288 4248 sed
2320 4201 2495 4249 tamen
2526 4193 2804 4264 antiquum
2831 4191 3072 4247 Silvestri
3098 4186 3455 4243 Constitutum
3479 4227 3496 4254 ,

1912 4305 2008 4345 seu
2062 4287 2362 4343 Romanum
2414 4285 2479 4354 ll,
2529 4287 2629 4343 sub
2676 4286 2936 4344 Silvestre
2987 4281 3292 4346 concilium,
3344 4278 3497 4349 cujus

1911 4383 2084 4451 capite
2136 4380 2226 4445 ll,
2271 4379 2530 4434 statutum
2560 4387 2644 4434 est
2683 4395 2696 4432 :
2733 4397 2751 4430 ι
2788 4375 2858 4434 Ut
2901 4375 3076 4432 nullus
3114 4388 3178 4430 ex
3210 4373 3342 4428 laica
3370 4386 3496 4442 per-

1912 4487 2044 4528 sona
2085 4472 2152 4527 ad
2196 4473 2456 4530 honorem
2501 4470 2782 4543 acolythus
2806 4480 2832 4507 ει
2859 4484 3026 4541 usque
3044 4466 3112 4523 ad
3133 4465 3496 4538 episc0patum

1913 4566 2305 4632 sublevaretur,
2367 4564 2469 4622 nisi
2513 4565 2660 4636 prius
2712 4563 2902 4619 fuisset
2950 4562 3117 4617 lector
3165 4561 3320 4615 annis
3367 4574 3495 4625 xxx,

1911 4659 2106 4715 deinde
2132 4674 2238 4714 una
2263 4657 2351 4713 die
2375 4658 2660 4722 exorcista,
2685 4665 2740 4712 et
2766 4665 2951 4728 postea
2978 4664 3194 4726 caperet
3222 4665 3356 4708 onus
3382 4664 3503 4704 aco-

1914 4744 2070 4818 lythi,
2102 4755 2156 4800 et
2184 4743 2387 4800 faceret
2417 4743 2468 4798 in
2497 4743 2685 4799 eodem
2708 4741 2897 4797 ordine
2935 4738 3164 4812 acolythi
3191 4749 3361 4791 annos
3397 4733 3466 4789 de
3489 4761 3502 4776 υ

1914 4855 2054 4903 cem,
2083 4847 2140 4894 ut
2169 4837 2436 4910 acciperet
2461 4851 2598 4892 onus
2618 4832 2949 4901 subdiaconi,
2968 4833 3088 4889 etin
3111 4828 3498 4885 subdiaconatu

1914 4926 2057 4990 esset
2101 4946 2270 4988 annos
2311 4931 2564 5004 quinque,
2598 4940 2700 4986 etc.
2737 4946 2757 4980 ι
2790 4925 2862 4983 Ut
2900 4925 2986 4981 hic
3010 4922 3208 4978 nullum
3237 4931 3496 4993 prmterea

1914 5024 1982 5082 de
2009 5023 2229 5081 oStiario
2257 5022 2316 5080 lit
2343 5023 2586 5091 verbum,
2613 5022 2684 5078 ita
2723 5035 2819 5076 nec
2845 5018 2897 5073 in
2925 5017 2990 5072 iis
3018 5013 3256 5086 ejusdem
3284 5005 3495 5069 Consti-

1916 5119 2048 5186 tuti,
2093 5133 2212 5188 cap.
2242 5117 2312 5173 7:
2374 5136 2392 5168 ι
2430 5115 2500 5173 Ut
2544 5131 2574 5171 a
2625 5113 2954 5171 subdiacono
2992 5124 3158 5182 usque
3203 5108 3271 5162 ad
3320 5107 3490 5162 lecto-

1914 5226 2027 5268 rem
2067 5223 2254 5266 omnes
2307 5208 2506 5266 subditi
2555 5214 2738 5264 essent
2778 5201 3005 5259 diacono
3054 5197 3312 5258 cardinali
3345 5196 3496 5254 urbis

1915 5303 2124 5369 Romae,
2149 5301 2204 5356 in
2231 5286 2470 5359 Ecclesia
2520 5299 2778 5356 honorem
2829 5305 3221 5368 repraesentans
3264 5302 3492 5358 tantum,

1915 5391 2153 5465 pontillci
2201 5408 2335 5451 vero
2361 5389 2684 5466 presbyteri,
2716 5384 3056 5457 subdiaboni,
3109 5385 3346 5451 diaconi,
3373 5393 3496 5440 aco-

1458 5509 1835 5572 LECTIONES
1871 5508 2284 5571 VABIANTES.‘
