  <div class='ocr_page' id='page_1' title='image "/cluster/home/n/w/nwhite01/storage/ocr_20150623/5/hvd.32044073505083/098.png"; bbox 0 0 4020 6072; ppageno 0'>
   <div class='ocr_carea' id='block_1_1' title="bbox 277 92 386 150">
    <p class='ocr_par' dir='ltr' id='par_1_1' title="bbox 277 92 386 150">
     <span class='ocr_line' id='line_1_1' title="bbox 277 92 386 150; baseline 0.028 -3"><span class='ocrx_word' id='word_1_1' title='bbox 277 92 386 150; x_wconf 65' lang='grc'><strong>185</strong></span> 
     </span>
    </p>
   </div>
   <div class='ocr_carea' id='block_1_2' title="bbox 1087 92 2743 156">
    <p class='ocr_par' dir='ltr' id='par_1_2' title="bbox 1087 92 2743 156">
     <span class='ocr_line' id='line_1_2' title="bbox 1087 92 2743 156; baseline 0.001 -3"><span class='ocrx_word' id='word_1_2' title='bbox 1087 94 1420 155; x_wconf 74' lang='grc' dir='ltr'><strong>ΕΡιετοιΑ</strong></span> <span class='ocrx_word' id='word_1_3' title='bbox 1453 93 1587 151; x_wconf 81' lang='lat' dir='ltr'><strong>CAll</strong></span> <span class='ocrx_word' id='word_1_4' title='bbox 1627 93 1829 150; x_wconf 72' lang='grc' dir='ltr'><strong>ΡᾹΡΑΞ</strong></span> <span class='ocrx_word' id='word_1_5' title='bbox 1867 92 1959 151; x_wconf 81' lang='lat' dir='ltr'><strong>AD</strong></span> <span class='ocrx_word' id='word_1_6' title='bbox 1997 93 2297 155; x_wconf 80' lang='lat' dir='ltr'><strong>FELICEM</strong></span> <span class='ocrx_word' id='word_1_7' title='bbox 2336 94 2743 156; x_wconf 77' lang='lat' dir='ltr'><strong>EPISCOPUM.</strong></span> 
     </span>
    </p>
   </div>
   <div class='ocr_carea' id='block_1_3' title="bbox 3430 99 3531 159">
    <p class='ocr_par' dir='ltr' id='par_1_3' title="bbox 3430 99 3531 159">
     <span class='ocr_line' id='line_1_3' title="bbox 3430 99 3531 159; baseline -0.01 -2"><span class='ocrx_word' id='word_1_8' title='bbox 3430 99 3531 159; x_wconf 67' lang='lat'><strong>186</strong></span> 
     </span>
    </p>
   </div>
   <div class='ocr_carea' id='block_1_4' title="bbox 344 212 3533 289">
    <p class='ocr_par' dir='ltr' id='par_1_4' title="bbox 344 212 3533 289">
     <span class='ocr_line' id='line_1_4' title="bbox 344 212 3533 289; baseline 0.001 -19"><span class='ocrx_word' id='word_1_9' title='bbox 344 214 413 270; x_wconf 85' lang='lat' dir='ltr'><strong>li.</strong></span> <span class='ocrx_word' id='word_1_10' title='bbox 454 212 658 271; x_wconf 82' lang='lat' dir='ltr'><strong>Deinde</strong></span> <span class='ocrx_word' id='word_1_11' title='bbox 681 228 839 271; x_wconf 90' lang='lat' dir='ltr'><strong>nemo</strong></span> <span class='ocrx_word' id='word_1_12' title='bbox 867 229 1118 288; x_wconf 85' lang='lat' dir='ltr'><strong>umquam</strong></span> <span class='ocrx_word' id='word_1_13' title='bbox 1148 216 1454 285; x_wconf 86' lang='lat' dir='ltr'><strong>episcopum</strong></span> <span class='ocrx_word' id='word_1_14' title='bbox 1485 212 1621 285; x_wconf 89' lang='lat' dir='ltr'><strong>apud</strong></span> <span class='ocrx_word' id='word_1_15' title='bbox 1641 212 1850 285; x_wconf 90' lang='lat' dir='ltr'><strong>jndices</strong></span> <span class='ocrx_word' id='word_1_16' title='bbox 1873 216 1926 275; x_wconf 83' lang='lat' dir='ltr'><strong>A</strong></span> <span class='ocrx_word' id='word_1_17' title='bbox 1955 214 2052 270; x_wconf 90' lang='lat' dir='ltr'><strong>Dei</strong></span> <span class='ocrx_word' id='word_1_18' title='bbox 2079 215 2298 287; x_wconf 86' lang='lat' dir='ltr'><strong>aequalis</strong></span> <span class='ocrx_word' id='word_1_19' title='bbox 2322 226 2406 273; x_wconf 90' lang='lat' dir='ltr'><strong>est</strong></span> <span class='ocrx_word' id='word_1_20' title='bbox 2430 217 2573 272; x_wconf 88' lang='lat' dir='ltr'><strong>Patri</strong></span> <span class='ocrx_word' id='word_1_21' title='bbox 2625 215 2915 288; x_wconf 82' lang='lat' dir='ltr'><strong>(Philipp.,</strong></span> <span class='ocrx_word' id='word_1_22' title='bbox 2955 216 3015 289; x_wconf 88' lang='grc' dir='ltr'><strong>ιι)</strong></span> <span class='ocrx_word' id='word_1_23' title='bbox 3060 217 3114 272; x_wconf 93' lang='lat' dir='ltr'><strong>in</strong></span> <span class='ocrx_word' id='word_1_24' title='bbox 3164 217 3336 273; x_wconf 85' lang='lat' dir='ltr'><strong>forma</strong></span> <span class='ocrx_word' id='word_1_25' title='bbox 3388 219 3533 274; x_wconf 86' lang='lat' dir='ltr'><strong>servi</strong></span> 
     </span>
    </p>
   </div>
   <div class='ocr_carea' id='block_1_5' title="bbox 268 307 1754 378">
    <p class='ocr_par' dir='ltr' id='par_1_5' title="bbox 268 307 1754 378">
     <span class='ocr_line' id='line_1_5' title="bbox 268 307 1754 378; baseline -0.002 -13"><span class='ocrx_word' id='word_1_26' title='bbox 268 307 585 372; x_wconf 68' lang='lat' dir='ltr'><strong>saeculares,</strong></span> <span class='ocrx_word' id='word_1_27' title='bbox 615 319 706 362; x_wconf 90' lang='lat' dir='ltr'><strong>aut</strong></span> <span class='ocrx_word' id='word_1_28' title='bbox 730 307 865 363; x_wconf 90' lang='lat' dir='ltr'><strong>alios</strong></span> <span class='ocrx_word' id='word_1_29' title='bbox 892 309 1138 375; x_wconf 86' lang='lat' dir='ltr'><strong>clericos,</strong></span> <span class='ocrx_word' id='word_1_30' title='bbox 1166 323 1417 364; x_wconf 79' lang='lat' dir='ltr'><strong>accusare</strong></span> <span class='ocrx_word' id='word_1_31' title='bbox 1450 316 1754 378; x_wconf 62' lang='lat' dir='ltr'><strong>praesumat.</strong></span> 
     </span>
    </p>
   </div>
   <div class='ocr_carea' id='block_1_6' title="bbox 344 402 1853 475">
    <p class='ocr_par' dir='ltr' id='par_1_6' title="bbox 344 402 1853 475">
     <span class='ocr_line' id='line_1_6' title="bbox 344 402 1853 475; baseline 0.001 -17"><span class='ocrx_word' id='word_1_32' title='bbox 344 402 433 460; x_wconf 84' lang='grc' dir='ltr'>ΙΙΙ.</span> <span class='ocrx_word' id='word_1_33' title='bbox 466 403 531 459; x_wconf 86' lang='grc' dir='ltr'><strong>Ει</strong></span> <span class='ocrx_word' id='word_1_34' title='bbox 556 403 601 457; x_wconf 88' lang='lat' dir='ltr'><strong>si</strong></span> <span class='ocrx_word' id='word_1_35' title='bbox 630 403 750 472; x_wconf 86' lang='lat' dir='ltr'><strong>quis</strong></span> <span class='ocrx_word' id='word_1_36' title='bbox 780 404 1081 474; x_wconf 84' lang='lat' dir='ltr'><strong>episcopus.</strong></span> <span class='ocrx_word' id='word_1_37' title='bbox 1108 403 1410 475; x_wconf 74' lang='lat' dir='ltr'><strong>presbyter,</strong></span> <span class='ocrx_word' id='word_1_38' title='bbox 1442 413 1532 458; x_wconf 88' lang='lat' dir='ltr'><strong>aut</strong></span> <span class='ocrx_word' id='word_1_39' title='bbox 1562 404 1853 469; x_wconf 75' lang='lat' dir='ltr'><strong>diaconus,</strong></span> 
     </span>
    </p>
   </div>
   <div class='ocr_carea' id='block_1_7' title="bbox 266 496 1855 571">
    <p class='ocr_par' dir='ltr' id='par_1_7' title="bbox 266 496 1855 571">
     <span class='ocr_line' id='line_1_7' title="bbox 266 496 1855 571; baseline -0.001 -18"><span class='ocrx_word' id='word_1_40' title='bbox 266 497 355 553; x_wconf 90' lang='lat' dir='ltr'><strong>vel</strong></span> <span class='ocrx_word' id='word_1_41' title='bbox 400 497 619 566; x_wconf 73' lang='lat' dir='ltr'><strong>quilibet</strong></span> <span class='ocrx_word' id='word_1_42' title='bbox 668 496 875 562; x_wconf 87' lang='lat' dir='ltr'><strong>clerici,</strong></span> <span class='ocrx_word' id='word_1_43' title='bbox 901 497 1040 566; x_wconf 91' lang='lat' dir='ltr'><strong>apud</strong></span> <span class='ocrx_word' id='word_1_44' title='bbox 1079 498 1361 569; x_wconf 81' lang='lat' dir='ltr'><strong>episcOpos</strong></span> <span class='ocrx_word' id='word_1_45' title='bbox 1400 497 1541 571; x_wconf 81' lang='lat' dir='ltr'><strong>(quia</strong></span> <span class='ocrx_word' id='word_1_46' title='bbox 1590 497 1717 552; x_wconf 80' lang='lat' dir='ltr'><strong>alibi</strong></span> <span class='ocrx_word' id='word_1_47' title='bbox 1748 513 1855 552; x_wconf 92' lang='lat' dir='ltr'><strong>non</strong></span> 
     </span>
    </p>
   </div>
   <div class='ocr_carea' id='block_1_8' title="bbox 267 590 1855 664">
    <p class='ocr_par' dir='ltr' id='par_1_8' title="bbox 267 590 1855 664">
     <span class='ocr_line' id='line_1_8' title="bbox 267 590 1855 664; baseline 0.001 -19"><span class='ocrx_word' id='word_1_48' title='bbox 267 598 487 659; x_wconf 81' lang='lat' dir='ltr'><strong>Oportet</strong></span> <span class='ocrx_word' id='word_1_49' title='bbox 512 605 543 642; x_wconf 90' lang='lat' dir='ltr'><strong>a</strong></span> <span class='ocrx_word' id='word_1_50' title='bbox 568 590 806 658; x_wconf 87' lang='lat' dir='ltr'><strong>qualibet</strong></span> <span class='ocrx_word' id='word_1_51' title='bbox 836 604 1058 658; x_wconf 86' lang='lat' dir='ltr'><strong>persona</strong></span> <span class='ocrx_word' id='word_1_52' title='bbox 1088 606 1209 660; x_wconf 73' lang='lat' dir='ltr'><strong>quze</strong></span> <span class='ocrx_word' id='word_1_53' title='bbox 1255 593 1355 646; x_wconf 91' lang='lat' dir='ltr'><strong>rite</strong></span> <span class='ocrx_word' id='word_1_54' title='bbox 1392 591 1695 662; x_wconf 81' lang='lat' dir='ltr'><strong>recipienda</strong></span> <span class='ocrx_word' id='word_1_55' title='bbox 1747 593 1855 664; x_wconf 89' lang='lat' dir='ltr'><strong>est)</strong></span> 
     </span>
    </p>
   </div>
   <div class='ocr_carea' id='block_1_9' title="bbox 267 682 1857 756">
    <p class='ocr_par' dir='ltr' id='par_1_9' title="bbox 267 682 1857 756">
     <span class='ocr_line' id='line_1_9' title="bbox 267 682 1857 756; baseline 0.003 -18"><span class='ocrx_word' id='word_1_56' title='bbox 267 683 467 738; x_wconf 83' lang='lat' dir='ltr'><strong>fuerint</strong></span> <span class='ocrx_word' id='word_1_57' title='bbox 513 684 750 739; x_wconf 72' lang='lat' dir='ltr'><strong>accusati</strong></span> <span class='ocrx_word' id='word_1_58' title='bbox 779 682 919 756; x_wconf 76' lang='lat' dir='ltr'><strong>(tunc</strong></span> <span class='ocrx_word' id='word_1_59' title='bbox 958 694 1014 739; x_wconf 91' lang='lat' dir='ltr'><strong>et</strong></span> <span class='ocrx_word' id='word_1_60' title='bbox 1056 685 1248 740; x_wconf 85' lang='lat' dir='ltr'><strong>similia</strong></span> <span class='ocrx_word' id='word_1_61' title='bbox 1298 701 1365 741; x_wconf 81' lang='lat' dir='ltr'><strong>ex</strong></span> <span class='ocrx_word' id='word_1_62' title='bbox 1410 687 1530 741; x_wconf 82' lang='lat' dir='ltr'><strong>cod.</strong></span> <span class='ocrx_word' id='word_1_63' title='bbox 1562 686 1768 743; x_wconf 84' lang='lat' dir='ltr'><strong>Theod.</strong></span> <span class='ocrx_word' id='word_1_64' title='bbox 1802 697 1857 742; x_wconf 92' lang='lat' dir='ltr'><strong>et</strong></span> 
     </span>
    </p>
   </div>
   <div class='ocr_carea' id='block_1_10' title="bbox 265 777 1857 851">
    <p class='ocr_par' dir='ltr' id='par_1_10' title="bbox 265 777 1857 851">
     <span class='ocr_line' id='line_1_10' title="bbox 265 777 1857 851; baseline 0.002 -19"><span class='ocrx_word' id='word_1_65' title='bbox 265 778 481 832; x_wconf 78' lang='lat' dir='ltr'><strong>Aniano</strong></span> <span class='ocrx_word' id='word_1_66' title='bbox 512 777 699 841; x_wconf 89' lang='lat' dir='ltr'><strong>lladr.,</strong></span> <span class='ocrx_word' id='word_1_67' title='bbox 732 792 851 847; x_wconf 85' lang='lat' dir='ltr'><strong>cap.</strong></span> <span class='ocrx_word' id='word_1_68' title='bbox 893 777 1021 848; x_wconf 46' lang='lat'><strong>22);</strong></span> <span class='ocrx_word' id='word_1_69' title='bbox 1055 779 1375 851; x_wconf 85' lang='lat' dir='ltr'><strong>quicumque</strong></span> <span class='ocrx_word' id='word_1_70' title='bbox 1404 779 1580 845; x_wconf 81' lang='lat' dir='ltr'><strong>fuerit,</strong></span> <span class='ocrx_word' id='word_1_71' title='bbox 1624 781 1736 834; x_wconf 83' lang='lat' dir='ltr'><strong>sive</strong></span> <span class='ocrx_word' id='word_1_72' title='bbox 1765 779 1857 836; x_wconf 91' lang='lat' dir='ltr'><strong>ille</strong></span> 
     </span>
    </p>
   </div>
   <div class='ocr_carea' id='block_1_11' title="bbox 265 872 1853 944">
    <p class='ocr_par' dir='ltr' id='par_1_11' title="bbox 265 872 1853 944">
     <span class='ocr_line' id='line_1_11' title="bbox 265 872 1853 944; baseline 0.001 -17"><span class='ocrx_word' id='word_1_73' title='bbox 265 873 343 927; x_wconf 85' lang='lat' dir='ltr'><strong>sit</strong></span> <span class='ocrx_word' id='word_1_74' title='bbox 371 873 615 927; x_wconf 86' lang='lat' dir='ltr'><strong>sublimis</strong></span> <span class='ocrx_word' id='word_1_75' title='bbox 632 873 712 926; x_wconf 87' lang='lat' dir='ltr'><strong>vir</strong></span> <span class='ocrx_word' id='word_1_76' title='bbox 735 872 971 933; x_wconf 87' lang='lat' dir='ltr'><strong>honoris.</strong></span> <span class='ocrx_word' id='word_1_77' title='bbox 1001 872 1114 929; x_wconf 87' lang='lat' dir='ltr'><strong>sive</strong></span> <span class='ocrx_word' id='word_1_78' title='bbox 1143 874 1300 929; x_wconf 82' lang='lat' dir='ltr'><strong>ullius</strong></span> <span class='ocrx_word' id='word_1_79' title='bbox 1320 874 1538 928; x_wconf 85' lang='lat' dir='ltr'><strong>alterius</strong></span> <span class='ocrx_word' id='word_1_80' title='bbox 1562 872 1853 944; x_wconf 80' lang='lat' dir='ltr'><strong>dignitatis,</strong></span> 
     </span>
    </p>
   </div>
   <div class='ocr_carea' id='block_1_12' title="bbox 268 965 1854 1038">
    <p class='ocr_par' dir='ltr' id='par_1_12' title="bbox 268 965 1854 1038">
     <span class='ocr_line' id='line_1_12' title="bbox 268 965 1854 1038; baseline -0.003 -16"><span class='ocrx_word' id='word_1_81' title='bbox 268 969 362 1038; x_wconf 87' lang='lat' dir='ltr'><strong>qui</strong></span> <span class='ocrx_word' id='word_1_82' title='bbox 392 967 496 1022; x_wconf 88' lang='lat' dir='ltr'><strong>hoc</strong></span> <span class='ocrx_word' id='word_1_83' title='bbox 522 982 691 1038; x_wconf 76' lang='lat' dir='ltr'><strong>genus</strong></span> <span class='ocrx_word' id='word_1_84' title='bbox 718 965 1034 1022; x_wconf 87' lang='lat' dir='ltr'><strong>illaudabilis</strong></span> <span class='ocrx_word' id='word_1_85' title='bbox 1054 965 1365 1021; x_wconf 89' lang='lat' dir='ltr'><strong>intentionis</strong></span> <span class='ocrx_word' id='word_1_86' title='bbox 1392 965 1680 1035; x_wconf 86' lang='lat' dir='ltr'><strong>arripuerit</strong></span> <span class='ocrx_word' id='word_1_87' title='bbox 1706 982 1721 1031; x_wconf 91' lang='lat'><strong>;</strong></span> <span class='ocrx_word' id='word_1_88' title='bbox 1756 980 1854 1019; x_wconf 83' lang='lat' dir='ltr'><strong>no—</strong></span> 
     </span>
    </p>
   </div>
   <div class='ocr_carea' id='block_1_13' title="bbox 266 1058 1854 1129">
    <p class='ocr_par' dir='ltr' id='par_1_13' title="bbox 266 1058 1854 1129">
     <span class='ocr_line' id='line_1_13' title="bbox 266 1058 1854 1129; baseline 0.003 -17"><span class='ocrx_word' id='word_1_89' title='bbox 266 1060 431 1127; x_wconf 81' lang='lat' dir='ltr'><strong>verit,</strong></span> <span class='ocrx_word' id='word_1_90' title='bbox 479 1060 803 1129; x_wconf 77' lang='lat' dir='ltr'><strong>probationis</strong></span> <span class='ocrx_word' id='word_1_91' title='bbox 850 1059 1171 1115; x_wconf 90' lang='lat' dir='ltr'><strong>documenta</strong></span> <span class='ocrx_word' id='word_1_92' title='bbox 1215 1075 1274 1115; x_wconf 90' lang='lat' dir='ltr'><strong>se</strong></span> <span class='ocrx_word' id='word_1_93' title='bbox 1303 1059 1501 1115; x_wconf 86' lang='lat' dir='ltr'><strong>debere</strong></span> <span class='ocrx_word' id='word_1_94' title='bbox 1548 1058 1764 1114; x_wconf 86' lang='lat' dir='ltr'><strong>inferre.</strong></span> <span class='ocrx_word' id='word_1_95' title='bbox 1798 1060 1854 1117; x_wconf 90' lang='lat' dir='ltr'><strong>Si</strong></span> 
     </span>
    </p>
   </div>
   <div class='ocr_carea' id='block_1_14' title="bbox 267 1151 1852 1225">
    <p class='ocr_par' dir='ltr' id='par_1_14' title="bbox 267 1151 1852 1225">
     <span class='ocr_line' id='line_1_14' title="bbox 267 1151 1852 1225; baseline -0.001 -15"><span class='ocrx_word' id='word_1_96' title='bbox 267 1155 395 1225; x_wconf 88' lang='lat' dir='ltr'><strong>quis</strong></span> <span class='ocrx_word' id='word_1_97' title='bbox 436 1169 563 1225; x_wconf 87' lang='lat' dir='ltr'><strong>ergo</strong></span> <span class='ocrx_word' id='word_1_98' title='bbox 600 1154 742 1209; x_wconf 89' lang='lat' dir='ltr'><strong>circa</strong></span> <span class='ocrx_word' id='word_1_99' title='bbox 791 1152 1094 1222; x_wconf 68' lang='lat' dir='ltr'><strong>huiusmodi</strong></span> <span class='ocrx_word' id='word_1_100' title='bbox 1141 1167 1400 1224; x_wconf 82' lang='lat' dir='ltr'><strong>personas</strong></span> <span class='ocrx_word' id='word_1_101' title='bbox 1441 1168 1546 1207; x_wconf 91' lang='lat' dir='ltr'><strong>non</strong></span> <span class='ocrx_word' id='word_1_102' title='bbox 1580 1151 1852 1222; x_wconf 86' lang='lat' dir='ltr'><strong>probanda</strong></span> 
     </span>
    </p>
   </div>
   <div class='ocr_carea' id='block_1_15' title="bbox 267 1236 1854 1317">
    <p class='ocr_par' dir='ltr' id='par_1_15' title="bbox 267 1236 1854 1317">
     <span class='ocr_line' id='line_1_15' title="bbox 267 1236 1854 1317; baseline -0.001 -13"><span class='ocrx_word' id='word_1_103' title='bbox 267 1248 548 1312; x_wconf 84' lang='lat' dir='ltr'><strong>detulerit,</strong></span> <span class='ocrx_word' id='word_1_104' title='bbox 601 1248 918 1303; x_wconf 91' lang='lat' dir='ltr'><strong>auctoritate</strong></span> <span class='ocrx_word' id='word_1_105' title='bbox 962 1248 1120 1317; x_wconf 82' lang='lat' dir='ltr'><strong>hujus</strong></span> <span class='ocrx_word' id='word_1_106' title='bbox 1149 1247 1443 1303; x_wconf 83' lang='lat' dir='ltr'><strong>sanctionis</strong></span> <span class='ocrx_word' id='word_1_107' title='bbox 1490 1236 1749 1317; x_wconf 69' lang='lat' dir='ltr'><strong>inhdligat</strong></span> <span class='ocrx_word' id='word_1_108' title='bbox 1794 1262 1854 1303; x_wconf 89' lang='lat' dir='ltr'><strong>se</strong></span> 
     </span>
    </p>
   </div>
   <div class='ocr_carea' id='block_1_16' title="bbox 261 1339 1850 1412">
    <p class='ocr_par' dir='ltr' id='par_1_16' title="bbox 261 1339 1850 1412">
     <span class='ocr_line' id='line_1_16' title="bbox 261 1339 1850 1412; baseline -0.001 -15"><span class='ocrx_word' id='word_1_109' title='bbox 261 1342 532 1412; x_wconf 76' lang='lat' dir='ltr'><strong>iacturam</strong></span> <span class='ocrx_word' id='word_1_110' title='bbox 564 1340 794 1397; x_wconf 81' lang='lat' dir='ltr'><strong>infamiae</strong></span> <span class='ocrx_word' id='word_1_111' title='bbox 814 1341 1106 1407; x_wconf 80' lang='lat' dir='ltr'><strong>susﬁnere,</strong></span> <span class='ocrx_word' id='word_1_112' title='bbox 1132 1350 1190 1395; x_wconf 94' lang='lat' dir='ltr'><strong>ut</strong></span> <span class='ocrx_word' id='word_1_113' title='bbox 1213 1339 1411 1395; x_wconf 84' lang='lat' dir='ltr'><strong>damno</strong></span> <span class='ocrx_word' id='word_1_114' title='bbox 1438 1340 1675 1411; x_wconf 88' lang='lat' dir='ltr'><strong>pudoris,</strong></span> <span class='ocrx_word' id='word_1_115' title='bbox 1703 1341 1850 1395; x_wconf 65' lang='grc' dir='ltr'><strong>ξιξειί-</strong></span> 
     </span>
    </p>
   </div>
   <div class='ocr_carea' id='block_1_17' title="bbox 266 1432 1852 1511">
    <p class='ocr_par' dir='ltr' id='par_1_17' title="bbox 266 1432 1852 1511">
     <span class='ocr_line' id='line_1_17' title="bbox 266 1432 1852 1511; baseline -0.001 -21"><span class='ocrx_word' id='word_1_116' title='bbox 266 1436 525 1491; x_wconf 76' lang='lat' dir='ltr'><strong>mntionis</strong></span> <span class='ocrx_word' id='word_1_117' title='bbox 564 1434 844 1505; x_wconf 84' lang='lat' dir='ltr'><strong>dispendio</strong></span> <span class='ocrx_word' id='word_1_118' title='bbox 885 1434 1092 1511; x_wconf 86' lang='lat' dir='ltr'><strong>discat,</strong></span> <span class='ocrx_word' id='word_1_119' title='bbox 1145 1433 1245 1489; x_wconf 87' lang='lat' dir='ltr'><strong>sibi</strong></span> <span class='ocrx_word' id='word_1_120' title='bbox 1279 1434 1467 1489; x_wconf 60' lang='lat' dir='ltr'><strong>alienae</strong></span> <span class='ocrx_word' id='word_1_121' title='bbox 1516 1432 1852 1488; x_wconf 72' lang='lat' dir='ltr'><strong>verecundize</strong></span> 
     </span>
    </p>
   </div>
   <div class='ocr_carea' id='block_1_18' title="bbox 266 1525 1850 1594">
    <p class='ocr_par' dir='ltr' id='par_1_18' title="bbox 266 1525 1850 1594">
     <span class='ocr_line' id='line_1_18' title="bbox 266 1525 1850 1594; baseline -0.001 -13"><span class='ocrx_word' id='word_1_122' title='bbox 266 1527 490 1594; x_wconf 89' lang='lat' dir='ltr'><strong>impune</strong></span> <span class='ocrx_word' id='word_1_123' title='bbox 512 1526 750 1581; x_wconf 89' lang='lat' dir='ltr'><strong>insidiari</strong></span> <span class='ocrx_word' id='word_1_124' title='bbox 769 1566 787 1592; x_wconf 89' lang='lat'><strong>,</strong></span> <span class='ocrx_word' id='word_1_125' title='bbox 828 1527 1019 1582; x_wconf 90' lang='lat' dir='ltr'><strong>saltem</strong></span> <span class='ocrx_word' id='word_1_126' title='bbox 1050 1525 1119 1582; x_wconf 90' lang='lat' dir='ltr'><strong>de</strong></span> <span class='ocrx_word' id='word_1_127' title='bbox 1144 1535 1343 1582; x_wconf 63' lang='lat' dir='ltr'><strong>caetero</strong></span> <span class='ocrx_word' id='word_1_128' title='bbox 1371 1541 1474 1581; x_wconf 93' lang='lat' dir='ltr'><strong>non</strong></span> <span class='ocrx_word' id='word_1_129' title='bbox 1501 1527 1684 1581; x_wconf 86' lang='lat' dir='ltr'><strong>licere.</strong></span> <span class='ocrx_word' id='word_1_130' title='bbox 1717 1526 1850 1580; x_wconf 74' lang='lat' dir='ltr'><strong>Nam</strong></span> 
     </span>
    </p>
   </div>
   <div class='ocr_carea' id='block_1_19' title="bbox 1958 309 3533 380">
    <p class='ocr_par' dir='ltr' id='par_1_19' title="bbox 1958 309 3533 380">
     <span class='ocr_line' id='line_1_19' title="bbox 1958 309 3533 380; baseline 0.004 -18"><span class='ocrx_word' id='word_1_131' title='bbox 1958 309 2223 380; x_wconf 83' lang='lat' dir='ltr'><strong>particeps</strong></span> <span class='ocrx_word' id='word_1_132' title='bbox 2251 318 2472 366; x_wconf 85' lang='lat' dir='ltr'><strong>essetet</strong></span> <span class='ocrx_word' id='word_1_133' title='bbox 2495 310 2687 375; x_wconf 92' lang='lat' dir='ltr'><strong>nostri,</strong></span> <span class='ocrx_word' id='word_1_134' title='bbox 2721 319 2779 365; x_wconf 93' lang='lat' dir='ltr'><strong>ut</strong></span> <span class='ocrx_word' id='word_1_135' title='bbox 2806 311 2995 367; x_wconf 90' lang='lat' dir='ltr'><strong>mortis</strong></span> <span class='ocrx_word' id='word_1_136' title='bbox 3044 311 3346 373; x_wconf 88' lang='lat' dir='ltr'><strong>vinculum.</strong></span> <span class='ocrx_word' id='word_1_137' title='bbox 3373 312 3533 368; x_wconf 85' lang='lat' dir='ltr'><strong>unius</strong></span> 
     </span>
    </p>
   </div>
   <div class='ocr_carea' id='block_1_20' title="bbox 1957 402 3533 476">
    <p class='ocr_par' dir='ltr' id='par_1_20' title="bbox 1957 402 3533 476">
     <span class='ocr_line' id='line_1_20' title="bbox 1957 402 3533 476; baseline 0.004 -22"><span class='ocrx_word' id='word_1_138' title='bbox 1957 402 2393 470; x_wconf 70' lang='lat' dir='ltr'><strong>prmvaricatione</strong></span> <span class='ocrx_word' id='word_1_139' title='bbox 2430 410 2788 463; x_wconf 82' lang='lat' dir='ltr'><strong>centractmn,</strong></span> <span class='ocrx_word' id='word_1_140' title='bbox 2819 402 2977 457; x_wconf 89' lang='lat' dir='ltr'><strong>unius</strong></span> <span class='ocrx_word' id='word_1_141' title='bbox 3003 416 3179 459; x_wconf 87' lang='lat' dir='ltr'><strong>morte</strong></span> <span class='ocrx_word' id='word_1_142' title='bbox 3224 402 3338 476; x_wconf 88' lang='lat' dir='ltr'><strong>(qui</strong></span> <span class='ocrx_word' id='word_1_143' title='bbox 3382 403 3533 461; x_wconf 90' lang='lat' dir='ltr'><strong>solus</strong></span> 
     </span>
    </p>
   </div>
   <div class='ocr_carea' id='block_1_21' title="bbox 1959 491 3522 566">
    <p class='ocr_par' dir='ltr' id='par_1_21' title="bbox 1959 491 3522 566">
     <span class='ocr_line' id='line_1_21' title="bbox 1959 491 3522 566; baseline 0.004 -22"><span class='ocrx_word' id='word_1_144' title='bbox 1959 491 2117 545; x_wconf 91' lang='lat' dir='ltr'><strong>morti</strong></span> <span class='ocrx_word' id='word_1_145' title='bbox 2163 492 2290 546; x_wconf 90' lang='lat' dir='ltr'><strong>nihil</strong></span> <span class='ocrx_word' id='word_1_146' title='bbox 2344 491 2547 564; x_wconf 81' lang='lat' dir='ltr'><strong>debuit)</strong></span> <span class='ocrx_word' id='word_1_147' title='bbox 2595 493 2932 548; x_wconf 81' lang='lat' dir='ltr'><strong>solveretur?</strong></span> <span class='ocrx_word' id='word_1_148' title='bbox 2964 494 3162 550; x_wconf 84' lang='lat' dir='ltr'><strong>Etl‘osio</strong></span> <span class='ocrx_word' id='word_1_149' title='bbox 3207 496 3349 551; x_wconf 86' lang='lat' dir='ltr'><strong>enim</strong></span> <span class='ocrx_word' id='word_1_150' title='bbox 3389 496 3522 566; x_wconf 81' lang='lat' dir='ltr'><strong>justi</strong></span> 
     </span>
    </p>
   </div>
   <div class='ocr_carea' id='block_1_22' title="bbox 1960 582 3533 658">
    <p class='ocr_par' dir='ltr' id='par_1_22' title="bbox 1960 582 3533 658">
     <span class='ocr_line' id='line_1_22' title="bbox 1960 582 3533 658; baseline 0.007 -22"><span class='ocrx_word' id='word_1_151' title='bbox 1960 585 2235 653; x_wconf 81' lang='lat' dir='ltr'><strong>sanguinis</strong></span> <span class='ocrx_word' id='word_1_152' title='bbox 2282 582 2478 640; x_wconf 87' lang='lat' dir='ltr'><strong>Christi</strong></span> <span class='ocrx_word' id='word_1_153' title='bbox 2506 628 2522 652; x_wconf 91' lang='lat'><strong>,</strong></span> <span class='ocrx_word' id='word_1_154' title='bbox 2573 596 2677 640; x_wconf 91' lang='lat' dir='ltr'><strong>tam</strong></span> <span class='ocrx_word' id='word_1_155' title='bbox 2712 584 2810 640; x_wconf 87' lang='lat' dir='ltr'><strong>fuit</strong></span> <span class='ocrx_word' id='word_1_156' title='bbox 2840 587 2987 643; x_wconf 84' lang='lat' dir='ltr'><strong>dives</strong></span> <span class='ocrx_word' id='word_1_157' title='bbox 3027 587 3092 642; x_wconf 90' lang='lat' dir='ltr'><strong>ad</strong></span> <span class='ocrx_word' id='word_1_158' title='bbox 3126 590 3375 658; x_wconf 84' lang='lat' dir='ltr'><strong>pretium,</strong></span> <span class='ocrx_word' id='word_1_159' title='bbox 3407 596 3464 646; x_wconf 94' lang='lat' dir='ltr'><strong>ut</strong></span> <span class='ocrx_word' id='word_1_160' title='bbox 3485 589 3533 647; x_wconf 92' lang='lat' dir='ltr'><strong>si</strong></span> 
     </span>
    </p>
   </div>
   <div class='ocr_carea' id='block_1_23' title="bbox 1958 668 3536 748">
    <p class='ocr_par' dir='ltr' id='par_1_23' title="bbox 1958 668 3536 748">
     <span class='ocr_line' id='line_1_23' title="bbox 1958 668 3536 748; baseline 0.006 -19"><span class='ocrx_word' id='word_1_161' title='bbox 1958 668 2279 731; x_wconf 84' lang='lat' dir='ltr'><strong>universitas</strong></span> <span class='ocrx_word' id='word_1_162' title='bbox 2303 679 2634 745; x_wconf 88' lang='lat' dir='ltr'><strong>captivorum</strong></span> <span class='ocrx_word' id='word_1_163' title='bbox 2668 678 2719 732; x_wconf 90' lang='lat' dir='ltr'><strong>in</strong></span> <span class='ocrx_word' id='word_1_164' title='bbox 2749 679 3140 748; x_wconf 83' lang='lat' dir='ltr'><strong>redemptorem</strong></span> <span class='ocrx_word' id='word_1_165' title='bbox 3165 694 3318 735; x_wconf 90' lang='lat' dir='ltr'><strong>suum</strong></span> <span class='ocrx_word' id='word_1_166' title='bbox 3348 680 3536 738; x_wconf 79' lang='lat' dir='ltr'><strong>crede—</strong></span> 
     </span>
    </p>
   </div>
   <div class='ocr_carea' id='block_1_24' title="bbox 1957 758 3536 844">
    <p class='ocr_par' dir='ltr' id='par_1_24' title="bbox 1957 758 3536 844">
     <span class='ocr_line' id='line_1_24' title="bbox 1957 758 3536 844; baseline 0.005 -21"><span class='ocrx_word' id='word_1_167' title='bbox 1957 780 2058 831; x_wconf 87' lang='lat' dir='ltr'><strong>ret,</strong></span> <span class='ocrx_word' id='word_1_168' title='bbox 2093 772 2293 825; x_wconf 91' lang='lat' dir='ltr'><strong>nullum</strong></span> <span class='ocrx_word' id='word_1_169' title='bbox 2324 772 2521 827; x_wconf 86' lang='lat' dir='ltr'><strong>diaboli</strong></span> <span class='ocrx_word' id='word_1_170' title='bbox 2553 772 2762 829; x_wconf 91' lang='lat' dir='ltr'><strong>vincula</strong></span> <span class='ocrx_word' id='word_1_171' title='bbox 2791 772 3116 829; x_wconf 79' lang='lat' dir='ltr'><strong>retinerent:</strong></span> <span class='ocrx_word' id='word_1_172' title='bbox 3143 776 3418 844; x_wconf 89' lang='lat' dir='ltr'><strong>quoniam,</strong></span> <span class='ocrx_word' id='word_1_173' title='bbox 3461 758 3536 831; x_wconf 41' lang='lat' dir='ltr'><strong>si;</strong></span> 
     </span>
    </p>
   </div>
   <div class='ocr_carea' id='block_1_25' title="bbox 1956 864 3536 939">
    <p class='ocr_par' dir='ltr' id='par_1_25' title="bbox 1956 864 3536 939">
     <span class='ocr_line' id='line_1_25' title="bbox 1956 864 3536 939; baseline 0.005 -21"><span class='ocrx_word' id='word_1_174' title='bbox 1956 873 2048 918; x_wconf 89' lang='lat' dir='ltr'><strong>cut</strong></span> <span class='ocrx_word' id='word_1_175' title='bbox 2079 865 2366 933; x_wconf 82' lang='lat' dir='ltr'><strong>Apostolus</strong></span> <span class='ocrx_word' id='word_1_176' title='bbox 2402 865 2476 920; x_wconf 91' lang='lat' dir='ltr'><strong>ait</strong></span> <span class='ocrx_word' id='word_1_177' title='bbox 2508 883 2520 918; x_wconf 91' lang='lat'><strong>:</strong></span> <span class='ocrx_word' id='word_1_178' title='bbox 2561 864 2660 920; x_wconf 86' lang='lat' dir='ltr'><strong>Ubi</strong></span> <span class='ocrx_word' id='word_1_179' title='bbox 2692 866 2965 921; x_wconf 82' lang='lat' dir='ltr'><strong>abundavit</strong></span> <span class='ocrx_word' id='word_1_180' title='bbox 2995 878 3257 939; x_wconf 79' lang='lat' dir='ltr'><strong>peccatum</strong></span> <span class='ocrx_word' id='word_1_181' title='bbox 3279 911 3294 934; x_wconf 92' lang='lat'><strong>,</strong></span> <span class='ocrx_word' id='word_1_182' title='bbox 3323 886 3536 939; x_wconf 80' lang='lat' dir='ltr'><strong>supera-</strong></span> 
     </span>
    </p>
   </div>
   <div class='ocr_carea' id='block_1_26' title="bbox 1955 954 3535 1033">
    <p class='ocr_par' dir='ltr' id='par_1_26' title="bbox 1955 954 3535 1033">
     <span class='ocr_line' id='line_1_26' title="bbox 1955 954 3535 1033; baseline 0.006 -24"><span class='ocrx_word' id='word_1_183' title='bbox 1955 954 2196 1011; x_wconf 81' lang='lat' dir='ltr'><strong>bundavit</strong></span> <span class='ocrx_word' id='word_1_184' title='bbox 2221 966 2266 1011; x_wconf 84' lang='lat' dir='ltr'><strong>et</strong></span> <span class='ocrx_word' id='word_1_185' title='bbox 2290 960 2456 1028; x_wconf 80' lang='lat' dir='ltr'><strong>gratia</strong></span> <span class='ocrx_word' id='word_1_186' title='bbox 2483 956 2683 1030; x_wconf 82' lang='lat' dir='ltr'><strong>(Rom.,</strong></span> <span class='ocrx_word' id='word_1_187' title='bbox 2708 957 2787 1030; x_wconf 91' lang='lat' dir='ltr'><strong>v).</strong></span> <span class='ocrx_word' id='word_1_188' title='bbox 2810 958 3013 1014; x_wconf 75' lang='lat' dir='ltr'><strong>Etcum</strong></span> <span class='ocrx_word' id='word_1_189' title='bbox 3043 962 3141 1016; x_wconf 91' lang='lat' dir='ltr'><strong>sub</strong></span> <span class='ocrx_word' id='word_1_190' title='bbox 3171 964 3372 1031; x_wconf 84' lang='lat' dir='ltr'><strong>peccati</strong></span> <span class='ocrx_word' id='word_1_191' title='bbox 3398 977 3535 1033; x_wconf 75' lang='lat' dir='ltr'><strong>pra:-</strong></span> 
     </span>
    </p>
   </div>
   <div class='ocr_carea' id='block_1_27' title="bbox 1951 1049 3534 1125">
    <p class='ocr_par' dir='ltr' id='par_1_27' title="bbox 1951 1049 3534 1125">
     <span class='ocr_line' id='line_1_27' title="bbox 1951 1049 3534 1125; baseline 0.006 -22"><span class='ocrx_word' id='word_1_192' title='bbox 1951 1049 2152 1120; x_wconf 91' lang='lat' dir='ltr'><strong>judicio</strong></span> <span class='ocrx_word' id='word_1_193' title='bbox 2183 1052 2291 1106; x_wconf 90' lang='lat' dir='ltr'><strong>uati</strong></span> <span class='ocrx_word' id='word_1_194' title='bbox 2319 1094 2333 1118; x_wconf 92' lang='lat'><strong>,</strong></span> <span class='ocrx_word' id='word_1_195' title='bbox 2371 1061 2689 1122; x_wconf 82' lang='lat' dir='ltr'><strong>petestatem</strong></span> <span class='ocrx_word' id='word_1_196' title='bbox 2739 1054 3048 1122; x_wconf 85' lang='lat' dir='ltr'><strong>acceperint</strong></span> <span class='ocrx_word' id='word_1_197' title='bbox 3073 1055 3140 1110; x_wconf 90' lang='lat' dir='ltr'><strong>ad</strong></span> <span class='ocrx_word' id='word_1_198' title='bbox 3163 1055 3422 1125; x_wconf 86' lang='lat' dir='ltr'><strong>justitiam</strong></span> <span class='ocrx_word' id='word_1_199' title='bbox 3450 1070 3534 1113; x_wconf 83' lang='lat' dir='ltr'><strong>re-</strong></span> 
     </span>
    </p>
   </div>
   <div class='ocr_carea' id='block_1_28' title="bbox 1954 1145 3536 1223">
    <p class='ocr_par' dir='ltr' id='par_1_28' title="bbox 1954 1145 3536 1223">
     <span class='ocr_line' id='line_1_28' title="bbox 1954 1145 3536 1223; baseline 0.006 -24"><span class='ocrx_word' id='word_1_200' title='bbox 1954 1145 2231 1213; x_wconf 89' lang='lat' dir='ltr'><strong>nascendi,</strong></span> <span class='ocrx_word' id='word_1_201' title='bbox 2262 1146 2486 1202; x_wconf 87' lang='lat' dir='ltr'><strong>validius</strong></span> <span class='ocrx_word' id='word_1_202' title='bbox 2508 1146 2705 1202; x_wconf 87' lang='lat' dir='ltr'><strong>factum</strong></span> <span class='ocrx_word' id='word_1_203' title='bbox 2734 1147 3036 1203; x_wconf 90' lang='lat' dir='ltr'><strong>estdonum</strong></span> <span class='ocrx_word' id='word_1_204' title='bbox 3068 1150 3345 1214; x_wconf 87' lang='lat' dir='ltr'><strong>libertatis,</strong></span> <span class='ocrx_word' id='word_1_205' title='bbox 3375 1166 3536 1223; x_wconf 87' lang='lat' dir='ltr'><strong>quam</strong></span> 
     </span>
    </p>
   </div>
   <div class='ocr_carea' id='block_1_29' title="bbox 1954 1239 3541 1315">
    <p class='ocr_par' dir='ltr' id='par_1_29' title="bbox 1954 1239 3541 1315">
     <span class='ocr_line' id='line_1_29' title="bbox 1954 1239 3541 1315; baseline 0.004 -21"><span class='ocrx_word' id='word_1_206' title='bbox 1954 1239 2191 1297; x_wconf 86' lang='lat' dir='ltr'><strong>debitum</strong></span> <span class='ocrx_word' id='word_1_207' title='bbox 2218 1242 2510 1297; x_wconf 75' lang='lat' dir='ltr'><strong>servitutis.</strong></span> <span class='ocrx_word' id='word_1_208' title='bbox 2538 1241 2709 1308; x_wconf 82' lang='lat' dir='ltr'><strong>Quam</strong></span> <span class='ocrx_word' id='word_1_209' title='bbox 2743 1242 2923 1313; x_wconf 84' lang='lat' dir='ltr'><strong>itaque</strong></span> <span class='ocrx_word' id='word_1_210' title='bbox 2954 1244 3056 1299; x_wconf 84' lang='lat' dir='ltr'><strong>sibi</strong></span> <span class='ocrx_word' id='word_1_211' title='bbox 3091 1245 3143 1298; x_wconf 90' lang='lat' dir='ltr'><strong>in</strong></span> <span class='ocrx_word' id='word_1_212' title='bbox 3175 1244 3333 1315; x_wconf 88' lang='lat' dir='ltr'><strong>hujus</strong></span> <span class='ocrx_word' id='word_1_213' title='bbox 3361 1260 3541 1301; x_wconf 69' lang='lat' dir='ltr'><strong>sacra-</strong></span> 
     </span>
    </p>
   </div>
   <div class='ocr_carea' id='block_1_30' title="bbox 1954 1333 3538 1407">
    <p class='ocr_par' dir='ltr' id='par_1_30' title="bbox 1954 1333 3538 1407">
     <span class='ocr_line' id='line_1_30' title="bbox 1954 1333 3538 1407; baseline 0.004 -20"><span class='ocrx_word' id='word_1_214' title='bbox 1954 1333 2121 1389; x_wconf 91' lang='lat' dir='ltr'><strong>menti</strong></span> <span class='ocrx_word' id='word_1_215' title='bbox 2171 1334 2419 1404; x_wconf 62' lang='lat' dir='ltr'><strong>praesidio</strong></span> <span class='ocrx_word' id='word_1_216' title='bbox 2461 1349 2613 1405; x_wconf 89' lang='lat' dir='ltr'><strong>spem</strong></span> <span class='ocrx_word' id='word_1_217' title='bbox 2656 1334 2991 1407; x_wconf 90' lang='lat' dir='ltr'><strong>relinquunt,</strong></span> <span class='ocrx_word' id='word_1_218' title='bbox 3024 1337 3115 1407; x_wconf 91' lang='lat' dir='ltr'><strong>qui</strong></span> <span class='ocrx_word' id='word_1_219' title='bbox 3164 1338 3217 1393; x_wconf 93' lang='lat' dir='ltr'><strong>in</strong></span> <span class='ocrx_word' id='word_1_220' title='bbox 3261 1338 3538 1395; x_wconf 86' lang='lat' dir='ltr'><strong>Salvatore</strong></span> 
     </span>
    </p>
   </div>
   <div class='ocr_carea' id='block_1_31' title="bbox 1954 1429 3536 1502">
    <p class='ocr_par' dir='ltr' id='par_1_31' title="bbox 1954 1429 3536 1502">
     <span class='ocr_line' id='line_1_31' title="bbox 1954 1429 3536 1502; baseline 0.003 -22"><span class='ocrx_word' id='word_1_221' title='bbox 1954 1438 2141 1483; x_wconf 88' lang='lat' dir='ltr'><strong>nostro</strong></span> <span class='ocrx_word' id='word_1_222' title='bbox 2165 1439 2361 1500; x_wconf 84' lang='lat' dir='ltr'><strong>negant</strong></span> <span class='ocrx_word' id='word_1_223' title='bbox 2378 1430 2595 1484; x_wconf 91' lang='lat' dir='ltr'><strong>humani</strong></span> <span class='ocrx_word' id='word_1_224' title='bbox 2623 1429 2866 1499; x_wconf 87' lang='lat' dir='ltr'><strong>corporis</strong></span> <span class='ocrx_word' id='word_1_225' title='bbox 2877 1430 3157 1485; x_wconf 85' lang='lat' dir='ltr'><strong>veritatem</strong></span> <span class='ocrx_word' id='word_1_226' title='bbox 3175 1431 3199 1484; x_wconf 88' lang='lat'><strong>?</strong></span> <span class='ocrx_word' id='word_1_227' title='bbox 3228 1429 3412 1486; x_wconf 74' lang='lat' dir='ltr'><strong>Dii-aut</strong></span> <span class='ocrx_word' id='word_1_228' title='bbox 3430 1443 3536 1502; x_wconf 93' lang='lat' dir='ltr'><strong>quo</strong></span> 
     </span>
    </p>
   </div>
   <div class='ocr_carea' id='block_1_32' title="bbox 1952 1522 3532 1595">
    <p class='ocr_par' dir='ltr' id='par_1_32' title="bbox 1952 1522 3532 1595">
     <span class='ocr_line' id='line_1_32' title="bbox 1952 1522 3532 1595; baseline 0.003 -20"><span class='ocrx_word' id='word_1_229' title='bbox 1952 1522 2218 1576; x_wconf 88' lang='lat' dir='ltr'><strong>sacriﬁcio</strong></span> <span class='ocrx_word' id='word_1_230' title='bbox 2249 1523 2606 1580; x_wconf 86' lang='lat' dir='ltr'><strong>reconciliati:</strong></span> <span class='ocrx_word' id='word_1_231' title='bbox 2641 1523 2823 1578; x_wconf 87' lang='lat' dir='ltr'><strong>dicant</strong></span> <span class='ocrx_word' id='word_1_232' title='bbox 2865 1539 2969 1595; x_wconf 92' lang='lat' dir='ltr'><strong>quo</strong></span> <span class='ocrx_word' id='word_1_233' title='bbox 2997 1522 3257 1595; x_wconf 88' lang='lat' dir='ltr'><strong>sanguine</strong></span> <span class='ocrx_word' id='word_1_234' title='bbox 3301 1525 3407 1579; x_wconf 89' lang='lat' dir='ltr'><strong>sint</strong></span> <span class='ocrx_word' id='word_1_235' title='bbox 3443 1538 3532 1580; x_wconf 87' lang='lat' dir='ltr'><strong>re-</strong></span> 
     </span>
    </p>
   </div>
   <div class='ocr_carea' id='block_1_33' title="bbox 263 1610 3538 1690">
    <p class='ocr_par' dir='ltr' id='par_1_33' title="bbox 263 1610 3538 1690">
     <span class='ocr_line' id='line_1_33' title="bbox 263 1610 3538 1690; baseline -0 -17"><span class='ocrx_word' id='word_1_236' title='bbox 263 1620 501 1690; x_wconf 89' lang='lat' dir='ltr'><strong>qualiter</strong></span> <span class='ocrx_word' id='word_1_237' title='bbox 546 1620 611 1675; x_wconf 90' lang='lat' dir='ltr'><strong>ad</strong></span> <span class='ocrx_word' id='word_1_238' title='bbox 637 1620 923 1675; x_wconf 70' lang='lat' dir='ltr'><strong>concilium</strong></span> <span class='ocrx_word' id='word_1_239' title='bbox 972 1619 1236 1686; x_wconf 88' lang='lat' dir='ltr'><strong>veniatur,</strong></span> <span class='ocrx_word' id='word_1_240' title='bbox 1266 1628 1359 1675; x_wconf 87' lang='lat' dir='ltr'><strong>aut</strong></span> <span class='ocrx_word' id='word_1_241' title='bbox 1396 1619 1623 1690; x_wconf 89' lang='lat' dir='ltr'><strong>qualiter</strong></span> <span class='ocrx_word' id='word_1_242' title='bbox 1649 1618 1716 1674; x_wconf 91' lang='lat' dir='ltr'><strong>de</strong></span> <span class='ocrx_word' id='word_1_243' title='bbox 1742 1620 1854 1674; x_wconf 89' lang='lat' dir='ltr'><strong>suis</strong></span> <span class='ocrx_word' id='word_1_244' title='bbox 1880 1610 1930 1672; x_wconf 91' lang='lat' dir='ltr'><strong>B</strong></span> <span class='ocrx_word' id='word_1_245' title='bbox 1956 1615 2179 1685; x_wconf 87' lang='lat' dir='ltr'><strong>dempti.</strong></span> <span class='ocrx_word' id='word_1_246' title='bbox 2212 1616 2337 1683; x_wconf 86' lang='lat' dir='ltr'><strong>Quis</strong></span> <span class='ocrx_word' id='word_1_247' title='bbox 2363 1628 2460 1683; x_wconf 83' lang='lat' dir='ltr'><strong>est,</strong></span> <span class='ocrx_word' id='word_1_248' title='bbox 2493 1626 2547 1671; x_wconf 93' lang='lat' dir='ltr'><strong>ut</strong></span> <span class='ocrx_word' id='word_1_249' title='bbox 2578 1618 2653 1671; x_wconf 86' lang='lat' dir='ltr'><strong>ait</strong></span> <span class='ocrx_word' id='word_1_250' title='bbox 2675 1619 2982 1689; x_wconf 84' lang='lat' dir='ltr'><strong>Apostolus,</strong></span> <span class='ocrx_word' id='word_1_251' title='bbox 3010 1619 3096 1688; x_wconf 86' lang='lat' dir='ltr'><strong>qui</strong></span> <span class='ocrx_word' id='word_1_252' title='bbox 3116 1618 3327 1672; x_wconf 80' lang='lat' dir='ltr'><strong>tradidit</strong></span> <span class='ocrx_word' id='word_1_253' title='bbox 3352 1629 3538 1673; x_wconf 70' lang='lat' dir='ltr'><strong>scutat-</strong></span> 
     </span>
    </p>
   </div>
   <div class='ocr_carea' id='block_1_34' title="bbox 264 1712 1852 1785">
    <p class='ocr_par' dir='ltr' id='par_1_34' title="bbox 264 1712 1852 1785">
     <span class='ocr_line' id='line_1_34' title="bbox 264 1712 1852 1785; baseline -0.001 -16"><span class='ocrx_word' id='word_1_254' title='bbox 264 1712 433 1769; x_wconf 82' lang='lat' dir='ltr'><strong>rebus</strong></span> <span class='ocrx_word' id='word_1_255' title='bbox 479 1712 732 1783; x_wconf 78' lang='lat' dir='ltr'><strong>cxpoliati</strong></span> <span class='ocrx_word' id='word_1_256' title='bbox 785 1713 862 1785; x_wconf 78' lang='lat'><strong>(5.</strong></span> <span class='ocrx_word' id='word_1_257' title='bbox 893 1730 945 1783; x_wconf 91' lang='lat' dir='ltr'><strong>q.</strong></span> <span class='ocrx_word' id='word_1_258' title='bbox 972 1714 1024 1769; x_wconf 79' lang='grc'><strong>1.</strong></span> <span class='ocrx_word' id='word_1_259' title='bbox 1058 1713 1346 1783; x_wconf 77' lang='lat' dir='ltr'><strong>Episcopus</strong></span> <span class='ocrx_word' id='word_1_260' title='bbox 1379 1715 1485 1768; x_wconf 88' lang='lat' dir='ltr'><strong>suis</strong></span> <span class='ocrx_word' id='word_1_261' title='bbox 1517 1714 1666 1768; x_wconf 80' lang='lat' dir='ltr'><strong>rebus</strong></span> <span class='ocrx_word' id='word_1_262' title='bbox 1694 1730 1852 1785; x_wconf 68' lang='lat' dir='ltr'><strong>expo-</strong></span> 
     </span>
    </p>
   </div>
   <div class='ocr_carea' id='block_1_35' title="bbox 265 1808 1850 1880">
    <p class='ocr_par' dir='ltr' id='par_1_35' title="bbox 265 1808 1850 1880">
     <span class='ocr_line' id='line_1_35' title="bbox 265 1808 1850 1880; baseline 0.001 -18"><span class='ocrx_word' id='word_1_263' title='bbox 265 1808 470 1880; x_wconf 80' lang='lat' dir='ltr'><strong>liatus),</strong></span> <span class='ocrx_word' id='word_1_264' title='bbox 503 1810 585 1864; x_wconf 85' lang='lat' dir='ltr'><strong>vel</strong></span> <span class='ocrx_word' id='word_1_265' title='bbox 616 1809 770 1879; x_wconf 89' lang='lat' dir='ltr'><strong>cjecti</strong></span> <span class='ocrx_word' id='word_1_266' title='bbox 800 1825 832 1864; x_wconf 89' lang='lat' dir='ltr'><strong>a</strong></span> <span class='ocrx_word' id='word_1_267' title='bbox 859 1808 1075 1865; x_wconf 88' lang='lat' dir='ltr'><strong>sedibus</strong></span> <span class='ocrx_word' id='word_1_268' title='bbox 1101 1810 1360 1880; x_wconf 83' lang='lat' dir='ltr'><strong>prepriis,</strong></span> <span class='ocrx_word' id='word_1_269' title='bbox 1398 1819 1488 1864; x_wconf 91' lang='lat' dir='ltr'><strong>aut</strong></span> <span class='ocrx_word' id='word_1_270' title='bbox 1515 1810 1605 1877; x_wconf 85' lang='lat' dir='ltr'><strong>qui</strong></span> <span class='ocrx_word' id='word_1_271' title='bbox 1628 1823 1850 1865; x_wconf 86' lang='lat' dir='ltr'><strong>accusa-</strong></span> 
     </span>
    </p>
   </div>
   <div class='ocr_carea' id='block_1_36' title="bbox 266 1901 1852 1973">
    <p class='ocr_par' dir='ltr' id='par_1_36' title="bbox 266 1901 1852 1973">
     <span class='ocr_line' id='line_1_36' title="bbox 266 1901 1852 1973; baseline 0.001 -18"><span class='ocrx_word' id='word_1_272' title='bbox 266 1911 419 1956; x_wconf 88' lang='lat' dir='ltr'><strong>tores</strong></span> <span class='ocrx_word' id='word_1_273' title='bbox 457 1902 563 1956; x_wconf 87' lang='lat' dir='ltr'><strong>sint</strong></span> <span class='ocrx_word' id='word_1_274' title='bbox 611 1902 923 1972; x_wconf 62' lang='lat' dir='ltr'><strong>reeipiendi,</strong></span> <span class='ocrx_word' id='word_1_275' title='bbox 974 1902 1136 1973; x_wconf 91' lang='lat' dir='ltr'><strong>quive</strong></span> <span class='ocrx_word' id='word_1_276' title='bbox 1189 1917 1295 1957; x_wconf 91' lang='lat' dir='ltr'><strong>nou</strong></span> <span class='ocrx_word' id='word_1_277' title='bbox 1324 1903 1451 1967; x_wconf 79' lang='lat' dir='ltr'><strong>sint,</strong></span> <span class='ocrx_word' id='word_1_278' title='bbox 1493 1913 1583 1955; x_wconf 90' lang='lat' dir='ltr'><strong>aut</strong></span> <span class='ocrx_word' id='word_1_279' title='bbox 1625 1901 1852 1971; x_wconf 85' lang='lat' dir='ltr'><strong>qualiter</strong></span> 
     </span>
    </p>
   </div>
   <div class='ocr_carea' id='block_1_37' title="bbox 264 1993 1846 2065">
    <p class='ocr_par' dir='ltr' id='par_1_37' title="bbox 264 1993 1846 2065">
     <span class='ocr_line' id='line_1_37' title="bbox 264 1993 1846 2065; baseline 0 -16"><span class='ocrx_word' id='word_1_280' title='bbox 264 1995 459 2064; x_wconf 88' lang='lat' dir='ltr'><strong>ejectis</strong></span> <span class='ocrx_word' id='word_1_281' title='bbox 480 2002 535 2050; x_wconf 90' lang='lat' dir='ltr'><strong>et</strong></span> <span class='ocrx_word' id='word_1_282' title='bbox 560 1994 841 2064; x_wconf 62' lang='lat' dir='ltr'><strong>expulistis</strong></span> <span class='ocrx_word' id='word_1_283' title='bbox 862 1995 971 2050; x_wconf 93' lang='lat' dir='ltr'><strong>sint</strong></span> <span class='ocrx_word' id='word_1_284' title='bbox 989 1995 1169 2049; x_wconf 84' lang='lat' dir='ltr'><strong>omnia</strong></span> <span class='ocrx_word' id='word_1_285' title='bbox 1193 1995 1400 2065; x_wconf 78' lang='lat' dir='ltr'><strong>legibus</strong></span> <span class='ocrx_word' id='word_1_286' title='bbox 1421 1993 1846 2065; x_wconf 87' lang='lat' dir='ltr'><strong>redintegranda,</strong></span> 
     </span>
    </p>
   </div>
   <div class='ocr_carea' id='block_1_38' title="bbox 266 2086 1851 2158">
    <p class='ocr_par' dir='ltr' id='par_1_38' title="bbox 266 2086 1851 2158">
     <span class='ocr_line' id='line_1_38' title="bbox 266 2086 1851 2158; baseline 0.001 -18"><span class='ocrx_word' id='word_1_287' title='bbox 266 2102 391 2158; x_wconf 71' lang='lat' dir='ltr'><strong>quze</strong></span> <span class='ocrx_word' id='word_1_288' title='bbox 418 2087 496 2143; x_wconf 90' lang='lat' dir='ltr'><strong>eis</strong></span> <span class='ocrx_word' id='word_1_289' title='bbox 523 2087 697 2143; x_wconf 84' lang='lat' dir='ltr'><strong>ablata</strong></span> <span class='ocrx_word' id='word_1_290' title='bbox 738 2097 897 2143; x_wconf 89' lang='lat' dir='ltr'><strong>sunt:</strong></span> <span class='ocrx_word' id='word_1_291' title='bbox 942 2097 997 2143; x_wconf 90' lang='lat' dir='ltr'><strong>et</strong></span> <span class='ocrx_word' id='word_1_292' title='bbox 1036 2089 1159 2158; x_wconf 85' lang='lat' dir='ltr'><strong>quia</strong></span> <span class='ocrx_word' id='word_1_293' title='bbox 1191 2088 1495 2157; x_wconf 89' lang='lat' dir='ltr'><strong>priusquam</strong></span> <span class='ocrx_word' id='word_1_294' title='bbox 1524 2086 1624 2142; x_wconf 92' lang='lat' dir='ltr'><strong>hoc</strong></span> <span class='ocrx_word' id='word_1_295' title='bbox 1653 2086 1851 2142; x_wconf 87' lang='lat' dir='ltr'><strong>factum</strong></span> 
     </span>
    </p>
   </div>
   <div class='ocr_carea' id='block_1_39' title="bbox 268 2180 1853 2251">
    <p class='ocr_par' dir='ltr' id='par_1_39' title="bbox 268 2180 1853 2251">
     <span class='ocr_line' id='line_1_39' title="bbox 268 2180 1853 2251; baseline 0.001 -16"><span class='ocrx_word' id='word_1_296' title='bbox 268 2180 453 2248; x_wconf 87' lang='lat' dir='ltr'><strong>fuerit,</strong></span> <span class='ocrx_word' id='word_1_297' title='bbox 495 2183 700 2237; x_wconf 90' lang='lat' dir='ltr'><strong>nullum</strong></span> <span class='ocrx_word' id='word_1_298' title='bbox 730 2183 932 2237; x_wconf 91' lang='lat' dir='ltr'><strong>crimen</strong></span> <span class='ocrx_word' id='word_1_299' title='bbox 962 2181 1043 2237; x_wconf 91' lang='lat' dir='ltr'><strong>eis</strong></span> <span class='ocrx_word' id='word_1_300' title='bbox 1076 2182 1236 2251; x_wconf 88' lang='lat' dir='ltr'><strong>objiei</strong></span> <span class='ocrx_word' id='word_1_301' title='bbox 1282 2181 1515 2251; x_wconf 89' lang='lat' dir='ltr'><strong>poterit,</strong></span> <span class='ocrx_word' id='word_1_302' title='bbox 1547 2190 1602 2237; x_wconf 91' lang='lat' dir='ltr'><strong>et</strong></span> <span class='ocrx_word' id='word_1_303' title='bbox 1626 2182 1853 2250; x_wconf 85' lang='lat' dir='ltr'><strong>qualiter</strong></span> 
     </span>
    </p>
   </div>
   <div class='ocr_carea' id='block_1_40' title="bbox 272 2271 1851 2345">
    <p class='ocr_par' dir='ltr' id='par_1_40' title="bbox 272 2271 1851 2345">
     <span class='ocr_line' id='line_1_40' title="bbox 272 2271 1851 2345; baseline 0.001 -19"><span class='ocrx_word' id='word_1_304' title='bbox 272 2271 389 2326; x_wconf 87' lang='lat' dir='ltr'><strong>illis</strong></span> <span class='ocrx_word' id='word_1_305' title='bbox 421 2273 648 2328; x_wconf 66' lang='lat' dir='ltr'><strong>inducite</strong></span> <span class='ocrx_word' id='word_1_306' title='bbox 670 2284 793 2345; x_wconf 90' lang='lat' dir='ltr'><strong>post</strong></span> <span class='ocrx_word' id='word_1_307' title='bbox 817 2274 1078 2345; x_wconf 78' lang='lat' dir='ltr'><strong>integram</strong></span> <span class='ocrx_word' id='word_1_308' title='bbox 1112 2274 1554 2328; x_wconf 85' lang='lat' dir='ltr'><strong>instaurationem</strong></span> <span class='ocrx_word' id='word_1_309' title='bbox 1597 2273 1851 2328; x_wconf 87' lang='lat' dir='ltr'><strong>anniver-</strong></span> 
     </span>
    </p>
   </div>
   <div class='ocr_carea' id='block_1_41' title="bbox 266 2366 1852 2438">
    <p class='ocr_par' dir='ltr' id='par_1_41' title="bbox 266 2366 1852 2438">
     <span class='ocr_line' id='line_1_41' title="bbox 266 2366 1852 2438; baseline 0 -17"><span class='ocrx_word' id='word_1_310' title='bbox 266 2366 453 2434; x_wconf 59' lang='lat' dir='ltr'><strong>sarias,</strong></span> <span class='ocrx_word' id='word_1_311' title='bbox 476 2367 562 2423; x_wconf 83' lang='lat' dir='ltr'><strong>vel</strong></span> <span class='ocrx_word' id='word_1_312' title='bbox 585 2382 681 2423; x_wconf 77' lang='lat' dir='ltr'><strong>sex</strong></span> <span class='ocrx_word' id='word_1_313' title='bbox 707 2367 994 2434; x_wconf 84' lang='lat' dir='ltr'><strong>mensium,</strong></span> <span class='ocrx_word' id='word_1_314' title='bbox 1022 2366 1362 2438; x_wconf 65' lang='lat' dir='ltr'><strong>indulgendo:</strong></span> <span class='ocrx_word' id='word_1_315' title='bbox 1386 2368 1511 2432; x_wconf 88' lang='lat' dir='ltr'><strong>sint,</strong></span> <span class='ocrx_word' id='word_1_316' title='bbox 1544 2376 1598 2420; x_wconf 90' lang='lat' dir='ltr'><strong>et</strong></span> <span class='ocrx_word' id='word_1_317' title='bbox 1627 2368 1852 2437; x_wconf 88' lang='lat' dir='ltr'><strong>qualiter</strong></span> 
     </span>
    </p>
   </div>
   <div class='ocr_carea' id='block_1_42' title="bbox 268 2458 1852 2530">
    <p class='ocr_par' dir='ltr' id='par_1_42' title="bbox 268 2458 1852 2530">
     <span class='ocr_line' id='line_1_42' title="bbox 268 2458 1852 2530; baseline 0 -17"><span class='ocrx_word' id='word_1_318' title='bbox 268 2473 371 2513; x_wconf 85' lang='lat' dir='ltr'><strong>sua</strong></span> <span class='ocrx_word' id='word_1_319' title='bbox 401 2458 575 2513; x_wconf 89' lang='lat' dir='ltr'><strong>omnia</strong></span> <span class='ocrx_word' id='word_1_320' title='bbox 622 2460 848 2514; x_wconf 88' lang='lat' dir='ltr'><strong>licenter</strong></span> <span class='ocrx_word' id='word_1_321' title='bbox 888 2470 944 2514; x_wconf 90' lang='lat' dir='ltr'><strong>et</strong></span> <span class='ocrx_word' id='word_1_322' title='bbox 974 2459 1216 2530; x_wconf 89' lang='lat' dir='ltr'><strong>paciﬁce.</strong></span> <span class='ocrx_word' id='word_1_323' title='bbox 1251 2459 1454 2529; x_wconf 88' lang='lat' dir='ltr'><strong>absque</strong></span> <span class='ocrx_word' id='word_1_324' title='bbox 1501 2459 1656 2513; x_wconf 90' lang='lat' dir='ltr'><strong>ullius</strong></span> <span class='ocrx_word' id='word_1_325' title='bbox 1704 2460 1852 2529; x_wconf 80' lang='lat' dir='ltr'><strong>gravi</strong></span> 
     </span>
    </p>
   </div>
   <div class='ocr_carea' id='block_1_43' title="bbox 265 2551 1852 2623">
    <p class='ocr_par' dir='ltr' id='par_1_43' title="bbox 265 2551 1852 2623">
     <span class='ocr_line' id='line_1_43' title="bbox 265 2551 1852 2623; baseline 0.001 -18"><span class='ocrx_word' id='word_1_326' title='bbox 265 2551 655 2622; x_wconf 88' lang='lat' dir='ltr'><strong>impedimento</strong></span> <span class='ocrx_word' id='word_1_327' title='bbox 674 2553 997 2623; x_wconf 87' lang='lat' dir='ltr'><strong>disponere,</strong></span> <span class='ocrx_word' id='word_1_328' title='bbox 1027 2561 1082 2608; x_wconf 88' lang='lat' dir='ltr'><strong>et</strong></span> <span class='ocrx_word' id='word_1_329' title='bbox 1104 2567 1321 2607; x_wconf 91' lang='lat' dir='ltr'><strong>suorum</strong></span> <span class='ocrx_word' id='word_1_330' title='bbox 1351 2551 1644 2607; x_wconf 88' lang='lat' dir='ltr'><strong>amicorum</strong></span> <span class='ocrx_word' id='word_1_331' title='bbox 1682 2560 1737 2607; x_wconf 93' lang='lat' dir='ltr'><strong>et</strong></span> <span class='ocrx_word' id='word_1_332' title='bbox 1764 2567 1852 2607; x_wconf 87' lang='lat' dir='ltr'><strong>ee-</strong></span> 
     </span>
    </p>
   </div>
   <div class='ocr_carea' id='block_1_44' title="bbox 263 2643 1853 2716">
    <p class='ocr_par' dir='ltr' id='par_1_44' title="bbox 263 2643 1853 2716">
     <span class='ocr_line' id='line_1_44' title="bbox 263 2643 1853 2716; baseline 0 -17"><span class='ocrx_word' id='word_1_333' title='bbox 263 2643 692 2705; x_wconf 73' lang='lat' dir='ltr'><strong>clesiaSticorum</strong></span> <span class='ocrx_word' id='word_1_334' title='bbox 714 2655 924 2716; x_wconf 91' lang='lat' dir='ltr'><strong>patrum</strong></span> <span class='ocrx_word' id='word_1_335' title='bbox 943 2645 1188 2701; x_wconf 90' lang='lat' dir='ltr'><strong>conciliis</strong></span> <span class='ocrx_word' id='word_1_336' title='bbox 1209 2646 1283 2700; x_wconf 92' lang='lat' dir='ltr'><strong>uti</strong></span> <span class='ocrx_word' id='word_1_337' title='bbox 1312 2644 1562 2711; x_wconf 86' lang='lat' dir='ltr'><strong>debeant,</strong></span> <span class='ocrx_word' id='word_1_338' title='bbox 1584 2643 1853 2700; x_wconf 83' lang='lat' dir='ltr'><strong>sufﬁcien-</strong></span> 
     </span>
    </p>
   </div>
   <div class='ocr_carea' id='block_1_45' title="bbox 264 2733 1852 2813">
    <p class='ocr_par' dir='ltr' id='par_1_45' title="bbox 264 2733 1852 2813">
     <span class='ocr_line' id='line_1_45' title="bbox 264 2733 1852 2813; baseline 0.001 -21"><span class='ocrx_word' id='word_1_339' title='bbox 264 2746 354 2813; x_wconf 85' lang='lat' dir='ltr'><strong>ter</strong></span> <span class='ocrx_word' id='word_1_340' title='bbox 382 2736 452 2792; x_wconf 88' lang='lat' dir='ltr'><strong>ab</strong></span> <span class='ocrx_word' id='word_1_341' title='bbox 474 2739 751 2807; x_wconf 87' lang='lat' dir='ltr'><strong>apostolis,</strong></span> <span class='ocrx_word' id='word_1_342' title='bbox 784 2753 1082 2808; x_wconf 90' lang='lat' dir='ltr'><strong>eorumque</strong></span> <span class='ocrx_word' id='word_1_343' title='bbox 1111 2738 1536 2805; x_wconf 88' lang='lat' dir='ltr'><strong>successoribus,</strong></span> <span class='ocrx_word' id='word_1_344' title='bbox 1565 2752 1629 2792; x_wconf 91' lang='lat' dir='ltr'><strong>ac</strong></span> <span class='ocrx_word' id='word_1_345' title='bbox 1654 2733 1852 2794; x_wconf 84' lang='lat' dir='ltr'><strong>nostris</strong></span> 
     </span>
    </p>
   </div>
   <div class='ocr_carea' id='block_1_46' title="bbox 264 2814 1851 2902">
    <p class='ocr_par' dir='ltr' id='par_1_46' title="bbox 264 2814 1851 2902">
     <span class='ocr_line' id='line_1_46' title="bbox 264 2814 1851 2902; baseline 0.001 -16"><span class='ocrx_word' id='word_1_346' title='bbox 264 2814 759 2901; x_wconf 64' lang='lat' dir='ltr'><strong>praedecessoribus</strong></span> <span class='ocrx_word' id='word_1_347' title='bbox 798 2840 1054 2885; x_wconf 89' lang='lat' dir='ltr'><strong>statutum</strong></span> <span class='ocrx_word' id='word_1_348' title='bbox 1095 2844 1215 2885; x_wconf 90' lang='lat' dir='ltr'><strong>esse</strong></span> <span class='ocrx_word' id='word_1_349' title='bbox 1247 2842 1513 2900; x_wconf 88' lang='lat' dir='ltr'><strong>putamus.</strong></span> <span class='ocrx_word' id='word_1_350' title='bbox 1559 2829 1731 2902; x_wconf 90' lang='lat' dir='ltr'><strong>Super</strong></span> <span class='ocrx_word' id='word_1_351' title='bbox 1767 2832 1851 2888; x_wconf 88' lang='lat' dir='ltr'><strong>bis</strong></span> 
     </span>
    </p>
   </div>
   <div class='ocr_carea' id='block_1_47' title="bbox 263 2923 1847 2994">
    <p class='ocr_par' dir='ltr' id='par_1_47' title="bbox 263 2923 1847 2994">
     <span class='ocr_line' id='line_1_47' title="bbox 263 2923 1847 2994; baseline 0.001 -14"><span class='ocrx_word' id='word_1_352' title='bbox 263 2934 444 2980; x_wconf 88' lang='lat' dir='ltr'><strong>autem</strong></span> <span class='ocrx_word' id='word_1_353' title='bbox 469 2939 579 2978; x_wconf 89' lang='lat' dir='ltr'><strong>non</strong></span> <span class='ocrx_word' id='word_1_354' title='bbox 602 2939 725 2980; x_wconf 89' lang='lat' dir='ltr'><strong>reor</strong></span> <span class='ocrx_word' id='word_1_355' title='bbox 744 2924 973 2994; x_wconf 90' lang='lat' dir='ltr'><strong>amplius</strong></span> <span class='ocrx_word' id='word_1_356' title='bbox 996 2938 1141 2979; x_wconf 90' lang='lat' dir='ltr'><strong>nunc</strong></span> <span class='ocrx_word' id='word_1_357' title='bbox 1166 2923 1282 2979; x_wconf 88' lang='lat' dir='ltr'><strong>fore</strong></span> <span class='ocrx_word' id='word_1_358' title='bbox 1302 2924 1680 2994; x_wconf 88' lang='lat' dir='ltr'><strong>disputandum</strong></span> <span class='ocrx_word' id='word_1_359' title='bbox 1698 2967 1715 2992; x_wconf 94' lang='lat'><strong>,</strong></span> <span class='ocrx_word' id='word_1_360' title='bbox 1745 2925 1847 2981; x_wconf 90' lang='lat' dir='ltr'><strong>nisi</strong></span> 
     </span>
    </p>
   </div>
   <div class='ocr_carea' id='block_1_48' title="bbox 1953 1709 3538 1781">
    <p class='ocr_par' dir='ltr' id='par_1_48' title="bbox 1953 1709 3538 1781">
     <span class='ocr_line' id='line_1_48' title="bbox 1953 1709 3538 1781; baseline 0.003 -19"><span class='ocrx_word' id='word_1_361' title='bbox 1953 1709 2121 1781; x_wconf 85' lang='lat' dir='ltr'><strong>ipsum</strong></span> <span class='ocrx_word' id='word_1_362' title='bbox 2164 1727 2257 1779; x_wconf 83' lang='lat' dir='ltr'><strong>pro</strong></span> <span class='ocrx_word' id='word_1_363' title='bbox 2285 1709 2429 1764; x_wconf 83' lang='lat' dir='ltr'><strong>nobis</strong></span> <span class='ocrx_word' id='word_1_364' title='bbox 2465 1710 2769 1767; x_wconf 84' lang='lat' dir='ltr'><strong>oblationem</strong></span> <span class='ocrx_word' id='word_1_365' title='bbox 2795 1723 2841 1766; x_wconf 85' lang='lat' dir='ltr'><strong>et</strong></span> <span class='ocrx_word' id='word_1_366' title='bbox 2869 1713 3089 1766; x_wconf 84' lang='lat' dir='ltr'><strong>hostiam</strong></span> <span class='ocrx_word' id='word_1_367' title='bbox 3122 1711 3227 1766; x_wconf 77' lang='lat' dir='ltr'><strong>Deo</strong></span> <span class='ocrx_word' id='word_1_368' title='bbox 3255 1712 3538 1777; x_wconf 71' lang='lat' dir='ltr'><strong>inodorem</strong></span> 
     </span>
    </p>
   </div>
   <div class='ocr_carea' id='block_1_49' title="bbox 1952 1800 3537 1878">
    <p class='ocr_par' dir='ltr' id='par_1_49' title="bbox 1952 1800 3537 1878">
     <span class='ocr_line' id='line_1_49' title="bbox 1952 1800 3537 1878; baseline 0.004 -23"><span class='ocrx_word' id='word_1_369' title='bbox 1952 1803 2214 1857; x_wconf 80' lang='lat' dir='ltr'><strong>suavitatis</strong></span> <span class='ocrx_word' id='word_1_370' title='bbox 2251 1800 2492 1875; x_wconf 56' lang='lat' dir='ltr'><strong>(Ep/res,</strong></span> <span class='ocrx_word' id='word_1_371' title='bbox 2525 1801 2579 1876; x_wconf 88' lang='lat' dir='ltr'><strong>v)</strong></span> <span class='ocrx_word' id='word_1_372' title='bbox 2603 1804 2626 1857; x_wconf 83' lang='lat'><strong>?</strong></span> <span class='ocrx_word' id='word_1_373' title='bbox 2656 1807 2759 1859; x_wconf 83' lang='lat' dir='ltr'><strong>Aut</strong></span> <span class='ocrx_word' id='word_1_374' title='bbox 2789 1804 3190 1878; x_wconf 67' lang='lat' dir='ltr'><strong>quodlunquam</strong></span> <span class='ocrx_word' id='word_1_375' title='bbox 3217 1804 3537 1862; x_wconf 86' lang='lat' dir='ltr'><strong>sacriﬁcium</strong></span> 
     </span>
    </p>
   </div>
   <div class='ocr_carea' id='block_1_50' title="bbox 1954 1894 3541 1968">
    <p class='ocr_par' dir='ltr' id='par_1_50' title="bbox 1954 1894 3541 1968">
     <span class='ocr_line' id='line_1_50' title="bbox 1954 1894 3541 1968; baseline 0.003 -18"><span class='ocrx_word' id='word_1_376' title='bbox 1954 1897 2216 1950; x_wconf 86' lang='lat' dir='ltr'><strong>sacratius</strong></span> <span class='ocrx_word' id='word_1_377' title='bbox 2246 1894 2367 1961; x_wconf 87' lang='lat' dir='ltr'><strong>fuit,</strong></span> <span class='ocrx_word' id='word_1_378' title='bbox 2394 1912 2551 1965; x_wconf 84' lang='lat' dir='ltr'><strong>quam</strong></span> <span class='ocrx_word' id='word_1_379' title='bbox 2578 1896 2721 1967; x_wconf 91' lang='lat' dir='ltr'><strong>quod</strong></span> <span class='ocrx_word' id='word_1_380' title='bbox 2748 1912 2905 1952; x_wconf 88' lang='lat' dir='ltr'><strong>verus</strong></span> <span class='ocrx_word' id='word_1_381' title='bbox 2952 1906 3009 1954; x_wconf 90' lang='lat' dir='ltr'><strong>et</strong></span> <span class='ocrx_word' id='word_1_382' title='bbox 3044 1907 3278 1954; x_wconf 62' lang='lat' dir='ltr'><strong>aeternus</strong></span> <span class='ocrx_word' id='word_1_383' title='bbox 3302 1896 3541 1968; x_wconf 79' lang='lat' dir='ltr'><strong>pontifex</strong></span> 
     </span>
    </p>
   </div>
   <div class='ocr_carea' id='block_1_51' title="bbox 1954 1988 3537 2059">
    <p class='ocr_par' dir='ltr' id='par_1_51' title="bbox 1954 1988 3537 2059">
     <span class='ocr_line' id='line_1_51' title="bbox 1954 1988 3537 2059; baseline 0.001 -17"><span class='ocrx_word' id='word_1_384' title='bbox 1954 1988 2111 2042; x_wconf 88' lang='lat' dir='ltr'><strong>altari</strong></span> <span class='ocrx_word' id='word_1_385' title='bbox 2136 1990 2313 2044; x_wconf 91' lang='lat' dir='ltr'><strong>crucis</strong></span> <span class='ocrx_word' id='word_1_386' title='bbox 2341 2005 2435 2059; x_wconf 89' lang='lat' dir='ltr'><strong>per</strong></span> <span class='ocrx_word' id='word_1_387' title='bbox 2464 1990 2880 2045; x_wconf 86' lang='lat' dir='ltr'><strong>immolationem</strong></span> <span class='ocrx_word' id='word_1_388' title='bbox 2909 2005 3021 2046; x_wconf 65' lang='lat' dir='ltr'><strong>suae</strong></span> <span class='ocrx_word' id='word_1_389' title='bbox 3042 1991 3223 2046; x_wconf 91' lang='lat' dir='ltr'><strong>carnis</strong></span> <span class='ocrx_word' id='word_1_390' title='bbox 3248 1988 3537 2059; x_wconf 83' lang='lat' dir='ltr'><strong>imposuit?</strong></span> 
     </span>
    </p>
   </div>
   <div class='ocr_carea' id='block_1_52' title="bbox 1956 2081 3539 2152">
    <p class='ocr_par' dir='ltr' id='par_1_52' title="bbox 1956 2081 3539 2152">
     <span class='ocr_line' id='line_1_52' title="bbox 1956 2081 3539 2152; baseline -0.003 -13"><span class='ocrx_word' id='word_1_391' title='bbox 1956 2082 2105 2139; x_wconf 84' lang='lat' dir='ltr'><strong>Licet</strong></span> <span class='ocrx_word' id='word_1_392' title='bbox 2132 2083 2188 2136; x_wconf 88' lang='lat' dir='ltr'><strong>in</strong></span> <span class='ocrx_word' id='word_1_393' title='bbox 2211 2093 2483 2152; x_wconf 81' lang='lat' dir='ltr'><strong>conspectu</strong></span> <span class='ocrx_word' id='word_1_394' title='bbox 2513 2081 2723 2137; x_wconf 85' lang='lat' dir='ltr'><strong>Domini</strong></span> <span class='ocrx_word' id='word_1_395' title='bbox 2750 2085 2968 2149; x_wconf 84' lang='lat' dir='ltr'><strong>pretiosa</strong></span> <span class='ocrx_word' id='word_1_396' title='bbox 3002 2084 3255 2152; x_wconf 78' lang='lat' dir='ltr'><strong>iustorum</strong></span> <span class='ocrx_word' id='word_1_397' title='bbox 3280 2097 3417 2138; x_wconf 84' lang='lat' dir='ltr'><strong>mors</strong></span> <span class='ocrx_word' id='word_1_398' title='bbox 3443 2082 3539 2144; x_wconf 76' lang='lat' dir='ltr'><strong>fuit</strong></span> 
     </span>
    </p>
   </div>
   <div class='ocr_carea' id='block_1_53' title="bbox 1955 2176 3537 2251">
    <p class='ocr_par' dir='ltr' id='par_1_53' title="bbox 1955 2176 3537 2251">
     <span class='ocr_line' id='line_1_53' title="bbox 1955 2176 3537 2251; baseline 0.001 -19"><span class='ocrx_word' id='word_1_399' title='bbox 1955 2176 2123 2251; x_wconf 85' lang='lat' dir='ltr'><strong>(Psal.</strong></span> <span class='ocrx_word' id='word_1_400' title='bbox 2156 2177 2279 2249; x_wconf 75' lang='lat' dir='ltr'><strong>cxv)</strong></span> <span class='ocrx_word' id='word_1_401' title='bbox 2305 2221 2320 2245; x_wconf 93' lang='lat'><strong>,</strong></span> <span class='ocrx_word' id='word_1_402' title='bbox 2357 2179 2556 2233; x_wconf 75' lang='lat' dir='ltr'><strong>nullius</strong></span> <span class='ocrx_word' id='word_1_403' title='bbox 2582 2189 2756 2233; x_wconf 91' lang='lat' dir='ltr'><strong>tamen</strong></span> <span class='ocrx_word' id='word_1_404' title='bbox 2784 2178 3010 2233; x_wconf 91' lang='lat' dir='ltr'><strong>insontis</strong></span> <span class='ocrx_word' id='word_1_405' title='bbox 3036 2178 3253 2245; x_wconf 86' lang='lat' dir='ltr'><strong>occisio,</strong></span> <span class='ocrx_word' id='word_1_406' title='bbox 3285 2176 3537 2248; x_wconf 89' lang='lat' dir='ltr'><strong>redemp-</strong></span> 
     </span>
    </p>
   </div>
   <div class='ocr_carea' id='block_1_54' title="bbox 1955 2270 3541 2342">
    <p class='ocr_par' dir='ltr' id='par_1_54' title="bbox 1955 2270 3541 2342">
     <span class='ocr_line' id='line_1_54' title="bbox 1955 2270 3541 2342; baseline -0.001 -14"><span class='ocrx_word' id='word_1_407' title='bbox 1955 2275 2030 2329; x_wconf 90' lang='lat' dir='ltr'><strong>tio</strong></span> <span class='ocrx_word' id='word_1_408' title='bbox 2055 2272 2158 2328; x_wconf 88' lang='lat' dir='ltr'><strong>fuit</strong></span> <span class='ocrx_word' id='word_1_409' title='bbox 2184 2271 2386 2328; x_wconf 85' lang='lat' dir='ltr'><strong>mundi.</strong></span> <span class='ocrx_word' id='word_1_410' title='bbox 2420 2272 2755 2342; x_wconf 85' lang='lat' dir='ltr'><strong>Acceperunt</strong></span> <span class='ocrx_word' id='word_1_411' title='bbox 2779 2271 2942 2341; x_wconf 85' lang='lat' dir='ltr'><strong>justi,</strong></span> <span class='ocrx_word' id='word_1_412' title='bbox 2976 2286 3081 2326; x_wconf 92' lang='lat' dir='ltr'><strong>non</strong></span> <span class='ocrx_word' id='word_1_413' title='bbox 3124 2270 3421 2339; x_wconf 83' lang='lat' dir='ltr'><strong>dederunt,</strong></span> <span class='ocrx_word' id='word_1_414' title='bbox 3446 2284 3541 2327; x_wconf 84' lang='lat' dir='ltr'><strong>co-</strong></span> 
     </span>
    </p>
   </div>
   <div class='ocr_carea' id='block_1_55' title="bbox 1954 2364 3539 2436">
    <p class='ocr_par' dir='ltr' id='par_1_55' title="bbox 1954 2364 3539 2436">
     <span class='ocr_line' id='line_1_55' title="bbox 1954 2364 3539 2436; baseline -0.002 -13"><span class='ocrx_word' id='word_1_415' title='bbox 1954 2383 2137 2423; x_wconf 88' lang='lat' dir='ltr'><strong>ronas.</strong></span> <span class='ocrx_word' id='word_1_416' title='bbox 2170 2368 2246 2422; x_wconf 89' lang='lat' dir='ltr'><strong>De</strong></span> <span class='ocrx_word' id='word_1_417' title='bbox 2276 2364 2590 2421; x_wconf 84' lang='lat' dir='ltr'><strong>fortitudine</strong></span> <span class='ocrx_word' id='word_1_418' title='bbox 2617 2364 2851 2433; x_wconf 80' lang='lat' dir='ltr'><strong>ﬁdelium</strong></span> <span class='ocrx_word' id='word_1_419' title='bbox 2880 2365 3122 2436; x_wconf 84' lang='lat' dir='ltr'><strong>exempla</strong></span> <span class='ocrx_word' id='word_1_420' title='bbox 3150 2373 3271 2419; x_wconf 87' lang='lat' dir='ltr'><strong>nata</strong></span> <span class='ocrx_word' id='word_1_421' title='bbox 3298 2375 3422 2419; x_wconf 91' lang='lat' dir='ltr'><strong>sunt</strong></span> <span class='ocrx_word' id='word_1_422' title='bbox 3445 2379 3539 2435; x_wconf 90' lang='lat' dir='ltr'><strong>pa-</strong></span> 
     </span>
    </p>
   </div>
   <div class='ocr_carea' id='block_1_56' title="bbox 1956 2458 3535 2531">
    <p class='ocr_par' dir='ltr' id='par_1_56' title="bbox 1956 2458 3535 2531">
     <span class='ocr_line' id='line_1_56' title="bbox 1956 2458 3535 2531; baseline -0.001 -15"><span class='ocrx_word' id='word_1_423' title='bbox 1956 2462 2178 2527; x_wconf 77' lang='lat' dir='ltr'><strong>tientire,</strong></span> <span class='ocrx_word' id='word_1_424' title='bbox 2208 2475 2313 2514; x_wconf 92' lang='lat' dir='ltr'><strong>non</strong></span> <span class='ocrx_word' id='word_1_425' title='bbox 2342 2461 2480 2514; x_wconf 88' lang='lat' dir='ltr'><strong>dona</strong></span> <span class='ocrx_word' id='word_1_426' title='bbox 2506 2459 2745 2531; x_wconf 64' lang='lat' dir='ltr'><strong>jusﬁtiaa.</strong></span> <span class='ocrx_word' id='word_1_427' title='bbox 2775 2459 3085 2530; x_wconf 85' lang='lat' dir='ltr'><strong>Singttlares</strong></span> <span class='ocrx_word' id='word_1_428' title='bbox 3109 2463 3305 2530; x_wconf 85' lang='lat' dir='ltr'><strong>quippe</strong></span> <span class='ocrx_word' id='word_1_429' title='bbox 3340 2460 3391 2513; x_wconf 94' lang='lat' dir='ltr'><strong>in</strong></span> <span class='ocrx_word' id='word_1_430' title='bbox 3421 2458 3535 2515; x_wconf 91' lang='lat' dir='ltr'><strong>siu-</strong></span> 
     </span>
    </p>
   </div>
   <div class='ocr_carea' id='block_1_57' title="bbox 1954 2550 3534 2626">
    <p class='ocr_par' dir='ltr' id='par_1_57' title="bbox 1954 2550 3534 2626">
     <span class='ocr_line' id='line_1_57' title="bbox 1954 2550 3534 2626; baseline -0.001 -18"><span class='ocrx_word' id='word_1_431' title='bbox 1954 2555 2093 2626; x_wconf 91' lang='lat' dir='ltr'><strong>gulis</strong></span> <span class='ocrx_word' id='word_1_432' title='bbox 2121 2555 2308 2609; x_wconf 90' lang='lat' dir='ltr'><strong>mortis</strong></span> <span class='ocrx_word' id='word_1_433' title='bbox 2337 2555 2581 2621; x_wconf 88' lang='lat' dir='ltr'><strong>fuerunt,</strong></span> <span class='ocrx_word' id='word_1_434' title='bbox 2615 2567 2713 2608; x_wconf 91' lang='lat' dir='ltr'><strong>nec</strong></span> <span class='ocrx_word' id='word_1_435' title='bbox 2740 2552 2961 2607; x_wconf 86' lang='lat' dir='ltr'><strong>alterius</strong></span> <span class='ocrx_word' id='word_1_436' title='bbox 2991 2552 3269 2622; x_wconf 86' lang='lat' dir='ltr'><strong>quisquam</strong></span> <span class='ocrx_word' id='word_1_437' title='bbox 3300 2550 3534 2606; x_wconf 90' lang='lat' dir='ltr'><strong>debitum</strong></span> 
     </span>
    </p>
   </div>
   <div class='ocr_carea' id='block_1_58' title="bbox 1955 2644 3538 2720">
    <p class='ocr_par' dir='ltr' id='par_1_58' title="bbox 1955 2644 3538 2720">
     <span class='ocr_line' id='line_1_58' title="bbox 1955 2644 3538 2720; baseline -0.003 -15"><span class='ocrx_word' id='word_1_438' title='bbox 1955 2664 2055 2705; x_wconf 90' lang='lat' dir='ltr'><strong>suo</strong></span> <span class='ocrx_word' id='word_1_439' title='bbox 2099 2648 2204 2704; x_wconf 91' lang='lat' dir='ltr'><strong>ﬁne</strong></span> <span class='ocrx_word' id='word_1_440' title='bbox 2233 2649 2527 2720; x_wconf 83' lang='lat' dir='ltr'><strong>persolvit,</strong></span> <span class='ocrx_word' id='word_1_441' title='bbox 2578 2662 2698 2702; x_wconf 91' lang='lat' dir='ltr'><strong>cum</strong></span> <span class='ocrx_word' id='word_1_442' title='bbox 2718 2708 2721 2713; x_wconf 27' lang='grc' dir='ltr'>η</span> <span class='ocrx_word' id='word_1_443' title='bbox 2744 2646 2885 2702; x_wconf 84' lang='lat' dir='ltr'><strong>ﬁlius</strong></span> <span class='ocrx_word' id='word_1_444' title='bbox 2914 2645 3144 2701; x_wconf 88' lang='lat' dir='ltr'><strong>hominis</strong></span> <span class='ocrx_word' id='word_1_445' title='bbox 3166 2687 3182 2712; x_wconf 90' lang='lat'><strong>,</strong></span> <span class='ocrx_word' id='word_1_446' title='bbox 3216 2659 3356 2701; x_wconf 89' lang='lat' dir='ltr'><strong>unus</strong></span> <span class='ocrx_word' id='word_1_447' title='bbox 3389 2644 3538 2700; x_wconf 87' lang='lat' dir='ltr'><strong>solus</strong></span> 
     </span>
    </p>
   </div>
   <div class='ocr_carea' id='block_1_59' title="bbox 1955 2738 3538 2810">
    <p class='ocr_par' dir='ltr' id='par_1_59' title="bbox 1955 2738 3538 2810">
     <span class='ocr_line' id='line_1_59' title="bbox 1955 2738 3538 2810; baseline -0.002 -15"><span class='ocrx_word' id='word_1_448' title='bbox 1955 2741 2215 2796; x_wconf 88' lang='lat' dir='ltr'><strong>Dominus</strong></span> <span class='ocrx_word' id='word_1_449' title='bbox 2236 2749 2419 2797; x_wconf 90' lang='lat' dir='ltr'><strong>noster</strong></span> <span class='ocrx_word' id='word_1_450' title='bbox 2442 2740 2600 2796; x_wconf 84' lang='lat' dir='ltr'><strong>Jesus</strong></span> <span class='ocrx_word' id='word_1_451' title='bbox 2631 2739 2900 2805; x_wconf 87' lang='lat' dir='ltr'><strong>Christus,</strong></span> <span class='ocrx_word' id='word_1_452' title='bbox 2930 2739 3020 2810; x_wconf 74' lang='lat' dir='ltr'><strong>Qui</strong></span> <span class='ocrx_word' id='word_1_453' title='bbox 3059 2754 3185 2794; x_wconf 86' lang='lat' dir='ltr'><strong>vere</strong></span> <span class='ocrx_word' id='word_1_454' title='bbox 3208 2748 3325 2794; x_wconf 90' lang='lat' dir='ltr'><strong>erat</strong></span> <span class='ocrx_word' id='word_1_455' title='bbox 3348 2738 3538 2809; x_wconf 87' lang='lat' dir='ltr'><strong>Agnus</strong></span> 
     </span>
    </p>
   </div>
   <div class='ocr_carea' id='block_1_60' title="bbox 1954 2830 3537 2903">
    <p class='ocr_par' dir='ltr' id='par_1_60' title="bbox 1954 2830 3537 2903">
     <span class='ocr_line' id='line_1_60' title="bbox 1954 2830 3537 2903; baseline -0.002 -16"><span class='ocrx_word' id='word_1_456' title='bbox 1954 2834 2351 2898; x_wconf 89' lang='lat' dir='ltr'><strong>immaculatus,</strong></span> <span class='ocrx_word' id='word_1_457' title='bbox 2378 2832 2633 2899; x_wconf 84' lang='lat' dir='ltr'><strong>extiterit,</strong></span> <span class='ocrx_word' id='word_1_458' title='bbox 2658 2831 2711 2886; x_wconf 92' lang='lat' dir='ltr'><strong>in</strong></span> <span class='ocrx_word' id='word_1_459' title='bbox 2732 2847 2838 2903; x_wconf 90' lang='lat' dir='ltr'><strong>quo</strong></span> <span class='ocrx_word' id='word_1_460' title='bbox 2859 2846 3049 2886; x_wconf 90' lang='lat' dir='ltr'><strong>omnes</strong></span> <span class='ocrx_word' id='word_1_461' title='bbox 3063 2830 3327 2895; x_wconf 80' lang='lat' dir='ltr'><strong>cruciﬁxi,</strong></span> <span class='ocrx_word' id='word_1_462' title='bbox 3348 2842 3537 2884; x_wconf 87' lang='lat' dir='ltr'><strong>omnes</strong></span> 
     </span>
    </p>
   </div>
   <div class='ocr_carea' id='block_1_61' title="bbox 1953 2923 3534 2999">
    <p class='ocr_par' dir='ltr' id='par_1_61' title="bbox 1953 2923 3534 2999">
     <span class='ocr_line' id='line_1_61' title="bbox 1953 2923 3534 2999; baseline -0.004 -16"><span class='ocrx_word' id='word_1_463' title='bbox 1953 2929 2171 2993; x_wconf 89' lang='lat' dir='ltr'><strong>mortui,</strong></span> <span class='ocrx_word' id='word_1_464' title='bbox 2211 2942 2401 2984; x_wconf 89' lang='lat' dir='ltr'><strong>omnes</strong></span> <span class='ocrx_word' id='word_1_465' title='bbox 2439 2927 2672 2999; x_wconf 88' lang='lat' dir='ltr'><strong>sepulti,</strong></span> <span class='ocrx_word' id='word_1_466' title='bbox 2701 2941 2892 2981; x_wconf 90' lang='lat' dir='ltr'><strong>omnes</strong></span> <span class='ocrx_word' id='word_1_467' title='bbox 2923 2926 3083 2980; x_wconf 89' lang='lat' dir='ltr'><strong>etiam</strong></span> <span class='ocrx_word' id='word_1_468' title='bbox 3126 2936 3251 2980; x_wconf 89' lang='lat' dir='ltr'><strong>sunt</strong></span> <span class='ocrx_word' id='word_1_469' title='bbox 3275 2923 3534 2979; x_wconf 77' lang='lat' dir='ltr'><strong>suscitati.</strong></span> 
     </span>
    </p>
   </div>
   <div class='ocr_carea' id='block_1_62' title="bbox 261 3004 3532 3091">
    <p class='ocr_par' dir='ltr' id='par_1_62' title="bbox 261 3004 3532 3091">
     <span class='ocr_line' id='line_1_62' title="bbox 261 3004 3532 3091; baseline -0.002 -17"><span class='ocrx_word' id='word_1_470' title='bbox 261 3019 310 3074; x_wconf 90' lang='lat' dir='ltr'><strong>si</strong></span> <span class='ocrx_word' id='word_1_471' title='bbox 339 3018 676 3073; x_wconf 81' lang='lat' dir='ltr'><strong>surrexerint</strong></span> <span class='ocrx_word' id='word_1_472' title='bbox 705 3017 864 3084; x_wconf 86' lang='lat' dir='ltr'><strong>talia,</strong></span> <span class='ocrx_word' id='word_1_473' title='bbox 898 3031 1019 3088; x_wconf 69' lang='lat' dir='ltr'><strong>qua:</strong></span> <span class='ocrx_word' id='word_1_474' title='bbox 1046 3017 1222 3073; x_wconf 90' lang='lat' dir='ltr'><strong>adhuc</strong></span> <span class='ocrx_word' id='word_1_475' title='bbox 1252 3032 1357 3072; x_wconf 90' lang='lat' dir='ltr'><strong>non</strong></span> <span class='ocrx_word' id='word_1_476' title='bbox 1397 3029 1521 3073; x_wconf 91' lang='lat' dir='ltr'><strong>sunt</strong></span> <span class='ocrx_word' id='word_1_477' title='bbox 1547 3018 1846 3075; x_wconf 85' lang='lat' dir='ltr'><strong>manifesta.</strong></span> <span class='ocrx_word' id='word_1_478' title='bbox 1876 3004 1922 3067; x_wconf 64' lang='grc' dir='ltr'><strong>(ἶ</strong></span> <span class='ocrx_word' id='word_1_479' title='bbox 1955 3023 2032 3079; x_wconf 91' lang='lat' dir='ltr'><strong>De</strong></span> <span class='ocrx_word' id='word_1_480' title='bbox 2056 3022 2251 3091; x_wconf 90' lang='lat' dir='ltr'><strong>quibus</strong></span> <span class='ocrx_word' id='word_1_481' title='bbox 2278 3022 2393 3089; x_wconf 90' lang='lat' dir='ltr'><strong>ipse</strong></span> <span class='ocrx_word' id='word_1_482' title='bbox 2419 3020 2632 3075; x_wconf 88' lang='lat' dir='ltr'><strong>dicebat</strong></span> <span class='ocrx_word' id='word_1_483' title='bbox 2663 3036 2681 3074; x_wconf 91' lang='lat'><strong><em>:</em></strong></span> <span class='ocrx_word' id='word_1_484' title='bbox 2712 3017 2841 3073; x_wconf 88' lang='lat' dir='ltr'><strong>Cum</strong></span> <span class='ocrx_word' id='word_1_485' title='bbox 2868 3018 3121 3072; x_wconf 70' lang='lat' dir='ltr'><strong>exaltatus</strong></span> <span class='ocrx_word' id='word_1_486' title='bbox 3156 3022 3298 3087; x_wconf 73' lang='lat' dir='ltr'><strong>[uero</strong></span> <span class='ocrx_word' id='word_1_487' title='bbox 3323 3033 3354 3070; x_wconf 89' lang='lat' dir='ltr'><strong>a</strong></span> <span class='ocrx_word' id='word_1_488' title='bbox 3380 3025 3532 3084; x_wconf 81' lang='lat' dir='ltr'><strong>terra,</strong></span> 
     </span>
    </p>
   </div>
   <div class='ocr_carea' id='block_1_63' title="bbox 260 3110 1851 3168">
    <p class='ocr_par' dir='ltr' id='par_1_63' title="bbox 260 3110 1851 3168">
     <span class='ocr_line' id='line_1_63' title="bbox 260 3110 1851 3168; baseline 0.001 -1"><span class='ocrx_word' id='word_1_489' title='bbox 260 3111 318 3167; x_wconf 91' lang='lat' dir='ltr'><strong>Si</strong></span> <span class='ocrx_word' id='word_1_490' title='bbox 349 3127 544 3167; x_wconf 90' lang='lat' dir='ltr'><strong>eorum</strong></span> <span class='ocrx_word' id='word_1_491' title='bbox 570 3123 751 3166; x_wconf 91' lang='lat' dir='ltr'><strong>autem</strong></span> <span class='ocrx_word' id='word_1_492' title='bbox 798 3120 994 3166; x_wconf 90' lang='lat' dir='ltr'><strong>statuta</strong></span> <span class='ocrx_word' id='word_1_493' title='bbox 1032 3126 1138 3166; x_wconf 88' lang='lat' dir='ltr'><strong>non</strong></span> <span class='ocrx_word' id='word_1_494' title='bbox 1171 3110 1468 3167; x_wconf 88' lang='lat' dir='ltr'><strong>habueritis</strong></span> <span class='ocrx_word' id='word_1_495' title='bbox 1497 3112 1691 3167; x_wconf 90' lang='lat' dir='ltr'><strong>mittite</strong></span> <span class='ocrx_word' id='word_1_496' title='bbox 1720 3112 1851 3168; x_wconf 81' lang='lat' dir='ltr'><strong>lide-</strong></span> 
     </span>
    </p>
   </div>
   <div class='ocr_carea' id='block_1_64' title="bbox 261 3206 1850 3276">
    <p class='ocr_par' dir='ltr' id='par_1_64' title="bbox 261 3206 1850 3276">
     <span class='ocr_line' id='line_1_64' title="bbox 261 3206 1850 3276; baseline 0.001 -14"><span class='ocrx_word' id='word_1_497' title='bbox 261 3206 505 3263; x_wconf 86' lang='lat' dir='ltr'><strong>lissimos</strong></span> <span class='ocrx_word' id='word_1_498' title='bbox 534 3206 845 3276; x_wconf 87' lang='lat' dir='ltr'><strong>scriptores,</strong></span> <span class='ocrx_word' id='word_1_499' title='bbox 875 3206 966 3276; x_wconf 90' lang='lat' dir='ltr'><strong>qui</strong></span> <span class='ocrx_word' id='word_1_500' title='bbox 992 3206 1110 3262; x_wconf 82' lang='lat' dir='ltr'><strong>haec</strong></span> <span class='ocrx_word' id='word_1_501' title='bbox 1134 3222 1315 3262; x_wconf 90' lang='lat' dir='ltr'><strong>coram</strong></span> <span class='ocrx_word' id='word_1_502' title='bbox 1350 3206 1598 3264; x_wconf 88' lang='lat' dir='ltr'><strong>ﬁdelibus</strong></span> <span class='ocrx_word' id='word_1_503' title='bbox 1627 3208 1850 3264; x_wconf 89' lang='lat' dir='ltr'><strong>testibus</strong></span> 
     </span>
    </p>
   </div>
   <div class='ocr_carea' id='block_1_65' title="bbox 258 3299 1846 3371">
    <p class='ocr_par' dir='ltr' id='par_1_65' title="bbox 258 3299 1846 3371">
     <span class='ocr_line' id='line_1_65' title="bbox 258 3299 1846 3371; baseline 0.001 -16"><span class='ocrx_word' id='word_1_504' title='bbox 258 3302 536 3366; x_wconf 79' lang='lat' dir='ltr'><strong>excipere,</strong></span> <span class='ocrx_word' id='word_1_505' title='bbox 554 3299 815 3371; x_wconf 87' lang='lat' dir='ltr'><strong>vobisque</strong></span> <span class='ocrx_word' id='word_1_506' title='bbox 835 3311 1110 3371; x_wconf 84' lang='lat' dir='ltr'><strong>reportare</strong></span> <span class='ocrx_word' id='word_1_507' title='bbox 1130 3300 1232 3357; x_wconf 89' lang='lat' dir='ltr'><strong>sub</strong></span> <span class='ocrx_word' id='word_1_508' title='bbox 1244 3301 1592 3371; x_wconf 87' lang='lat' dir='ltr'><strong>stipulatione</strong></span> <span class='ocrx_word' id='word_1_509' title='bbox 1614 3302 1846 3358; x_wconf 87' lang='lat' dir='ltr'><strong>valeant.</strong></span> 
     </span>
    </p>
   </div>
   <div class='ocr_carea' id='block_1_66' title="bbox 333 3391 1850 3461">
    <p class='ocr_par' dir='ltr' id='par_1_66' title="bbox 333 3391 1850 3461">
     <span class='ocr_line' id='line_1_66' title="bbox 333 3391 1850 3461; baseline 0.002 -12"><span class='ocrx_word' id='word_1_510' title='bbox 333 3394 425 3450; x_wconf 81' lang='lat' dir='ltr'><strong>IV.</strong></span> <span class='ocrx_word' id='word_1_511' title='bbox 457 3391 750 3461; x_wconf 72' lang='lat' dir='ltr'><strong>Caeterum,</strong></span> <span class='ocrx_word' id='word_1_512' title='bbox 776 3404 836 3449; x_wconf 91' lang='lat' dir='ltr'><strong>ut</strong></span> <span class='ocrx_word' id='word_1_513' title='bbox 854 3393 1180 3450; x_wconf 81' lang='lat' dir='ltr'><strong>satisfaciam</strong></span> <span class='ocrx_word' id='word_1_514' title='bbox 1211 3395 1473 3451; x_wconf 92' lang='lat' dir='ltr'><strong>consultis</strong></span> <span class='ocrx_word' id='word_1_515' title='bbox 1504 3397 1609 3451; x_wconf 90' lang='lat' dir='ltr'><strong>tuis</strong></span> <span class='ocrx_word' id='word_1_516' title='bbox 1638 3395 1707 3451; x_wconf 91' lang='lat' dir='ltr'><strong>de</strong></span> <span class='ocrx_word' id='word_1_517' title='bbox 1731 3413 1850 3452; x_wconf 90' lang='lat' dir='ltr'><strong>ver-</strong></span> 
     </span>
    </p>
   </div>
   <div class='ocr_carea' id='block_1_67' title="bbox 259 3488 1850 3562">
    <p class='ocr_par' dir='ltr' id='par_1_67' title="bbox 259 3488 1850 3562">
     <span class='ocr_line' id='line_1_67' title="bbox 259 3488 1850 3562; baseline 0 -16"><span class='ocrx_word' id='word_1_518' title='bbox 259 3490 332 3546; x_wconf 88' lang='lat' dir='ltr'><strong>bo</strong></span> <span class='ocrx_word' id='word_1_519' title='bbox 357 3489 747 3545; x_wconf 88' lang='lat' dir='ltr'><strong>incarnationis</strong></span> <span class='ocrx_word' id='word_1_520' title='bbox 771 3498 827 3544; x_wconf 93' lang='lat' dir='ltr'><strong>et</strong></span> <span class='ocrx_word' id='word_1_521' title='bbox 847 3488 1087 3543; x_wconf 83' lang='lat' dir='ltr'><strong>veritatis</strong></span> <span class='ocrx_word' id='word_1_522' title='bbox 1108 3530 1122 3551; x_wconf 93' lang='lat'><strong>.</strong></span> <span class='ocrx_word' id='word_1_523' title='bbox 1165 3489 1489 3560; x_wconf 89' lang='lat' dir='ltr'><strong>quicumque</strong></span> <span class='ocrx_word' id='word_1_524' title='bbox 1516 3489 1592 3544; x_wconf 91' lang='lat' dir='ltr'><strong>illi</strong></span> <span class='ocrx_word' id='word_1_525' title='bbox 1621 3489 1698 3562; x_wconf 80' lang='lat' dir='ltr'><strong>(l)</strong></span> <span class='ocrx_word' id='word_1_526' title='bbox 1725 3499 1850 3546; x_wconf 92' lang='lat' dir='ltr'><strong>sunt</strong></span> 
     </span>
    </p>
   </div>
   <div class='ocr_carea' id='block_1_68' title="bbox 258 3579 1847 3655">
    <p class='ocr_par' dir='ltr' id='par_1_68' title="bbox 258 3579 1847 3655">
     <span class='ocr_line' id='line_1_68' title="bbox 258 3579 1847 3655; baseline 0.001 -17"><span class='ocrx_word' id='word_1_527' title='bbox 258 3584 331 3638; x_wconf 89' lang='lat' dir='ltr'><strong>ita</strong></span> <span class='ocrx_word' id='word_1_528' title='bbox 354 3582 613 3637; x_wconf 58' lang='lat' dir='ltr'><strong>obcaecati</strong></span> <span class='ocrx_word' id='word_1_529' title='bbox 636 3579 738 3655; x_wconf 66' lang='grc' dir='ltr'><strong>(Ξ),</strong></span> <span class='ocrx_word' id='word_1_530' title='bbox 763 3592 818 3637; x_wconf 84' lang='lat' dir='ltr'><strong>et</strong></span> <span class='ocrx_word' id='word_1_531' title='bbox 838 3596 869 3636; x_wconf 87' lang='lat' dir='ltr'><strong>a</strong></span> <span class='ocrx_word' id='word_1_532' title='bbox 895 3581 1097 3636; x_wconf 90' lang='lat' dir='ltr'><strong>lumine</strong></span> <span class='ocrx_word' id='word_1_533' title='bbox 1125 3583 1370 3635; x_wconf 76' lang='lat' dir='ltr'><strong>Veritatis</strong></span> <span class='ocrx_word' id='word_1_534' title='bbox 1398 3581 1577 3647; x_wconf 90' lang='lat' dir='ltr'><strong>alieni,</strong></span> <span class='ocrx_word' id='word_1_535' title='bbox 1610 3594 1666 3637; x_wconf 93' lang='lat' dir='ltr'><strong>ut</strong></span> <span class='ocrx_word' id='word_1_536' title='bbox 1689 3582 1847 3639; x_wconf 88' lang='lat' dir='ltr'><strong>Verbi</strong></span> 
     </span>
    </p>
   </div>
   <div class='ocr_carea' id='block_1_69' title="bbox 258 3674 1846 3747">
    <p class='ocr_par' dir='ltr' id='par_1_69' title="bbox 258 3674 1846 3747">
     <span class='ocr_line' id='line_1_69' title="bbox 258 3674 1846 3747; baseline 0.002 -16"><span class='ocrx_word' id='word_1_537' title='bbox 258 3675 357 3731; x_wconf 89' lang='lat' dir='ltr'><strong>Dei</strong></span> <span class='ocrx_word' id='word_1_538' title='bbox 389 3690 420 3729; x_wconf 90' lang='lat' dir='ltr'><strong>a</strong></span> <span class='ocrx_word' id='word_1_539' title='bbox 452 3684 692 3744; x_wconf 90' lang='lat' dir='ltr'><strong>tempore</strong></span> <span class='ocrx_word' id='word_1_540' title='bbox 721 3674 1106 3731; x_wconf 86' lang='lat' dir='ltr'><strong>incarnationis</strong></span> <span class='ocrx_word' id='word_1_541' title='bbox 1129 3675 1398 3747; x_wconf 88' lang='lat' dir='ltr'><strong>deuegeut</strong></span> <span class='ocrx_word' id='word_1_542' title='bbox 1430 3678 1730 3745; x_wconf 87' lang='lat' dir='ltr'><strong>veritatem,</strong></span> <span class='ocrx_word' id='word_1_543' title='bbox 1758 3694 1846 3734; x_wconf 87' lang='lat' dir='ltr'><strong>os-</strong></span> 
     </span>
    </p>
   </div>
   <div class='ocr_carea' id='block_1_70' title="bbox 254 3769 1848 3841">
    <p class='ocr_par' dir='ltr' id='par_1_70' title="bbox 254 3769 1848 3841">
     <span class='ocr_line' id='line_1_70' title="bbox 254 3769 1848 3841; baseline 0.003 -15"><span class='ocrx_word' id='word_1_544' title='bbox 254 3769 486 3826; x_wconf 88' lang='lat' dir='ltr'><strong>tendant</strong></span> <span class='ocrx_word' id='word_1_545' title='bbox 512 3770 565 3822; x_wconf 90' lang='lat' dir='ltr'><strong>in</strong></span> <span class='ocrx_word' id='word_1_546' title='bbox 593 3783 702 3839; x_wconf 89' lang='lat' dir='ltr'><strong>quo</strong></span> <span class='ocrx_word' id='word_1_547' title='bbox 726 3769 827 3825; x_wconf 89' lang='lat' dir='ltr'><strong>sibi</strong></span> <span class='ocrx_word' id='word_1_548' title='bbox 851 3769 1205 3825; x_wconf 88' lang='lat' dir='ltr'><strong>christianum</strong></span> <span class='ocrx_word' id='word_1_549' title='bbox 1252 3785 1446 3826; x_wconf 92' lang='lat' dir='ltr'><strong>nomen</strong></span> <span class='ocrx_word' id='word_1_550' title='bbox 1479 3783 1762 3841; x_wconf 89' lang='lat' dir='ltr'><strong>usurpent,</strong></span> <span class='ocrx_word' id='word_1_551' title='bbox 1793 3785 1848 3831; x_wconf 91' lang='lat' dir='ltr'><strong>et</strong></span> 
     </span>
    </p>
   </div>
   <div class='ocr_carea' id='block_1_71' title="bbox 256 3861 1845 3932">
    <p class='ocr_par' dir='ltr' id='par_1_71' title="bbox 256 3861 1845 3932">
     <span class='ocr_line' id='line_1_71' title="bbox 256 3861 1845 3932; baseline 0.004 -16"><span class='ocrx_word' id='word_1_552' title='bbox 256 3877 382 3917; x_wconf 84' lang='lat' dir='ltr'><strong>cuni</strong></span> <span class='ocrx_word' id='word_1_553' title='bbox 414 3861 713 3931; x_wconf 79' lang='lat' dir='ltr'><strong>Evangelia</strong></span> <span class='ocrx_word' id='word_1_554' title='bbox 741 3862 980 3918; x_wconf 89' lang='lat' dir='ltr'><strong>veritatis</strong></span> <span class='ocrx_word' id='word_1_555' title='bbox 1010 3877 1113 3932; x_wconf 86' lang='lat' dir='ltr'><strong>qua</strong></span> <span class='ocrx_word' id='word_1_556' title='bbox 1153 3864 1362 3919; x_wconf 84' lang='lat' dir='ltr'><strong>ratione</strong></span> <span class='ocrx_word' id='word_1_557' title='bbox 1407 3866 1761 3932; x_wconf 86' lang='lat' dir='ltr'><strong>concordent,</strong></span> <span class='ocrx_word' id='word_1_558' title='bbox 1799 3867 1845 3923; x_wconf 91' lang='lat' dir='ltr'><strong>si</strong></span> 
     </span>
    </p>
   </div>
   <div class='ocr_carea' id='block_1_72' title="bbox 252 3953 1846 4025">
    <p class='ocr_par' dir='ltr' id='par_1_72' title="bbox 252 3953 1846 4025">
     <span class='ocr_line' id='line_1_72' title="bbox 252 3953 1846 4025; baseline 0.003 -14"><span class='ocrx_word' id='word_1_559' title='bbox 252 3955 434 4011; x_wconf 66' lang='lat' dir='ltr'><strong>beatae</strong></span> <span class='ocrx_word' id='word_1_560' title='bbox 464 3953 694 4023; x_wconf 83' lang='lat' dir='ltr'><strong>Virginis</strong></span> <span class='ocrx_word' id='word_1_561' title='bbox 713 3966 889 4025; x_wconf 87' lang='lat' dir='ltr'><strong>partu,</strong></span> <span class='ocrx_word' id='word_1_562' title='bbox 916 3966 1006 4009; x_wconf 89' lang='lat' dir='ltr'><strong>aut</strong></span> <span class='ocrx_word' id='word_1_563' title='bbox 1023 3970 1149 4010; x_wconf 87' lang='lat' dir='ltr'><strong>caro</strong></span> <span class='ocrx_word' id='word_1_564' title='bbox 1169 3956 1286 4011; x_wconf 90' lang='lat' dir='ltr'><strong>sine</strong></span> <span class='ocrx_word' id='word_1_565' title='bbox 1308 3957 1528 4023; x_wconf 89' lang='lat' dir='ltr'><strong>deitate,</strong></span> <span class='ocrx_word' id='word_1_566' title='bbox 1556 3969 1647 4013; x_wconf 89' lang='lat' dir='ltr'><strong>aut</strong></span> <span class='ocrx_word' id='word_1_567' title='bbox 1673 3959 1846 4015; x_wconf 82' lang='lat' dir='ltr'><strong>deitas</strong></span> 
     </span>
    </p>
   </div>
   <div class='ocr_carea' id='block_1_73' title="bbox 253 4049 1842 4122">
    <p class='ocr_par' dir='ltr' id='par_1_73' title="bbox 253 4049 1842 4122">
     <span class='ocr_line' id='line_1_73' title="bbox 253 4049 1842 4122; baseline 0.001 -15"><span class='ocrx_word' id='word_1_568' title='bbox 253 4062 344 4107; x_wconf 85' lang='lat' dir='ltr'><strong>est</strong></span> <span class='ocrx_word' id='word_1_569' title='bbox 372 4060 493 4104; x_wconf 87' lang='lat' dir='ltr'><strong>orta</strong></span> <span class='ocrx_word' id='word_1_570' title='bbox 522 4049 637 4104; x_wconf 88' lang='lat' dir='ltr'><strong>sine</strong></span> <span class='ocrx_word' id='word_1_571' title='bbox 666 4064 852 4105; x_wconf 89' lang='lat' dir='ltr'><strong>carne.</strong></span> <span class='ocrx_word' id='word_1_572' title='bbox 894 4050 1043 4106; x_wconf 87' lang='lat' dir='ltr'><strong>Sicut</strong></span> <span class='ocrx_word' id='word_1_573' title='bbox 1072 4051 1216 4105; x_wconf 90' lang='lat' dir='ltr'><strong>enim</strong></span> <span class='ocrx_word' id='word_1_574' title='bbox 1247 4052 1429 4121; x_wconf 77' lang='lat' dir='ltr'><strong>negari</strong></span> <span class='ocrx_word' id='word_1_575' title='bbox 1472 4067 1577 4106; x_wconf 90' lang='lat' dir='ltr'><strong>nou</strong></span> <span class='ocrx_word' id='word_1_576' title='bbox 1625 4064 1802 4122; x_wconf 89' lang='lat' dir='ltr'><strong>potest</strong></span> <span class='ocrx_word' id='word_1_577' title='bbox 1827 4097 1842 4120; x_wconf 92' lang='lat'><strong>,</strong></span> 
     </span>
    </p>
   </div>
   <div class='ocr_carea' id='block_1_74' title="bbox 253 4141 1847 4214">
    <p class='ocr_par' dir='ltr' id='par_1_74' title="bbox 253 4141 1847 4214">
     <span class='ocr_line' id='line_1_74' title="bbox 253 4141 1847 4214; baseline 0.002 -15"><span class='ocrx_word' id='word_1_578' title='bbox 253 4142 586 4211; x_wconf 70' lang='lat' dir='ltr'><strong>evangelista</strong></span> <span class='ocrx_word' id='word_1_579' title='bbox 619 4143 850 4205; x_wconf 90' lang='lat' dir='ltr'><strong>dicente,</strong></span> <span class='ocrx_word' id='word_1_580' title='bbox 882 4143 1022 4213; x_wconf 91' lang='lat' dir='ltr'><strong>quod</strong></span> <span class='ocrx_word' id='word_1_581' title='bbox 1061 4141 1282 4197; x_wconf 80' lang='lat' dir='ltr'><strong>Verbum</strong></span> <span class='ocrx_word' id='word_1_582' title='bbox 1310 4161 1428 4198; x_wconf 82' lang='lat' dir='ltr'><strong>caro</strong></span> <span class='ocrx_word' id='word_1_583' title='bbox 1458 4145 1650 4214; x_wconf 79' lang='lat' dir='ltr'><strong>factum</strong></span> <span class='ocrx_word' id='word_1_584' title='bbox 1670 4155 1765 4211; x_wconf 82' lang='lat' dir='ltr'><strong>est,</strong></span> <span class='ocrx_word' id='word_1_585' title='bbox 1800 4157 1847 4202; x_wconf 88' lang='lat' dir='ltr'><strong>et</strong></span> 
     </span>
    </p>
   </div>
   <div class='ocr_carea' id='block_1_75' title="bbox 253 4235 1847 4310">
    <p class='ocr_par' dir='ltr' id='par_1_75' title="bbox 253 4235 1847 4310">
     <span class='ocr_line' id='line_1_75' title="bbox 253 4235 1847 4310; baseline 0.003 -18"><span class='ocrx_word' id='word_1_586' title='bbox 253 4235 503 4292; x_wconf 77' lang='lat' dir='ltr'><strong>habitavit</strong></span> <span class='ocrx_word' id='word_1_587' title='bbox 548 4236 604 4289; x_wconf 84' lang='lat' dir='ltr'><strong>in</strong></span> <span class='ocrx_word' id='word_1_588' title='bbox 651 4235 794 4289; x_wconf 83' lang='lat' dir='ltr'><strong>nobis</strong></span> <span class='ocrx_word' id='word_1_589' title='bbox 839 4236 1041 4305; x_wconf 83' lang='lat' dir='ltr'><strong>(Joau..</strong></span> <span class='ocrx_word' id='word_1_590' title='bbox 1070 4236 1134 4303; x_wconf 81' lang='grc' dir='ltr'><strong>ι),</strong></span> <span class='ocrx_word' id='word_1_591' title='bbox 1170 4238 1240 4291; x_wconf 90' lang='lat' dir='ltr'><strong>ita</strong></span> <span class='ocrx_word' id='word_1_592' title='bbox 1285 4239 1466 4308; x_wconf 87' lang='lat' dir='ltr'><strong>negari</strong></span> <span class='ocrx_word' id='word_1_593' title='bbox 1516 4253 1619 4294; x_wconf 93' lang='lat' dir='ltr'><strong>non</strong></span> <span class='ocrx_word' id='word_1_594' title='bbox 1672 4251 1847 4310; x_wconf 88' lang='lat' dir='ltr'><strong>potest</strong></span> 
     </span>
    </p>
   </div>
   <div class='ocr_carea' id='block_1_76' title="bbox 252 4328 1846 4401">
    <p class='ocr_par' dir='ltr' id='par_1_76' title="bbox 252 4328 1846 4401">
     <span class='ocr_line' id='line_1_76' title="bbox 252 4328 1846 4401; baseline 0.001 -14"><span class='ocrx_word' id='word_1_595' title='bbox 252 4331 417 4387; x_wconf 84' lang='lat' dir='ltr'><strong>beato</strong></span> <span class='ocrx_word' id='word_1_596' title='bbox 444 4329 692 4398; x_wconf 88' lang='lat' dir='ltr'><strong>apostolo</strong></span> <span class='ocrx_word' id='word_1_597' title='bbox 721 4328 882 4384; x_wconf 87' lang='lat' dir='ltr'><strong>Paulo</strong></span> <span class='ocrx_word' id='word_1_598' title='bbox 918 4329 1244 4400; x_wconf 68' lang='lat' dir='ltr'><strong>prredicante</strong></span> <span class='ocrx_word' id='word_1_599' title='bbox 1262 4372 1276 4395; x_wconf 93' lang='lat'><strong>,</strong></span> <span class='ocrx_word' id='word_1_600' title='bbox 1309 4331 1449 4401; x_wconf 92' lang='lat' dir='ltr'><strong>quod</strong></span> <span class='ocrx_word' id='word_1_601' title='bbox 1495 4332 1629 4387; x_wconf 82' lang='lat' dir='ltr'><strong>Deus</strong></span> <span class='ocrx_word' id='word_1_602' title='bbox 1657 4343 1763 4387; x_wconf 87' lang='lat' dir='ltr'><strong>erat</strong></span> <span class='ocrx_word' id='word_1_603' title='bbox 1792 4334 1846 4389; x_wconf 85' lang='lat' dir='ltr'><strong>in</strong></span> 
     </span>
    </p>
   </div>
   <div class='ocr_carea' id='block_1_77' title="bbox 1956 3107 3536 3182">
    <p class='ocr_par' dir='ltr' id='par_1_77' title="bbox 1956 3107 3536 3182">
     <span class='ocr_line' id='line_1_77' title="bbox 1956 3107 3536 3182; baseline -0.004 -12"><span class='ocrx_word' id='word_1_604' title='bbox 1956 3115 2127 3170; x_wconf 86' lang='lat' dir='ltr'><strong>omnia</strong></span> <span class='ocrx_word' id='word_1_605' title='bbox 2157 3114 2358 3167; x_wconf 87' lang='lat' dir='ltr'><strong>traltam</strong></span> <span class='ocrx_word' id='word_1_606' title='bbox 2407 3111 2477 3165; x_wconf 83' lang='lat' dir='ltr'><strong>ad</strong></span> <span class='ocrx_word' id='word_1_607' title='bbox 2524 3110 2773 3179; x_wconf 82' lang='lat' dir='ltr'><strong>meipsum</strong></span> <span class='ocrx_word' id='word_1_608' title='bbox 2823 3111 3028 3182; x_wconf 86' lang='lat' dir='ltr'><strong>(Joan.,</strong></span> <span class='ocrx_word' id='word_1_609' title='bbox 3058 3107 3176 3180; x_wconf 82' lang='lat' dir='ltr'><strong>xu).</strong></span> <span class='ocrx_word' id='word_1_610' title='bbox 3210 3108 3371 3164; x_wconf 89' lang='lat' dir='ltr'><strong>Fides</strong></span> <span class='ocrx_word' id='word_1_611' title='bbox 3419 3118 3536 3163; x_wconf 88' lang='lat' dir='ltr'><strong>ete-</strong></span> 
     </span>
    </p>
   </div>
   <div class='ocr_carea' id='block_1_78' title="bbox 1954 3207 3536 3283">
    <p class='ocr_par' dir='ltr' id='par_1_78' title="bbox 1954 3207 3536 3283">
     <span class='ocr_line' id='line_1_78' title="bbox 1954 3207 3536 3283; baseline -0.004 -14"><span class='ocrx_word' id='word_1_612' title='bbox 1954 3216 2062 3269; x_wconf 91' lang='lat' dir='ltr'><strong>nim</strong></span> <span class='ocrx_word' id='word_1_613' title='bbox 2088 3212 2394 3283; x_wconf 85' lang='lat' dir='ltr'><strong>justiticans</strong></span> <span class='ocrx_word' id='word_1_614' title='bbox 2423 3212 2635 3280; x_wconf 84' lang='lat' dir='ltr'><strong>impios,</strong></span> <span class='ocrx_word' id='word_1_615' title='bbox 2666 3219 2720 3265; x_wconf 90' lang='lat' dir='ltr'><strong>et</strong></span> <span class='ocrx_word' id='word_1_616' title='bbox 2744 3224 2937 3266; x_wconf 90' lang='lat' dir='ltr'><strong>creans</strong></span> <span class='ocrx_word' id='word_1_617' title='bbox 2960 3208 3157 3279; x_wconf 89' lang='lat' dir='ltr'><strong>justos,</strong></span> <span class='ocrx_word' id='word_1_618' title='bbox 3188 3208 3256 3264; x_wconf 87' lang='lat' dir='ltr'><strong>ad</strong></span> <span class='ocrx_word' id='word_1_619' title='bbox 3294 3207 3536 3263; x_wconf 90' lang='lat' dir='ltr'><strong>humani-</strong></span> 
     </span>
    </p>
   </div>
   <div class='ocr_carea' id='block_1_79' title="bbox 1956 3301 3532 3377">
    <p class='ocr_par' dir='ltr' id='par_1_79' title="bbox 1956 3301 3532 3377">
     <span class='ocr_line' id='line_1_79' title="bbox 1956 3301 3532 3377; baseline -0.006 -12"><span class='ocrx_word' id='word_1_620' title='bbox 1956 3310 2079 3365; x_wconf 89' lang='lat' dir='ltr'><strong>tatis</strong></span> <span class='ocrx_word' id='word_1_621' title='bbox 2103 3317 2336 3364; x_wconf 89' lang='lat' dir='ltr'><strong>retracta</strong></span> <span class='ocrx_word' id='word_1_622' title='bbox 2367 3306 2728 3377; x_wconf 82' lang='lat' dir='ltr'><strong>participium,</strong></span> <span class='ocrx_word' id='word_1_623' title='bbox 2782 3305 2836 3359; x_wconf 91' lang='lat' dir='ltr'><strong>in</strong></span> <span class='ocrx_word' id='word_1_624' title='bbox 2881 3303 2974 3357; x_wconf 85' lang='lat' dir='ltr'><strong>illo</strong></span> <span class='ocrx_word' id='word_1_625' title='bbox 3003 3302 3233 3372; x_wconf 86' lang='lat' dir='ltr'><strong>acquirit</strong></span> <span class='ocrx_word' id='word_1_626' title='bbox 3261 3301 3491 3357; x_wconf 90' lang='lat' dir='ltr'><strong>salutem</strong></span> <span class='ocrx_word' id='word_1_627' title='bbox 3516 3343 3532 3368; x_wconf 92' lang='lat'><strong>,</strong></span> 
     </span>
    </p>
   </div>
   <div class='ocr_carea' id='block_1_80' title="bbox 1952 3393 3538 3474">
    <p class='ocr_par' dir='ltr' id='par_1_80' title="bbox 1952 3393 3538 3474">
     <span class='ocr_line' id='line_1_80' title="bbox 1952 3393 3538 3474; baseline -0.007 -15"><span class='ocrx_word' id='word_1_628' title='bbox 1952 3406 2004 3459; x_wconf 91' lang='lat' dir='ltr'><strong>in</strong></span> <span class='ocrx_word' id='word_1_629' title='bbox 2033 3418 2140 3474; x_wconf 93' lang='lat' dir='ltr'><strong>quo</strong></span> <span class='ocrx_word' id='word_1_630' title='bbox 2165 3403 2282 3459; x_wconf 85' lang='lat' dir='ltr'><strong>solo</strong></span> <span class='ocrx_word' id='word_1_631' title='bbox 2312 3401 2474 3457; x_wconf 90' lang='lat' dir='ltr'><strong>homo</strong></span> <span class='ocrx_word' id='word_1_632' title='bbox 2497 3414 2556 3455; x_wconf 92' lang='lat' dir='ltr'><strong>se</strong></span> <span class='ocrx_word' id='word_1_633' title='bbox 2584 3398 2784 3453; x_wconf 89' lang='lat' dir='ltr'><strong>invenit</strong></span> <span class='ocrx_word' id='word_1_634' title='bbox 2800 3397 3162 3459; x_wconf 84' lang='lat' dir='ltr'><strong>innocentem,</strong></span> <span class='ocrx_word' id='word_1_635' title='bbox 3190 3395 3413 3451; x_wconf 90' lang='lat' dir='ltr'><strong>liberum</strong></span> <span class='ocrx_word' id='word_1_636' title='bbox 3440 3393 3538 3449; x_wconf 89' lang='lat' dir='ltr'><strong>ha-</strong></span> 
     </span>
    </p>
   </div>
   <div class='ocr_carea' id='block_1_81' title="bbox 1953 3489 3536 3567">
    <p class='ocr_par' dir='ltr' id='par_1_81' title="bbox 1953 3489 3536 3567">
     <span class='ocr_line' id='line_1_81' title="bbox 1953 3489 3536 3567; baseline -0.006 -15"><span class='ocrx_word' id='word_1_637' title='bbox 1953 3498 2087 3552; x_wconf 89' lang='lat' dir='ltr'><strong>bens</strong></span> <span class='ocrx_word' id='word_1_638' title='bbox 2115 3512 2208 3567; x_wconf 88' lang='lat' dir='ltr'><strong>per</strong></span> <span class='ocrx_word' id='word_1_639' title='bbox 2232 3495 2457 3566; x_wconf 83' lang='lat' dir='ltr'><strong>gratiam</strong></span> <span class='ocrx_word' id='word_1_640' title='bbox 2507 3494 2599 3549; x_wconf 92' lang='lat' dir='ltr'><strong>Dei</strong></span> <span class='ocrx_word' id='word_1_641' title='bbox 2629 3492 2696 3548; x_wconf 91' lang='lat' dir='ltr'><strong>de</strong></span> <span class='ocrx_word' id='word_1_642' title='bbox 2727 3494 2846 3562; x_wconf 90' lang='lat' dir='ltr'><strong>ejus</strong></span> <span class='ocrx_word' id='word_1_643' title='bbox 2874 3491 3109 3564; x_wconf 88' lang='lat' dir='ltr'><strong>potentia</strong></span> <span class='ocrx_word' id='word_1_644' title='bbox 3153 3489 3400 3562; x_wconf 87' lang='lat' dir='ltr'><strong>gloriari,</strong></span> <span class='ocrx_word' id='word_1_645' title='bbox 3445 3489 3536 3560; x_wconf 92' lang='lat' dir='ltr'><strong>qui</strong></span> 
     </span>
    </p>
   </div>
   <div class='ocr_carea' id='block_1_82' title="bbox 1951 3580 3535 3657">
    <p class='ocr_par' dir='ltr' id='par_1_82' title="bbox 1951 3580 3535 3657">
     <span class='ocr_line' id='line_1_82' title="bbox 1951 3580 3535 3657; baseline -0.006 -12"><span class='ocrx_word' id='word_1_646' title='bbox 1951 3598 2139 3646; x_wconf 90' lang='lat' dir='ltr'><strong>contra</strong></span> <span class='ocrx_word' id='word_1_647' title='bbox 2168 3589 2379 3657; x_wconf 82' lang='lat' dir='ltr'><strong>hostem</strong></span> <span class='ocrx_word' id='word_1_648' title='bbox 2412 3587 2630 3642; x_wconf 91' lang='lat' dir='ltr'><strong>humani</strong></span> <span class='ocrx_word' id='word_1_649' title='bbox 2670 3586 2883 3656; x_wconf 77' lang='lat' dir='ltr'><strong>generis</strong></span> <span class='ocrx_word' id='word_1_650' title='bbox 2912 3585 2966 3639; x_wconf 93' lang='lat' dir='ltr'><strong>in</strong></span> <span class='ocrx_word' id='word_1_651' title='bbox 3005 3582 3183 3640; x_wconf 88' lang='lat' dir='ltr'><strong>carnis</strong></span> <span class='ocrx_word' id='word_1_652' title='bbox 3207 3591 3405 3638; x_wconf 70' lang='lat' dir='ltr'><strong>nostra:</strong></span> <span class='ocrx_word' id='word_1_653' title='bbox 3431 3580 3535 3636; x_wconf 89' lang='lat' dir='ltr'><strong>hu-</strong></span> 
     </span>
    </p>
   </div>
   <div class='ocr_carea' id='block_1_83' title="bbox 1952 3676 3535 3755">
    <p class='ocr_par' dir='ltr' id='par_1_83' title="bbox 1952 3676 3535 3755">
     <span class='ocr_line' id='line_1_83' title="bbox 1952 3676 3535 3755; baseline -0.005 -15"><span class='ocrx_word' id='word_1_654' title='bbox 1952 3685 2181 3740; x_wconf 86' lang='lat' dir='ltr'><strong>militate</strong></span> <span class='ocrx_word' id='word_1_655' title='bbox 2223 3697 2543 3755; x_wconf 84' lang='lat' dir='ltr'><strong>congressus</strong></span> <span class='ocrx_word' id='word_1_656' title='bbox 2564 3721 2579 3746; x_wconf 91' lang='lat'><strong>,</strong></span> <span class='ocrx_word' id='word_1_657' title='bbox 2612 3679 2696 3735; x_wconf 91' lang='lat' dir='ltr'><strong>bis</strong></span> <span class='ocrx_word' id='word_1_658' title='bbox 2722 3679 2999 3734; x_wconf 89' lang='lat' dir='ltr'><strong>victoriam</strong></span> <span class='ocrx_word' id='word_1_659' title='bbox 3031 3693 3182 3733; x_wconf 87' lang='lat' dir='ltr'><strong>suam</strong></span> <span class='ocrx_word' id='word_1_660' title='bbox 3231 3676 3452 3741; x_wconf 86' lang='lat' dir='ltr'><strong>tribuit,</strong></span> <span class='ocrx_word' id='word_1_661' title='bbox 3478 3677 3535 3732; x_wconf 91' lang='lat' dir='ltr'><strong>in</strong></span> 
     </span>
    </p>
   </div>
   <div class='ocr_carea' id='block_1_84' title="bbox 1954 3771 3535 3853">
    <p class='ocr_par' dir='ltr' id='par_1_84' title="bbox 1954 3771 3535 3853">
     <span class='ocr_line' id='line_1_84' title="bbox 1954 3771 3535 3853; baseline -0.004 -18"><span class='ocrx_word' id='word_1_662' title='bbox 1954 3795 2184 3853; x_wconf 87' lang='lat' dir='ltr'><strong>quorum</strong></span> <span class='ocrx_word' id='word_1_663' title='bbox 2215 3794 2446 3850; x_wconf 91' lang='lat' dir='ltr'><strong>corpore</strong></span> <span class='ocrx_word' id='word_1_664' title='bbox 2477 3775 2844 3844; x_wconf 82' lang='lat' dir='ltr'><strong>triumphavit.</strong></span> <span class='ocrx_word' id='word_1_665' title='bbox 2874 3774 3027 3830; x_wconf 86' lang='lat' dir='ltr'><strong>Licet</strong></span> <span class='ocrx_word' id='word_1_666' title='bbox 3056 3788 3187 3845; x_wconf 89' lang='lat' dir='ltr'><strong>ergo</strong></span> <span class='ocrx_word' id='word_1_667' title='bbox 3215 3773 3268 3827; x_wconf 92' lang='lat' dir='ltr'><strong>in</strong></span> <span class='ocrx_word' id='word_1_668' title='bbox 3292 3786 3398 3828; x_wconf 90' lang='lat' dir='ltr'><strong>uno</strong></span> <span class='ocrx_word' id='word_1_669' title='bbox 3424 3771 3535 3828; x_wconf 80' lang='lat' dir='ltr'><strong>Do-</strong></span> 
     </span>
    </p>
   </div>
   <div class='ocr_carea' id='block_1_85' title="bbox 1951 3866 3534 3937">
    <p class='ocr_par' dir='ltr' id='par_1_85' title="bbox 1951 3866 3534 3937">
     <span class='ocr_line' id='line_1_85' title="bbox 1951 3866 3534 3937; baseline -0.006 -7"><span class='ocrx_word' id='word_1_670' title='bbox 1951 3878 2097 3931; x_wconf 89' lang='lat' dir='ltr'><strong>mino</strong></span> <span class='ocrx_word' id='word_1_671' title='bbox 2140 3886 2326 3929; x_wconf 90' lang='lat' dir='ltr'><strong>nostro</strong></span> <span class='ocrx_word' id='word_1_672' title='bbox 2365 3872 2491 3928; x_wconf 82' lang='lat' dir='ltr'><strong>Jesu</strong></span> <span class='ocrx_word' id='word_1_673' title='bbox 2539 3870 2776 3933; x_wconf 89' lang='lat' dir='ltr'><strong>Christo,</strong></span> <span class='ocrx_word' id='word_1_674' title='bbox 2807 3883 2934 3924; x_wconf 90' lang='lat' dir='ltr'><strong>vero</strong></span> <span class='ocrx_word' id='word_1_675' title='bbox 2979 3868 3071 3923; x_wconf 85' lang='lat' dir='ltr'><strong>Dei</strong></span> <span class='ocrx_word' id='word_1_676' title='bbox 3115 3876 3277 3937; x_wconf 84' lang='lat' dir='ltr'><strong>atque</strong></span> <span class='ocrx_word' id='word_1_677' title='bbox 3304 3866 3534 3921; x_wconf 90' lang='lat' dir='ltr'><strong>hominis</strong></span> 
     </span>
    </p>
   </div>
   <div class='ocr_carea' id='block_1_86' title="bbox 1950 3961 3532 4033">
    <p class='ocr_par' dir='ltr' id='par_1_86' title="bbox 1950 3961 3532 4033">
     <span class='ocr_line' id='line_1_86' title="bbox 1950 3961 3532 4033; baseline -0.008 -8"><span class='ocrx_word' id='word_1_678' title='bbox 1950 3969 2107 4033; x_wconf 89' lang='lat' dir='ltr'><strong>Filio,</strong></span> <span class='ocrx_word' id='word_1_679' title='bbox 2134 3967 2294 4022; x_wconf 83' lang='lat' dir='ltr'><strong>Verbi</strong></span> <span class='ocrx_word' id='word_1_680' title='bbox 2321 3977 2375 4021; x_wconf 90' lang='lat' dir='ltr'><strong>et</strong></span> <span class='ocrx_word' id='word_1_681' title='bbox 2401 3964 2580 4019; x_wconf 74' lang='lat' dir='ltr'><strong>carnis</strong></span> <span class='ocrx_word' id='word_1_682' title='bbox 2604 3979 2709 4018; x_wconf 89' lang='lat' dir='ltr'><strong>una</strong></span> <span class='ocrx_word' id='word_1_683' title='bbox 2733 3976 2962 4033; x_wconf 89' lang='lat' dir='ltr'><strong>persona</strong></span> <span class='ocrx_word' id='word_1_684' title='bbox 2992 3961 3081 4027; x_wconf 90' lang='lat' dir='ltr'><strong>sit,</strong></span> <span class='ocrx_word' id='word_1_685' title='bbox 3109 3975 3229 4029; x_wconf 65' lang='lat' dir='ltr'><strong>quae</strong></span> <span class='ocrx_word' id='word_1_686' title='bbox 3259 3961 3532 4030; x_wconf 67' lang='lat' dir='ltr'><strong>insepara-</strong></span> 
     </span>
    </p>
   </div>
   <div class='ocr_carea' id='block_1_87' title="bbox 1950 4051 3530 4127">
    <p class='ocr_par' dir='ltr' id='par_1_87' title="bbox 1950 4051 3530 4127">
     <span class='ocr_line' id='line_1_87' title="bbox 1950 4051 3530 4127; baseline -0.006 -11"><span class='ocrx_word' id='word_1_687' title='bbox 1950 4060 2133 4116; x_wconf 88' lang='lat' dir='ltr'><strong>biliter</strong></span> <span class='ocrx_word' id='word_1_688' title='bbox 2176 4069 2334 4127; x_wconf 87' lang='lat' dir='ltr'><strong>atque</strong></span> <span class='ocrx_word' id='word_1_689' title='bbox 2388 4056 2617 4111; x_wconf 90' lang='lat' dir='ltr'><strong>indivise</strong></span> <span class='ocrx_word' id='word_1_690' title='bbox 2667 4068 2979 4110; x_wconf 90' lang='lat' dir='ltr'><strong>communes</strong></span> <span class='ocrx_word' id='word_1_691' title='bbox 3025 4051 3215 4107; x_wconf 89' lang='lat' dir='ltr'><strong>habeat</strong></span> <span class='ocrx_word' id='word_1_692' title='bbox 3256 4052 3530 4120; x_wconf 89' lang='lat' dir='ltr'><strong>actiones,</strong></span> 
     </span>
    </p>
   </div>
   <div class='ocr_carea' id='block_1_88' title="bbox 1951 4136 3591 4224">
    <p class='ocr_par' dir='ltr' id='par_1_88' title="bbox 1951 4136 3591 4224">
     <span class='ocr_line' id='line_1_88' title="bbox 1951 4136 3591 4224; baseline -0.006 -13"><span class='ocrx_word' id='word_1_693' title='bbox 1951 4154 2307 4224; x_wconf 74' lang='lat' dir='ltr'><strong>intelligenda:</strong></span> <span class='ocrx_word' id='word_1_694' title='bbox 2337 4162 2512 4208; x_wconf 83' lang='lat' dir='ltr'><strong>tamen</strong></span> <span class='ocrx_word' id='word_1_695' title='bbox 2539 4160 2663 4206; x_wconf 90' lang='lat' dir='ltr'><strong>sunt</strong></span> <span class='ocrx_word' id='word_1_696' title='bbox 2692 4152 2929 4222; x_wconf 89' lang='lat' dir='ltr'><strong>ipsorum</strong></span> <span class='ocrx_word' id='word_1_697' title='bbox 2958 4163 3179 4219; x_wconf 88' lang='lat' dir='ltr'><strong>operum</strong></span> <span class='ocrx_word' id='word_1_698' title='bbox 3208 4147 3493 4219; x_wconf 88' lang='lat' dir='ltr'><strong>qualitates</strong></span> <span class='ocrx_word' id='word_1_699' title='bbox 3513 4190 3530 4215; x_wconf 93' lang='lat'><strong>,</strong></span> <span class='ocrx_word' id='word_1_700' title='bbox 3584 4136 3591 4143; x_wconf 70' lang='grc'><em>’</em></span> 
     </span>
    </p>
   </div>
   <div class='ocr_carea' id='block_1_89' title="bbox 1949 4242 3533 4316">
    <p class='ocr_par' dir='ltr' id='par_1_89' title="bbox 1949 4242 3533 4316">
     <span class='ocr_line' id='line_1_89' title="bbox 1949 4242 3533 4316; baseline -0.004 -11"><span class='ocrx_word' id='word_1_701' title='bbox 1949 4260 2003 4305; x_wconf 90' lang='lat' dir='ltr'><strong>et</strong></span> <span class='ocrx_word' id='word_1_702' title='bbox 2033 4250 2260 4303; x_wconf 82' lang='lat' dir='ltr'><strong>sincerae</strong></span> <span class='ocrx_word' id='word_1_703' title='bbox 2306 4246 2426 4301; x_wconf 87' lang='lat' dir='ltr'><strong>ﬁdei</strong></span> <span class='ocrx_word' id='word_1_704' title='bbox 2470 4244 2930 4316; x_wconf 87' lang='lat' dir='ltr'><strong>contemplatione</strong></span> <span class='ocrx_word' id='word_1_705' title='bbox 2957 4242 3286 4300; x_wconf 89' lang='lat' dir='ltr'><strong>cernendum</strong></span> <span class='ocrx_word' id='word_1_706' title='bbox 3313 4252 3396 4297; x_wconf 90' lang='lat' dir='ltr'><strong>est</strong></span> <span class='ocrx_word' id='word_1_707' title='bbox 3415 4284 3432 4310; x_wconf 95' lang='lat'><strong>,</strong></span> <span class='ocrx_word' id='word_1_708' title='bbox 3463 4242 3533 4299; x_wconf 87' lang='lat' dir='ltr'><strong>ad</strong></span> 
     </span>
    </p>
   </div>
   <div class='ocr_carea' id='block_1_90' title="bbox 1950 4338 3530 4415">
    <p class='ocr_par' dir='ltr' id='par_1_90' title="bbox 1950 4338 3530 4415">
     <span class='ocr_line' id='line_1_90' title="bbox 1950 4338 3530 4415; baseline -0.003 -17"><span class='ocrx_word' id='word_1_709' title='bbox 1950 4360 2070 4415; x_wconf 65' lang='lat' dir='ltr'><strong>qua:</strong></span> <span class='ocrx_word' id='word_1_710' title='bbox 2105 4342 2430 4413; x_wconf 90' lang='lat' dir='ltr'><strong>provehatur</strong></span> <span class='ocrx_word' id='word_1_711' title='bbox 2454 4340 2728 4396; x_wconf 88' lang='lat' dir='ltr'><strong>humilitas</strong></span> <span class='ocrx_word' id='word_1_712' title='bbox 2756 4342 2953 4407; x_wconf 86' lang='lat' dir='ltr'><strong>carnis,</strong></span> <span class='ocrx_word' id='word_1_713' title='bbox 2980 4348 3035 4395; x_wconf 89' lang='lat' dir='ltr'><strong>et</strong></span> <span class='ocrx_word' id='word_1_714' title='bbox 3059 4338 3124 4395; x_wconf 90' lang='lat' dir='ltr'><strong>ad</strong></span> <span class='ocrx_word' id='word_1_715' title='bbox 3156 4352 3275 4408; x_wconf 71' lang='lat' dir='ltr'><strong>quae</strong></span> <span class='ocrx_word' id='word_1_716' title='bbox 3303 4338 3530 4394; x_wconf 91' lang='lat' dir='ltr'><strong>incline-</strong></span> 
     </span>
    </p>
   </div>
   <div class='ocr_carea' id='block_1_91' title="bbox 253 4404 1864 4504">
    <p class='ocr_par' dir='ltr' id='par_1_91' title="bbox 253 4422 1844 4498">
     <span class='ocr_line' id='line_1_91' title="bbox 253 4422 1844 4498; baseline 0.003 -20"><span class='ocrx_word' id='word_1_717' title='bbox 253 4423 476 4490; x_wconf 77' lang='lat' dir='ltr'><strong>Clm’sto,</strong></span> <span class='ocrx_word' id='word_1_718' title='bbox 521 4423 763 4477; x_wconf 79' lang='lat' dir='ltr'><strong>mundum</strong></span> <span class='ocrx_word' id='word_1_719' title='bbox 804 4422 1139 4477; x_wconf 74' lang='lat' dir='ltr'><strong>reconcilians</strong></span> <span class='ocrx_word' id='word_1_720' title='bbox 1177 4422 1271 4477; x_wconf 84' lang='lat' dir='ltr'><strong>sibi</strong></span> <span class='ocrx_word' id='word_1_721' title='bbox 1316 4423 1385 4495; x_wconf 91' lang='lat' dir='ltr'><strong>(ll</strong></span> <span class='ocrx_word' id='word_1_722' title='bbox 1414 4422 1558 4491; x_wconf 68' lang='lat' dir='ltr'><strong>Con,</strong></span> <span class='ocrx_word' id='word_1_723' title='bbox 1589 4424 1666 4498; x_wconf 88' lang='lat' dir='ltr'><strong>v).</strong></span> <span class='ocrx_word' id='word_1_724' title='bbox 1712 4426 1844 4496; x_wconf 55' lang='lat' dir='ltr'><strong>Quae</strong></span> 
     </span>
    </p>
   </div>
   <div class='ocr_carea' id='block_1_92' title="bbox 1951 4404 3531 4504">
    <p class='ocr_par' dir='ltr' id='par_1_92' title="bbox 1951 4404 3531 4504">
     <span class='ocr_line' id='line_1_92' title="bbox 1951 4404 3531 4504; baseline -0.004 -11"><span class='ocrx_word' id='word_1_725' title='bbox 1951 4404 2033 4493; x_wconf 75' lang='lat' dir='ltr'><strong>tur</strong></span> <span class='ocrx_word' id='word_1_726' title='bbox 2062 4404 2286 4492; x_wconf 78' lang='lat' dir='ltr'><strong>altitudo</strong></span> <span class='ocrx_word' id='word_1_727' title='bbox 2314 4435 2529 4490; x_wconf 89' lang='lat' dir='ltr'><strong>deitatis</strong></span> <span class='ocrx_word' id='word_1_728' title='bbox 2561 4452 2576 4489; x_wconf 90' lang='lat'><strong>:</strong></span> <span class='ocrx_word' id='word_1_729' title='bbox 2605 4433 2729 4502; x_wconf 84' lang='lat' dir='ltr'><strong>quid</strong></span> <span class='ocrx_word' id='word_1_730' title='bbox 2765 4434 2854 4496; x_wconf 88' lang='lat' dir='ltr'><strong>sit,</strong></span> <span class='ocrx_word' id='word_1_731' title='bbox 2885 4432 3025 4504; x_wconf 89' lang='lat' dir='ltr'><strong>quod</strong></span> <span class='ocrx_word' id='word_1_732' title='bbox 3056 4446 3183 4488; x_wconf 88' lang='lat' dir='ltr'><strong>caro</strong></span> <span class='ocrx_word' id='word_1_733' title='bbox 3208 4432 3325 4487; x_wconf 92' lang='lat' dir='ltr'><strong>sine</strong></span> <span class='ocrx_word' id='word_1_734' title='bbox 3358 4430 3531 4487; x_wconf 87' lang='lat' dir='ltr'><strong>Verbo</strong></span> 
     </span>
    </p>
   </div>
   <div class='ocr_carea' id='block_1_93' title="bbox 250 4514 1842 4591">
    <p class='ocr_par' dir='ltr' id='par_1_93' title="bbox 250 4514 1842 4591">
     <span class='ocr_line' id='line_1_93' title="bbox 250 4514 1842 4591; baseline 0.003 -22"><span class='ocrx_word' id='word_1_735' title='bbox 250 4525 433 4591; x_wconf 84' lang='lat' dir='ltr'><strong>autem</strong></span> <span class='ocrx_word' id='word_1_736' title='bbox 478 4514 845 4569; x_wconf 85' lang='lat' dir='ltr'><strong>reconciliatio</strong></span> <span class='ocrx_word' id='word_1_737' title='bbox 872 4524 1051 4584; x_wconf 85' lang='lat' dir='ltr'><strong>posset</strong></span> <span class='ocrx_word' id='word_1_738' title='bbox 1079 4529 1199 4570; x_wconf 85' lang='lat' dir='ltr'><strong>esse</strong></span> <span class='ocrx_word' id='word_1_739' title='bbox 1248 4530 1351 4586; x_wconf 88' lang='lat' dir='ltr'><strong>qua</strong></span> <span class='ocrx_word' id='word_1_740' title='bbox 1399 4516 1632 4572; x_wconf 90' lang='lat' dir='ltr'><strong>humano</strong></span> <span class='ocrx_word' id='word_1_741' title='bbox 1655 4520 1842 4586; x_wconf 80' lang='lat' dir='ltr'><strong>generi</strong></span> 
     </span>
    </p>
   </div>
   <div class='ocr_carea' id='block_1_94' title="bbox 252 4609 1844 4679">
    <p class='ocr_par' dir='ltr' id='par_1_94' title="bbox 252 4609 1844 4679">
     <span class='ocr_line' id='line_1_94' title="bbox 252 4609 1844 4679; baseline 0.003 -15"><span class='ocrx_word' id='word_1_742' title='bbox 252 4609 699 4679; x_wconf 86' lang='lat' dir='ltr'><strong>repropitiaretur</strong></span> <span class='ocrx_word' id='word_1_743' title='bbox 745 4609 907 4675; x_wconf 86' lang='lat' dir='ltr'><strong>Deus,</strong></span> <span class='ocrx_word' id='word_1_744' title='bbox 955 4609 1000 4664; x_wconf 93' lang='lat' dir='ltr'><strong>si</strong></span> <span class='ocrx_word' id='word_1_745' title='bbox 1047 4609 1280 4665; x_wconf 88' lang='lat' dir='ltr'><strong>hominis</strong></span> <span class='ocrx_word' id='word_1_746' title='bbox 1320 4625 1535 4665; x_wconf 87' lang='lat' dir='ltr'><strong>causam</strong></span> <span class='ocrx_word' id='word_1_747' title='bbox 1578 4612 1844 4668; x_wconf 88' lang='lat' dir='ltr'><strong>mediator</strong></span> 
     </span>
    </p>
   </div>
   <div class='ocr_carea' id='block_1_95' title="bbox 255 4701 1839 4773">
    <p class='ocr_par' dir='ltr' id='par_1_95' title="bbox 255 4701 1839 4773">
     <span class='ocr_line' id='line_1_95' title="bbox 255 4701 1839 4773; baseline 0.002 -15"><span class='ocrx_word' id='word_1_748' title='bbox 255 4701 352 4758; x_wconf 89' lang='lat' dir='ltr'><strong>Dei</strong></span> <span class='ocrx_word' id='word_1_749' title='bbox 378 4702 766 4772; x_wconf 88' lang='lat' dir='ltr'><strong>hominumque</strong></span> <span class='ocrx_word' id='word_1_750' title='bbox 810 4717 917 4757; x_wconf 90' lang='lat' dir='ltr'><strong>non</strong></span> <span class='ocrx_word' id='word_1_751' title='bbox 962 4704 1292 4773; x_wconf 82' lang='lat' dir='ltr'><strong>susciperet?</strong></span> <span class='ocrx_word' id='word_1_752' title='bbox 1318 4703 1433 4770; x_wconf 87' lang='lat' dir='ltr'><strong>Qua</strong></span> <span class='ocrx_word' id='word_1_753' title='bbox 1474 4720 1605 4759; x_wconf 91' lang='lat' dir='ltr'><strong>vero</strong></span> <span class='ocrx_word' id='word_1_754' title='bbox 1630 4705 1839 4761; x_wconf 91' lang='lat' dir='ltr'><strong>ratione</strong></span> 
     </span>
    </p>
   </div>
   <div class='ocr_carea' id='block_1_96' title="bbox 258 4801 1838 4875">
    <p class='ocr_par' dir='ltr' id='par_1_96' title="bbox 258 4801 1838 4875">
     <span class='ocr_line' id='line_1_96' title="bbox 258 4801 1838 4875; baseline 0.004 -19"><span class='ocrx_word' id='word_1_755' title='bbox 258 4802 539 4859; x_wconf 89' lang='lat' dir='ltr'><strong>veritatem</strong></span> <span class='ocrx_word' id='word_1_756' title='bbox 588 4801 902 4859; x_wconf 88' lang='lat' dir='ltr'><strong>mediatoris</strong></span> <span class='ocrx_word' id='word_1_757' title='bbox 930 4802 1218 4875; x_wconf 88' lang='lat' dir='ltr'><strong>impleret,</strong></span> <span class='ocrx_word' id='word_1_758' title='bbox 1271 4804 1375 4860; x_wconf 89' lang='lat' dir='ltr'><strong>nisi</strong></span> <span class='ocrx_word' id='word_1_759' title='bbox 1423 4805 1513 4875; x_wconf 91' lang='lat' dir='ltr'><strong>qui</strong></span> <span class='ocrx_word' id='word_1_760' title='bbox 1561 4805 1615 4861; x_wconf 92' lang='lat' dir='ltr'><strong>in</strong></span> <span class='ocrx_word' id='word_1_761' title='bbox 1665 4805 1838 4862; x_wconf 89' lang='lat' dir='ltr'><strong>forma</strong></span> 
     </span>
    </p>
   </div>
   <div class='ocr_carea' id='block_1_97' title="bbox 336 4937 1839 5013">
    <p class='ocr_par' dir='ltr' id='par_1_97' title="bbox 336 4937 1839 5013">
     <span class='ocr_line' id='line_1_97' title="bbox 336 4937 1839 5013; baseline 0.008 -23"><span class='ocrx_word' id='word_1_762' title='bbox 336 4937 418 5006; x_wconf 83' lang='lat' dir='ltr'><strong>(l)</strong></span> <span class='ocrx_word' id='word_1_763' title='bbox 475 4939 781 5013; x_wconf 82' lang='lat' dir='ltr'><strong>Quicumque</strong></span> <span class='ocrx_word' id='word_1_764' title='bbox 824 4942 903 4994; x_wconf 86' lang='lat' dir='ltr'><strong>illi</strong></span> <span class='ocrx_word' id='word_1_765' title='bbox 936 4950 1070 4995; x_wconf 86' lang='lat' dir='ltr'><strong>sunt.</strong></span> <span class='ocrx_word' id='word_1_766' title='bbox 1102 4940 1227 4995; x_wconf 62' lang='lat' dir='ltr'><strong>Haec</strong></span> <span class='ocrx_word' id='word_1_767' title='bbox 1273 4943 1432 4997; x_wconf 85' lang='lat' dir='ltr'><strong>verba</strong></span> <span class='ocrx_word' id='word_1_768' title='bbox 1470 4945 1660 5013; x_wconf 87' lang='lat' dir='ltr'><strong>quibus</strong></span> <span class='ocrx_word' id='word_1_769' title='bbox 1688 4946 1839 5002; x_wconf 89' lang='lat' dir='ltr'><strong>Pauli</strong></span> 
     </span>
    </p>
   </div>
   <div class='ocr_carea' id='block_1_98' title="bbox 254 5008 1835 5080">
    <p class='ocr_par' dir='ltr' id='par_1_98' title="bbox 254 5008 1835 5080">
     <span class='ocr_line' id='line_1_98' title="bbox 254 5008 1835 5080; baseline 0.004 -17"><span class='ocrx_word' id='word_1_770' title='bbox 254 5008 594 5064; x_wconf 82' lang='lat' dir='ltr'><strong>Samosateui</strong></span> <span class='ocrx_word' id='word_1_771' title='bbox 624 5008 960 5080; x_wconf 76' lang='lat' dir='ltr'><strong>aliorumque</strong></span> <span class='ocrx_word' id='word_1_772' title='bbox 992 5013 1364 5067; x_wconf 68' lang='lat' dir='ltr'><strong>bmreticorum</strong></span> <span class='ocrx_word' id='word_1_773' title='bbox 1394 5008 1508 5069; x_wconf 80' lang='lat' dir='ltr'><strong>Filii</strong></span> <span class='ocrx_word' id='word_1_774' title='bbox 1546 5017 1634 5071; x_wconf 87' lang='lat' dir='ltr'><strong>Det</strong></span> <span class='ocrx_word' id='word_1_775' title='bbox 1662 5018 1835 5072; x_wconf 82' lang='lat' dir='ltr'><strong>incar-</strong></span> 
     </span>
    </p>
   </div>
   <div class='ocr_carea' id='block_1_99' title="bbox 250 5082 1836 5157">
    <p class='ocr_par' dir='ltr' id='par_1_99' title="bbox 250 5082 1836 5157">
     <span class='ocr_line' id='line_1_99' title="bbox 250 5082 1836 5157; baseline 0.006 -22"><span class='ocrx_word' id='word_1_776' title='bbox 250 5082 533 5157; x_wconf 76' lang='lat' dir='ltr'><strong>nationem</strong></span> <span class='ocrx_word' id='word_1_777' title='bbox 552 5085 847 5157; x_wconf 73' lang='lat' dir='ltr'><strong>negantinm</strong></span> <span class='ocrx_word' id='word_1_778' title='bbox 870 5084 1131 5157; x_wconf 80' lang='lat' dir='ltr'><strong>sententia</strong></span> <span class='ocrx_word' id='word_1_779' title='bbox 1148 5084 1457 5139; x_wconf 74' lang='lat' dir='ltr'><strong>doctis~ime</strong></span> <span class='ocrx_word' id='word_1_780' title='bbox 1473 5102 1539 5141; x_wconf 81' lang='lat' dir='ltr'><strong>ex</strong></span> <span class='ocrx_word' id='word_1_781' title='bbox 1563 5088 1836 5157; x_wconf 80' lang='lat' dir='ltr'><strong>Scriptura</strong></span> 
     </span>
    </p>
   </div>
   <div class='ocr_carea' id='block_1_100' title="bbox 247 5152 1832 5229">
    <p class='ocr_par' dir='ltr' id='par_1_100' title="bbox 247 5152 1832 5229">
     <span class='ocr_line' id='line_1_100' title="bbox 247 5152 1832 5229; baseline 0.009 -27"><span class='ocrx_word' id='word_1_782' title='bbox 247 5152 595 5229; x_wconf 64' lang='lat' dir='ltr'><strong>eonviucitur</strong></span> <span class='ocrx_word' id='word_1_783' title='bbox 615 5169 673 5229; x_wconf 63' lang='lat' dir='ltr'><strong>at;</strong></span> <span class='ocrx_word' id='word_1_784' title='bbox 702 5153 985 5229; x_wconf 77' lang='lat' dir='ltr'><strong>refutatur.</strong></span> <span class='ocrx_word' id='word_1_785' title='bbox 1016 5155 1143 5211; x_wconf 88' lang='lat' dir='ltr'><strong>hinc</strong></span> <span class='ocrx_word' id='word_1_786' title='bbox 1172 5172 1339 5229; x_wconf 82' lang='lat' dir='ltr'><strong>usque</strong></span> <span class='ocrx_word' id='word_1_787' title='bbox 1364 5159 1429 5210; x_wconf 90' lang='lat' dir='ltr'><strong>ad</strong></span> <span class='ocrx_word' id='word_1_788' title='bbox 1462 5157 1617 5213; x_wconf 86' lang='lat' dir='ltr'><strong>ﬁnem</strong></span> <span class='ocrx_word' id='word_1_789' title='bbox 1642 5152 1832 5229; x_wconf 79' lang='lat' dir='ltr'><strong>episto-</strong></span> 
     </span>
    </p>
   </div>
   <div class='ocr_carea' id='block_1_101' title="bbox 248 5222 1830 5301">
    <p class='ocr_par' dir='ltr' id='par_1_101' title="bbox 248 5222 1830 5301">
     <span class='ocr_line' id='line_1_101' title="bbox 248 5222 1830 5301; baseline 0.006 -23"><span class='ocrx_word' id='word_1_790' title='bbox 248 5227 316 5301; x_wconf 75' lang='lat' dir='ltr'><strong>lze</strong></span> <span class='ocrx_word' id='word_1_791' title='bbox 370 5222 560 5301; x_wconf 76' lang='lat' dir='ltr'><strong>haberi</strong></span> <span class='ocrx_word' id='word_1_792' title='bbox 599 5225 815 5301; x_wconf 60' lang='lat' dir='ltr'><strong>epistola</strong></span> <span class='ocrx_word' id='word_1_793' title='bbox 860 5243 877 5301; x_wconf 75' lang='grc' dir='ltr'><strong>ι</strong></span> <span class='ocrx_word' id='word_1_794' title='bbox 924 5227 1115 5301; x_wconf 73' lang='lat' dir='ltr'><strong>Leonis</strong></span> <span class='ocrx_word' id='word_1_795' title='bbox 1144 5228 1207 5301; x_wconf 79' lang='lat' dir='ltr'><strong>ad</strong></span> <span class='ocrx_word' id='word_1_796' title='bbox 1242 5229 1473 5283; x_wconf 83' lang='lat' dir='ltr'><strong>Leonem</strong></span> <span class='ocrx_word' id='word_1_797' title='bbox 1515 5222 1830 5301; x_wconf 53' lang='lat' dir='ltr'><strong>Augustum,</strong></span> 
     </span>
    </p>
   </div>
   <div class='ocr_carea' id='block_1_102' title="bbox 247 5294 1832 5439">
    <p class='ocr_par' dir='ltr' id='par_1_102' title="bbox 247 5294 1832 5439">
     <span class='ocr_line' id='line_1_102' title="bbox 247 5294 1832 5439; baseline 0.006 -89"><span class='ocrx_word' id='word_1_798' title='bbox 247 5300 303 5424; x_wconf 77' lang='lat' dir='ltr'><strong>iBll</strong></span> <span class='ocrx_word' id='word_1_799' title='bbox 334 5295 582 5439; x_wconf 54' lang='lat' dir='ltr'><strong>margiine</strong></span> <span class='ocrx_word' id='word_1_800' title='bbox 608 5294 765 5366; x_wconf 87' lang='lat' dir='ltr'><strong>hujus</strong></span> <span class='ocrx_word' id='word_1_801' title='bbox 792 5298 1032 5365; x_wconf 67' lang='lat' dir='ltr'><strong>epistolae</strong></span> <span class='ocrx_word' id='word_1_802' title='bbox 1064 5298 1250 5354; x_wconf 89' lang='lat' dir='ltr'><strong>Snrius</strong></span> <span class='ocrx_word' id='word_1_803' title='bbox 1277 5301 1570 5356; x_wconf 87' lang='lat' dir='ltr'><strong>annotavit.</strong></span> <span class='ocrx_word' id='word_1_804' title='bbox 1601 5294 1832 5375; x_wconf 52' lang='lat' dir='ltr'><strong>(Seven.</strong></span> 
     </span>
     <span class='ocr_line' id='line_1_103' title="bbox 297 5382 1153 5425; baseline -0.008 -1"><span class='ocrx_word' id='word_1_805' title='bbox 297 5382 457 5425; x_wconf 74' lang='lat' dir='ltr'><strong>INI’JS.</strong></span> <span class='ocrx_word' id='word_1_806' title='bbox 1148 5408 1153 5417; x_wconf 46' lang='grc' dir='ltr'><strong>ι</strong></span> 
     </span>
    </p>
   </div>
   <div class='ocr_carea' id='block_1_103' title="bbox 297 5382 1153 5425">
    <p class='ocr_par' dir='ltr' id='par_1_103' title="bbox 297 5382 1153 5425">
     <span class='ocr_line' id='line_1_104' title="bbox 297 5382 1153 5425; baseline -0.009 0"><span class='ocrx_word' id='word_1_807' title='bbox 297 5382 486 5425; x_wconf 73' lang='lat' dir='ltr'><strong>INI&#39;JSJ</strong></span> <span class='ocrx_word' id='word_1_808' title='bbox 1148 5408 1153 5417; x_wconf 51' lang='grc' dir='ltr'><strong>ι</strong></span> 
     </span>
    </p>
   </div>
   <div class='ocr_carea' id='block_1_104' title="bbox 322 5438 1831 5515">
    <p class='ocr_par' dir='ltr' id='par_1_104' title="bbox 322 5438 1831 5515">
     <span class='ocr_line' id='line_1_105' title="bbox 322 5438 1831 5515; baseline 0.005 -20"><span class='ocrx_word' id='word_1_809' title='bbox 322 5441 407 5513; x_wconf 72' lang='lat'><strong>(‘2)</strong></span> <span class='ocrx_word' id='word_1_810' title='bbox 432 5438 490 5515; x_wconf 60' lang='grc' dir='ltr'><strong>ξ.</strong></span> <span class='ocrx_word' id='word_1_811' title='bbox 521 5438 651 5515; x_wconf 45' lang='lat' dir='ltr'><strong>Leti,</strong></span> <span class='ocrx_word' id='word_1_812' title='bbox 681 5442 888 5515; x_wconf 27' lang='lat' dir='ltr'><strong>ep.A97,</strong></span> <span class='ocrx_word' id='word_1_813' title='bbox 916 5457 983 5497; x_wconf 81' lang='lat' dir='ltr'><strong>ex</strong></span> <span class='ocrx_word' id='word_1_814' title='bbox 1015 5458 1115 5512; x_wconf 93' lang='lat' dir='ltr'><strong>qua</strong></span> <span class='ocrx_word' id='word_1_815' title='bbox 1153 5442 1261 5510; x_wconf 89' lang='lat' dir='ltr'><strong>jam</strong></span> <span class='ocrx_word' id='word_1_816' title='bbox 1285 5458 1444 5514; x_wconf 91' lang='lat' dir='ltr'><strong>supra</strong></span> <span class='ocrx_word' id='word_1_817' title='bbox 1463 5444 1705 5515; x_wconf 73' lang='lat' dir='ltr'><strong>qutedam</strong></span> <span class='ocrx_word' id='word_1_818' title='bbox 1733 5447 1831 5503; x_wconf 87' lang='lat' dir='ltr'><strong>de-</strong></span> 
     </span>
    </p>
   </div>
   <div class='ocr_carea' id='block_1_105' title="bbox 244 5510 1834 5639">
    <p class='ocr_par' dir='ltr' id='par_1_105' title="bbox 244 5510 1834 5639">
     <span class='ocr_line' id='line_1_106' title="bbox 244 5510 1834 5639; baseline 0.008 -73"><span class='ocrx_word' id='word_1_819' title='bbox 244 5510 941 5639; x_wconf 42' lang='lat' dir='ltr'><strong>illcliutychiano</strong></span> <span class='ocrx_word' id='word_1_820' title='bbox 967 5510 1118 5588; x_wconf 78' lang='lat' dir='ltr'><strong>papa:</strong></span> <span class='ocrx_word' id='word_1_821' title='bbox 1160 5510 1366 5573; x_wconf 75' lang='lat' dir='ltr'><strong>tributa</strong></span> <span class='ocrx_word' id='word_1_822' title='bbox 1410 5510 1658 5589; x_wconf 69' lang='lat' dir='ltr'><strong>epistola.</strong></span> <span class='ocrx_word' id='word_1_823' title='bbox 1698 5517 1834 5578; x_wconf 90' lang='lat' dir='ltr'><strong>Vide</strong></span> 
     </span>
    </p>
   </div>
   <div class='ocr_carea' id='block_1_106' title="bbox 242 5601 623 5657">
    <p class='ocr_par' dir='ltr' id='par_1_106' title="bbox 242 5601 623 5657">
     <span class='ocr_line' id='line_1_107' title="bbox 242 5601 623 5657; baseline 0 -20"><span class='ocrx_word' id='word_1_824' title='bbox 242 5601 373 5657; x_wconf 85' lang='lat' dir='ltr'><strong>pag.</strong></span> <span class='ocrx_word' id='word_1_825' title='bbox 410 5601 535 5649; x_wconf 65' lang='lat' dir='ltr'><strong>om,</strong></span> <span class='ocrx_word' id='word_1_826' title='bbox 561 5601 623 5639; x_wconf 70' lang='grc' dir='ltr'><strong>υ.</strong></span> 
     </span>
    </p>
   </div>
   <div class='ocr_carea' id='block_1_107' title="bbox 1947 4526 3529 4605">
    <p class='ocr_par' dir='ltr' id='par_1_107' title="bbox 1947 4526 3529 4605">
     <span class='ocr_line' id='line_1_108' title="bbox 1947 4526 3529 4605; baseline -0.007 -16"><span class='ocrx_word' id='word_1_827' title='bbox 1947 4549 2053 4589; x_wconf 91' lang='lat' dir='ltr'><strong>non</strong></span> <span class='ocrx_word' id='word_1_828' title='bbox 2092 4536 2237 4605; x_wconf 82' lang='lat' dir='ltr'><strong>agit;</strong></span> <span class='ocrx_word' id='word_1_829' title='bbox 2272 4540 2327 4587; x_wconf 89' lang='lat' dir='ltr'><strong>et</strong></span> <span class='ocrx_word' id='word_1_830' title='bbox 2357 4529 2481 4600; x_wconf 86' lang='lat' dir='ltr'><strong>quid</strong></span> <span class='ocrx_word' id='word_1_831' title='bbox 2517 4531 2605 4593; x_wconf 91' lang='lat' dir='ltr'><strong>sit,</strong></span> <span class='ocrx_word' id='word_1_832' title='bbox 2633 4528 2777 4599; x_wconf 90' lang='lat' dir='ltr'><strong>quod</strong></span> <span class='ocrx_word' id='word_1_833' title='bbox 2810 4526 3042 4581; x_wconf 87' lang='lat' dir='ltr'><strong>Verbum</strong></span> <span class='ocrx_word' id='word_1_834' title='bbox 3087 4526 3203 4581; x_wconf 90' lang='lat' dir='ltr'><strong>sine</strong></span> <span class='ocrx_word' id='word_1_835' title='bbox 3233 4540 3394 4580; x_wconf 90' lang='lat' dir='ltr'><strong>carne</strong></span> <span class='ocrx_word' id='word_1_836' title='bbox 3423 4540 3529 4578; x_wconf 92' lang='lat' dir='ltr'><strong>non</strong></span> 
     </span>
    </p>
   </div>
   <div class='ocr_carea' id='block_1_108' title="bbox 1945 4614 3577 4696">
    <p class='ocr_par' dir='ltr' id='par_1_108' title="bbox 1945 4614 3577 4696">
     <span class='ocr_line' id='line_1_109' title="bbox 1945 4614 3577 4696; baseline -0.01 -13"><span class='ocrx_word' id='word_1_837' title='bbox 1945 4626 2127 4683; x_wconf 80' lang='lat' dir='ltr'><strong>elﬁrit.</strong></span> <span class='ocrx_word' id='word_1_838' title='bbox 2156 4625 2283 4682; x_wconf 89' lang='lat' dir='ltr'><strong>Sine</strong></span> <span class='ocrx_word' id='word_1_839' title='bbox 2312 4623 2472 4679; x_wconf 82' lang='lat' dir='ltr'><strong>Verbi</strong></span> <span class='ocrx_word' id='word_1_840' title='bbox 2498 4623 2642 4676; x_wconf 90' lang='lat' dir='ltr'><strong>enim</strong></span> <span class='ocrx_word' id='word_1_841' title='bbox 2676 4620 2909 4691; x_wconf 86' lang='lat' dir='ltr'><strong>potentia</strong></span> <span class='ocrx_word' id='word_1_842' title='bbox 2938 4633 3036 4674; x_wconf 90' lang='lat' dir='ltr'><strong>nec</strong></span> <span class='ocrx_word' id='word_1_843' title='bbox 3065 4618 3372 4688; x_wconf 87' lang='lat' dir='ltr'><strong>conciperet</strong></span> <span class='ocrx_word' id='word_1_844' title='bbox 3398 4614 3521 4669; x_wconf 88' lang='lat' dir='ltr'><strong>Vir-</strong></span> <span class='ocrx_word' id='word_1_845' title='bbox 3563 4680 3577 4696; x_wconf 47' lang='lat'><strong><em>.</em></strong></span> 
     </span>
    </p>
   </div>
   <div class='ocr_carea' id='block_1_109' title="bbox 1944 4704 3527 4790">
    <p class='ocr_par' dir='ltr' id='par_1_109' title="bbox 1944 4704 3527 4790">
     <span class='ocr_line' id='line_1_110' title="bbox 1944 4704 3527 4790; baseline -0.009 -16"><span class='ocrx_word' id='word_1_846' title='bbox 1944 4734 2034 4790; x_wconf 86' lang='lat' dir='ltr'><strong>go,</strong></span> <span class='ocrx_word' id='word_1_847' title='bbox 2083 4732 2179 4772; x_wconf 92' lang='lat' dir='ltr'><strong>uec</strong></span> <span class='ocrx_word' id='word_1_848' title='bbox 2205 4724 2449 4786; x_wconf 86' lang='lat' dir='ltr'><strong>pareret.</strong></span> <span class='ocrx_word' id='word_1_849' title='bbox 2499 4721 2554 4768; x_wconf 88' lang='lat' dir='ltr'><strong>et</strong></span> <span class='ocrx_word' id='word_1_850' title='bbox 2599 4713 2715 4767; x_wconf 89' lang='lat' dir='ltr'><strong>sine</strong></span> <span class='ocrx_word' id='word_1_851' title='bbox 2760 4710 2987 4765; x_wconf 85' lang='lat' dir='ltr'><strong>veritate</strong></span> <span class='ocrx_word' id='word_1_852' title='bbox 3028 4711 3228 4774; x_wconf 88' lang='lat' dir='ltr'><strong>carnis,</strong></span> <span class='ocrx_word' id='word_1_853' title='bbox 3276 4704 3527 4760; x_wconf 90' lang='lat' dir='ltr'><strong>obvoluta</strong></span> 
     </span>
    </p>
   </div>
   <div class='ocr_carea' id='block_1_110' title="bbox 1945 4799 3527 4885">
    <p class='ocr_par' dir='ltr' id='par_1_110' title="bbox 1945 4799 3527 4885">
     <span class='ocr_line' id='line_1_111' title="bbox 1945 4799 3527 4885; baseline -0.008 -17"><span class='ocrx_word' id='word_1_854' title='bbox 1945 4813 2138 4885; x_wconf 89' lang='lat' dir='ltr'><strong>pannis</strong></span> <span class='ocrx_word' id='word_1_855' title='bbox 2170 4809 2389 4865; x_wconf 77' lang='lat' dir='ltr'><strong>infantia</strong></span> <span class='ocrx_word' id='word_1_856' title='bbox 2416 4823 2522 4863; x_wconf 89' lang='lat' dir='ltr'><strong>non</strong></span> <span class='ocrx_word' id='word_1_857' title='bbox 2541 4806 2779 4877; x_wconf 87' lang='lat' dir='ltr'><strong>jaceret;</strong></span> <span class='ocrx_word' id='word_1_858' title='bbox 2804 4806 2921 4859; x_wconf 88' lang='lat' dir='ltr'><strong>sine</strong></span> <span class='ocrx_word' id='word_1_859' title='bbox 2941 4802 3102 4859; x_wconf 89' lang='lat' dir='ltr'><strong>Verbi</strong></span> <span class='ocrx_word' id='word_1_860' title='bbox 3129 4799 3382 4871; x_wconf 86' lang='lat' dir='ltr'><strong>potentia,</strong></span> <span class='ocrx_word' id='word_1_861' title='bbox 3418 4815 3527 4855; x_wconf 92' lang='lat' dir='ltr'><strong>non</strong></span> 
     </span>
    </p>
   </div>
   <div class='ocr_carea' id='block_1_111' title="bbox 1942 4892 3517 4973">
    <p class='ocr_par' dir='ltr' id='par_1_111' title="bbox 1942 4892 3517 4973">
     <span class='ocr_line' id='line_1_112' title="bbox 1942 4892 3517 4973; baseline -0.01 -10"><span class='ocrx_word' id='word_1_862' title='bbox 1942 4907 2230 4963; x_wconf 88' lang='lat' dir='ltr'><strong>adorarent</strong></span> <span class='ocrx_word' id='word_1_863' title='bbox 2258 4901 2396 4973; x_wconf 83' lang='lat' dir='ltr'><strong>magi</strong></span> <span class='ocrx_word' id='word_1_864' title='bbox 2444 4916 2664 4970; x_wconf 88' lang='lat' dir='ltr'><strong>puerum</strong></span> <span class='ocrx_word' id='word_1_865' title='bbox 2690 4942 2706 4967; x_wconf 90' lang='lat'><strong>,</strong></span> <span class='ocrx_word' id='word_1_866' title='bbox 2753 4898 2905 4954; x_wconf 72' lang='lat' dir='ltr'><strong>Stella</strong></span> <span class='ocrx_word' id='word_1_867' title='bbox 2948 4897 3118 4951; x_wconf 91' lang='lat' dir='ltr'><strong>iudice</strong></span> <span class='ocrx_word' id='word_1_868' title='bbox 3145 4892 3517 4960; x_wconf 88' lang='lat' dir='ltr'><strong>declaratum;</strong></span> 
     </span>
    </p>
   </div>
   <div class='ocr_carea' id='block_1_112' title="bbox 1941 4986 3522 5064">
    <p class='ocr_par' dir='ltr' id='par_1_112' title="bbox 1941 4986 3522 5064">
     <span class='ocr_line' id='line_1_113' title="bbox 1941 4986 3522 5064; baseline -0.011 -6"><span class='ocrx_word' id='word_1_869' title='bbox 1941 5004 2060 5058; x_wconf 88' lang='lat' dir='ltr'><strong>sine</strong></span> <span class='ocrx_word' id='word_1_870' title='bbox 2084 5003 2307 5057; x_wconf 88' lang='lat' dir='ltr'><strong>veritate</strong></span> <span class='ocrx_word' id='word_1_871' title='bbox 2324 4996 2522 5060; x_wconf 90' lang='lat' dir='ltr'><strong>carnis.</strong></span> <span class='ocrx_word' id='word_1_872' title='bbox 2539 5010 2643 5050; x_wconf 91' lang='lat' dir='ltr'><strong>non</strong></span> <span class='ocrx_word' id='word_1_873' title='bbox 2656 4994 2934 5064; x_wconf 86' lang='lat' dir='ltr'><strong>juberetur</strong></span> <span class='ocrx_word' id='word_1_874' title='bbox 2951 4987 3222 5043; x_wconf 80' lang='lat' dir='ltr'><strong>transferri</strong></span> <span class='ocrx_word' id='word_1_875' title='bbox 3243 4987 3295 5041; x_wconf 93' lang='lat' dir='ltr'><strong>in</strong></span> <span class='ocrx_word' id='word_1_876' title='bbox 3315 4986 3522 5058; x_wconf 68' lang='lat' dir='ltr'><strong>IEgyp-</strong></span> 
     </span>
    </p>
   </div>
   <div class='ocr_carea' id='block_1_113' title="bbox 1943 5081 3526 5162">
    <p class='ocr_par' dir='ltr' id='par_1_113' title="bbox 1943 5081 3526 5162">
     <span class='ocr_line' id='line_1_114' title="bbox 1943 5081 3526 5162; baseline -0.009 -11"><span class='ocrx_word' id='word_1_877' title='bbox 1943 5105 2052 5151; x_wconf 91' lang='lat' dir='ltr'><strong>tum</strong></span> <span class='ocrx_word' id='word_1_878' title='bbox 2083 5110 2235 5162; x_wconf 89' lang='lat' dir='ltr'><strong>puer,</strong></span> <span class='ocrx_word' id='word_1_879' title='bbox 2264 5101 2318 5147; x_wconf 90' lang='lat' dir='ltr'><strong>et</strong></span> <span class='ocrx_word' id='word_1_880' title='bbox 2343 5092 2409 5147; x_wconf 90' lang='lat' dir='ltr'><strong>ab</strong></span> <span class='ocrx_word' id='word_1_881' title='bbox 2438 5089 2671 5146; x_wconf 83' lang='lat' dir='ltr'><strong>llerodio</strong></span> <span class='ocrx_word' id='word_1_882' title='bbox 2701 5083 3072 5157; x_wconf 85' lang='lat' dir='ltr'><strong>persecutione</strong></span> <span class='ocrx_word' id='word_1_883' title='bbox 3118 5081 3338 5137; x_wconf 87' lang='lat' dir='ltr'><strong>subduci</strong></span> <span class='ocrx_word' id='word_1_884' title='bbox 3359 5097 3380 5161; x_wconf 84' lang='lat'><strong>_;</strong></span> <span class='ocrx_word' id='word_1_885' title='bbox 3407 5082 3526 5136; x_wconf 87' lang='lat' dir='ltr'><strong>sine</strong></span> 
     </span>
    </p>
   </div>
   <div class='ocr_carea' id='block_1_114' title="bbox 1941 5172 3526 5257">
    <p class='ocr_par' dir='ltr' id='par_1_114' title="bbox 1941 5172 3526 5257">
     <span class='ocr_line' id='line_1_115' title="bbox 1941 5172 3526 5257; baseline -0.009 -12"><span class='ocrx_word' id='word_1_886' title='bbox 1941 5188 2106 5245; x_wconf 85' lang='lat' dir='ltr'><strong>Verbi</strong></span> <span class='ocrx_word' id='word_1_887' title='bbox 2145 5185 2379 5257; x_wconf 87' lang='lat' dir='ltr'><strong>potentia</strong></span> <span class='ocrx_word' id='word_1_888' title='bbox 2432 5200 2533 5237; x_wconf 87' lang='lat' dir='ltr'><strong>non</strong></span> <span class='ocrx_word' id='word_1_889' title='bbox 2585 5183 2789 5237; x_wconf 88' lang='lat' dir='ltr'><strong>diceret</strong></span> <span class='ocrx_word' id='word_1_890' title='bbox 2836 5192 2938 5230; x_wconf 82' lang='lat' dir='ltr'><strong>vox</strong></span> <span class='ocrx_word' id='word_1_891' title='bbox 2985 5175 3195 5241; x_wconf 89' lang='lat' dir='ltr'><strong>Patris,</strong></span> <span class='ocrx_word' id='word_1_892' title='bbox 3243 5175 3408 5230; x_wconf 87' lang='lat' dir='ltr'><strong>missa</strong></span> <span class='ocrx_word' id='word_1_893' title='bbox 3454 5172 3526 5230; x_wconf 91' lang='lat' dir='ltr'><strong>de</strong></span> 
     </span>
    </p>
   </div>
   <div class='ocr_carea' id='block_1_115' title="bbox 1937 5268 3526 5342">
    <p class='ocr_par' dir='ltr' id='par_1_115' title="bbox 1937 5268 3526 5342">
     <span class='ocr_line' id='line_1_116' title="bbox 1937 5268 3526 5342; baseline -0.011 -4"><span class='ocrx_word' id='word_1_894' title='bbox 1937 5282 2076 5338; x_wconf 61' lang='lat' dir='ltr'><strong>caelo</strong></span> <span class='ocrx_word' id='word_1_895' title='bbox 2104 5298 2119 5335; x_wconf 89' lang='lat'><strong>:</strong></span> <span class='ocrx_word' id='word_1_896' title='bbox 2155 5277 2257 5333; x_wconf 84' lang='lat' dir='ltr'><strong>Hic</strong></span> <span class='ocrx_word' id='word_1_897' title='bbox 2284 5286 2355 5332; x_wconf 86' lang='lat' dir='ltr'><strong>est</strong></span> <span class='ocrx_word' id='word_1_898' title='bbox 2388 5275 2559 5330; x_wconf 79' lang='lat' dir='ltr'><strong>Filius</strong></span> <span class='ocrx_word' id='word_1_899' title='bbox 2586 5289 2724 5327; x_wconf 86' lang='lat' dir='ltr'><strong>meus</strong></span> <span class='ocrx_word' id='word_1_900' title='bbox 2749 5270 2961 5325; x_wconf 82' lang='lat' dir='ltr'><strong>dilectus</strong></span> <span class='ocrx_word' id='word_1_901' title='bbox 2984 5312 2999 5335; x_wconf 91' lang='lat'><strong>,</strong></span> <span class='ocrx_word' id='word_1_902' title='bbox 3027 5270 3079 5323; x_wconf 86' lang='lat' dir='ltr'><strong>in</strong></span> <span class='ocrx_word' id='word_1_903' title='bbox 3108 5286 3208 5342; x_wconf 87' lang='lat' dir='ltr'><strong>quo</strong></span> <span class='ocrx_word' id='word_1_904' title='bbox 3233 5268 3358 5323; x_wconf 85' lang='lat' dir='ltr'><strong>mihi</strong></span> <span class='ocrx_word' id='word_1_905' title='bbox 3385 5284 3526 5323; x_wconf 85' lang='lat' dir='ltr'><strong>com-</strong></span> 
     </span>
    </p>
   </div>
   <div class='ocr_carea' id='block_1_116' title="bbox 1938 5360 3520 5447">
    <p class='ocr_par' dir='ltr' id='par_1_116' title="bbox 1938 5360 3520 5447">
     <span class='ocr_line' id='line_1_117' title="bbox 1938 5360 3520 5447; baseline -0.01 -18"><span class='ocrx_word' id='word_1_906' title='bbox 1938 5374 2130 5447; x_wconf 82' lang='lat' dir='ltr'><strong>placui,</strong></span> <span class='ocrx_word' id='word_1_907' title='bbox 2163 5374 2330 5444; x_wconf 83' lang='lat' dir='ltr'><strong>ipsum</strong></span> <span class='ocrx_word' id='word_1_908' title='bbox 2363 5369 2534 5424; x_wconf 86' lang='lat' dir='ltr'><strong>audite</strong></span> <span class='ocrx_word' id='word_1_909' title='bbox 2562 5365 2774 5440; x_wconf 79' lang='lat' dir='ltr'><strong>(Matth.</strong></span> <span class='ocrx_word' id='word_1_910' title='bbox 2804 5380 2859 5420; x_wconf 93' lang='grc' dir='ltr'><strong>ιιι</strong></span> <span class='ocrx_word' id='word_1_911' title='bbox 2891 5374 2936 5416; x_wconf 87' lang='lat' dir='ltr'><strong>et</strong></span> <span class='ocrx_word' id='word_1_912' title='bbox 2964 5362 3127 5434; x_wconf 84' lang='lat' dir='ltr'><strong>xvn),</strong></span> <span class='ocrx_word' id='word_1_913' title='bbox 3158 5371 3211 5416; x_wconf 91' lang='lat' dir='ltr'><strong>et</strong></span> <span class='ocrx_word' id='word_1_914' title='bbox 3230 5360 3347 5415; x_wconf 90' lang='lat' dir='ltr'><strong>sine</strong></span> <span class='ocrx_word' id='word_1_915' title='bbox 3373 5361 3520 5416; x_wconf 82' lang='lat' dir='ltr'><strong>veri-</strong></span> 
     </span>
    </p>
   </div>
   <div class='ocr_carea' id='block_1_117' title="bbox 1936 5451 3529 5535">
    <p class='ocr_par' dir='ltr' id='par_1_117' title="bbox 1936 5451 3529 5535">
     <span class='ocr_line' id='line_1_118' title="bbox 1936 5451 3529 5535; baseline -0.016 -8"><span class='ocrx_word' id='word_1_916' title='bbox 1936 5478 2045 5527; x_wconf 87' lang='lat' dir='ltr'><strong>tate</strong></span> <span class='ocrx_word' id='word_1_917' title='bbox 2066 5469 2241 5524; x_wconf 86' lang='lat' dir='ltr'><strong>carnis</strong></span> <span class='ocrx_word' id='word_1_918' title='bbox 2256 5481 2361 5521; x_wconf 90' lang='lat' dir='ltr'><strong>non</strong></span> <span class='ocrx_word' id='word_1_919' title='bbox 2380 5468 2769 5535; x_wconf 79' lang='lat' dir='ltr'><strong>protesmretur</strong></span> <span class='ocrx_word' id='word_1_920' title='bbox 2788 5458 3023 5514; x_wconf 83' lang='lat' dir='ltr'><strong>Joannes</strong></span> <span class='ocrx_word' id='word_1_921' title='bbox 3043 5472 3057 5511; x_wconf 90' lang='lat'><strong>:</strong></span> <span class='ocrx_word' id='word_1_922' title='bbox 3088 5455 3223 5510; x_wconf 83' lang='lat' dir='ltr'><strong>Ecce</strong></span> <span class='ocrx_word' id='word_1_923' title='bbox 3242 5469 3408 5523; x_wconf 86' lang='lat' dir='ltr'><strong>agnus</strong></span> <span class='ocrx_word' id='word_1_924' title='bbox 3429 5451 3529 5504; x_wconf 88' lang='lat' dir='ltr'><strong>Dei</strong></span> 
     </span>
    </p>
   </div>
   <div class='ocr_carea' id='block_1_118' title="bbox 1938 5541 3533 5635">
    <p class='ocr_par' dir='ltr' id='par_1_118' title="bbox 1938 5541 3533 5635">
     <span class='ocr_line' id='line_1_119' title="bbox 1938 5541 3533 5635; baseline -0.019 -11"><span class='ocrx_word' id='word_1_925' title='bbox 1938 5581 2050 5625; x_wconf 83' lang='lat' dir='ltr'><strong>ecce</strong></span> <span class='ocrx_word' id='word_1_926' title='bbox 2101 5563 2188 5635; x_wconf 82' lang='lat' dir='ltr'><strong>qui</strong></span> <span class='ocrx_word' id='word_1_927' title='bbox 2229 5559 2361 5617; x_wconf 88' lang='lat' dir='ltr'><strong>tollit</strong></span> <span class='ocrx_word' id='word_1_928' title='bbox 2412 5562 2617 5628; x_wconf 84' lang='lat' dir='ltr'><strong>peccata</strong></span> <span class='ocrx_word' id='word_1_929' title='bbox 2642 5554 2822 5611; x_wconf 81' lang='lat' dir='ltr'><strong>mundi</strong></span> <span class='ocrx_word' id='word_1_930' title='bbox 2871 5550 3080 5626; x_wconf 73' lang='lat' dir='ltr'><strong>(10am,</strong></span> <span class='ocrx_word' id='word_1_931' title='bbox 3115 5547 3184 5620; x_wconf 76' lang='grc' dir='ltr'><strong>ι).</strong></span> <span class='ocrx_word' id='word_1_932' title='bbox 3213 5544 3347 5602; x_wconf 87' lang='lat' dir='ltr'><strong>Siue</strong></span> <span class='ocrx_word' id='word_1_933' title='bbox 3368 5541 3533 5600; x_wconf 75' lang='lat' dir='ltr'><strong>Verbi</strong></span> 
     </span>
    </p>
   </div>
  </div>
