4020 6072
453 153 552 213 187

1275 138 1603 212 EPlS’l‘DLA
1640 141 1778 210 CAll
1809 137 2012 210 PAF)!
2041 139 2138 207 ΑΒ
2175 137 2472 210 ἐειιοειι
2510 141 2912 212 εριεεισιιιια.

3602 158 3706 219 188

449 271 684 344 potentia
707 275 813 330 non
843 267 997 330 licret
1025 259 1401 343 redintegratio
1428 259 1707 337 debilium,
1754 279 1809 326 et
1850 267 2022 324 vivill-
2050 269 2097 331 Α
2125 268 2420 341 eadetnque
2468 277 2694 342 persona
2725 271 2817 337 sit,
2850 269 3234 326 exantitrnent
3279 265 3480 340 tamen,
3513 291 3618 348 qua
3645 271 3708 333 il-

445 367 586 422 catio
612 370 940 422 mortuorum
961 409 974 432 ,
1009 369 1064 422 et
1089 365 1207 420 sine
1244 353 1470 419 veritate
1507 365 1722 430 carnis,
1755 377 1852 418 nec
1876 361 2026 418 cibus

440 458 646 530 jejuno,
674 448 771 515 nec
795 463 1014 516 somnus
1041 461 1185 513 esset
1215 458 1548 514 nec'eSsarius
1567 457 1782 528 fatigate
1809 455 2022 530 (Matth.

445 567 528 618 tv;
552 551 731 619 10am,
765 567 855 614 st;
889 550 1082 614 Mam,
1119 552 1200 613 iv;
1229 548 1414 616 Jaan.,
1445 565 1476 604 x
1526 551 1571 603 ei.
1616 548 1753 621 stv).
1808 548 2023 603 Postre-

445 657 572 710 mo;
633 645 748 699 sine
806 643 1242 713 Verbi'potentin
1308 649 1413 697 non
1470 659 1528 698 se
1578 642 1832 697 Dominus
1881 641 2023 696 Patri

444 725 784 810 proﬁteretur
812 736 1108 805 aequalem,
1162 745 1216 792 et
1255 737 1371 792 sine
1418 738 1642 792 veritate
1692 737 1868 790 carnis
1917 747 2023 791 non

441 829 580 886 idem
603 830 810 886 diceret
838 827 1048 886 Patrem
1096 845 1153 884 se
1198 844 1319 885 esse
1348 830 1629 901 majorem,
1661 835 1778 884 cum
1801 830 2028 885 catholi-

441 939 501 980 ca
560 923 695 980 nues
740 931 1024 996 utrumque
1066 925 1356 995 suscipiat,
1409 935 1693 998 utrumque
1735 923 2019 996 defendat,

441 1017 560 1088 quae
607 1017 903 1072 Secundum
947 1018 1340 1073 confessionem
1392 1019 1531 1074 beati
1579 1019 1720 1074 Petri
1753 1015 2018 1090 apostoli,

439 1119 596 1163 unum
637 1107 896 1164 Christum
923 1109 1020 1165 Dei
1047 1110 1226 1180 ﬁlium,
1271 1124 1317 1166 et
1348 1113 1600 1165 hominem
1627 1112 1782 1166 credit
1810 1123 1855 1166 et
1899 1110 2022 1166 Ver-

441 1203 557 1257 bunt
601 1200 845 1276 (Matth,
882 1205 1012 1274 im).
1042 1204 1302 1272 Quamvis
1332 1205 1508 1274 itaque
1561 1206 1628 1260 ab
1681 1205 1774 1260 ilio
1832 1205 2018 1268 initio,

439 1299 608 1367 quoin
626 1307 781 1352 utero
802 1297 1031 1368 Virginis
1061 1297 1276 1352 Verbum
1303 1294 1640 1369 caro'factum
1664 1309 1736 1355 est
1761 1299 1960 1370 (loau.,
1982 1299 2020 1373 ι)

438 1389 570 1446 nihil
603 1399 852 1460 umquam
886 1391 1024 1445 inter
1054 1397 1337 1462 utramque
1367 1392 1592 1446 l‘ortuatn
1623 1393 1898 1448 divisionis
1923 1401 2021 1448 ex-

440 1484 625 1549 titerit,
645 1489 697 1539 et
723 1499 818 1554 per
842 1485 1016 1539 omnia
1049 1485 1375 1541 incrementa
1405 1489 1683 1557 corporea,
1715 1487 1872 1542 uinus
1896 1490 2020 1556 per-

440 1583 587 1632 sonae
614 1576 808 1632 fuerint
839 1578 999 1632 totius
1025 1580 1279 1648 temporis
1305 1581 1579 1642 actiones;
1605 1591 1664 1636 ea
1696 1581 1807 1649 ipsa
1839 1587 2016 1633 tamen

2130 365 2237 419 lum
2268 365 2426 436 (sicut
2463 365 2655 422 doctor
2684 367 2920 438 gentium
2951 366 3110 438 dixit)
3141 384 3153 420 :
3187 366 3446 424 Excitavit
3473 369 3631 438 Deus,
3662 373 3708 428 et

2130 459 2333 513 donauit
2354 451 2432 514 illi
2463 461 2814 531 nomen,dttod
2831 467 2905 515 est
2933 466 3087 531 super
3112 470 3260 517 omne
3308 477 3488 519 nomen
3509 465 3702 539 (Phil.,

2131 551 2214 622 ιι),
2244 551 2307 606 ad
2337 567 2454 608 eam
2503 547 2847 625 intelligimus
2892 555 3163 624 pertinere
3196 553 3439 622 formam,
3473 567 3592 628 quae
3627 559 3709 614 di-

2131 644 2287 699 tanda
2325 654 2438 700 crat
2485 653 2644 701 tanta:
2668 646 3073 717 glorillea'tionis
3106 659 3416 719 augmento.
3449 650 3505 706 ln
3537 651 3708 710 forma

2127 739 2322 808 quippe
2371 732 2460 794 Dei
2510 741 2732 810 aedoniis
2781 749 2900 796 erat
2933 739 3099 797 Filius
3155 742 3297 797 Patri
3327 743 3347 816 (
3377 743 3562 810 loan.,
3595 761 3628 801 ι
3659 747 3703 820 ιθ

2127 841 2182 885 et
2233 829 2372 886 inter
2416 834 2714 903 genitorem
2769 842 2929 903 atque
2960 835 3288 906 unigenitum
3321 837 3462 892 nulla
3493 850 3610 895 erat
3652 842 3704 896 in

2126 918 2359 978 essentia
2401 922 2846 986 discretio,nulla
2871 926 2922 978 in
2948 923 3230 995 majestate
3253 927 3572 984 diva-sitas:
3607 931 3708 988 nec

2127 1029 2220 1084 per
2238 1013 2626 1070 incarnationis
2641 1015 2953 1086 mysterium
2980 1014 3176 1088 aliquid
3196 1019 3703 1091 debesseratVerbo,

2125 1104 2266 1175 quod
2320 1107 2368 1160 ei
2426 1106 2598 1161 Patris
2636 1120 2860 1164 munere
2911 1110 3246 1166 redderetur.
3307 1113 3501 1167 Forma
3529 1127 3706 1171 autem

2125 1199 2288 1262 servi,
2341 1213 2434 1268 per
2489 1215 2650 1269 quam
2704 1200 3046 1270 impassibilis
3091 1203 3260 1259 deitas
3311 1217 3706 1263 sacramentum

2125 1308 2331 1364 magna;
2359 1294 2571 1363 pietatis
2597 1294 2856 1368 implevit;
2890 1296 3121 1352 humana
3154 1296 3428 1354 humilitas
3455 1309 3556 1368 est,
3589 1315 3708 1372 qua

2126 1388 2177 1440 in
2216 1388 2438 1458 glariam
2493 1388 2688 1443 divina:
2734 1390 3014 1460 pbtestatis
3058 1392 3270 1458 evicta,
3303 1391 3388 1447 est
3426 1393 3478 1448 in
3508 1404 3706 1450 tantam

2126 1481 2407 1547 unitatem,
2438 1481 2506 1537 ab
2544 1483 2662 1552 ipso
2685 1483 2950 1554 conceptu
2979 1481 3236 1555 Virginis,
3267 1486 3483 1542 deitatis
3522 1498 3578 1544 et
3603 1489 3706 1544 hu-

2125 1575 2396 1630 manitatis
2437 1586 2708 1642 conserta;
2739 1585 2797 1632 ut
2829 1588 2930 1634 nec
2977 1581 3095 1636 sine
3135 1575 3352 1636 homine
3379 1575 3575 1650 divina,
3610 1597 3707 1641 nec

437 1677 497 1725 ut
527 1669 598 1724 ita
628 1670 823 1737 dicam,
859 1677 977 1740 ‘qute
1005 1671 1431 1742 inseparabiliter
1477 1671 1613 1727 facta
1664 1679 1820 1737 sont,
1874 1672 2018 1727 nulla
2048 1665 2097 1725 B
2124 1663 2241 1724 sine
2292 1670 2399 1725 Deo
2452 1667 2740 1741 agerentur
2795 1672 3047 1728 ltulnana.
3083 1667 3312 1745 Propter
3355 1677 3517 1745 quod,
3569 1677 3709 1734 sicut

435 1761 795 1834 permittlone
822 1765 1228 1832 cnnl‘unditnus,
1262 1766 1356 1821 sed
1384 1765 1508 1835 quid
1545 1767 1800 1837 cujusque
1831 1766 2020 1821 formae

435 1857 525 1920 sit,
571 1846 637 1911 ex
677 1871 901 1926 cperunt
930 1859 1187 1929 qualitate
1230 1861 1513 1914 sentimus.
1548 1859 1736 1914 Dicant
1775 1874 1904 1931 ergo
1933 1861 2020 1914 isti

434 1950 752 2022 hypocrita,
801 1951 890 2020 qui
941 1953 1098 2007 ciccis
1149 1953 1415 2007 mentibus
1449 1953 1627 2007 lumen
1658 1953 1846 2008 nbiunt
1877 1953 2018 2008 reci-

433 2055 562 2114 pere
592 2044 858 2110 veritatis,
909 2046 962 2099 in
1011 2051 1113 2116 'qua
1153 2044 1318 2101 forma
1358 2047 1533 2102 crucis
1572 2048 1718 2118 ligno
1760 2047 2019 2103 Dominus

435 2138 731 2206 maiestatis
774 2137 1020 2193 ChriStus
1063 2138 1252 2194 allixus
1292 2127 1383 2202 sit,
1417 2139 1541 2210 quid
1568 2139 1794 2209 jacuerit
1828 2141 1878 2194 in
1926 2155 2017 2195 sea

434 2233 681 2305 pttl‘chro',
711 2235 1024 2290 etrevolttto
1047 2234 1222 2305 lapide
1250 2233 1600 2300 monumenti,
1628 2237 1916 2306 quieter-tia
1932 2236 2020 2292 die‘

433 2327 560 2382 caro"
607 2327 999 2391 reSurrcxerit,
1055 2338 1108 2383 et
1158 2329 1208 2382 in
1256 2343 1357 2399 qua
1406 2337 1524 2398 post
1571 2323 2016 2384 lesurrectionem

431 2420 584 2474 suam
612 2425 717 2472 non
741 2418 1025 2474 credentes
1055 2420 1313 2490 quosdam
1347 2419 1640 2491 discipulos
1667 2421 1938 2492 arguebat,
1965 2429 2021 2476 et

432 2499 824 2565 haesitationem
858 2514 1220 2568 cunctantium
1265 2502 1594 2579 confutabat,
1619 2529 1742 2570 cum
1767 2514 1970 2571 diceret
2000 2531 2014 2567 :

431 2602 653 2674 Palpate
681 2615 726 2658 et
755 2605 935 2671 videte,
966 2608 1084 2673 quia
1106 2607 1316 2676 spiritus
1337 2623 1549 2674 carnem
1580 2618 1625 2662 et
1649 2621 1763 2662 assa
1785 2615 1886 2662 non
1925 2608 2018 2662 Ita-

431 2697 528 2761 bet,
587 2699 719 2752 sicut
771 2715 850 2753 me
901 2700 1080 2754 videtis
1128 2701 1310 2755 habere
1362 2700 1566 2774 (Joan.,
1624 2709 1734 2764 nx;
1797 2700 2012 2764 ΜαιιΙι..

429 2791 645 2864 xxvm);
679 2800 732 2848 et
774 2796 1019 2864 apostolo
1045 2793 1268 2849 Thomas
1303 2813 1316 2848 :
1366 2793 1516 2866 Infer
1562 2801 1767 2848 manuni
1799 2805 1935 2848 tuam
1962 2795 2016 2848 in

430 2887 563 2942 latus
605 2899 790 2953 meum,
827 2889 873 2941 ei
913 2889 1026 2944 vide
1054 2903 1236 2943 ntauus
1263 2893 1398 2943 metu
1429 2893 1473 2942 et
1500 2889 1682 2960 pedes,
1713 2899 1758 2942 et
1781 2888 1886 2942 noli
1909 2895 2017 2942 esse

430 2979 766 3047 incredulus,
819 2982 908 3036 sed
952 2982 1118 3050 ﬁdelis
1181 2981 1364 3055 (Lua,
1425 2989 1581 3048 xxiv;
1635 2980 1835 3047 10am,
1889 2979 2012 3054 xx);

2125 1763 2382 1817 Dominus
2401 1763 2698 1834 majestatis
2719 1761 2914 1820 dicitur
2937 1763 3248 1834 cruciﬁxus,
3270 1769 3339 1822 ita
3357 1771 3446 1840 qui
3468 1785 3532 1825 ex
3560 1786 3704 1826 sem-

2124 1855 2433 1925 piternitate
2479 1857 2701 1927 a-qualis
2730 1856 2814 1913 est
2857 1859 2987 1926 Deo,
3031 1858 3226 1915 dicitur
3250 1859 3517 1916 exultatus
3546 1881 3559 1916 :
3584 1865 3707 1933 quia

2123 1949 2554 2018 inseparabiliter
2584 1950 2836 2006 manente
2867 1952 3070 2007 unitate
3102 1967 3365 2022 personae,
3387 1969 3522 2009 unus
3547 1965 3709 2026 atque

2122 2039 2262 2095 idem
2277 2051 2421 2096 estet
2443 2048 2584 2096 totus
2598 2041 2829 2098 hominis
2847 2043 3012 2100 Filius
3026 2054 3244 2116 propter
3256 2059 3471 2115 carnem
3491 2057 3541 2103 et
3566 2057 3706 2103 totus

2123 2131 2216 2186 Dei
2244 2132 2411 2188 Filius
2439 2137 2660 2206 propter
2689 2149 2849 2192 unam
2877 2151 2998 2192 cum
3027 2137 3186 2193 Patre
3233 2139 3509 2195 deitatem.
3542 2134 3706 2209 Quid-

2121 2228 2246 2297 quid
2273 2243 2404 2300 ergo
2442 2231 2493 2284 in
2547 2227 2790 2302 tempore
2817 2228 3025 2302 accepit
3078 2230 3356 2300 Christus,
3405 2235 3704 2291 secundum

2121 2321 2392 2378 hominem
2420 2326 2665 2395 accepit,
2700 2326 2820 2392 cui,
2854 2339 2975 2396 qua:
3017 2339 3123 2381 non
3155 2327 3366 2393 habuit,
3396 2323 3708 2384 conferren-

2122 2426 2226 2470 tur.
2282 2415 2414 2470 Nam
2464 2417 2760 2473 sebundum
2805 2419 3097 2488 potentiam
3153 2419 3464 2487 divinitatis,
3497 2413 3706 2476 inditl‘eo

2119 2517 2302 2565 renter
2356 2511 2556 2578 omnia,
2602 2525 2722 2583 quae
2775 2513 2937 2570 habet
2990 2513 3167 2577 Pater,
3214 2517 3374 2570 etiam
3433 2514 3591 2571 habet
3618 2515 3708 2570 Fl-

2119 2602 2222 2657 lius
2277 2603 2509 2672 (Joau.,
2544 2605 2598 2676 ν)
2657 2625 2670 2661 :
2719 2615 2775 2663 et
2813 2621 2934 2677 quae
2973 2609 3024 2663 in
3066 2607 3236 2662 forma
3265 2607 3405 2664 servi
3460 2623 3488 2662 a
3547 2608 3708 2664 Patre

2119 2698 2346 2779 accepit,
2380 2699 2568 2754 eadem
2601 2700 2652 2754 in
2682 2700 2853 2756 i'ortna
2882 2701 2974 2756 Dei
3003 2702 3165 2758 etiam
3195 2703 3309 2772 ipse
3335 2702 3572 2757 donavit.
3605 2703 3704 2759 Se-

2119 2791 2352 2846 cundum
2388 2793 2478 2852 Dei
2519 2795 2662 2849 enim
2710 2796 2966 2862 formam,-
2999 2798 3106 2866 ipse
3129 2801 3179 2850 et
3206 2793 3365 2848 Pater
3393 2802 3552 2849 unum
3587 2801 3708 2852 sunt

2119 2882 2340 2953 (10am,
2397 2885 2513 2958 x);
2569 2889 2863 2944 secundum
2919 2888 3142 2942 formam
3188 2887 3365 2941 autem
3407 2887 3568 2952 s‘ervi,
3602 2895 3706 2942 noti

2120 2979 2253 3032 venit
2282 2983 2452 3050 facere
2479 2981 2792 3036 uoluntatem
2836 2995 3004 3048 suam,
3037 2970 3124 3036 sed
3152 2983 3457 3036 voluntatem
3487 2983 3598 3051 eius
3617 2983 3707 3052 qui

429 3075 532 3143 qua
557 3067 737 3144 utique
760 3073 1190 3130 inanilestatiOne
1211 3075 1450 3145 corporis
1473 3075 1578 3137 sui,
1603 3073 1710 3144 jam
1737 3073 2014 3128 lucretico-
2040 3056 2088 3121 C
2121 3072 2256 3126 misit
2302 3083 2415 3127 eum
2461 3073 2658 3146 (Joan.
2685 3118 2699 3141 ,
2729 3087 2811 3141 tv,
2857 3092 2915 3142 v,
2946 3089 2998 3130 vr
3029 3075 3070 3148 ).
3121 3074 3427 3131 Secundum
3479 3075 3706 3130 formam

429 3177 547 3222 rum
607 3168 880 3224 Mendacia
939 3165 1285 3236 destruebat,
1355 3169 1410 3224 ut
1479 3169 1731 3224 universa
1776 3167 2012 3222 Ecclesia

429 3260 626 3316 Christi
657 3262 955 3318 innovanda
989 3271 1015 3300 ἰ
1043 3263 1339 3330 doctrinis,-
1371 3263 1473 3317 hoc
1493 3262 1592 3317 sibi
1620 3271 1726 3316 non
1749 3256 2016 3314 dubitaret

429 3353 775 3416 credendum,
801 3356 941 3425 quod
966 3358 1190 3427 apbstoli
1217 3357 1564 3425 susceperant
1591 3352 2008 3425 prtedicandum.

500 3448 567 3504 V.
598 3452 665 3504 At
693 3451 736 3504 si
767 3439 819 3504 in
867 3457 1012 3504 tanta
1056 3451 1176 3506 luce
1212 3451 1451 3504 veritatis
1481 3447 1730 3503 tenebras
1753 3453 1879 3502 s‘uas
1903 3446 2014 3500 hae-

429 3544 596 3599 retica
643 3543 928 3598 obduratio
956 3557 1060 3598 non
1092 3544 1363 3612 relinquit,
1399 3541 1685 3596 ostendant
1747 3541 1886 3596 unde
1913 3540 2013 3595 sibi

430 3643 578 3709 spem
625 3639 747 3694 vitae
789 3625 1142 3709 polliceantur
1183 3643 1418 3700 aeternae,
1473 3635 1537 3691 ad
1583 3643 1742 3706 quam
1787 3634 1886 3688 nisi
1923 3649 2016 3704 per

432 3731 758 3786 mediatorem
779 3731 872 3785 Dei
899 3739 947 3784 et
975 3732 1236 3785 hominum
1255 3730 1297 3802 (Ι
1322 3729 1482 3795 Tim.,
1516 3728 1612 3798 tv),
1634 3728 1900 3782 hominem
1925 3727 2015 3782 Je-

431 3839 550 3879 sutn
581 3823 875 3890 Christum,
909 3840 1014 3879 non
1046 3819 1222 3894 polest
1253 3823 1542 3893 perveniri.
1570 3825 1719 3880 Sicut
1759 3825 1900 3878 enim
1941 3824 2018 3878 ait

434 3919 624 3976 beatus
648 3919 841 3974 Petrus
867 3921 1142 3989 apostolus
1178 3936 1191 3974 :
1221 3917 1342 3973 Non
1362 3928 1435 3972 est
1465 3919 1610 3972 aliud
1637 3933 1818 3974 nomen
1839 3919 2016 3972 datum

434 4011 719 4066 hominibus
763 4010 856 4066 sub
884 4011 1030 4078 caelo,
1061 4013 1113 4064 in
1155 4025 1254 4080 quo
1302 4019 1530 4080 oporteat
1562 4025 1652 4064 nos
1694 4009 1862 4064 salvos
1901 4009 2017 4076 ﬁeri

437 4107 596 4177 (Act.,
627 4107 704 4178 tv)
735 4123 750 4170 ;
802 4122 900 4162 nec
928 4118 1009 4162 est
1038 4105 1338 4176 redemptio
1380 4103 1700 4173 captivitatis
1746 4103 2014 4171 humanae,

434 4202 535 4256 nisi
558 4202 612 4255 in
636 4202 894 4270 sanguine
921 4201 1054 4270 ejus,
1075 4201 1161 4271 qui
1191 4199 1330 4254 dedit
1358 4201 1684 4267 semetipsum
1710 4199 2015 4268 redemptio-

433 4309 547 4348 nem
587 4310 679 4364 pro
722 4293 972 4356 omnibus,
1013 4300 1067 4347 et
1093 4293 1200 4361 qui,
1256 4292 1393 4345 sicut
1429 4292 1685 4362 praedicat
1723 4291 2014 4361 Apostolus

2118 3164 2236 3231 Del,
2269 3166 2400 3220 sicut
2434 3159 2594 3221 Pater
2637 3165 2785 3222 habet
2809 3167 2961 3222 vitain
2992 3170 3044 3222 iii
3071 3170 3366 3238 semetipso,
3397 3169 3472 3222 sic
3499 3170 3638 3222 dedit
3658 3175 3706 3222 et

2118 3256 2258 3312 Filio
2285 3259 2438 3313 tritam
2468 3257 2651 3315 habere
2679 3263 2730 3315 iit
2757 3263 3020 3332 semetipso
3047 3253 3248 3333 (Joan'.,
3285 3261 3376 3333 v);
3409 3261 3703 3316 secundum

2116 3349 2344 3408 formam
2373 3355 2513 3408 servi
2534 3397 2546 3418 ,
2575 3347 2760 3409 Tristis
2787 3359 2861 3409 est
2885 3355 3055 3408 anima
3081 3355 3192 3420 eius
3219 3365 3372 3425 usque
3399 3354 3467 3407 ad
3497 3361 3707 3408 mortem

2119 3442 2359 3516 (Matth,
2381 3447 2550 3518 xxvi).
2583 3446 2648 3501 Et
2670 3446 2810 3502 ident
2842 3447 2956 3517 ipse
2972 3456 3072 3512 est,
3102 3448 3237 3501 sicitt
3255 3447 3546 3516 Apostolus
3565 3457 3704 3516 prte-

2117 3537 2280 3606 dicat,
2303 3549 2349 3594 et
2379 3542 2515 3596 dives
2527 3551 2573 3595 et
2597 3549 2792 3612 pauper
2812 3541 2874 3612 (ll
2891 3541 3033 3607 Con,
3053 3541 3189 3612 vni).
3209 3539 3381 3607 Dives,
3404 3543 3526 3611 quia
3545 3555 3706 3595 evan-

2117 3630 2303 3701 gelista
2332 3631 2546 3688 dicente
2579 3649 2592 3685 :
2625 3632 2689 3687 In
2716 3633 2966 3702 principio
2990 3643 3096 3687 erat
3146 3631 3381 3698 Verbum,
3406 3643 3450 3685 et
3487 3630 3708 3688 Verbum

2119 3725 2376 3794 eratapud
2403 3723 2589 3790 Deum,
2618 3735 2666 3779 et
2682 3723 2823 3780 Deus
2843 3725 2951 3781 erat
2983 3723 3342 3780 Verbum:lwc
3365 3734 3470 3779 erat
3487 3726 3540 3778 in
3565 3727 3708 3794 prin-

2119 3821 2252 3891 cipio
2273 3821 2414 3891 apud
2445 3820 2627 3876 Deum.
2659 3820 2846 3875 Omnia
2871 3836 2960 3892 per
2988 3821 3155 3890 ipsum
3177 3815 3316 3891 facta
3343 3829 3458 3874 sunt
3479 3859 3495 3887 ,
3528 3829 3573 3874 et
3601 3819 3710 3874 sine

2118 3917 2229 3986 ipsa
2258 3916 2449 3985 factum
2478 3925 2552 3970 est
2582 3915 2713 3969 nihil
2751 3913 2958 3984 (leam,
3005 3914 3069 3984 ι).
3123 3913 3331 3984 Pauper
3377 3925 3526 3977 vero,
3581 3913 3706 3982 quia

2120 4019 2339 4080 propter
2365 4022 2462 4063 nos
2500 4006 2718 4063 Verbum
2755 4023 2874 4062 caro
2922 4011 3117 4079 factum
3147 4015 3240 4074 est,
3288 4015 3337 4061 et
3383 4005 3626 4059 habitavit
3653 4007 3709 4060 in

2121 4103 2264 4158 nobis
2281 4099 2547 4174 (lbident).
2563 4102 2694 4169 Quae
2717 4111 2900 4157 autem
2930 4110 3010 4156 est
3037 4101 3332 4156 exinanitio
3355 4100 3494 4170 ejus,
3521 4113 3707 4169 qumve

2122 4210 2429 4268 paupertas,
2465 4198 2566 4252 nisi
2605 4197 2790 4252 forma:
2844 4195 3060 4252 servilis
3095 4196 3356 4266 acceptio,
3394 4210 3491 4266 per
3520 4209 3703 4265 quam,

2122 4293 2284 4349 Verbi
2309 4293 2589 4362 majestate
2617 4291 2813 4354 velata,
2835 4289 3168 4360 dispensatio
3187 4289 3435 4345 humanae
3456 4290 3707 4360 redemp-

435 4387 479 4459 (l
499 4385 658 4452 Tim.,
684 4402 719 4440 ll
747 4402 762 4446 :
793 4385 962 4452 PhiL,
987 4388 1046 4451 tt)
1069 4427 1083 4449 .
1131 4401 1246 4439 cum
1286 4386 1340 4439 in
1375 4389 1541 4455 {arma
1596 4385 1692 4439 Dei
1735 4396 1886 4449 esset,
1917 4400 2020 4438 non
2043 4455 2080 4459 _
2123 4388 2284 4444 tionis
2325 4389 2541 4457 impleta
2573 4386 2700 4442 est?
2726 4385 2860 4440 Nam
2893 4387 3014 4456 quia
3041 4385 3365 4456 captivitatis
3393 4395 3592 4440 nostrae
3619 4399 3708 4441 re-

432 4455 671 4550 rapinam
695 4479 974 4532 arbitratus
1000 4487 1074 4532 est
1100 4494 1205 4532 esse
1226 4495 1280 4533 se
1303 4479 1549 4550 wqualeut
1578 4477 1706 4542 Deo,
1727 4479 1814 4532 sed
1835 4486 2018 4533 semet-
2040 4455 2096 4516 D
2121 4482 2259 4535 solvi
2290 4455 2570 4550 originalia
2618 4477 2832 4533 vincula
2865 4455 2974 4534 non
3019 4455 3287 4550 poterant,
3317 4478 3420 4534 nisi
3450 4477 3707 4534 existeret

435 4573 603 4640 ipsum
633 4573 930 4638 exinanivit,
970 4576 1188 4642 formam
1218 4571 1347 4625 servi
1395 4573 1670 4640 accipiens,
1698 4572 1752 4625 in
1778 4571 2018 4625 similitu-
2119 4576 2282 4632 homo
2313 4575 2482 4630 nostri
2523 4574 2739 4644 generis
2783 4579 3090 4643 nostraeque
3117 4582 3340 4638 naturae,
3375 4587 3531 4643 quem
3579 4583 3708 4642 pec-

436 4668 604 4721 dinem
641 4668 828 4737 factus,
857 4677 903 4719 et
936 4666 1108 4720 habitu
1153 4667 1384 4721 inventus
1434 4676 1486 4720 ut
1530 4666 1701 4730 homo,
1733 4664 2018 4720 ltumiliavit
2119 4671 2223 4724 cati
2258 4667 2565 4739 prajudicia
2597 4682 2702 4721 non
2733 4673 2999 4727 tenerent,
3026 4676 3078 4720 et
3105 4667 3194 4737 qui
3218 4665 3557 4720 immaculato
3577 4677 3704 4718 san-

435 4759 780 4828 semetipsum,
808 4760 972 4830 factus
1017 4760 1248 4815 obediens
1299 4759 1448 4814 Patri
1478 4777 1633 4833 usque
1685 4762 1754 4816 ad
1781 4771 2014 4825 mortem,

436 4858 649 4904 mortem
684 4861 850 4907 autem
892 4853 1055 4908 crucis
1077 4870 1096 4908 :
1118 4865 1326 4925 propter
1354 4857 1489 4926 quod
1534 4867 1579 4910 et
1616 4855 1752 4910 Deus
1779 4855 2020 4910 exaltabit

435 4947 584 5001 illum
609 4955 658 4999 et
683 4947 886 5002 donavit
928 4949 1008 5004 illi
1045 4945 1246 5016 nomen',
1292 4953 1425 5024 quod
1455 4962 1525 5008 est
1554 4967 1704 5019 super
1738 4965 1884 5004 omne
1917 4965 2014 5003 no-

437 5057 571 5108 men,
601 5041 724 5094 utin
747 5044 949 5097 nomine
968 5042 1095 5098 Jesu
1121 5062 1266 5101 onme
1287 5063 1417 5118 genu
1441 5048 1693 5116 ﬂectatur,
1714 5045 2014 5110 calestium,

437 5135 772 5203 terrestrium,
813 5145 861 5191 et
889 5139 1202 5209 infernarum
1221 5183 1235 5208 ,
1265 5151 1312 5194 et
1357 5141 1520 5193 omnis
1565 5140 1742 5211 lingua
1771 5139 2014 5207 conﬁtea-

433 5239 516 5282 tur
543 5230 663 5296 quia
681 5228 927 5287 Dominus
946 5231 1069 5289 Jesu
1099 5232 1330 5289 Christus
1344 5235 1393 5286 in
1411 5234 1574 5304 gloria
1599 5242 1670 5288 est
1699 5233 1794 5287 Dei
1818 5232 2012 5288 Pairis.

432 5320 564 5379 Cum
595 5339 723 5395 ergo
749 5341 884 5381 unus
911 5328 979 5383 sit
1031 5330 1285 5384 Dominus
1314 5327 1470 5384 .Iesus
1495 5326 1763 5395 Christus,
1793 5335 1847 5383 et
1877 5340 2017 5382 verte

431 5418 666 5489 deitatis,
719 5435 967 5494 veraeque
1024 5421 1368 5479 immanitatis
1415 5421 1466 5476 in
1504 5421 1621 5492 ipso
1654 5437 1760 5477 una
1794 5439 2015 5492 prorsus

2120 4762 2280 4834 guine
2335 4775 2432 4816 suo
2461 4759 2875 4831 chirographum
2928 4759 3125 4816 letbale
3171 4760 3421 4826 dilueret,
3471 4761 3606 4814 sicut
3635 4756 3705 4812 ab

2122 4857 2273 4913 initio
2302 4865 2417 4912 erat
2442 4855 2697 4910 divinitus
2729 4852 3166 4925 praeordinatum,
3192 4855 3260 4908 ita
3282 4862 3364 4908 est
3393 4851 3444 4907 in
3470 4851 3704 4922 plenitu-

2121 4949 2246 5006 dine
2273 4946 2530 5018 temporis
2551 4947 2868 5018 perlectum,
2901 4957 2961 5002 ut
2988 4946 3169 5002 multis
3200 4946 3373 5000 modis
3403 4945 3699 5016 signiﬁcata

2122 5042 2406 5114 promissio
2456 5042 2506 5096 in
2535 5042 2626 5096 diu
2669 5049 3008 5111 expectatum
3056 5041 3262 5095 veniret
3289 5037 3536 5094 effectum
3565 5055 3579 5094 :
3607 5054 3705 5096 nec

2123 5147 2304 5210 posset
2328 5150 2449 5192 esse
2476 5135 2802 5205 ambiguum,
2833 5133 2975 5205 quod
3015 5134 3274 5190 continuit
3316 5131 3704 5189 testiﬁcationi-

2119 5239 2218 5294 bus
2250 5248 2464 5304 semper
2512 5231 2685 5288 fuerat
2735 5232 3058 5286 nuntiatum.
3089 5229 3146 5286 ιιι
3191 5245 3386 5302 magno
3410 5240 3590 5286 autem
3616 5243 3702 5284 sa-

2121 5327 2343 5399 crilegio
2368 5341 2426 5381 se
2451 5326 2654 5380 versari
2686 5323 3064 5380 haereticorum
3094 5322 3405 5380 manifestat
3435 5324 3701 5393 impietas,

2121 5439 2244 5479 cum
2300 5419 2398 5475 sub
2449 5417 2630 5490 specie
2677 5415 2974 5473 divinitatis
3025 5415 3406 5473 honorando:b
3456 5415 3705 5472 humanae

1667 5557 2045 5621 LECTIONES
2080 5555 2490 5620 YARIANTES.

412 5735 418 5740 λ
482 5675 506 5702 ⁸
538 5673 824 5733 Imbuenda
848 5678 992 5732 Labb.

2117 5682 2141 5741 te
2181 5673 2375 5740 1’μέιιιιι
2396 5673 2616 5737 speciem
2637 5670 2836 5725 deitatis
2857 5671 3137 5726 honorando
3159 5667 3303 5723 Labb.
