4020 6072
478 207 570 266 191
1384 214 1473 272 DE
1510 213 1961 273 COMMODIANO
1998 215 2053 273 G.

2163 216 2268 286 EO,
2308 215 2585 276 ORIGINE
2611 216 2813 276 AFRO.

3629 215 3736 277 19Ξ

469 325 780 384 voluntaria
823 330 1146 401 paupertatis
1173 343 1410 384 amorem
1442 330 1640 399 optime
1687 341 2036 402 prosccutus.
2068 335 2114 393 A
2143 332 2446 389 christiana:
2475 350 2696 402 expers,
2729 333 2959 390 ethnicae
2985 348 3115 390 vero
3143 335 3511 406 superstitioni
3552 336 3728 393 adhuc

472 417 809 474 studentibus
853 421 1133 475 inculcavit
1168 440 1212 474 ι.
1259 421 1384 476 llaec
1429 421 1780 478 Gennadius:
1829 439 1894 480 ex
1937 439 2045 492 quo

468 511 692 580 paucula
735 511 998 568 Honorius
1026 528 1237 584 quoque
1265 515 1765 585 Auguswduneusis
1793 516 1895 588 (l).
1939 517 2045 574 Sed

469 611 594 671 post
624 605 1002 659 massiliensem
1037 607 1404 679 presbyterum
1436 609 1676 665 meminit
1703 611 1861 665 etiam
1883 610 2044 666 Com-

471 694 702 750 modiaui
729 695 973 752 Gelasius
997 713 1251 755 romanus
1279 701 1546 770 pontifex,
1576 703 1718 758 illius
1745 718 1880 775 opus
1905 705 2046 762 inter

470 789 796 858 aprocrypha
824 791 877 844 in
905 804 1003 845 suo
1030 791 1253 848 decreto
1279 810 1590 851 recensens.

539 878 728 934 Auctor
751 880 991 937 Gazwum
1014 901 1066 938 se
1090 887 1348 952 nominat,
1371 904 1462 942 cur
1486 903 1599 942 vero
1614 888 1639 942 ?
1657 918 1727 928 —
1742 887 1900 959 Cujus
1919 907 2047 949 vero

466 972 624 1030 fuerit
647 975 732 1031 hic
761 987 964 1044 auctor,
996 980 1150 1050 plane
1179 982 1598 1053 incompertum,
1643 985 1940 1041 tacentibus
1977 987 2047 1044 de

465 1068 634 1136 patria
665 1069 781 1137 ejus
810 1071 1043 1142 antiquis
1072 1073 1442 1144 scriptoribus.
1473 1075 1721 1130 Nonnulli
1751 1091 1871 1132 eum
1903 1077 2047 1136 Italis

465 1176 528 1216 ac
557 1161 810 1218 Romanis
835 1165 1128 1220 ascribunt.
1152 1166 1250 1234 Qui
1277 1181 1398 1222 eum
1423 1167 1607 1222 Afrum
1636 1168 1800 1226 fuisse
1827 1181 2043 1240 putant,

465 1254 824 1324 conjecturam
853 1256 1109 1313 adhibent
1138 1274 1242 1314 non
1274 1261 1428 1330 plane
1453 1263 1921 1320 contemnendam.
1947 1262 2048 1319 Ga-

471 1361 632 1401 zazum
669 1347 879 1416 quidem
922 1365 980 1404 se
1022 1351 1196 1421 ipsum
1239 1364 1393 1408 vocat
1435 1353 1511 1426 (Ξ)
1541 1372 1554 1408 :
1585 1365 1760 1410 utrum
1798 1366 1976 1411 autem
2016 1372 2048 1412 a

465 1438 605 1496 Gaza
649 1441 943 1498 Palaestinae
987 1445 1151 1509 urbe,
1194 1447 1313 1516 quis
1354 1455 1468 1503 tuto
1511 1449 1844 1507 adfirmavit?
1886 1452 2048 1524 Atqui

463 1547 593 1588 vero
620 1536 836 1603 propius
862 1536 1084 1593 eruditis
1109 1539 1320 1594 videtur
1344 1539 1447 1613 (5),
1479 1542 1648 1612 ipsqu
1675 1553 1953 1614 prepterea
1978 1544 2048 1600 ita

466 1640 525 1682 se
550 1628 886 1699 appellasse,
919 1631 1059 1700 quod
1090 1631 1142 1687 in
1173 1632 1585 1690 Christianorum
1617 1647 1813 1692 castum
1844 1637 2047 1693 admis-

2146 428 2389 484 addictus
2411 437 2554 484 esset
2571 427 3006 496 Commodianus,
3035 439 3088 486 et
3115 430 3168 485 in
3199 429 3436 486 tenebris
3463 432 3725 502 supersti-

2148 521 2396 576 tiosarum
2423 531 2477 576 et
2500 524 2780 593 impiarum
2804 523 3042 592 gentium
3062 532 3390 590 versaretur,
3422 523 3513 580 Dei
3538 540 3726 584 mune-

2145 631 2204 672 re
2223 616 2445 682 accidit,
2475 625 2533 671 ut
2555 618 2720 673 sacris
2743 617 2939 672 litteris
2959 616 3272 673 evolvendis
3295 616 3612 686 incumbens
3629 661 3642 683 ,
3664 633 3731 675 ex

2145 724 2326 764 earum
2355 711 2586 766 lectione
2612 727 2642 766 e
2669 720 2826 767 nocte
2852 711 2941 767 illa
2963 714 3165 769 sensim
3188 723 3515 784 emergeret,
3537 728 3600 771 ac
3624 729 3736 772 cm-

2147 803 2264 858 lesti
2298 806 2496 860 lumine
2534 805 2906 870 collustratus,
2940 805 3157 862 Christo
3185 821 3378 861 nomen
3418 805 3570 862 daret
3611 805 3730 881 (l):

2147 896 2289 966 quod
2310 898 2526 968 quidem
2553 899 2798 955 evenisse
2821 899 2948 954 item
2975 898 3186 954 Justiuo
3211 899 3460 971 Martyri,
3485 900 3729 966 Tatiauo,

2147 989 2398 1062 aliisque,
2428 1007 2493 1046 ex
2519 1006 2705 1046 eorum
2734 992 3097 1046 monumentis
3125 993 3293 1063 probe
3321 992 3586 1049 novimus.
3619 993 3728 1049 Do-

2147 1083 2320 1139 ctrina
2359 1083 2540 1155 itaque
2569 1085 2786 1140 salutari
2817 1084 3168 1140 conﬁrmatus
3187 1127 3203 1150 ,
3235 1085 3466 1156 ﬁdeique
3495 1086 3612 1142 zelo
3641 1101 3733 1144 ac-

2147 1191 2374 1246 census,
2414 1178 2478 1231 ad
2518 1179 2900 1250 expugnandos
2943 1179 3208 1250 imprimis
3251 1180 3446 1237 divinae
3493 1182 3735 1239 veritatis

2150 1270 2380 1326 hostium
2423 1286 2638 1327 errores
2679 1287 2738 1328 se
2777 1273 3075 1338 convertit,
3123 1288 3452 1345 operamque
3490 1289 3642 1329 suam
3683 1275 3736 1332 in

2149 1363 2456 1419 refellendis
2488 1364 2698 1419 illorum
2725 1365 3005 1420 erroribus
3031 1365 3243 1436 posuit;
3276 1364 3438 1435 lmjus
3465 1365 3626 1436 igitur
3653 1365 3738 1422 in-

2150 1455 2318 1509 stituti
2349 1470 2506 1509 causa
2539 1454 2776 1510 libellum
2806 1455 3125 1526 conscripsit
3153 1453 3256 1509 sub
3298 1455 3484 1512 titulo:
3534 1455 3738 1510 Instru-

2150 1547 2338 1601 ctiones
2355 1547 2598 1601 adversus
2619 1550 2842 1616 gentium
2862 1544 3001 1600 Deos
3024 1563 3118 1614 pro
3141 1547 3421 1601 christiana
3441 1547 3734 1616 disciplina.

2151 1637 2472 1692 Perstrinxit
2512 1639 2567 1692 in
2611 1652 2672 1691 ea
2713 1637 2847 1693 falsa
2882 1638 3120 1709 gentium
3152 1639 3403 1705 numina,
3438 1654 3739 1710 pravosque

463 1735 554 1774 sus
574 1763 590 1787 ,
638 1737 669 1776 e
707 1723 1092 1795 gazophylacio
1113 1769 1128 1790 ,
1158 1742 1252 1782 seu
1283 1726 1542 1784 Ecclesia:
1570 1730 1822 1787 thesauro
1849 1733 2048 1789 victum
2077 1735 2126 1796 B
2152 1731 2348 1798 cultus,
2371 1743 2425 1786 et
2445 1732 2689 1801 quamvis
2716 1731 2913 1802 ingenii
2943 1742 3105 1803 atque
3125 1733 3258 1788 artis
3285 1735 3594 1803 pra:5tantia
3624 1733 3744 1790 heic

464 1815 753 1885 acciperet.
788 1819 955 1885 Quam
988 1819 1203 1890 quidem
1243 1822 1606 1892 conjecturam
1647 1825 1874 1896 ipsemet
1913 1840 2044 1881 con-

463 1906 676 1963 ﬁrmare
700 1923 973 1978 censetur,
1002 1911 1131 1966 dum
1158 1915 1443 1968 mendicum
1471 1915 1657 1970 Christi
1683 1932 1743 1973 se
1770 1918 2044 1985 nominat,

467 2000 543 2056 uti
575 2016 639 2056 ex
669 2001 1038 2058 instructionis
1075 2004 1277 2061 ultima:
1314 2008 1502 2065 litteris
1523 2052 1538 2077 ,
1570 2025 1689 2080 qua:
1731 2026 1920 2068 versus
1965 2011 2047 2067 in—

464 2092 664 2149 choent
687 2137 702 2162 ,
734 2108 880 2151 retro
909 2112 1123 2154 sursum
1156 2101 1426 2172 legendis,
1458 2107 1834 2174 comperimus.

535 2185 660 2257 Afer
685 2189 1018 2244 existimatur.
1048 2190 1176 2246 Utut
1202 2194 1300 2261 sit,
1335 2195 1648 2254 Dodwellus
1672 2197 1856 2254 Afrum
1886 2200 2050 2257 fuisse

464 2280 907 2338 Commodianum
931 2301 1000 2340 ex
1025 2299 1090 2342 eo
1118 2288 1336 2358 conjicit
1360 2289 1442 2361 (4)
1471 2292 1611 2362 quod
1640 2293 1806 2348 multa
1833 2295 1944 2350 suis
1970 2296 2050 2350 in-

464 2374 846 2431 struetionibus
869 2377 1063 2434 habeat
1083 2394 1204 2436 cum
1226 2393 1413 2439 sancto
1433 2385 1701 2457 Cypriano
1723 2389 2050 2444 communia.

466 2465 526 2522 In
549 2468 792 2524 eamdem
818 2483 978 2540 porro
999 2475 1318 2530 sententiam
1344 2479 1624 2546 praeiverat
1651 2480 1905 2552 Rigaltius
1937 2483 2050 2556 (5):

467 2575 577 2631 quo
602 2560 784 2630 judice
804 2604 819 2628 ,
850 2565 1024 2632 stylus
1053 2568 1292 2624 auctoris
1319 2568 1570 2626 africano:
1597 2574 1809 2629 ferociae
1839 2574 2054 2630 rustici-

468 2663 630 2711 tatem
661 2658 833 2728 sapit;
861 2675 980 2730 quae
1013 2672 1188 2718 tamen
1221 2663 1287 2718 ad
1319 2665 1566 2721 acumina
1594 2667 1925 2735 Tertulliani,
1952 2668 2056 2741 Cy-

467 2751 675 2823 priani,
727 2753 940 2810 Minucii
993 2773 1098 2813 non
1151 2756 1517 2829 iufrequenter
1558 2761 1767 2817 alludit.
1819 2763 2056 2820 Suadere

469 2843 688 2915 insuper
713 2846 961 2904 videntur
985 2851 1168 2920 judice
1204 2853 1384 2910 Caveo
1415 2854 1528 2925 (6),
1559 2870 1678 2926 qua:
1707 2869 1932 2928 usurpat
1961 2873 2056 2914 vo-

469 2941 678 3009 cabula,
710 2943 842 3000 afris
869 2945 1220 3017 scriptoribus
1247 2964 1384 3020 pene
1413 2949 1645 3020 propria,
1675 2949 1928 3019 Zabulus,
1959 2953 2056 3009 Za-

469 3048 633 3091 cones
655 3078 671 3104 ,
708 3047 812 3093 etc.

2152 1825 2330 1882 minus
2369 1833 2657 1896 appareat,
2705 1825 2836 1880 satis
2877 1835 3053 1881 tamen
3085 1823 3411 1895 singularem
3443 1827 3736 1882 sanctimo-

2154 1920 2296 1974 niam
2313 1961 2330 1985 ,
2355 1933 2664 1990 verumque,
2693 1932 2794 1974 nec
2818 1918 3125 1974 simulatum
3151 1933 3276 1990 erga
3305 1918 3474 1975 Deum
3500 1933 3740 1976 amorem

2153 2011 2466 2067 declaravit.

2152 2117 2168 2160 ι
2225 2103 2444 2175 Tempus
2471 2104 2765 2174 inquiritur,
2794 2120 2893 2172 quo
2922 2104 3109 2159 claruit
3138 2102 3552 2160 Commodianum
3575 2131 3647 2145 -—
3669 2103 3744 2161 De

2154 2207 2332 2262 aetate,
2363 2213 2468 2268 qua
2494 2200 2688 2255 vixerit
2712 2198 3162 2265 Commodianus,
3189 2197 3384 2255 eruditi
3414 2213 3521 2254 non
3548 2212 3746 2254 conve-

2156 2293 2329 2347 niunt.
2362 2291 2620 2364 Rigaltius
2654 2291 2755 2365 (2),
2789 2292 3042 2362 Dupinius
3071 2293 3175 2364 (5),
3208 2291 3512 2347 Ceillierius
3541 2292 3622 2364 (4)
3651 2292 3749 2348 ﬁo-

2156 2384 2330 2439 ruisse
2358 2397 2481 2438 eum
2516 2391 2702 2452 putant
2731 2383 3068 2438 Constantini
3099 2381 3272 2454 Magni
3312 2382 3559 2452 imperio,
3588 2393 3749 2452 atque

2157 2477 2258 2532 sub
2299 2476 2612 2546 pontiﬁcatu
2651 2477 2824 2532 sancti
2863 2475 3155 2548 Sylvestri,
3202 2477 3356 2544 cuius
3393 2473 3656 2546 pontiﬁcis
3693 2475 3750 2531 in

2157 2567 2370 2637 scriptis
2420 2568 2531 2622 suis
2582 2566 3024 2622 Commodianum
3077 2565 3426 2632 meminisse,
3482 2567 3751 2622 communi

2158 2662 2486 2716 eruditorum
2526 2661 2776 2730 opinione
2821 2660 3011 2716 fertur.
3059 2660 3429 2731 Antiquiorem
3474 2669 3650 2715 tamen
3689 2675 3751 2716 ac

2158 2755 2426 2827 Cypriano
2451 2754 2535 2809 vel
2560 2754 2819 2824 :equalem
2840 2795 2854 2819 ,
2883 2754 2969 2808 vel
2997 2767 3284 2824 supparem
3314 2753 3480 2809 fuisse
3509 2753 3753 2810 Dodwel-

2162 2850 2246 2905 lus
2287 2849 2492 2904 censuit
2531 2849 2645 2920 (5);
2690 2862 2857 2919 quare
2884 2846 3125 2914 Caveus,
3158 2861 3279 2902 cum
3310 2845 3363 2902 in
3395 2847 3562 2916 prima
3592 2845 3752 2901 Com-

2161 2942 2405 2998 mentarii
2448 2941 2530 2995 sui
2568 2939 2638 2995 de
2675 2939 3026 3010 scriptoribus
3065 2938 3446 2994 ecclesiasticis
3486 2937 3748 3003 editione,

2161 3035 2300 3090 inter
2336 3034 2511 3106 quarti
2549 3033 2731 3088 saeculi
2772 3031 3066 3101 scriptores
3091 3029 3534 3086 Commodianum
3565 3044 3754 3085 recen-

549 3127 630 3184 Ex
656 3132 858 3187 ethnica
884 3137 1242 3206 superstitione
1267 3141 1336 3193 αά
1365 3141 1516 3208 ﬁdem
1541 3139 1733 3196 οιινεειε
1756 3158 2057 3210 conm-ws,
2085 3131 2130 3194 C
2163 3126 2389 3192 suisset,
2417 3127 2470 3180 in
2500 3127 2666 3180 altera
2695 3123 2986 3180 Oxnnieusi
3014 3123 3250 3179 editione
3283 3123 3542 3179 Dodwelli
3567 3122 3751 3193 conje-

472 3220 695 3276 libellum
717 3227 1018 3296 composuit.
1038 3226 1412 3286 Instructiones
1427 3233 1668 3288 adversus
1687 3235 1910 3304 gentium
1926 3233 2062 3290 Deos

471 3313 788 3387 inscriptum.
811 3349 883 3361 —
903 3321 1035 3376 Ortu
1059 3333 1110 3378 et
1139 3325 1283 3378 cultu
1312 3323 1480 3381 fuisse
1504 3329 1797 3387 ethnicum.
1825 3329 1956 3382 satis
1981 3330 2062 3384 in-

473 3408 616 3464 dicat
642 3410 756 3481 ipse
780 3427 902 3467 cum
932 3414 983 3468 in
1014 3415 1330 3486 praefatione
1354 3419 1458 3490 (7),
1486 3427 1597 3474 tum
1623 3419 1750 3475 dum
1775 3420 1903 3476 alibi
1926 3435 2057 3492 gen-

474 3501 594 3558 tiles
622 3505 699 3558 sic
728 3504 1019 3576 alloquitur
1049 3505 1129 3580 (8)
1155 3527 1168 3562 :

649 3619 710 3672 Et
733 3635 846 3685 ego,
874 3625 956 3686 qui
977 3637 1174 3688 moneo,
1198 3626 1330 3676 idem
1350 3627 1447 3688 fui,
1475 3628 1674 3677 nescius
1697 3638 1884 3676 errans.

476 3725 606 3782 Inde
635 3727 990 3786 Instructione
1021 3748 1109 3788 LXI
1127 3775 1142 3799 ,
1176 3750 1230 3787 se
1259 3734 1322 3787 de
1350 3734 1526 3788 cloaca
1555 3734 1774 3787 levatum
1811 3733 1942 3788 dicit
1962 3773 1977 3796 ,
2008 3733 2061 3788 id

475 3829 578 3890 est,
622 3821 691 3880 de
721 3829 953 3892 saeculo,
983 3825 1053 3883 de
1083 3827 1408 3884 idololatria.
1443 3827 1574 3883 Cum
1604 3827 1762 3898 igitur
1789 3827 2062 3899 religionis

477 3961 540 4014 ad
561 3963 796 4033 instruct.
818 3979 1006 4028 xxxut,
1025 3962 1148 4018 huic
1160 3963 1439 4019 sententiae
1462 3965 1575 4033 ipse
1594 3979 1698 4016 non
1718 3965 1942 4019 multum
1966 3965 2063 4020 tri-

478 4033 590 4087 buit
623 4032 642 4106 )
680 4035 769 4103 qui
814 4035 1074 4106 Sylvestri
1125 4037 1391 4104 pontiticis
1436 4032 1760 4089 mentionem
1811 4035 1923 4090 fieri
1976 4037 2060 4090 in-

477 4114 654 4159 struct.
681 4121 749 4159 xx
763 4121 877 4170 xm,
899 4122 949 4158 v.
977 4106 1030 4170 5,
1054 4121 1157 4162 non
1187 4107 1478 4165 dubitavit:
1510 4107 1577 4159 ita
1597 4107 1741 4160 ettim
1762 4107 1906 4161 illum
1937 4123 2060 4162 ver-

479 4190 595 4250 sum
639 4176 763 4250 legit
780 4194 796 4250 3
828 4176 1028 4250 Intrate
1056 4179 1266 4233 stabulis
1295 4179 1548 4250 Sylvestri
1573 4178 1642 4232 ad
1668 4194 1894 4250 praesepe
1923 4177 2056 4234 Pas-

479 4248 620 4299 toris.
653 4245 856 4302 tioul‘er
884 4248 1084 4302 Barthii
1118 4245 1406 4305 Adversar.
1437 4266 1558 4312 LIII,
1589 4251 1646 4306 5.

585 4321 600 4390 l_
615 4316 632 4390 _)
664 4316 865 4390 l_lonor.
890 4321 1206 4390 Augustod..
1230 4321 1294 4374 de
1323 4322 1575 4390 Scriptor.
1595 4322 1748 4389 eccl.,
1768 4322 1806 4377 l.
1827 4339 1882 4389 ll,
1903 4339 1952 4378 c.
1971 4324 2059 4379 15.

577 4387 633 4458 ἓ)
664 4386 942 4458 Cotntltod.
956 4386 983 4448 ,⁷
1002 4388 1028 4443 1
1037 4401 1248 4444 nstruct.
1282 4407 1351 4446 Lx
1363 4408 1392 4446 ιι
1403 4386 1458 4446 ι.

577 4457 633 4524 5)
678 4457 918 4514 Gazwum
958 4475 1018 4514 se
1061 4472 1243 4524 vocat,
1291 4480 1393 4516 non
1425 4463 1493 4516 ab
1519 4464 1650 4518 urbe
1678 4465 1884 4532 aliqua,
1923 4465 2063 4522 Gaza

2163 3221 2329 3278 cturis
2357 3230 2533 3276 motus
2557 3222 2611 3275 in
2634 3219 2823 3276 eadem
2849 3235 2972 3274 cum
3003 3220 3118 3291 ipso
3143 3221 3463 3276 sententiam
3492 3219 3639 3274 abiit.
3671 3216 3751 3272 Ad

2167 3327 2404 3384 tempora
2451 3314 2632 3368 smculi
2683 3313 2906 3368 secundi
2957 3314 3255 3384 vergentis,
3307 3314 3420 3369 sive
3466 3311 3753 3368 desinentis

2163 3407 2412 3463 eumdem
2444 3407 2604 3462 refert
2635 3405 2972 3461 Sebastianus
3003 3405 3161 3460 Pauli
3191 3407 3308 3479 (6),
3339 3406 3568 3462 clericus
3596 3421 3753 3477 regu-

2163 3500 2290 3555 laris
2316 3501 2368 3554 in
2397 3500 2774 3554 dissertatione
2800 3499 2980 3554 italice
3003 3498 3142 3554 edita
3165 3497 3411 3570 Neapoli,
3440 3499 3598 3566 1714,
3622 3499 3675 3554 in
3696 3497 3752 3553 8"

2165 3597 2226 3648 de
2259 3592 2407 3648 Poesi
2435 3592 2542 3648 SS.
2578 3590 2795 3646 Patrum
2820 3608 3133 3665 grwcoruttt,
3167 3591 3540 3664 latinorumque
3565 3593 3619 3648 in
3648 3593 3754 3664 pri-

2163 3690 2257 3744 mis
2286 3688 2526 3744 Ecclesia:
2547 3686 2738 3742 Christi
2759 3689 2976 3743 saxulis.

2236 3783 2527 3839 Gennadius
2557 3799 2825 3852 expensus.
2854 3813 2925 3824 —-
2951 3781 3007 3838 Si
3035 3797 3161 3837 vero
3189 3781 3525 3838 Gennadium
3570 3781 3753 3837 audia-

2163 3893 2314 3942 mus,
2367 3877 2704 3932 statuendum
2760 3876 2970 3933 videtur
3017 3877 3212 3932 smculo
3262 3894 3336 3943 tv,
3389 3886 3448 3931 ut
3496 3877 3750 3944 nimium,

2163 3973 2359 4028 vixisse
2377 3971 2819 4027 Commodianum
2841 3991 2856 4027 :
2878 3972 2950 4026 ait
2970 3972 3112 4026 enim
3131 4014 3146 4038 ,
3175 3972 3352 4041 ipsum
3385 3970 3756 4026 Tertullianum

2164 4079 2210 4125 et
2242 4068 2592 4135 Lactantium,
2623 4077 2668 4122 et
2698 4065 2920 4136 Papiam
2949 4076 3178 4120 auctores
3205 4065 3362 4136 fuisse
3389 4075 3633 4119 secutum.
3664 4066 3757 4119 At-

2165 4177 2270 4233 que
2296 4161 2436 4217 hanc
2466 4161 2629 4216 fuisse
2657 4159 2872 4231 quidem
2896 4157 3155 4215 Gennadii
3178 4157 3496 4213 sententiam
3521 4156 3756 4227 plerique

2165 4257 2554 4313 existimarunt.
2585 4255 2780 4309 Verum
2813 4253 2857 4308 si
2884 4253 2999 4322 ejus
3022 4250 3184 4306 verba
3210 4251 3438 4320 penitius
3464 4249 3756 4320 inSpician-

2167 4359 2273 4416 tur,
2303 4367 2408 4405 non
2437 4358 2561 4405 sunt
2587 4347 2816 4405 fortasse
2838 4348 2906 4403 de
2929 4347 3095 4402 nostri
3125 4345 3401 4416 scriptoris
3423 4351 3580 4398 actate
3601 4340 3759 4396 intel-

2165 4445 2377 4518 ligenda
2395 4486 2410 4511 ,
2435 4444 2528 4500 sed
2559 4445 2736 4516 potius
2762 4443 2829 4499 de
2855 4441 3063 4514 placitis
3088 4439 3378 4504 nonnullis,
3402 4451 3521 4508 qua!
3548 4451 3606 4490 re
3629 4450 3758 4490 vera

481 4529 657 4594 dicta;
689 4533 781 4585 sed
808 4549 835 4583 ει
863 4547 1017 4601 gazo,
1063 4549 1156 4587 seu
1187 4534 1440 4588 Ecclesiae
1471 4534 1740 4600 thesauro,
1770 4529 1833 4592 ut
1857 4554 1885 4591 a
1914 4555 2063 4593 cum-
2087 4531 2140 4591 D
2165 4557 2288 4596 cum
2317 4541 2382 4595 iis
2407 4540 2714 4595 auctoribus
2741 4537 2990 4592 habuisse
3015 4534 3316 4590 communia
3341 4529 3758 4587 COIIImOdianllS

483 4603 642 4680 modo
666 4601 1079 4680 commodiauus
1103 4605 1398 4680 dicebatur.
1433 4606 1544 4680 Hoc
1574 4623 1765 4663 nomen
1795 4621 1908 4664 erat
1935 4626 2065 4680 gen-

483 4676 687 4749 tilium;
734 4674 899 4749 illud,
951 4675 1275 4749 christianus
1318 4677 1428 4746 jam
1477 4678 1647 4734 factus
1687 4681 1785 4735 sibi
1831 4674 2060 4749 indidit;

485 4748 643 4823 idque
675 4760 780 4800 non
812 4746 911 4800 alia
942 4747 1124 4823 forsan
1156 4749 1365 4804 ratione
1389 4792 1402 4812 ,
1432 4766 1587 4819 quam
1616 4753 1756 4822 quod
1788 4764 1906 4823 post
1936 4746 2065 4808 coni-

391 4855 395 4859 -
483 4820 786 4873 versionem
819 4834 1017 4888 pauper
1043 4819 1232 4886 laetus,
1259 4837 1324 4877 ex
1352 4819 1901 4880 conunuui‘Ecclesize
1931 4841 2062 4880 tera-

485 4890 568 4942 rio
596 4892 908 4948 nutriretur.
937 4891 1090 4949 Unde
1111 4897 1170 4949 ὀι
1197 4894 1482 4948 mendicum
1504 4893 1692 4949 Christi
1716 4912 1776 4951 se
1803 4897 2059 4952 nominat.

485 4959 639 5035 Ca_v_.,
673 4960 809 5035 ﬂist.
841 4965 1080 5028 litteram,
1112 4975 1244 5022 tom.
1276 4982 1324 5028 ι,
1359 4981 1477 5035 pag.
1513 4967 1613 5021 156
1639 4976 1694 5021 et
1720 4968 1848 5021 237.

557 5032 639 5174 (4)
673 5032 952 5105 Dodwcll.,
986 5039 1239 5093 dissertat.
1271 5038 1335 5092 de
1362 5032 1534 5092 Etet.
1567 5037 1854 5109 Comntod.,
1888 5039 1916 5112 §
1944 5039 1997 5096 9.

585 5102 642 5174 5)
677 5106 892 5174 liigall.,
926 5113 1129 5174 prwfnt.
1162 5114 1227 5166 ad
1255 5111 1533 5166 Comtnod.

672 5106 892 5194 lligzilt.,
926 5102 1130 5194 prwfnt.
1162 5114 1227 5166 ad
1255 5111 1533 5166 Comtnod.

557 5177 638 5248 (6)
670 5178 872 5234 CaVeus
891 5224 906 5248 ,
927 5177 1058 5239 loco
1085 5185 1176 5239 cit.

572 5269 644 5332 (7)
734 5269 844 5334 Ego
865 5272 1089 5324 similiter
1114 5277 1272 5326 erravi
1299 5281 1520 5334 tempore
1551 5275 1703 5326 multo

733 5332 876 5383 Fama
898 5339 1278 5446 prosequendo:
1305 5332 1586 5400 parentibus
1611 5339 1793 5387 insiciis
1815 5339 1934 5401 ipsis

740 5397 893 5448 Abstu
918 5401 931 5448 i
955 5413 1036 5450 me
1063 5402 1258 5450 tandem
1284 5402 1396 5452 inde
1414 5440 1428 5458 ,
1454 5399 1667 5463 legendo
1691 5401 1754 5450 de
1781 5402 1916 5463 lege.

1020 5416 1036 5450 ε
1063 5416 1258 5450 tenuem
1284 5416 1396 5452 tuae
1414 5440 1428 5458 ,
1454 5416 1667 5463 tegendo
1691 5416 1754 5450 ue
1784 5416 1916 5465 tege.

1020 5463 1319 5533 (Cottunod.
1349 5465 1401 5518 in
1437 5464 1680 5536 Prwfat.,
1716 5479 1771 5520 v.
1801 5466 1834 5518 4
1862 5494 1934 5505 —-
1955 5464 2036 5536 6.)

555 5551 634 5622 (8)
659 5553 944 5628 Commod.
975 5557 1207 5610 instruct.
1254 5572 1466 5628 χχχιιι,
1497 5574 1551 5613 v.
1576 5557 1702 5625 491,
1751 5567 1808 5614 et
1837 5559 2068 5615 instruct.

482 5635 689 5698 xxxvr,
725 5642 782 5680 ν.
813 5627 953 5684 574:
1592 5660 1594 5662 -

735 5715 874 5768 Gens
898 5729 952 5776 et
975 5734 1073 5788 ego
1094 5721 1168 5774 sui
1191 5732 1424 5786 perversa
1447 5730 1615 5778 mente
1639 5728 1870 5788 moratus,
1950 5770 1972 5781 .,
1987 5746 2076 5780 ιιι..

2165 4633 2530 4702 comperitur:
2572 4630 2805 4701 alioquin
2851 4627 3108 4683 dicendus
3153 4635 3298 4683 esset
3343 4624 3624 4694 presbyter
3662 4621 3756 4678 ille

2167 4727 2517 4783 massiliensis
2563 4725 2873 4790 censuisse,
2924 4722 3140 4793 Papiam
3188 4718 3514 4776 Tertulliano
3552 4726 3606 4771 et
3649 4714 3756 4770 La-

2167 4821 2368 4876 ctantio
2389 4819 2550 4874 fuisse
2572 4818 2946 4888 posteriorem,
2966 4831 3124 4886 quem
3145 4813 3388 4868 videlicet
3405 4809 3759 4880 scriptoribus

2167 4917 2272 4972 illis
2313 4914 2586 4985 subjiciat;
2628 4913 2770 4984 quod
2811 4929 2940 4967 sane
2985 4911 3256 4967 afﬁrmare
3300 4925 3405 4964 non
3449 4908 3654 4962 ausim:
3702 4918 3761 4964 ut

2169 5009 2422 5081 proinde,
2456 5021 2578 5062 meo
2605 5005 2818 5077 quidem
2846 5003 3078 5075 judicio,
3118 5001 3250 5058 illud
3281 5000 3455 5057 solum
3486 4999 3550 5056 iis
3577 4998 3757 5056 verbis

2277 5208 2328 5274 1)
2356 5205 2634 5262 Commod.
2668 5205 2718 5258 in
2758 5203 2994 5274 Prcefat.,
3019 5203 3221 5259 Versus
3246 5204 3280 5258 4
3306 5233 3377 5246 -
3401 5201 3458 5258 6.

2277 5211 2296 5262 1
2356 5209 2634 5262 Commod.
2668 5209 2718 5258 in
2758 5209 2994 5274 Prae/aL,
3020 5209 3221 5259 Versus
3246 5209 3280 5258 4
3306 5233 3377 5246 -

2249 5209 2328 5349 i2;
2357 5279 2575 5348 Rigalt.,
2609 5275 2825 5349 Praefat.
2855 5278 2908 5330 in
2934 5274 3401 5332 Commodianum.

2249 5345 2580 5480 g5).l)upiu.,
2625 5348 2757 5431 ιξευι.
2799 5349 2885 5400 des
2925 5349 3162 5431 Auteurs,
3205 5359 3336 5403 tom.
3378 5364 3425 5414 ι,
3467 5363 3522 5419 p.
3560 5345 3668 5402 326
3705 5355 3762 5403 et

2305 5466 2318 5480 .
2347 5440 2397 5477 In
2424 5421 2544 5476 Not.
2578 5421 2708 5476 etltt.
2738 5419 2927 5473 Colon.
2961 5419 3160 5474 Ιθιιιιιιι.

2178 5421 2318 5483 528,
2347 5425 2397 5477 in
2424 5421 2544 5476 Not.
2578 5421 2708 5476 etlit.
2738 5421 2927 5473 Colon.
2961 5421 3160 5474 latium.

2251 5494 2330 5568 (4)
2356 5493 2614 5568 Ceillier.,
2637 5490 2774 5568 Hist.
2801 5488 3070 5568 General.1
3085 5501 3216 5545 tom.
3242 5507 3317 5568 tv.
3341 5505 3458 5568 cap.
3478 5490 3531 5554 6,
3556 5504 3592 5560 p
3623 5488 3758 5568 1⁸79.

2251 5559 2670 5693 (ὕζϋῐόἓάηγριιὲέ
2691 5561 2907 5618 Distert.
2938 5563 3002 5618 de
3029 5562 3379 5619 Commodiani
3406 5559 3585 5629 inata,
3615 5559 3761 5618 Oxo-

2251 5683 2283 5693 χ.
2468 5677 2484 5693 .
2516 5653 2612 5691 ιιι-
2679 5675 2693 5690 .

2179 5634 2283 5702 ηἰί,
2311 5634 2484 5703 1698,
2516 5634 2693 5692 iit—8°.

2251 5710 2328 5785 (6)
2355 5702 2567 5769 Sebast.
2589 5707 2776 5778 Pauli,
2795 5706 3013 5766 Dium.
3032 5709 3096 5763 de
3109 5706 3264 5764 Poesi
3281 5704 3390 5764 SS.
3411 5702 3529 5761 PP.
3551 5721 3606 5776 p.
3628 5703 3753 5760 180.
