4020 6072
233 150 336 207 19⁸5

1177 139 1267 198 DE
1295 133 1739 197 COMMODIANO
1769 127 2043 204 ΕΑΖᾸΞΟ,
2083 127 2366 195 ORICINE
2402 130 2606 192 AFRO.

3389 126 3489 184 194

230 263 531 319 insinuasse
571 255 878 314 Gennadius
919 252 1176 320 videatur,
1229 252 1668 310 Commodianum
1715 251 1817 306 ali»
1842 254 1894 314 Α
1919 261 2085 308 strum
2117 252 2255 307 intra
2285 251 2425 306 tertii
2456 247 2639 304 saeculi
2693 244 2891 302 limites
2945 255 3068 301 esse
3115 240 3491 299 coercendum.

231 357 354 412 cubi
391 362 652 410 sectatum
695 350 888 419 fuisse,
933 365 1051 422 qua:
1093 349 1280 416 Papias
1321 349 1581 419 primum,
1623 345 1818 401 deinde

233 448 590 505 Tertullianus
611 487 627 512 ,
653 461 715 501 ac
744 454 928 516 postea
956 443 1260 499 Lactantius
1285 442 1460 497 minus
1486 447 1629 496 recte
1654 438 1818 494 tradi-

233 542 455 600 derunt.

308 633 524 707 Rigaln'i
549 632 796 688 sententia
820 631 984 685 minus
1013 627 1275 700 probatur.
1300 658 1371 668 -—
1390 627 1688 697 Utcumque
1717 626 1820 688 sit,

239 727 501 800 Rigaltius
525 725 790 783 Gennadii
818 723 1155 789 auctoritate,
1179 722 1254 777 uti
1277 721 1505 786 videtur,
1530 727 1822 790 permotus,

240 823 464 894 ejusque
500 820 666 877 verba
695 819 763 876 de
792 815 1160 874 Commodiani
1199 824 1354 871 actate
1382 815 1680 884 accipiens;
1708 829 1826 869 eam

240 926 499 988 praeterea
545 931 612 971 ex
657 914 822 985 ipsius
867 911 1104 967 auctoris
1149 909 1585 966 instructionibus
1630 907 1827 963 confir-

243 1026 394 1066 mare
437 1023 720 1080 aggressus
766 1015 851 1062 est
895 1005 1014 1079 (l):
1069 1013 1218 1059 ratus
1271 1003 1523 1059 nimirum
1577 1001 1832 1072 temporis

244 1107 577 1162 notationem
616 1102 718 1159 sibi
750 1101 917 1157 fuisse
950 1100 1212 1156 detectam
1244 1115 1346 1167 qua
1378 1099 1524 1154 illum
1559 1098 1833 1168 Sylvestro

245 1212 478 1254 romano
527 1194 801 1266 pontifici,
852 1201 1012 1263 atque
1059 1191 1195 1247 adeo
1241 1190 1592 1246 Constantino
1644 1188 1835 1258 Magno

245 1304 489 1346 coaevum
519 1292 794 1342 statueret.
829 1284 884 1338 ln
915 1299 1072 1354 quam
1103 1281 1317 1354 quidem
1348 1281 1678 1352 rigaltianam
1707 1294 1834 1335 sen-

250 1382 477 1440 tentiam
524 1389 728 1436 tantum
777 1391 884 1434 non
933 1391 1122 1433 omnes
1169 1375 1361 1432 eruditi
1412 1374 1665 1444 deinceps
1712 1388 1839 1430 con-

249 1489 489 1532 msere.

325 1565 681 1623 Dodtvelliana
734 1565 899 1636 potior
960 1563 1180 1618 videtur.
1219 1591 1290 1602 —
1325 1560 1523 1617 Verum
1577 1559 1843 1616 Henricus

1997 364 2263 434 «Scripsit
2309 361 2718 418 Commodianus
2765 359 2845 414 vel
2896 373 3026 428 pace
3077 355 3290 412 vixdum
3344 352 3499 424 plene

1921 458 2127 514 reddita
2149 501 2164 524 ,
2193 456 2278 511 vel
2311 455 2678 526 persecutione
2707 467 2828 506 mox
2860 449 3207 520 expectanda.
3243 447 3376 502 llinc
3404 461 3500 516 pa-

1923 568 2028 606 cem
2059 550 2320 605 subdolam
2351 557 2526 614 vocat,
2555 547 2802 601 lnstruct.
2833 559 2960 608 va;
2993 551 3047 597 et
3077 540 3499 612 persecutionem

1925 644 2125 699 instare
2151 642 2308 697 dicit:
2338 641 2521 713 agonia
2547 655 2738 694 summe
2766 637 3064 710 prapinqua,
3097 635 3344 690 lnstruct.
3379 647 3469 688 Lttt
3487 673 3502 699 ,

1927 754 1982 792 v.
2009 738 2094 793 l0.
2131 737 2342 792 Fideles
2372 744 2548 790 monet
2570 775 2584 798 ,
2616 743 2672 787 ut
2703 732 3024 802 martyribus
3054 731 3342 794 assistant,
3376 742 3507 795 seu,

1928 841 1988 886 ut
2027 829 2190 900 ipsius
2228 829 2394 884 verbo
2436 837 2569 894 utar,
2611 825 3027 897 admartyrizent,
3069 823 3318 878 lnstruct.
3360 836 3511 887 Lvm,

1930 939 1983 975 ν.
2021 922 2118 986 l9,
2162 921 2247 976 ttbi
2278 908 2438 976 eiiam
2479 919 2731 975 describit
2770 933 2995 988 pugnant
3029 932 3144 970 cum
3183 915 3420 975 tristitia,
3461 922 3517 968 et

1934 1018 2178 1087 palmam,
2207 1032 2326 1086 quae
2350 1015 2569 1069 victoria:
2591 1013 2838 1076 donatur,
2871 1012 3116 1065 InstruCt.
3146 1024 3274 1064 Lxu.
3303 1005 3424 1077 Agit
3450 1005 3519 1061 de

1935 1108 2123 1179 iis,qui
2150 1109 2461 1179 martyrium
2487 1105 2738 1160 affectare
2765 1120 2874 1174 pra:
2897 1119 2956 1158 se
2975 1102 3232 1166 ferebant,
3261 1099 3516 1154 lnstruct.

1938 1215 2031 1266 ιχ,
2060 1216 2110 1254 v.
2143 1200 2166 1252 1
2197 1217 2209 1251 ;
2244 1198 2431 1253 Pastor
2457 1199 2502 1251 si
2529 1200 2787 1267 confessus
2818 1195 3009 1261 fuerit,
3040 1194 3090 1248 id
3122 1201 3226 1253 est.
3258 1192 3525 1262 interpre—

1941 1301 2086 1347 tante
2114 1290 2374 1362 Rigaltio,
2407 1289 2451 1345 si
2490 1289 2556 1344 de
2598 1288 2811 1344 nomine
2850 1287 3242 1356 interrogatus,
3285 1285 3428 1340 clare
3469 1290 3526 1338 et

1940 1393 2251 1441 constanter
2303 1382 2672 1450 restionderit,
2707 1381 2834 1436 Sum
2887 1379 3255 1440 Christianus;
3309 1377 3352 1433 si
3405 1377 3525 1433 thus

1943 1494 2114 1534 acerac
2165 1475 2508 1548 profanorum
2570 1475 2847 1544 imponere
2893 1473 3116 1544 jussus,
3171 1471 3380 1527 fortiter
3431 1469 3527 1526 ab-

1945 1572 2162 1626 nuendo
2193 1569 2525 1632 clamaverit,
2563 1583 2668 1622 nou
2699 1567 2854 1625 facio.
2879 1565 3151 1637 geminavit
3179 1581 3412 1636 agonem.
3442 1563 3530 1629 Et,

251 1659 571 1717 Dodwellus
593 1659 646 1713 in
669 1655 1000 1729 antiquitatis
1027 1654 1364 1725 indagatione
1395 1654 1616 1708 rimatur
1644 1651 1841 1708 acerri-
1869 1651 1918 1712 B
1946 1679 2012 1720 ne
2039 1665 2186 1733 plura
2214 1678 2500 1733 congeram
2522 1702 2538 1728 ’
2568 1660 2832 1716 Caesarem
2867 1659 3160 1730 Tyrannum
3188 1666 3342 1714 mea!
3371 1657 3532 1712 mle

253 1769 415 1816 mus.
471 1763 752 1824 pOSIquam
807 1765 949 1805 verre
1007 1746 1259 1811 lectioni,
1325 1745 1614 1802 Sirmondo
1661 1754 1844 1800 tamen

256 1855 556 1920 praeeunte,
583 1842 951 1901 Commodiani
979 1842 1154 1897 locum
1186 1840 1531 1907 restituisset,
1561 1855 1591 1894 a
1621 1837 1848 1909 Rigaltio

256 1942 639 2005 sollicitatum,
690 1953 798 2009 quo
844 1952 956 1992 sua:
987 1951 1161 1992 causa:
1212 1934 1532 2005 praesidium
1551 1942 1846 2004 qumreret;

258 2038 531 2107 intrgrum
559 2032 755 2089 deinde
784 2032 1118 2103 perlustrans
1138 2029 1452 2099 opusculum
1471 2071 1486 2094 ,
1511 2027 1852 2083 saevientibus

257 2130 437 2186 adhuc
471 2127 724 2183 Ecclesiae
759 2123 1221 2196 persecutionibus
1253 2121 1378 2177 illud
1421 2121 1586 2177 fuisse
1615 2120 1855 2176 conscri-

261 2232 410 2293 ptum
461 2219 770 2290 perspexit;
817 2215 1061 2286 adeoque
1103 2211 1543 2268 Commodianum
1587 2210 1855 2284 Cypriano

264 2315 444 2386 potius
463 2353 480 2378 ,
509 2327 667 2383 quam
695 2309 973 2382 Sylvestro
999 2307 1242 2363 extitisse
1268 2306 1597 2376 propriorem
1622 2303 1855 2360 edocuit.

267 2409 338 2464 Et
364 2408 460 2464 viri
487 2406 697 2478 quidem
724 2402 905 2460 Critici
937 2402 1190 2472 pleraque
1219 2408 1529 2470 argumenta
1561 2407 1686 2452 sunt
1714 2396 1861 2465 ejus-

265 2500 450 2566 modi,
493 2514 611 2570 qua:
661 2496 726 2551 ad
777 2509 1056 2550 assensum
1105 2488 1528 2560 extorquendum
1577 2486 1864 2556 plurimum

273 2597 462 2651 valere
496 2593 803 2648 videantur:
845 2603 1016 2660 eaque
1053 2585 1280 2642 strictim
1315 2583 1504 2639 saltem
1536 2582 1589 2636 in
1631 2579 1865 2636 medium

271 2689 522 2762 proferre
553 2687 759 2741 animus
796 2694 912 2746 est,
944 2696 1065 2736 cum
1105 2678 1349 2750 plurimis
1388 2675 1526 2731 haud
1565 2684 1761 2745 prmsto
1798 2674 1870 2730 sit

273 2781 582 2839 dissertatio
612 2780 674 2834 de
704 2775 1057 2833 Cantmodiani
1090 2781 1269 2837 wtate,
1301 2784 1457 2841 quam
1489 2767 1554 2822 V.
1587 2766 1648 2822 C.
1691 2769 1871 2823 Anna-

275 2878 420 2933 libus
449 2872 768 2936 Velleianis,
802 2867 1208 2938 Quintilianeis,
1258 2873 1312 2921 et
1352 2863 1606 2920 Statianis
1645 2860 1875 2930 subjecit

273 2971 469 3028 Oxonii
491 3011 508 3034 ,
541 2968 700 3033 1698,
731 2966 787 3022 in
802 2964 898 3020 -8°.

353 3063 603 3119 Dodwelli
639 3061 885 3120 sententia
921 3057 1212 3112 summatim
1247 3071 1280 3108 a
1322 3052 1485 3109 Careo
1522 3052 1768 3121 exposita.
1801 3079 1872 3090 ——
1899 3050 1945 3114 C

280 3156 548 3215 Dodwelli
596 3154 918 3210 sententiam
969 3149 1273 3205 summatim
1321 3145 1540 3217 exponit
1588 3143 1876 3215 perdoctus

278 3250 494 3306 Caveus
519 3248 590 3303 ita
615 3247 888 3302 disserens
913 3242 994 3314 (Ξ)
1027 3261 1041 3297 :
1069 3260 1089 3293 ‹
1113 3239 1415 3296 Notandum
1458 3239 1616 3309 igitur
1641 3237 1696 3293 l°
1722 3235 1880 3291 Com-

281 3343 601 3400 modianum
616 3341 856 3396 ducentos
874 3345 1079 3393 tantum
1100 3351 1128 3391 a
1149 3334 1365 3390 Christo
1385 3347 1554 3387 annos
1573 3345 1876 3387 numerare.

282 3437 538 3495 lnstruct.
572 3453 647 3500 vn,
677 3449 820 3490 vers.
848 3433 914 3499 2,
953 3429 1177 3503 gentiles
1215 3430 1288 3484 ita
1325 3427 1648 3498 alloquitur:

473 3556 539 3606 Et
561 3556 602 3605 si
627 3552 889 3618 parvulitas
910 3551 981 3600 sic
999 3548 1184 3606 sensit,
1205 3557 1292 3596 cur
1315 3543 1454 3594 annis
1473 3542 1701 3592 ducentis

475 3638 665 3689 Fuistis
687 3631 938 3686 infantes?
963 3629 1200 3692 numquid
1225 3635 1279 3679 et
1300 3639 1498 3689 semper
1523 3623 1696 3675 eritis?

290 3743 593 3804 Fatendum
625 3749 734 3806 est,
764 3738 1025 3793 ducentos
1055 3733 1158 3789 hoc
1197 3733 1314 3788 loco
1351 3745 1518 3786 annos
1556 3742 1660 3784 non
1701 3725 1885 3782 stricte

287 3856 417 3898 esse
441 3832 838 3907 intelligendos,
867 3829 1018 3900 quasi
1043 3843 1147 3882 non
1175 3825 1368 3882 fuerint
1386 3823 1547 3896 paulo
1568 3823 1763 3892 plures.
1784 3819 1886 3874 Ve-

291 3952 382 3994 res
403 3933 550 3991 enim
577 3929 809 3986 nondum
835 3925 1121 3981 adinventa
1143 3934 1390 3976 accurata
1425 3931 1549 3971 απαξ
1579 3913 1887 3969 christiana:

291 4027 553 4101 Epocba,
589 4038 756 4080 annos
784 4037 812 4075 a
843 4017 1058 4076 Christo
1091 4022 1216 4069 nato
1253 4010 1318 4066 ad
1358 4024 1509 4066 suam
1550 4021 1716 4072 usque
1754 4012 1885 4057 aeta-

295 4093 408 4181 te'm
448 4127 849 4192 eomputantes,
883 4124 1105 4168 numero
1133 4107 1447 4179 plerumque
1477 4097 1707 4155 rotundo
1743 4093 1889 4165 loqui

293 4218 510 4281 solent,
548 4189 601 4267 et
639 4213 691 4266 in
728 4209 833 4264 fine
870 4205 1034 4262 seculi
1075 4201 1317 4274 proxime
1355 4194 1520 4264 elapsi
1560 4189 1887 4253 subsistere,

295 4315 518 4366 resecto
540 4346 554 4367 ,
585 4303 705 4374 plus
734 4301 1015 4368 minusque
1054 4293 1247 4356 fuerit,
1276 4287 1416 4359 quod
1452 4282 1719 4347 excurrit,
1752 4289 1890 4334 tem‘

296 4415 452 4473 pore.
485 4371 818 4465 Quandoque
845 4400 900 4445 et
929 4389 1000 4443 ita
1029 4401 1089 4441 se
1119 4381 1354 4452 explicat
1382 4376 1671 4438 Arnobius,
1695 4371 1804 4473 ιιι).
1836 4385 1889 4473 ι’,

1948 1772 2117 1819 xxut,
2143 1772 2197 1813 v.
2233 1756 2320 1810 14.
2353 1753 2477 1809 [hec
2503 1753 2710 1824 aliaque
2736 1753 2886 1824 plura
2915 1753 3112 1807 seculo
3142 1749 3298 1807 tertio
3327 1749 3528 1821 optime

1950 1857 2288 1920 congruunt,
2321 1846 2537 1917 quando
2565 1855 2813 1902 cessante
2854 1845 3226 1916 persecutione
3270 1844 3495 1898 Deciana
3517 1883 3534 1910 ,

1952 1961 2137 2016 pacem
2167 1944 2265 1999 sub
2295 1942 2540 1999 Gallieno
2570 1941 2833 1996 redditam
2857 1981 2871 2003 ,
2903 1939 3168 1994 inﬁrmant
3197 1937 3412 2010 quidem
3435 1979 3451 2004 ,
3484 1945 3540 1991 et

1956 2039 2285 2103 instabilem,
2311 2035 2618 2108 persecutio
2642 2035 2741 2090 sub
2759 2034 3053 2090 Aureliano
3075 2049 3199 2089 mox
3225 2031 3537 2101 interrupit;

1957 2133 2219 2204 Sylvestri
2247 2147 2376 2187 vero
2405 2131 2738 2201 temporibus
2763 2128 3058 2184 convenire
3087 2137 3378 2198 nequeunt.
3404 2125 3544 2182 Con-

1960 2229 2194 2283 stantino
2231 2225 2376 2282 enim
2409 2239 2586 2280 rerum
2621 2224 2671 2277 in
2705 2221 2995 2277 Occidente
3028 2220 3202 2291 potito
3223 2262 3238 2287 ,
3271 2218 3452 2290 quieta
3482 2233 3546 2274 ac

1960 2319 2248 2389 tranquilla
2287 2327 2442 2374 erant
2475 2316 2696 2381 omnia;
2740 2314 2920 2368 nullus
2951 2330 2978 2366 a
3027 2311 3334 2384 gentilibus
3359 2326 3546 2382 perse-

1964 2415 2194 2472 cutionis
2233 2425 2430 2470 metus.
2466 2411 2732 2467 Vivebant
2760 2407 3050 2464 Christiani
3093 2407 3193 2462 sub
3223 2406 3338 2478 ejus
3367 2417 3550 2478 patro-

1965 2511 2108 2566 cinio
2134 2508 2265 2574 tuti,
2295 2506 2502 2578 legibus
2531 2504 2720 2560 muniti
2744 2545 2758 2568 ,
2785 2501 3079 2572 privilegiis
3105 2499 3282 2554 ornati
3306 2542 3320 2563 ,
3348 2497 3551 2553 divitiis

1969 2611 2025 2659 et
2043 2601 2394 2672 dignitatibus
2412 2599 2574 2663 aucti,
2599 2597 2943 2668 magistratus
2970 2595 3187 2665 ubique,
3211 2590 3554 2664 imperatoris

1971 2695 2219 2766 exemplo
2240 2740 2252 2764 ,
2283 2695 2541 2765 prOpitios
2569 2702 2624 2747 et
2651 2689 2943 2746 benevolos
2972 2686 3203 2759 experti.

2051 2829 2070 2860 ‹
2101 2808 2233 2864 Tota
2279 2805 2545 2863 scribendi
2593 2803 2731 2859 ratio
2780 2802 2879 2857 aevi
2926 2797 3180 2873 Cypriani
3233 2797 3504 2869 ingenium
3536 2836 3553 2863 ,
3611 2837 3616 2842 .

1975 2921 2155 2962 mores
2184 2945 2199 2968 ,
2241 2913 2295 2959 et
2333 2901 2669 2966 disciplinam
2724 2898 2981 2952 imitatur.
3014 2894 3205 2950 Iisdem
3253 2908 3388 2964 pene
3435 2905 3558 2948 cum

1977 3000 2305 3058 Tertulliano
2351 3006 2408 3054 et
2451 2994 2722 3068 Cypriano
2766 2989 3018 3060 loquendi
3063 2988 3234 3044 modis
3282 3003 3388 3043 non
3437 3000 3560 3042 raro

1979 3096 2164 3160 utitur,
2195 3101 2250 3147 ut
2277 3091 2472 3161 ubique
2500 3091 2754 3145 observat
2784 3084 3060 3156 ltigaltius.
3085 3081 3274 3136 Novati
3327 3080 3560 3136 schisma

1979 3200 2202 3256 carpere
2244 3183 2480 3248 videtur,
2533 3180 2784 3235 lnstruct.
2837 3193 2964 3232 χιιι.
3017 3173 3383 3244 Reprehendit
3428 3187 3559 3238 eos,

1981 3279 2231 3334 lnstruct.
2266 3293 2378 3342 th,
2402 3275 2491 3346 qui
2519 3274 2643 3329 dum
2672 3273 2864 3327 fratres
2891 3270 3191 3325 adversante
3219 3267 3430 3334 mundo,
3463 3267 3564 3322 sub

1981 3372 2143 3426 armis
2165 3369 2492 3431 laborarent,
2524 3366 2625 3434 ipsi
2656 3365 2779 3438 farti
2798 3362 2998 3432 opibus,
3027 3377 3118 3415 nec
3139 3368 3442 3431 pugnarent,
3473 3373 3564 3412 nec

1985 3463 2231 3534 pugnanti
2273 3478 2327 3516 se
2345 3461 2595 3520 sisterent,
2625 3465 2678 3512 et
2719 3472 2840 3512 cum
2870 3456 3117 3510 viderent
3159 3455 3376 3506 fratrem
3407 3464 3568 3506 causa

1985 3555 2287 3613 schismatis
2331 3554 2671 3611 abstentum.
2705 3551 2962 3620 optabant
2988 3547 3334 3603 nihilominus
3364 3547 3416 3600 in
3449 3560 3568 3600 cas-

1987 3649 2085 3704 tris
2113 3663 2319 3718 paeem,
2350 3642 2734 3715 indulgentiam
2765 3657 2958 3712 nempe
2989 3639 3152 3710 lapsis
3183 3638 3412 3694 dandam
3434 3679 3449 3703 ,
3477 3653 3574 3692 an-

1987 3751 2200 3810 tequam
2228 3754 2330 3809 pax
2361 3736 2613 3792 Ecclesiae
2641 3734 2976 3790 redderetur.
3014 3731 3269 3787 lnstruct.
3296 3746 3424 3795 LVll,
3457 3729 3570 3785 dis-

1988 3834 2234 3906 ciplinam
2275 3847 2382 3886 non
2427 3845 2549 3886 esse
2589 3828 2748 3884 nimia
2773 3824 3102 3897 indulgentia
3133 3823 3415 3879 laxandam
3445 3837 3574 3878 con-

1989 3929 2178 3986 tendit.
2205 3928 2452 3981 lnstruct.
2483 3939 2572 3987 LII,
2617 3922 2722 3977 duo
2764 3921 3100 3976 desertorum
3140 3933 3336 3986 genera
3375 3914 3576 3972 consti-

1990 4023 2091 4078 tuit
2122 4039 2137 4076 ε
2170 4020 2262 4074 Est
2288 4019 2422 4072 alius
2466 4031 2702 4086 nequam,
2727 4014 2817 4084 qui
2855 4013 3059 4067 scilicet
3084 4011 3353 4065 sacrificat
3396 4007 3574 4072 idolo;

1991 4117 2124 4174 alius
2143 4116 2194 4170 in
2218 4124 2361 4186 parte
2385 4109 2590 4172 recedit,
2622 4109 2709 4178 qui
2739 4104 2949 4177 praesidi
2971 4105 3128 4158 ofl'ert
3158 4101 3416 4166 libellum,
3441 4114 3576 4154 con-

1991 4209 2199 4268 cussori
2249 4206 2526 4278 pecuniam
2554 4245 2569 4268 ,
2624 4217 2692 4256 ne
2717 4201 2770 4254 in
2818 4197 3140 4268 Capitolium
3176 4194 3579 4259 sacrificaturus

1992 4301 2352 4378 pertrabatur.
2384 4296 2642 4368 Respicit,
2678 4294 2850 4365 inquit
2877 4291 3172 4364 Rigaltius,
3214 4289 3532 4358 thuriﬁcatos
3559 4325 3576 4352 ,

1996 4407 2051 4456 et
2091 4396 2426 4460 libellaticos;
2467 4401 2525 4448 et
2568 4391 2622 4446 hi
2668 4389 2884 4460 quidem
2931 4387 3260 4458 posteriores
3309 4385 3395 4438 vix
3437 4382 3578 4447 alio,

566 4451 796 4542 Trecenti
832 4489 948 4538 sunt
985 4477 1106 4532 anni
1135 4451 1322 4546 ferme,
1353 4471 1521 4525 minus
1547 4467 1624 4522 vel
1654 4465 1768 4536 plus
1796 4460 1867 4515 ali

1997 4509 2157 4566 quam
2179 4509 2294 4548 aevo
2323 4488 2664 4562 Cyprianico,
2697 4491 3081 4540 memorantur.
3112 4479 3357 4535 lnfinitus
3383 4492 3581 4544 essem,

305 4555 465 4657 quid,
497 4599 563 4638 ea:
589 4597 690 4652 quo
728 4576 966 4648 capimus
992 4589 1098 4629 esse
1135 4565 1415 4624 christiani.
1443 4562 1553 4618 Nec
1590 4560 1742 4614 aliter
1768 4555 1896 4611 olim

306 4649 520 4735 Ennius
539 4719 552 4744 ,
581 4649 884 4745 septingenti
910 4677 1059 4734 sunt,
1094 4664 1246 4735 paulo
1277 4661 1388 4729 plus
1415 4665 1499 4712 aut
1529 4656 1722 4745 minus,
1754 4649 1893 4705 anni.

309 4771 512 4828 ‘ierum
674 4742 962 4834 numquam
993 4759 1061 4816 ab
1090 4758 1158 4812 iis
1188 4755 1381 4810 factum
1412 4757 1524 4811 est,
1561 4744 1646 4801 ubi
1682 4742 1771 4814 qui
1810 4755 1901 4796 su-

318 4883 417 4939 pra
442 4877 722 4921 numerum
755 4864 1044 4915 excurrunt
1068 4852 1190 4908 anni
1212 4891 1227 4914 ,
1255 4849 1516 4917 integrum
1547 4841 1696 4897 iStius
1723 4834 1900 4892 surculi

318 4930 550 5032 spatium
586 4961 883 5025 occupant;
922 4949 1092 5006 multo
1120 4947 1328 5008 minus,
1368 4939 1454 4995 ubi
1487 4937 1711 4991 alterum
1742 4930 1902 4984 etiam

320 5021 801 5120 comprehendunt.
831 5041 1049 5100 Etiamsi
1073 5039 1231 5110 igitur
1251 5032 1485 5090 nondum
1506 5033 1696 5084 exacto
1711 5021 1908 5078 sarculo

321 5115 528 5206 tertio,
555 5141 804 5196 ducentos
841 5149 1012 5191 annos
1051 5131 1228 5186 dicere
1259 5124 1431 5198 potuit
1459 5115 1902 5179 Commodianus,

321 5250 514 5296 tamen
545 5235 671 5289 ultra
697 5233 962 5289 labentem
992 5224 1254 5284 currentis
1283 5217 1465 5278 sarculi
1499 5223 1701 5286 partem
1725 5253 1740 5277 ,
1771 5205 1912 5263 nulla

320 5337 545 5396 ratione
593 5329 800 5388 extendi
863 5333 1084 5398 queunt.
1145 5319 1346 5374 Invicto
1407 5311 1570 5384 plane
1628 5319 1913 5378 argumen-

324 5442 420 5498 to,
477 5427 730 5497 nulloque
779 5420 1104 5492 sophismate
1151 5406 1444 5471 eludendo,
1492 5409 1765 5458 auctorem
1814 5410 1914 5449 no-

521 5603 1132 5693 'iﬁs‘ifiiiiér'éa,
1165 5633 1285 5691 pag.
1313 5603 1440 5679 157,
1471 5606 1601 5665 edit.
1629 5603 1804 5660 Oxon.
1829 5611 1921 5655 sc-

438 5569 460 5620 l
516 5561 738 5632 Rigalt.,
767 5555 834 5612 ad
863 5554 1112 5610 lnstruct.
1141 5558 1316 5602 xxxnt
1337 5584 1350 5604 .
1381 5532 1682 5618 vers..49.l.

408 5564 496 5708 δὲ
521 5632 692 5708 Cave,
711 5625 859 5708 βίοι.
891 5626 1132 5690 titterar.,
1165 5633 1285 5691 pag.
1313 5613 1440 5679 157,
1471 5606 1601 5665 edit.
1629 5603 1682 5658 0:

408 5564 496 5764 ᾧ
516 5564 760 5688 ἰδὲεθιιἮ

328 5727 442 5773 ειη.
488 5646 760 5774 3,1310.

1999 4589 2044 4645 si
2072 4587 2246 4643 omnia
2279 4597 2640 4647 recenserem,
2669 4593 2790 4651 quae
2816 4578 2885 4633 de
2915 4573 3311 4646 paenitentibus,
3343 4573 3410 4626 de
3440 4583 3583 4623 mar-

2003 4683 2124 4755 tyrii
2149 4681 2288 4748 zelo,
2318 4679 2386 4735 de
2415 4679 2533 4749 fuga
2561 4677 2614 4730 in
2640 4672 3013 4746 persecutione
3038 4713 3052 4737 ,
3100 4669 3168 4726 de
3213 4663 3584 4724 schismatico-

2004 4795 2123 4834 rum
2147 4775 2366 4841 studiis,
2399 4774 2465 4828 de
2496 4785 2689 4842 pompa
2730 4769 2974 4825 funerum
3004 4809 3019 4834 ,
3051 4767 3120 4823 de
3137 4765 3256 4820 filiis
3285 4763 3382 4817 sub
3401 4773 3587 4832 perse-

2007 4872 2226 4929 cutione
2251 4866 2515 4924 defunctis
2545 4880 2651 4920 non
2682 4862 2945 4934 lugendis,
2965 4858 3265 4922 deJudaeis,
3296 4865 3429 4923 etc.,
3463 4869 3588 4912 cum

2011 4964 2280 5038 Cypriano
2305 4958 2608 5018 communia
2628 4957 2807 5014 habet.

2088 5097 2108 5132 ι
2137 5077 2323 5142 Nulla,
2366 5089 2433 5130 ne
2486 5072 2698 5144 quidem
2741 5067 3010 5127 levissima
3061 5066 3113 5121 in
3146 5073 3258 5123 toto
3281 5066 3384 5122 hoc
3409 5063 3595 5121 libello

2015 5173 2253 5232 victoriae
2279 5187 2307 5225 a
2334 5167 2707 5233 Constantino,
2727 5165 2794 5220 de
2812 5161 3079 5218 Maxentio
3097 5176 3266 5228 nuper
3286 5167 3594 5230 reportatae,

2024 5266 2172 5325 nulla
2214 5264 2352 5335 signi
2399 5263 2578 5318 crucis
2615 5261 2668 5316 in
2718 5257 2859 5314 cmlo
2898 5254 3222 5310 miraculose
3258 5252 3599 5326 apparentis,

2021 5360 2166 5417 nulla
2208 5355 2393 5429 gloriae
2420 5365 2474 5412 et
2511 5349 2773 5409 felicitatis
2791 5345 3145 5412 Constantini,
3176 5346 3262 5401 vel
3287 5343 3602 5400 immunita-

2023 5463 2134 5510 tum
2174 5448 2426 5506 Ecclesia:
2471 5456 2844 5502 concessarum
2879 5440 3101 5506 mentio,
3141 5438 3284 5511 quod
3328 5447 3510 5493 tamen
3540 5433 3607 5488 ab

2025 5547 2243 5605 homine
2282 5545 2546 5600 immenso
2575 5552 2689 5593 sua:
2716 5534 2990 5607 religionis
3014 5531 3132 5589 zelo
3164 5533 3424 5601 ﬂagrante
3447 5568 3463 5593 ,
3495 5539 3613 5579 me-

2024 5640 2128 5699 rito
2171 5632 2442 5710 expectari
2481 5638 2713 5703 poterat.
2757 5627 3152 5701 Argumentum
3197 5621 3367 5676 fateor
3415 5611 3621 5686 negati-
