4020 6072
520 107 622 181 £93

1427 127 1516 184 ne
1551 125 1995 186 COMMODIANO
2031 99 2323 196 cauo,
2364 101 2640 187 emotus
2671 103 2873 186 anno.

3523 103 3598 116 -_.,

3687 113 3791 188 tae

512 257 659 307 vum,
690 242 786 300 sed
810 243 952 315 quod
979 258 1083 300 non
1106 245 1300 314 levem,
1347 246 1488 316 apud
1520 263 1707 318 :eqnos
1734 264 1912 304 rerum
1949 248 2092 304 aesti-
2122 252 2166 312 Λ
2197 247 2361 319 galtio
2411 249 2707 319 interprete
2738 247 2819 319 (l)
2855 263 2869 302 :
2906 265 2925 300 ε
2954 244 3210 302 Versibus
3237 243 3502 302 faciendis
3525 259 3627 302 nec
3647 246 3794 318 leges

508 343 764 400 mttores,
806 337 911 390 vim
941 347 1100 408 atque
1133 337 1510 393 auctoritatem
1546 339 1725 394 habet.

583 447 602 480 ι
659 429 747 484 llis
799 429 868 486 ita
913 431 1205 501 expositis,
1259 441 1468 496 restat.
1517 444 1570 488 ut
1631 449 1970 490 communem
2025 432 2093 490 de

509 530 750 589 tempore
799 525 1063 596 Sylvestri
1105 541 1254 598 papae
1327 527 1651 586 sententiam
1697 528 1932 586 breviter
1999 544 2092 584 ex-

503 615 780 672 cutiamus.
809 617 937 687 Ejus
967 616 1118 680 unica
1150 618 1362 688 quidem
1397 621 1540 676 basis
1588 631 1644 677 et
1684 621 2088 682 fundamentum

505 715 585 764 est
609 706 772 775 ipsius
795 706 1170 766 Commodiani
1215 710 1383 772 locus,
1418 722 1575 783 prout
1599 713 1652 768 in
1676 712 1835 768 editis
1867 713 2090 773 habetur

503 795 752 855 lnstruct.
809 817 995 870 xxxm,
1044 818 1097 856 v.
1146 803 1200 871 5,
1235 804 1322 858 tibi
1362 803 1590 876 gentiles
1611 804 1677 859 ad
1695 804 2092 862 Ecclesiamin-

504 892 669 950 vitat:

591 1010 776 1062 Intrate
801 1011 1004 1063 stabulis
1025 1014 1254 1077 sylvestri
1280 1013 1338 1064 ad
1365 1028 1588 1078 praesepe
1613 1018 1835 1079 pastoris.

504 1116 699 1173 Verum
760 1120 874 1175 haec
910 1137 1014 1175 nou
1057 1131 1179 1175 sunt
1206 1121 1369 1192 ipsius
1406 1120 1796 1184 Comntodiani,
1856 1119 1950 1176 sed
2006 1119 2087 1173 in-

500 1213 641 1284 genii
690 1215 860 1283 potius
903 1215 1185 1283 lligaltiaui
1214 1226 1573 1270 commentum
1605 1258 1619 1280 ,
1652 1225 1704 1270 et
1749 1216 1907 1285 longe
1943 1212 2086 1268 aliud

496 1308 766 1376 respicere
796 1307 1064 1363 videntur.
1099 1308 1153 1363 lit
1196 1308 1383 1364 codice
1428 1308 1804 1364 Sirmondiano
1828 1350 1842 1373 ,
1875 1322 1941 1361 ex
1979 1320 2086 1376 quo

491 1398 774 1467 descripsit
825 1400 1080 1470 ltigaltius
1110 1443 1124 1468 ,
1186 1403 1387 1470 verba,
1432 1401 1661 1472 ipsemet
1726 1402 1962 1464 fatente,
2011 1399 2084 1454 ita

492 1507 552 1548 se
583 1493 779 1548 habent
811 1511 826 1548 :

582 1608 770 1658 Intrate
792 1607 998 1658 stabulis
1020 1608 1246 1673 sylvestri
1270 1610 1328 1659 ad
1364 1612 1600 1674 praesepia
1626 1611 1770 1660 tauri.

490 1715 791 1786 Alloquitur
880 1717 1106 1790 gentiles
1188 1733 1422 1788 nempe,
1497 1729 1764 1790 tamquam
1833 1715 2082 1772 belluinis

495 1809 708 1873 animis,
734 1810 1078 1880 moribusque
1105 1811 1378 1881 prteditos.
1401 1811 1532 1866 Hinc
1553 1826 1710 1868 versu
1734 1809 2081 1882 praecedenti,

486 1903 640 1955 corda
660 1906 767 1976 fera
788 1913 833 1956 et
848 1916 1167 1974 exasperata;
1193 1905 1440 1960 Instruct.
1463 1921 1624 1962 xxxv.
1655 1920 1704 1957 v.
1740 1906 1786 1967 l,
1825 1902 2086 1958 Indomita

497 2012 674 2062 cervis;
705 2011 760 2049 v.
789 1996 842 2059 5,
871 1994 996 2048 Noli
1015 2013 1166 2065 pecus
1195 2013 1300 2051 esse
1321 1997 1565 2068 ferinum;
1595 2013 1649 2062 ν,
1682 1996 1769 2059 l7,
1792 1994 1948 2060 Quasi
1971 1993 2084 2050 bet-

484 2087 582 2140 tiits
610 2105 805 2141 errans.
831 2087 940 2142 Hos
967 2089 1142 2160 igitur,
1174 2090 1655 2155 instartaurorum,
1683 2089 1734 2142 iu
1765 2089 1927 2159 sylvis
1943 2103 2082 2142 cam-

483 2179 671 2251 pisque
697 2181 938 2252 palantes
970 2182 1176 2247 invitat,
1202 2195 1257 2237 ut
1277 2182 1532 2237 Ecclesiae
1551 2181 1756 2236 stabula
1790 2182 2078 2246 intrarent,

481 2283 537 2326 ttt
582 2273 646 2328 ad
695 2273 890 2330 Christi
943 2290 1186 2347 praesepe
1221 2276 1578 2352 accederent;
1628 2277 1738 2341 ubi,
1791 2287 1848 2330 ut
1895 2274 2083 2331 verbis

487 2365 732 2436 proxime
762 2368 1111 2437 sequentibus
1140 2368 1373 2440 loquitur
1393 2411 1407 2434 ,
1438 2369 1722 2424 latronibus
1755 2369 1850 2422 tuti
1880 2367 1972 2421 sub
1999 2383 2079 2421 re-

476 2460 562 2528 gia
611 2468 738 2512 tecta
767 2472 1046 2515 manerent.
1072 2461 1188 2516 Non
1235 2462 1422 2517 dubito
1453 2461 1613 2533 igitur
1635 2505 1648 2529 ,
1679 2462 1806 2533 quin
1837 2478 1966 2517 cum
2006 2460 2076 2516 cl.

480 2552 759 2608 llodwello
788 2553 896 2608 levi
947 2555 1240 2610 mutatione
1268 2554 1549 2626 legendum
1581 2555 1650 2610 sit
1683 2574 1695 2609 :
1729 2553 1929 2608 Intrate
1973 2564 2080 2608 stri-

475 2644 596 2699 lmla
621 2647 894 2717 Syluestris
937 2649 1004 2702 ad
1047 2650 1295 2721 prwsepia
1335 2651 1471 2706 tauri
1510 2669 1524 2704 :
1562 2648 1838 2720 Sylvestris
1882 2647 2078 2719 plurali

476 2755 701 2794 numero
734 2756 830 2810 pro
863 2741 1185 2812 Sylvestreis
1213 2760 1228 2802 :
1278 2754 1509 2813 utroque
1542 2743 1684 2797 enim
1735 2743 1896 2797 modo
1938 2742 2075 2797 scri-

474 2832 673 2887 bebant
723 2843 950 2888 veteres.
993 2854 1011 2886 ι
1065 2834 1282 2888 —llacc
1312 2833 1609 2901 hactenus,
1652 2843 1708 2889 et
1752 2835 1928 2888 forsan
1955 2833 2075 2904 plus

479 2927 611 2980 satis
631 2942 697 2982 ex
727 2927 1040 2983 doctissimo
1065 2926 1263 2983 Cavco.
1298 2927 1393 2982 Hic
1421 2927 1759 2982 solummodo
1778 2925 1957 2980 adhuc
1977 2925 2074 2979 ob-

473 3033 632 3075 servo
662 3063 676 3085 ,
723 3021 866 3093 quod
902 3021 1223 3076 Sirmondus
1253 3022 1379 3092 legit
1410 3039 1422 3074 :
1453 3019 1654 3074 Intrate
1681 3019 1884 3073 stabiles
1909 3026 2072 3072 vestra

474 3116 544 3166 ad
582 3115 829 3184 praesepia
852 3116 1007 3168 tauri.
1041 3114 1098 3168 In
1126 3115 1436 3186 apographo
1468 3126 1647 3168 autem
1673 3122 1790 3169 erat
1824 3131 1836 3166 :
1869 3111 2070 3166 Intrate

471 3207 667 3260 stabilis
699 3207 947 3278 Sylvestri
973 3209 1041 3260 ad
1087 3211 1334 3279 prmepia
1361 3209 1512 3262 tauri.
1547 3208 1782 3262 Tandem
1819 3207 2067 3273 observo,

471 3301 612 3371 quod
637 3301 706 3356 cl.
743 3301 1128 3358 Schroeckhius
1153 3303 1204 3356 in
1226 3303 1446 3357 historia
1474 3301 1767 3356 chrisnana
1797 3311 1950 3371 parte
1975 3316 2026 3355 iv
2051 3343 2066 3368 ,

470 3407 596 3463 pag.
649 3393 752 3449 489
801 3404 854 3451 et
874 3395 944 3450 cl.
1003 3393 1356 3467 Oelrichs(l)
1386 3394 1666 3449 sententiae
1695 3393 2068 3449 dodwelliante

468 3485 743 3543 accedant.

1090 3615 1384 3656 ARTICULUS
1408 3616 1466 3658 ΙΙ-

699 3691 779 3762 De
801 3692 967 3747 libello
986 3709 1130 3762 quem
1159 3691 1546 3747 Commodianus
1570 3693 1868 3763 composuit.

551 3828 801 3900 Opusculi
833 3828 1017 3882 divisio
1048 3836 1093 3884 et
1121 3842 1326 3898 scapus.
1350 3858 1422 3870 --
1445 3827 1776 3897 Opusculum
1804 3829 2060 3885 Commo-

472 3923 618 4008 diatti
653 3924 1008 3977 instructiones
1038 3923 1283 3976 adversus
1308 3925 1533 3994 gentium
1564 3923 1697 3979 Deos
1725 3925 2058 3996 inscriptum,

467 4019 733 4088 octoginta
759 4017 838 4088 (2)
860 4015 1150 4071 universim
1175 4015 1548 4084 complectitur
1579 4016 1751 4087 capita
1786 4036 1800 4072 :
1833 4034 2060 4088 quorum

466 4113 644 4180 priora
675 4127 768 4166 sex
790 4122 844 4165 et
873 4111 1087 4181 triginta
1104 4110 1170 4164 ad
1198 4109 1444 4166 homines
1471 4111 1804 4180 potissimum
1826 4111 2058 4183 dirigun-

468 4217 556 4263 tur
590 4223 619 4262 a
659 4206 954 4261 christiana
1003 4205 1266 4275 religione
1313 4205 1552 4272 alienos;
1600 4205 1792 4276 quibus
1826 4207 2060 4261 vanitate

466 4300 754 4370 impiorum
803 4299 1080 4352 numinum
1125 4298 1510 4364 demonstrata,
1539 4313 1632 4352 eos
1662 4299 1725 4352 ad
1764 4299 2058 4370 suscipien-

466 4393 588 4449 dam
615 4391 813 4446 Cbristi
840 4391 1154 4460 religionem
1187 4389 1450 4456 hortatur;
1476 4406 1594 4462 quae
1617 4401 1792 4447 autem
1821 4408 2054 4462 sequun-

369 4463 384 4476 .
467 4497 553 4542 tur
593 4499 763 4555 usque
797 4483 864 4537 ad
908 4481 1374 4554 quadragesimum
1403 4493 1670 4553 quartum,
1702 4484 1916 4540 Iudaeos
1937 4499 2052 4540 res-
2081 4487 2132 4546 D

466 4579 669 4649 piciunt
689 4618 705 4642 ,
735 4591 872 4646 quos
897 4586 1082 4630 auctor
1107 4576 1172 4630 ad
1199 4575 1474 4632 christiani
1498 4579 1728 4633 nominis
1747 4579 2051 4633 societatem

465 4673 698 4744 graviter
720 4671 953 4737 invitat;
1002 4670 1090 4726 ubi
1111 4671 1268 4726 simul
1295 4671 1362 4727 de
1394 4672 1728 4737 antictiristo,
1765 4671 2053 4741 dejudicio

467 4778 521 4823 et
571 4767 967 4825 resurrectione
1015 4767 1176 4821 verba
1233 4766 1358 4823 facit
1404 4785 1417 4820 :
1449 4767 1652 4837 reliqua
1682 4782 1809 4821 vero
1837 4765 1903 4820 ad
1931 4780 2052 4822 rru-

471 4860 698 4916 diendos
751 4860 1020 4931 praecipue
1065 4860 1501 4927 catechumenos,
1543 4861 1740 4929 Deique
1778 4859 2052 4929 religiosos

463 4955 718 5020 cultores,
752 4965 806 5010 et
831 4954 1133 5025 singillatim
1180 4956 1246 5011 ad
1286 4956 1609 5027 paenitentes
1655 4954 1942 5023 pertinent;
1982 4967 2050 5009 ne

463 5046 613 5104 obliti
645 5047 848 5104 scilicet
883 5047 1296 5116 Christianorum
1329 5048 1628 5108 officiorum
1676 5045 1742 5099 ad
1768 5043 2046 5101 saecularia

459 5141 702 5200 redeant.

535 5236 712 5308 Stylus
735 5237 972 5294 auctoris.
996 5268 1068 5282 —
1098 5239 1324 5310 Scripsit
1349 5237 1768 5294 Commodiauus
1801 5234 2045 5294 mediocri

457 5349 703 5400 sermone,
731 5336 878 5406 quasi
911 5351 1076 5400 uersu,
1110 5335 1282 5405 inquit
1301 5333 1632 5390 Gennadius.
1660 5329 1920 5388 Nimirum
1945 5327 2038 5382 Ri-

525 5449 765 5521 (lHlale
785 5449 851 5503 ad
877 5447 1131 5521 saeculum
1159 5457 1414 5521 quartum
1436 5441 2042 5521 reiicitur_Go_mmodia-

450 5513 567 5575 nus.
586 5513 862 5584 'Oelrichs,
895 5513 1260 5591 Comruenttirii
1288 5523 1354 5591 _de
1379 5513 1632 5591 Scriptor.
1662 5513 1864 5570 Eccles.
1889 5514 2034 5568 latin.

444 5593 678 5661 priorum
706 5608 796 5646 sea:
819 5591 1054 5652 δίκαιον,
1085 5603 1204 5658 pag.
1235 5589 1326 5661 44.

509 5659 584 5728 (2)
611 5657 1091 5724 Schurtzfleisch.,
1116 5657 1315 5728 praefat.
1340 5659 1406 5716 ad
1431 5657 1890 5716 Commodianum.

2200 355 2301 394 nec
2323 340 2564 394 modulos
2595 351 2776 395 servat
2801 357 2814 394 :
2845 338 3015 409 major
3032 339 3229 409 ubique
3245 337 3617 394 acrostichidis
3630 339 3789 403 ratio,

2199 450 2356 504 quam
2413 436 2588 490 metri.
2631 433 3031 488 Acroatichides
3086 447 3216 488 vero
3253 443 3378 488 sunt
3419 447 3484 488 ex
3530 432 3792 503 cujusque

2200 527 2438 595 pmmatii
2472 527 2638 580 titulis
2661 535 2983 582 constructae
3010 568 3024 590 ,
3057 529 3134 581 sic
3155 525 3432 596 adsignata
3455 531 3650 596 culque
3665 541 3790 580 ver-

2193 625 2272 678 sui
2299 624 2471 678 littera
2491 663 2506 689 ,
2537 632 2594 677 ut
2625 639 2654 677 a
2690 623 2861 692 primo
2906 622 3167 694 cujusque
3196 620 3433 694 pmmatii
3465 637 3622 678 versu
3650 631 3793 678 totus

2197 715 2454 785 deinceps
2483 715 2731 786 poematii
2761 716 2943 770 titulus
2967 731 3060 786 per
3088 715 3296 771 litteras
3313 729 3565 770 versuum
3591 716 3791 786 primas

2193 806 2462 861 decurrat.
2499 825 2518 857 ι
2567 806 2780 861 Alicubi
2809 815 2986 862 tamen
3016 805 3197 862 deficit
3224 805 3341 861 haec
3363 821 3572 873 norma,
3599 817 3655 861 ut
3679 807 3791 862 suis

2192 899 2324 953 locis
2362 897 2792 953 animadversum
2848 907 2930 954 est
2962 913 2992 953 a
3032 899 3159 954 viris
3187 898 3411 954 eruditis
3439 897 3542 971 (2).
3588 897 3789 954 Versus

2190 999 2369 1045 autem
2399 988 2772 1045 Commodiani
2817 991 2888 1045 ita
2919 1000 3043 1046 sunt
3075 991 3372 1061 comparati
3398 1032 3413 1056 ,
3447 1000 3504 1045 ut
3533 1005 3790 1046 numerus

2190 1083 2501 1145 Hexametri
2520 1084 2774 1140 carminis
2799 1095 3085 1156 utrumque
3111 1095 3377 1148 servetur,
3411 1084 3654 1155 neglecta
3679 1084 3792 1155 syl-

2189 1179 2429 1234 labarum
2460 1179 2780 1250 quantitate,
2809 1179 2947 1234 sicut
2977 1180 3030 1234 iu
3054 1180 3262 1250 psalmo
3293 1177 3569 1234 trocltaico
3591 1179 3648 1234 S.
3673 1178 3788 1234 Att-

2189 1275 2386 1345 gustini
2412 1284 2597 1330 contra
2627 1287 2833 1344 partem
2866 1273 3078 1338 Donati,
3110 1274 3198 1344 qtti
3217 1273 3333 1344 ejus
3361 1273 3576 1343 scriptis
3599 1280 3788 1328 contra

2192 1368 2479 1435 Donatum,
2530 1378 2661 1424 tom.
2693 1385 2744 1423 ιχ
2772 1383 2992 1438 operum
3021 1367 3364 1438 prmmittitur
3399 1383 3414 1418 :
3449 1365 3534 1420 vel
3565 1367 3704 1421 sicut
3731 1365 3787 1420 in

2190 1463 2311 1517 aliis
2370 1462 2508 1533 apud
2564 1462 2828 1516 illustrem
2878 1461 3184 1531 Scipionem
3250 1457 3518 1514 Maffeium
3569 1458 3784 1514 dissert.

2194 1555 2458 1627 (subjecta
2500 1557 2618 1627 ejus
2669 1556 2911 1611 historiae
2949 1553 3328 1627 diplomaticat)
3383 1552 3555 1624 Sapra
3599 1555 3617 1607 i
3657 1555 3787 1608 uersi

2111 1652 2158 1712 Β
2185 1650 2372 1703 ritmici
2398 1693 2412 1719 ,
2463 1665 2582 1720 pag.
2606 1649 2708 1704 186
2732 1691 2746 1715 ,
2780 1665 2932 1720 seqq.
2967 1658 3016 1703 ct
3052 1650 3104 1703 in
3137 1647 3467 1704 hexametris
3505 1646 3674 1702 codici
3705 1647 3786 1702 la-

2193 1744 2536 1798 tino-biblico
2592 1745 2883 1814 praemissis
2924 1743 3065 1798 circa
3108 1757 3306 1796 annum
3341 1740 3540 1796 Christi
3584 1742 3710 1810 750,
3751 1757 3784 1796 a

2191 1834 2451 1905 Gregorio
2487 1835 2745 1890 cardinali
2804 1833 2942 1905 apud
3002 1833 3210 1889 Justntn
3273 1833 3675 1900 Fontaninum,
3729 1832 3786 1888 in

2189 1929 2486 2000 appendice
2518 1928 2585 1982 ad
2614 1930 2821 1984 discum
2866 1938 3180 2000 argenteum
3209 1929 3446 1982 votivum
3473 1972 3486 1995 ,
3521 1943 3641 1998 pag.
3670 1925 3741 1982 86
3766 1969 3783 1995 ,

2192 2023 2271 2078 vel
2305 2033 2360 2077 ut
2407 2024 2460 2076 in
2492 2022 2818 2078 carminibus
2862 2021 3092 2092 politicis
3131 2022 3367 2077 recentis
3390 2020 3614 2076 Gracia)
3647 2020 3787 2075 solet

2190 2116 2326 2180 ﬁeri,
2358 2116 2443 2171 vel
2473 2117 2629 2186 quale
2659 2131 2878 2172 carmen
2907 2116 3262 2170 hexametrou
3291 2131 3524 2187 grazcum
3547 2129 3612 2170 ex
3634 2115 3783 2186 psal-

2189 2211 2324 2266 terio
2367 2210 2465 2264 Ms.
2509 2210 2849 2266 murbacensi
2896 2209 3066 2265 edidit
3110 2209 3492 2266 celeberrimus
3517 2207 3783 2264 Montfau-

2187 2303 2376 2357 conius
2403 2303 2454 2356 in
2481 2302 2878 2372 Palaeographia
2911 2300 3119 2365 Grmca,
3147 2317 3266 2373 pag.
3289 2300 3416 2358 220.

2263 2396 2343 2450 Ad
2373 2397 2636 2451 rationem
2669 2405 2848 2451 autem
2881 2387 3156 2451 scribendi
3181 2395 3322 2465 quod
3353 2395 3566 2460 attinet,
3591 2393 3784 2450 durior

2186 2488 2272 2544 illa
2301 2489 2540 2559 quidem,
2585 2489 2708 2559 quia
2737 2498 2790 2543 et
2816 2489 3106 2544 insolentes
3133 2489 3184 2542 in
3211 2487 3364 2542 Latio
3393 2502 3552 2543 voces
3582 2488 3782 2556 passim

2185 2581 2442 2636 adhibitae
2490 2597 2504 2635 :
2543 2581 2636 2636 sed
2683 2582 2918 2636 vicissim
2958 2596 3148 2651 graecae
3173 2579 3434 2636 aclatinte
3451 2577 3780 2650 antiquitatis

2184 2675 2316 2728 scita
2345 2689 2450 2728 non
2481 2673 2724 2744 vulgaria
2759 2674 3034 2730 interserit
3064 2682 3251 2729 auctor
3275 2715 3290 2742 ,
3338 2681 3397 2728 ut
3439 2671 3570 2727 viris
3598 2671 3777 2728 doctis

2181 2763 2548 2825 observatum.

2248 2861 2428 2932 Operis
2456 2861 2693 2931 pretium,
2725 2873 2771 2916 et
2796 2858 3372 2916 censura.—C:cterum
3397 2859 3451 2914 itt
3478 2859 3579 2914 hoc
3600 2859 3780 2916 eccle-

2182 2956 2413 3010 siastica:
2442 2956 2725 3011 vetuStatis
2739 2964 3091 3011 monumento
3112 2963 3382 3025 spectatur
3409 2953 3776 3024 imprimisan—

2099 3057 2144 3119 ρ
2180 3047 2324 3117 tiqua
2365 3049 2535 3117 pietas
2565 3051 2716 3117 :ejus
2741 3048 2884 3103 enim
2911 3049 3110 3101 Auctor
3137 3047 3334 3118 ubique
3377 3061 3437 3102 se
3476 3046 3656 3117 prodit
3690 3047 3769 3102 vi-

2172 3156 2289 3194 rum
2323 3141 2542 3207 bonum,
2579 3157 2709 3196 vere
2754 3141 3103 3197 christianum
3128 3185 3141 3207 ,
3186 3141 3255 3196 ab
3283 3140 3427 3196 omni
3449 3139 3637 3210 gloria!
3664 3154 3771 3196 ste-

2172 3234 2370 3290 cularis
2429 3234 2570 3288 fastu
2624 3233 2885 3300 alienum,
2935 3243 2992 3288 et
3035 3232 3350 3296 charitatis,
3387 3247 3508 3303 quae
3555 3233 3772 3302 proprie

2171 3327 2520 3382 christianum
2563 3325 2739 3392 decet,
2788 3325 3049 3380 cultorem
3081 3327 3380 3397 egregium.
3404 3326 3475 3380 At
3505 3325 3634 3381 illud
3662 3340 3770 3380 non

2170 3430 2252 3476 est
2271 3418 2727 3474 dissimulandum
2752 3460 2766 3483 ,
2793 3418 2963 3495 ntevjs
2989 3418 3195 3487 aliquot
3225 3419 3530 3488 inspersum
3554 3431 3674 3472 esse
3700 3417 3767 3470 li-

2169 3513 2390 3579 bellum,
2446 3529 2581 3584 quos
2631 3527 2754 3568 cum
2810 3513 3078 3570 nonnullis
3116 3513 3468 3572 vetustiorum
3543 3511 3764 3567 Patrum

2168 3621 2481 3661 communes
2502 3605 2662 3661 habet
2679 3603 3100 3661 Commodianus
3126 3623 3141 3661 ι
3166 3606 3466 3676 cujusmodi
3483 3613 3627 3670 sunt,
3643 3619 3764 3676 quae

2168 3708 2457 3754 narrantttr
2503 3697 2570 3752 de
2616 3698 2840 3768 Angelis
2858 3697 3248 3770 desertoribus,
3279 3699 3421 3756 unde
3442 3699 3551 3762 nati
3575 3699 3762 3768 gigan-

2167 3801 2247 3847 tes
2279 3791 2384 3863 (5);
2413 3791 2481 3846 de
2509 3789 2810 3857 chiliasmo,
2851 3789 2918 3845 de
2939 3791 3172 3845 anastasi
3200 3791 3390 3862 prima,
3423 3789 3490 3846 de
3512 3788 3762 3848 felicitate

2165 3894 2398 3951 terrena,
2427 3891 2532 3938 etc.
2578 3879 2656 3954 (4)
2692 3895 2856 3952 :qute
2881 3882 3094 3952 quidem
3152 3883 3202 3938 iit
3261 3897 3421 3938 causa
3461 3880 3626 3937 fuisse
3683 3881 3762 3937 vi-

2165 3975 2384 4042 dentur,
2433 3990 2529 4030 cur
2573 3974 2893 4044 opusculum
2931 3974 3073 4030 inter
3119 3973 3317 4030 Celasii
3344 3970 3649 4047 apocrypha
3667 3986 3754 4028 re-

2161 4077 2476 4124 censeretur
2505 4085 2518 4121 :
2544 4065 2993 4136 quemadmodum
3032 4067 3086 4121 in
3119 4065 3370 4123 eumdem
3414 4081 3635 4122 censum
3667 4080 3749 4122 re-

2161 4161 2402 4216 feruntur
2433 4162 2559 4216 item
2587 4159 2656 4214 ob
2683 4174 2810 4214 suos
2833 4173 3017 4214 naevos
3047 4159 3304 4216 Clemens
3336 4157 3751 4223 Alexandrinus,

2162 4251 2449 4318 Arnobius,
2483 4249 2810 4318 Lactantius,
2839 4249 3104 4322 Sulpicius
3129 4250 3384 4316 Severus,
3407 4248 3600 4321 aliique
3617 4264 3756 4320 pra:-

2159 4345 2471 4400 stantissimi
2503 4346 2782 4400 Auctores.
2818 4344 3014 4402 Verum
3063 4345 3203 4400 haud
3239 4345 3309 4399 ita
3337 4355 3422 4400 est
3446 4343 3753 4416 accipienda

2159 4438 2355 4495 Cclasii
2385 4454 2634 4505 censura,
2665 4447 2726 4496 ut
2751 4439 3014 4511 ejusmodi
3045 4440 3398 4496 vestutiorum
3427 4439 3751 4510 scriptorum

2157 4547 2317 4600 Opera
2347 4548 2570 4602 prorsus
2599 4533 2889 4603 rejirienda
2918 4533 3292 4592 existimentur
3317 4550 3331 4598 ;
3359 4531 3579 4603 perinde
3609 4546 3673 4588 ac
3699 4531 3744 4586 si

2155 4640 2218 4680 ea
2247 4641 2488 4682 summus
2515 4626 2602 4680 ille
2622 4625 2858 4696 pontifex
2873 4629 2935 4681 ab
2960 4627 3190 4682 Ecclesia
3212 4628 3417 4684 omnino
3441 4626 3743 4696 proscribat,

2154 4717 2326 4786 inquit
2347 4734 2569 4788 magnus
2602 4718 2861 4774 Baronius
2882 4717 2986 4789 (5),
3017 4719 3112 4774 sed
3143 4728 3200 4773 ut
3227 4718 3438 4790 publica
3468 4717 3519 4774 in
3551 4716 3742 4771 Eccle-

2151 4809 2226 4862 sia
2280 4809 2511 4864 lectione
2562 4809 2854 4879 priventur.
2897 4809 3009 4878 Qua
3063 4810 3130 4866 de
3174 4825 3232 4866 re
3273 4823 3371 4864 nos
3396 4808 3523 4864 alibi
3563 4822 3627 4863 ex
3669 4807 3741 4863 cl.

2150 4899 2469 4956 Fontaninio
2501 4898 2579 4972 (6)
2611 4901 2759 4972 plura
2788 4902 3104 4960 observasse
3131 4904 3474 4962 meminimus
3501 4943 3518 4971 ,
3553 4901 3741 4962 scribit

2222 5013 2303 5084 ll)
2327 5013 2540 5082 Rigalt..
2569 5013 2672 5068 loc.
2701 5014 2794 5070 cit.

2224 5085 2304 5156 (2)
2335 5085 2408 5156 In,
2435 5085 2621 5156 ultimo
2671 5088 2846 5156 capite
2897 5088 3210 5144 aerostichis
3254 5102 3358 5144 nou
3392 5097 3448 5144 ut
3479 5088 3532 5142 in
3557 5087 3730 5143 aliisa

2149 5155 2330 5229 primo
2348 5155 2413 5209 ad
2442 5155 2716 5229 ultimum,
2743 5155 2847 5213 sed
2888 5174 2916 5212 a
2963 5172 3227 5228 postremo
3263 5159 3328 5213 ad
3355 5161 3579 5229 priutum
3615 5176 3731 5214 ver-

2145 5243 2265 5352 ant
2321 5228 2542 5311 legenda
2584 5229 2748 5283 refert
2789 5233 2950 5286 verba
2983 5251 2996 5286 :
3029 5228 3422 5287 Commodianus
3472 5230 3734 5286 mendicus

2224 5309 2352 5352 risit.

2222 5369 2299 5444 (3)
2324 5369 2718 5444 Commodian.,
2746 5371 2992 5428 Instritct.
3025 5391 3102 5430 nt.

2227 5441 2305 5510 (li)
2339 5441 2440 5502 ld..
2469 5441 2710 5496 Instruct.
2745 5460 2890 5502 xwtt.
2925 5461 3067 5500 xuv.

2235 5513 2313 5590 (ᾗ)
2334 5514 2562 5590 _l}aron._,
2586 5514 2653 5569 ad
2683 5531 2804 5590 ann.
2832 5516 2922 5590 51,
2947 5517 2974 5590 §
3003 5518 3093 5576 60.

2223 5583 2302 5667 (fi)
2326 5583 2811 5667 Foramina-Hist.
2841 5583 3060 5659 Aquites}
3096 5591 3323 5660 litteraL,
3363 5589 3458 5649 lib.
3494 5607 3564 5660 ν,
3602 5607 3723 5667 cap.

2144 5656 2229 5725 ll,
2265 5655 2291 5727 §
2324 5657 2387 5724 8,
2422 5671 2540 5727 pag.
2568 5656 2693 5713 554.
