4020 6072
275 123 377 199 197'

1207 123 1298 200 bis
1333 141 1777 200 COMMODIANO
1803 142 2074 212 etme,
2106 143 2382 202 ORIGINE
2421 141 2626 202 anno.

3443 137 3544 203 198

267 263 562 336 perdoctus
581 261 894 319 Gallandius
919 261 1026 335 (ι).
1052 277 1118 320 ex
1144 278 1250 333 quo
1271 264 1387 320 hate
1402 263 1854 334 deprompsimus.
1886 266 1937 323 Δ
1965 273 2116 327 rant;
2147 263 2424 328 divitibus,
2475 263 2570 328 ait,
2621 277 2688 317 ne
2727 270 2948 334 propter
2967 261 3179 317 divitias
3207 276 3332 317 suas
3366 269 3545 316 mente

342 355 610 409 Judicium
635 355 703 408 cl.
729 353 942 424 Dupinii
979 355 1042 408 de
1091 355 1242 425 siglo,
1272 354 1507 408 Auctoris
1533 355 1823 409 charactere
1843 397 1857 420 ,

271 453 539 520 operisque
563 449 746 519 pretio.
777 477 849 488 —
873 449 911 502 Α
940 462 1164 504 censura
1207 445 1473 503 Gallandii
1501 462 1606 502 non
1633 446 1860 501 multum

266 541 479 597 abludit
498 540 738 612 perdocti
765 539 972 612 Dupinii
1004 538 1083 613 (Ξ)
1113 539 1182 598 de
1207 539 1612 604 Contmodiano,
1639 539 1863 610 ejusque

270 634 454 689 libello
480 635 656 690 crisis.
691 633 856 690 Stilus
885 632 1022 703 ejus,
1049 632 1218 703 inquit
1247 632 1358 696 hic,
1381 639 1465 688 est
1494 632 1680 696 durus,
1698 631 1861 687 verba

270 726 497 782 barbara
527 768 542 793 ,
599 735 655 783 et
703 725 1054 797 cogitationes
1101 725 1367 780 demissas.
1411 725 1613 779 Auctor
1656 722 1863 778 videtur

269 817 436 875 fuisse
477 820 670 887 bonus,
723 818 973 890 simplex,
1023 817 1258 884 humilis,
1309 817 1618 882 beneﬁcus,
1667 814 1864 871 Christi

267 928 456 968 amore
482 911 924 986 ﬂagrantissimus
949 955 963 979 ,
997 912 1114 982 ejus
1154 910 1395 980 religioni
1422 909 1815 965 addictissimus
1843 951 1859 978 ,

269 1007 515 1062 moribus
557 1005 785 1060 austeris
810 1046 825 1070 ,
855 1004 986 1059 vitio
1013 1003 1425 1066 iul'ensissimus,
1459 1002 1637 1057 omnia
1679 999 1863 1057 saeculi

271 1098 434 1169 hujus
459 1100 595 1155 bona
618 1099 768 1170 parvi
798 1099 1000 1154 faciens
1025 1138 1041 1163 ,
1089 1098 1286 1169 quique
1309 1097 1542 1167 optimus
1571 1095 1863 1151 monachus

270 1189 483 1256 fuisset,
514 1191 650 1246 sicut
679 1191 982 1246 observavit
1010 1189 1286 1262 Rigaltius.
1315 1189 1430 1244 Non
1448 1198 1564 1245 erat
1583 1198 1760 1243 tamen
1776 1187 1862 1242 in-

270 1281 468 1338 doctus
491 1324 507 1349 ,
562 1293 722 1353 atque
775 1283 1086 1353 imperitus;
1136 1281 1304 1337 multa
1349 1281 1490 1336 enim
1517 1280 1724 1336 erudita
1749 1321 1765 1347 ,
1796 1279 1864 1334 ad

270 1375 548 1432 scientiam
599 1376 876 1447 profanam
927 1375 1268 1446 pertinentia,
1307 1374 1360 1428 in
1407 1373 1524 1444 ejus
1558 1388 1720 1443 Opere
1766 1374 1863 1427 ba-

270 1468 505 1535 bentur;
537 1473 700 1524 immo
722 1468 973 1524 nonnulla
1004 1468 1349 1524 inveniuntur
1368 1467 1437 1523 de
1463 1466 1741 1538 gentilium
1764 1465 1864 1521 diis

271 1576 416 1628 rara,
448 1570 503 1616 et
526 1560 810 1631 exquisita.
836 1560 1055 1616 Videtur
1075 1575 1196 1616 esse
1221 1560 1414 1615 mentis
1435 1575 1602 1623 same,
1630 1559 1790 1624 acris,
1811 1565 1866 1614 et

271 1653 578 1709 cbristianis
629 1655 913 1724 prmceptis
955 1654 1243 1710 moralibus
1271 1652 1722 1709 instructissimae.

347 1747 529 1816 θρα-ξε
555 1749 712 1820 hujus
731 1750 964 1821 synoptis
991 1766 1077 1804 seu
1102 1750 1349 1821 analyst's.
1371 1779 1439 1790 —
1461 1748 1518 1803 In
1548 1759 1656 1804 tres
1685 1757 1866 1819 partes

271 1840 437 1895 dividi
470 1851 646 1912 potest
689 1841 792 1898 hoc
833 1843 1169 1912 opusculum.
1199 1844 1398 1907 Prima,
1430 1859 1549 1914 qum
1576 1843 1783 1914 triginta
1813 1853 1869 1898 et

271 1947 369 1988 sex
386 1933 636 2004 strophas
657 1935 916 2001 continet,
939 1936 1189 2006 inscripta
1211 1944 1295 1990 est
1309 1934 1620 2010 gentilibus,
1643 1951 1780 2008 quos
1800 1935 1866 1990 ad

271 2024 624 2082 christianam
697 2025 1006 2099 religionem
1075 2026 1504 2097 amplectendam
1579 2028 1864 2095 hortatur,

273 2127 562 2190 postquam
585 2117 736 2186 deos,
770 2105 906 2194 quos
931 2118 1158 2174 adorant
1177 2160 1192 2187 ,
1228 2119 1442 2174 lictitios
1471 2133 1591 2174 esse
1616 2118 1869 2174 demons-

276 2210 462 2266 travit.
497 2211 742 2268 Secunda
789 2210 1041 2285 inscripta
1077 2221 1161 2268 est
1188 2210 1420 2278 Judaeis,
1452 2227 1591 2284 quos
1619 2211 1777 2268 etiam
1800 2212 1868 2268 ad

276 2300 440 2355 ﬁdem
469 2300 810 2358 christianam
837 2303 1266 2372 amplectendam
1296 2303 1560 2372 hortatur,
1576 2304 1870 2362 ostendens

275 2391 450 2464 legem
481 2392 646 2449 fuisse
677 2395 1031 2467 ﬁgurativam.
1065 2396 1140 2452 De
1165 2396 1486 2452 antichristo
1519 2437 1533 2462 ,
1561 2397 1759 2468 judicio
1789 2398 1871 2452 ul-

280 2485 434 2551 timo,
479 2495 531 2541 et
577 2488 975 2544 resurrectione
1003 2487 1240 2543 disserit.
1268 2488 1462 2544 Ultima
1503 2488 1759 2559 inscripta
1789 2499 1872 2546 est

277 2575 588 2632 cbristianis
613 2576 1011 2651 catechumenis
1035 2618 1051 2644 ,
1082 2578 1331 2634 ﬁdelibus
1359 2588 1414 2634 et
1442 2579 1824 2650 paenitentibus
1851 2622 1866 2648 ,

279 2667 477 2738 quibus
507 2679 773 2741 praecepta
795 2670 1018 2726 moralia
1045 2672 1249 2743 Optima
1276 2670 1396 2739 dat;
1425 2687 1457 2727 a
1491 2672 1712 2743 stropha
1739 2689 1870 2744 qua-

280 2762 581 2835 dragesima
598 2775 748 2836 sexta
772 2765 980 2838 incipit.

353 2857 512 2925 Apud
536 2858 678 2913 hunc
705 2869 980 2915 auctorem
1012 2868 1254 2930 veterum
1280 2877 1495 2918 errores
1523 2864 1763 2935 plerique
1784 2865 1863 2919 in-

280 2947 590 3004 veniuntur.
640 2949 803 3006 Docet
843 2950 1117 3008 daemones
1163 2968 1287 3009 esse
1335 2956 1557 3030 angelos
1585 2956 1869 3010 mulierum

1964 355 2212 412 elatiores
2256 355 2401 422 fiant,
2436 355 2528 410 sed
2559 369 2650 410 eas
2676 355 2858 423 egenis
2895 353 3267 424 impertiuntur
3289 395 3302 417 .
3333 352 3547 420 illosju-

1963 457 2125 516 vent,
2179 464 2349 519 :egros
2381 449 2613 502 iuviSant
2634 488 2648 513 ,
2680 461 2743 501 ac
2773 447 3069 517 indigentes
3090 448 3346 500 nutriant.
3380 443 3545 498 Filio-

1963 558 2081 597 rum
2109 551 2163 597 et
2191 551 2536 612 cognatorum
2568 551 2793 595 mortem
2824 555 2927 594 non
2954 555 3074 595 esse
3102 537 3542 609 complorandam

1964 635 2111 690 dicit.
2135 635 2405 690 Funebres
2438 649 2658 706 pompas
2697 645 2750 689 et
2772 633 2955 688 itinera
3001 631 3274 701 splendida
3305 631 3543 686 damnat.
3629 662 3638 671 ο

1965 727 2074 782 Eos
2098 727 2295 782 acriter
2327 724 2696 797 reprehendit,
2719 726 2808 796 qui
2839 725 2890 777 iu
2915 724 3113 792 templo
3138 723 3410 778 silentium
3441 736 3548 776 non

1964 821 2268 876 observant.
2323 840 2341 873 ι
2370 821 2509 876 Dixit
2549 819 2758 874 Domini
2805 818 3085 884 sacerdos,
3125 836 3145 869 ι
3203 816 3372 887 inquit
3421 813 3502 888 (l)
3531 856 3545 880 ,

1972 932 1992 966 ς
2028 911 2202 968 Corda
2227 913 2292 968 ad
2308 913 2472 968 Deum
2507 912 2711 977 tollile;
2744 908 3085 980 respondetis
3105 923 3202 963 vos
3225 922 3286 962 ea
3309 907 3373 964 ad
3403 906 3549 961 illum

1967 1007 2185 1071 habere,
2217 1016 2270 1060 et
2299 1020 2423 1060 mox
2453 1021 2482 1060 a
2509 1007 2774 1075 promisso
2796 1002 3093 1060 disceditis.
3123 999 3289 1084 Deum
3305 1007 3424 1056 orat
3454 1013 3552 1068 pro

1965 1099 2143 1171 plebe,
2173 1100 2374 1154 interea
2396 1098 2600 1153 fabulas
2625 1100 2764 1152 inter
2792 1111 2889 1150 vos
2911 1095 3143 1150 vicissim
3172 1091 3404 1148 narratis
3426 1132 3442 1157 ,
3469 1089 3546 1144 ri-
3577 1115 3593 1127 ι

1965 1193 2123 1257 detis,
2154 1191 2342 1247 alienae
2384 1191 2540 1245 fama:
2565 1189 2899 1254 obtrectatis,
2935 1199 3214 1244 sermones
3246 1180 3556 1238 inconside-

1966 1294 2112 1340 ratos
2133 1285 2331 1352 seritis,
2355 1287 2507 1356 quasi
2532 1283 2745 1339 abesset
2773 1282 2934 1342 Deus.
2977 1280 3065 1350 qui
3097 1277 3277 1333 omnia
3306 1274 3453 1340 fecit,
3476 1273 3554 1328 vi-

1965 1379 2058 1434 det
2081 1389 2135 1434 et
2157 1378 2322 1434 audit.
2363 1395 2381 1428 ι
2422 1377 2586 1432 [)eum
2627 1375 2966 1446 precantibus
2992 1373 3068 1428 ait
3111 1370 3206 1428 cor
3245 1383 3401 1423 suum
3455 1382 3553 1435 pu-

1965 1471 2214 1537 rificent,
2267 1471 2577 1540 priusquam
2626 1469 2692 1524 ad
2743 1481 2930 1538 preces
2982 1481 3041 1522 se
3085 1465 3383 1521 conferant.
3436 1459 3556 1518 Uno

1965 1566 2155 1632 verbo,
2181 1565 2368 1620 harum
2397 1564 2808 1618 instructionum
2828 1575 2951 1631 pars
2974 1559 3158 1617 ultima
3180 1557 3406 1615 eximias
3427 1571 3558 1614 con—

1895 1661 1943 1723 B
1973 1661 2104 1715 tinet
2127 1659 2528 1714 cohortationes
2550 1700 2564 1723 ,
2622 1657 2813 1726 quibus
2844 1651 3135 1710 Christiani
3160 1653 3411 1710 virtutem
3439 1665 3556 1708 sec-

1970 1761 2171 1810 tentur.
2203 1764 2256 1807 et
2272 1751 2459 1806 vitium
2490 1751 2734 1821 fugiant,
2763 1757 2818 1803 et
2875 1746 3320 1802 commonitiones
3362 1742 3557 1802 adver-

1967 1859 2060 1900 sus
2079 1861 2257 1901 mores
2284 1844 2712 1899 Christianorum
2743 1841 3085 1910 depravatos,
3112 1847 3162 1893 et
3202 1837 3346 1893 illius
3369 1835 3559 1896 saeculi

1967 1938 2164 2010 ﬂagitia
2176 1937 2357 1994 steculi
2387 1937 2554 1994 nostri
2583 1939 2696 1992 fere
2715 1934 2934 1991 similia.
2965 1933 3238 1989 Hactenus
3259 1929 3555 2002 perdoctus

1969 2034 2246 2105 Dupinius.

2571 2163 2862 2205 ARTICULUS
2899 2151 2976 2204 m.

2361 2265 2436 2320 De
2455 2263 2809 2321 Commodiani
2831 2263 3160 2318 editionibus.

2044 2401 2122 2457 De
2136 2403 2358 2457 editione
2372 2403 2766 2474 Rigaltiana.—
2785 2401 2884 2457 Hic
2907 2410 3164 2458 tractatus
3184 2399 3560 2458 Commediani

1971 2494 2063 2550 diu
2093 2496 2247 2551 latuit
2273 2497 2324 2551 in
2351 2496 2606 2561 tenebris,
2631 2505 2686 2552 et
2713 2497 2941 2566 primum
2974 2496 3026 2550 in
3059 2495 3231 2551 lucem
3262 2494 3559 2564 productus

1971 2598 2053 2643 est
2094 2589 2277 2658 elapso
2307 2589 2540 2653 smculo,
2587 2604 2710 2643 cum
2760 2589 2918 2644 Pater
2964 2587 3285 2643 Sirmoudus
3327 2602 3450 2642 eum
3497 2587 3564 2642 de

1971 2680 2194 2750 antiquo
2225 2681 2589 2750 manuscripto
2625 2683 3004 2752 exscripsisset
3032 2680 3136 2754 (2).
3167 2681 3430 2751 Rigaltius
3460 2680 3566 2736 hoc

1973 2774 2274 2843 exemplum
2318 2789 2459 2828 anno
2499 2773 2659 2840 16‘9,
2709 2776 2788 2829 vel
2837 2776 3010 2843 potius
3048 2789 3190 2828 anno
3228 2773 3390 2838 1650.,
3425 2773 3564 2844 typis

1971 2866 2162 2922 excudi
2197 2866 2376 2935 jussit.
2405 2868 2672 2934 Quantum
2711 2883 2840 2923 vero
2870 2884 3014 2923 cura:
3049 2877 3207 2938 atque
3233 2867 3436 2923 laboris
3462 2867 3564 2923 Ri-

1971 2959 2164 3030 galtius
2191 2959 2582 3015 Commodiano
2609 2961 2966 3030 impenderit,
3002 2961 3229 3030 ipsemet
3273 2961 3356 3015 bis
3387 2961 3566 3016 verbis

280 3055 474 3097 amore
520 3051 804 3112 corruptos
829 3085 844 3112 ,
895 3059 963 3099 ex
1001 3060 1226 3116 quorum
1259 3061 1381 3102 cum
1413 3047 1518 3102 illis
1546 3049 1871 3104 commercio
1897 3055 1942 3118 ε]
1974 3049 2254 3104 declarat:
2313 3068 2330 3100 ι
2383 3049 2575 3106 Libelli
2616 3060 2768 3104 vetus
2813 3051 3108 3122 exemplar,
3165 3071 3184 3103 ι
3234 3052 3410 3120 inquit
3458 3050 3563 3123 (5),

274 3130 534 3205 gigantes
566 3134 673 3208 nati
699 3143 864 3203 sunt;
889 3137 1146 3192 mundum
1176 3148 1299 3207 post
1324 3155 1420 3194 sex
1444 3139 1589 3196 mille
1613 3155 1783 3194 annos
1807 3141 1872 3194 fi-

283 3219 456 3286 nitum
480 3231 576 3299 iri;
607 3231 872 3289 Neronem
900 3249 1021 3292 esse
1036 3234 1428 3302 antichristum,
1459 3235 1725 3306 duplicem
1756 3236 1874 3292 fore

284 3327 740 3382 resurrectionem
763 3347 775 3382 ε
799 3331 1248 3385 resurrectionem
1283 3329 1546 3385 bonorum
1573 3341 1698 3386 ante
1727 3329 1872 3385 milie

286 3435 550 3476 annorum
601 3437 861 3493 regnum;
899 3433 954 3480 et
979 3425 1427 3481 resurrectionem
1458 3426 1602 3482 illam
1645 3441 1870 3502 genera-

287 3515 420 3582 lem,
451 3531 569 3587 quan
599 3516 653 3570 in
679 3517 866 3572 ultimo
886 3519 1087 3588 judicio
1118 3519 1212 3574 [iet
1245 3537 1257 3573 :
1291 3530 1413 3592 post
1433 3521 1668 3596 priorem
1697 3537 1874 3577 resur-

287 3609 586 3674 rectionem
628 3611 797 3667 bonos
836 3613 982 3668 mille
1027 3628 1198 3668 annos
1251 3614 1301 3667 in
1362 3601 1502 3670 terra
1557 3630 1870 3682 mansuros;

285 3712 584 3774 posteaque
657 3720 847 3761 omnes
901 3705 1146 3762 homines
1197 3705 1546 3775 iudicandos,
1607 3708 1775 3763 malos
1803 3707 1873 3777 _in

285 3781 470 3868 ignem
507 3800 937 3872 prtecipitandos,
981 3810 1035 3877 et
1070 3785 1233 3860 totam
1270 3811 1475 3878 natura:
1525 3803 1713 3859 faciem
1757 3819 1874 3874 mu-

283 3892 529 3947 tandam.
1016 3875 1018 3877 θ

364 3987 635 4055 Praecepta
668 3987 784 4061 ejus
814 3988 1034 4044 moralia
1074 3989 1268 4044 eximia
1291 3997 1434 4044 sunt.
1459 3987 1874 4058 Catechumen'ts

283 4081 661 4150 commendat,
693 4093 748 4137 ut
796 4082 955 4138 vitam
989 4085 1191 4160 peccati
1235 4095 1511 4157 espcrtem
1539 4092 1736 4154 agant;
1770 4099 1878 4155 pa:-

284 4177 618 4242 nitentibus,
662 4177 777 4232 dies
805 4189 1097 4254 noctesque
1137 4187 1314 4244 orent,
1343 4179 1614 4252 vitamque
1647 4168 1876 4233 severis.

283 4274 424 4327 sime
487 4271 742 4342 exigant,
813 4272 878 4326 ad
956 4271 1130 4344 delicti
1183 4272 1390 4340 veniam
1458 4272 1872 4342 impetrandam.

284 4365 546 4421 Hortatur
573 4365 777 4429 lideles,
805 4367 1000 4420 malum
1029 4367 1214 4432 vitent,
1245 4364 1534 4437 odiumque
1563 4366 1833 4438 deponant
1855 4407 1872 4433 ,

1980 3161 2001 3194 ί
2038 3144 2402 3214 apograpbum
2446 3143 2604 3200 habui
2636 3154 2842 3198 tantum
2870 3145 2938 3199 ab
2968 3144 3167 3199 eximio
3209 3146 3329 3200 viro
3365 3144 3567 3200 Jacobo

1977 3239 2297 3304 Sirmoudo;
2325 3238 2421 3293 sed
2445 3237 2606 3295 foedis
2627 3239 2827 3310 ubique
2851 3238 2966 3294 fere
2991 3239 3200 3294 mendis
3227 3248 3561 3310 corruptum.

1978 3331 2226 3390 Veterem
2258 3334 2614 3403 scripturam,
2649 3333 2734 3389 vel
2766 3335 2880 3404 ipse
2904 3333 3227 3390 Sirmondus
3258 3335 3448 3398 habet,
3479 3333 3568 3389 vel

1979 3426 2118 3480 unde
2145 3425 2328 3482 haberi
2357 3436 2548 3494 queat,
2593 3426 2734 3482 scire
2763 3443 2868 3480 non
2895 3425 3176 3484 diffitetur.
3209 3427 3325 3498 Ego
3349 3426 3566 3498 quidem

1977 3519 2132 3575 valde
2161 3521 2425 3576 assentior
2461 3521 2896 3576 existimantibus
2916 3562 2930 3585 ,
2963 3521 3172 3580 futilem
3219 3536 3373 3588 esse,
3403 3532 3569 3591 atque

1976 3609 2254 3676 fallacem,
2293 3611 2457 3666 immo
2488 3611 2812 3682 plerumque
2837 3613 2890 3666 iu
2925 3611 3028 3668 hac
3073 3611 3372 3668 litterarum
3415 3621 3569 3683 parte

1976 3702 2330 3771 perniciosam
2385 3700 2726 3770 conjectandi
2782 3702 3056 3758 licentiam
3091 3720 3104 3756 :
3146 3703 3243 3759 sed
3295 3717 3362 3760 ex
3412 3701 3567 3764 istius

1976 3795 2144 3850 libelli
2188 3795 2509 3867 apographis
2555 3804 2798 3861 constat,
2841 3811 3061 3864 manum
3094 3796 3241 3856 illam
3291 3799 3564 3868 antiquam

1976 3889 2145 3944 fuisse
2184 3890 2292 3960 jam
2346 3889 2550 3960 pridem
2608 3890 3132 3961 depravatissimam.
3186 3890 3374 3962 Itaque
3423 3889 3566 3962 quod

1978 3982 2097 4038 ﬁeri
2121 3983 2259 4038 solet
2282 3981 2335 4036 in
2366 3982 2703 4053 desperatis,
2747 3984 2901 4038 libuit
2936 3985 2988 4038 in
3031 3985 3136 4039 isto
3165 3984 3377 4041 misello
3403 3985 3564 4042 Com-

1977 4078 2226 4131 modiano
2268 4078 2396 4144 (non
2431 4087 2700 4147 tamquam
2756 4078 2807 4131 in
2835 4093 2897 4132 ea
2925 4094 3015 4144 re;
3063 4094 3186 4133 nam
3236 4095 3356 4136 esse
3410 4081 3564 4150 pretii

1978 4168 2116 4223 duco
2143 4183 2248 4224 non
2291 4168 2496 4223 minimi
2527 4168 2910 4236 christianum,
2941 4185 3104 4240 quem
3145 4171 3285 4228 inter
3323 4171 3565 4232 illustres

1979 4263 2187 4318 censuit
2227 4263 2560 4334 Gennadius)
2589 4265 2887 4334 periculum
2937 4265 3150 4332 facere,
3182 4267 3355 4338 siqua
3386 4278 3568 4340 posset

1979 4356 2240 4412 industria
2295 4357 2504 4414 libellus
2570 4359 2851 4430 scriptoris
2922 4361 3279 4430 antiquissimi
3330 4363 3567 4419 editione

286 4459 564 4514 afﬁrmans
594 4461 906 4532 martyrium
937 4459 1039 4513 illis
1063 4475 1167 4524 non
1197 4457 1528 4528 profuturum
1555 4499 1572 4528 ,
1603 4460 1646 4514 si
1687 4460 1880 4516 fratres
1904 4461 1958 4523 Β
1983 4459 2162 4504 ιιοειτθ
2209 4451 2491 4506 reformari
2521 4466 2582 4506 ac
2613 4452 3007 4506 TeSlaul'al'i-'—
3032 4451 3298 4510 Cimewm
3317 4494 3334 4520 ν
3365 4455 3563 4526 qualis-

288 4551 418 4608 odio
464 4552 742 4608 haberent.
801 4554 1072 4622 Apostatis
1112 4552 1316 4623 peccati
1364 4552 1446 4608 sui
1504 4554 1877 4606 enormitatem

289 4644 537 4702 exhibet.
567 4645 745 4702 Monet
798 4661 986 4702 omnes
1021 4646 1373 4714 christianos,
1424 4655 1482 4700 ut
1515 4661 1635 4700 cum
1679 4645 1877 4701 Christi

294 4736 490 4792 milites
573 4738 728 4802 sint,
803 4737 1061 4804 adversus
1128 4736 1349 4792 aﬂ'ectus
1419 4751 1546 4807 suos
1621 4737 1877 4792 continuo

295 4826 920 4900 dimicent.Spectaculis
955 4829 1191 4900 profanis
1237 4827 1428 4896 adesse
1473 4817 1740 4901 prohibet.
1764 4829 1878 4888 Mu-

291 4918 517 4974 lieribus
563 4921 875 4976 christianis
919 4921 1280 4990 commendat,
1332 4933 1388 4976 ut
1418 4923 1527 4982 sint
1567 4923 1825 4980 modesta:
1859 4964 1876 4990 ,

297 5011 487 5066 luxum
540 5012 768 5085 fugiant,
814 5024 868 5070 et
911 5017 1135 5070 veStium
1166 5015 1638 5086 magniﬁcentiam.
1665 5015 1877 5086 Optima

293 5115 566 5178 praecepta
594 5109 680 5164 dat
707 5109 1032 5180 pastoribus,
1055 5118 1108 5164 et
1131 5109 1479 5180 presbyteris,
1499 5118 1556 5164 ttt
1582 5110 1880 5166 ministerio

293 5215 396 5258 suo
430 5201 533 5258 rite
560 5201 843 5274 fungantur
861 5245 878 5269 ,
906 5204 1065 5260 vitam
1091 5204 1612 5275 agautincttlpatam,
1637 5204 1882 5260 etavari-

294 5293 388 5348 tite
436 5303 751 5365 expertem;
797 5294 1058 5366 imprimis
1095 5307 1273 5351 autem
1306 5298 1626 5370 pauperibus
1664 5311 1885 5356 succur-

370 5455 714 5536 (l)§alland.
739 5499 754 5523 ,
795 5455 930 5513 Bibl.
986 5465 1083 5513 vet.
1131 5456 1272 5525 PP.,
1295 5465 1427 5512 tom.
1454 5456 1830 5536 tu,Prolegom
1861 5499 1874 5524 ,

296 5543 420 5604 cap.
459 5528 542 5595 18,
571 5547 627 5586 n.
657 5531 714 5606 2,
883 5545 1062 5586 XLVIII.
1716 5528 1740 5536 ⁷⁷

367 5596 454 5654 (Ξ)
478 5599 686 5654 Dunin..
719 5595 807 5654 Bilt
837 5640 850 5654 .
876 5602 1105 5654 Auctor“
1132 5611 1261 5654 tom.
1284 5617 1324 5654 ι.
1356 5617 1474 5654 nan.
1507 5601 1634 5654 337.
1665 5599 1748 5654 edi

296 5595 850 5730 uii’i:3‘3'§.""m£
876 5602 1105 5672 Mam"
1132 5611 1261 5660 ίοω·
1283 5617 1324 5670 ιν
1356 5617 1474 5678 Ρ²Βο
1507 5601 1634 5670 397,
1665 5599 1775 5658 edit
1797 5602 1872 5656 la-

1979 4555 2210 4610 cumque
2254 4543 2354 4596 iste
2387 4542 2810 4598 Commodiauus
2846 4558 2967 4599 esse
3006 4545 3295 4612 videbitur,
3327 4546 3394 4604 ab
3422 4547 3565 4602 Gen-

1980 4635 2138 4690 nadio
2171 4635 2421 4705 primum,
2455 4636 2579 4691 inde
2607 4637 2676 4691 ab
2711 4635 2931 4693 Gelasio
2960 4637 3187 4704 citatus;
3215 4639 3320 4696 hoc
3347 4640 3561 4698 tandem

1978 4729 2175 4784 sazculo
2229 4729 2282 4783 in
2330 4729 2604 4785 Sirmondi
2657 4731 2903 4788 manibus
2951 4733 3199 4803 apparuit
3244 4732 3560 4803 squallidus,

2052 4886 2130 4956 (1)
2158 4885 2530 4948 Commodian.
2543 4929 2557 4951 ,
2579 4885 2828 4948 Instruct.
2863 4905 3026 4946 1.xth
3045 4906 3056 4942 :
3081 4887 3335 4950 Sacerdos
3354 4888 3563 4946 Domini

1981 4973 2094 5030 cum
2121 4974 2322 5011 sursum
2353 4960 2508 5013 corda
2531 4961 2798 5030 praecepit,
2832 4961 2882 5014 in
2915 4976 3071 5030 prece
3103 4960 3310 5028 lieuda,
3346 4972 3402 5018 ut
3435 4966 3565 5019 [iant

1979 5029 2190 5083 silentia
2237 5041 2469 5104 vestra,
2497 5029 2714 5104 limpido
2764 5029 3093 5104 respondes,
3151 5047 3249 5088 nec
3297 5043 3563 5104 temperas

1979 5114 2192 5175 quoque
2227 5103 2522 5169 promissis.
2560 5102 2760 5175 Exorat
2798 5102 2889 5159 ille
2914 5102 3247 5175 Altissimum
3278 5122 3373 5174 pro
3404 5102 3564 5175 plebe

1981 5173 2207 5244 devota,
2236 5188 2306 5244 ne
2337 5182 2519 5241 pereat
2561 5173 2769 5244 aliquis,
2801 5183 2854 5230 et
2877 5181 2932 5236 tu
2966 5185 3016 5230 te
3042 5175 3094 5228 in
3125 5174 3328 5233 fabulas
3362 5173 3559 5244 vertis;

1985 5242 2308 5316 tusubrides
2350 5244 2442 5309 ibi,
2486 5254 2577 5298 aut
2601 5242 2841 5316 detrahis
2872 5245 3097 5313 proximi
3129 5247 3304 5316 famae,
3351 5242 3565 5306 indisci-

1983 5311 2183 5394 plinate
2208 5313 2475 5394 loqueris,
2507 5315 2656 5384 quasi
2687 5314 2757 5368 sit
2793 5311 2934 5372 Deus
2965 5319 3160 5374 absens
3181 5363 3195 5386 ,
3227 5311 3406 5376 ontnia
3427 5364 3442 5389 ,
3473 5325 3564 5394 qui

1983 5383 2130 5447 fecit,
2165 5401 2262 5440 nec
2288 5386 2486 5450 audiat,
2520 5383 2692 5454 neque
2717 5398 2922 5450 cernat.

2054 5455 2139 5532 ,(2)
2164 5456 2560 5533 Meminit_ej_us
2587 5456 2760 5533 adhuc
2789 5459 2974 5533 inediti
3005 5462 3324 5533 apographi,
3369 5473 3424 5520 et
3457 5464 3565 5519 duo

1981 5526 2096 5598 ιοοξε
2119 5526 2378 5592 emendat
2402 5526 2674 5590 Gilbertus
2697 5529 3018 5587 Gaulminus
3039 5526 3476 5598 ἕάἘιὶδιθὶδῙυίη
3497 5535 3567 5593 4"-

1981 5598 2255 5674 lsmeniae,
2283 5609 2337 5674 et
2363 5598 3075 5674 ls‘menes_amoribus,pag.
3106 5606 3169 5674 Π
3197 5612 3251 5657 et
3277 5619 3390 5674 seq.

2055 5668 2137 5742 (5)
2159 5670 2328 5726 Nicol.
2362 5669 2557 5740 Rigalt.
2584 5669 2804 5744 Prcefat.
2834 5673 2887 5729 in
2903 5668 3383 5733 Gornmodiantun'.
