4020 6072
557 212 626 269 99
1387 219 1477 277 DE
1524 217 1972 278 COMMODIANO
2010 220 2306 291 GAZIEO,
2347 222 2626 282 ORIGINE
2672 224 2874 283 AFRO.

3686 225 3792 282 200

523 337 790 401 tamquam
817 344 883 388 ex
911 331 1141 388 vinculis
1164 344 1227 387 ac
1251 331 1456 388 diutino
1487 335 1625 404 apud
1658 335 1919 391 Barbaros
1949 337 2051 390 situ
2076 380 2089 401 ,
2121 339 2172 401 Α
2201 339 2534 412 propriisque
2609 341 2837 396 subinde
2919 337 3473 397 ammadversionibus
3541 338 3787 411 adjectis.

521 423 780 480 vindicias
810 441 1058 496 poscens.
1100 426 1208 481 Nec
1249 428 1512 484 vindicem
1547 445 1677 485 sane
1714 431 1873 484 alium
1908 442 2100 500 Optare

519 515 691 585 potuit
726 520 1151 588 praestantiorem
1185 518 1492 576 Sirmondo.
1527 521 1658 576 Nam
1692 523 1883 578 exinde
1921 533 2101 578 osten-

517 624 609 665 sus
633 619 688 666 et
712 611 1140 667 communicatus
1156 615 1365 678 amicis,
1392 616 1619 686 benigne
1643 618 1813 686 excipi
1841 633 1903 672 ac
1930 617 2098 674 foveri

516 707 698 777 cmpit.
724 706 904 776 Neque
928 708 1099 777 ipsum
1122 708 1222 763 hac
1247 709 1481 766 editione
1505 727 1723 780 Sperare
1745 713 1886 767 aliud
1913 714 2092 779 velim,

514 816 670 871 quam
717 811 773 854 ut
819 801 1030 856 oblatus
1077 803 1271 857 iterum
1305 803 1630 870 Sirmondo,
1683 805 1833 873 plena
1883 806 2094 859 demum

512 911 575 950 ac
609 895 760 966 juxta
788 896 928 965 apud
974 911 1096 951 eum
1139 898 1558 954 manumissione
1597 899 1855 968 prodeat,
1889 901 2094 956 liberali

510 989 783 1045 schemate
833 999 1008 1045 tersus
1057 1006 1122 1046 ac
1169 992 1385 1047 nitidus.
1447 992 1651 1048 Interea
1702 1009 1830 1048 vero
1871 993 1995 1049 dum
2041 994 2093 1048 id

508 1092 845 1154 properatur,
887 1099 1091 1154 magna:
1133 1085 1469 1140 auctoritatis
1513 1086 1956 1140 manumissorem
2000 1101 2093 1140 ex-

508 1183 717 1229 oratum
741 1174 931 1242 cupio;
963 1190 1046 1242 ac,
1077 1190 1174 1244 pro
1203 1177 1300 1230 viri
1329 1175 1678 1247 benignitate,
1708 1177 1920 1231 conﬁdo
1952 1175 2088 1244 fore,

506 1271 677 1326 bonas
715 1280 771 1323 ut
804 1269 854 1323 in
896 1279 1073 1340 partes
1110 1271 1355 1340 accipiat,
1403 1270 1562 1325 horas
1599 1271 1848 1341 aliquota
1879 1286 1963 1325 me
1991 1271 2092 1324 im-

506 1378 698 1435 pensas
725 1364 926 1418 homini
962 1364 1269 1419 christianum
1303 1365 1517 1434 pictatis
1552 1380 1614 1420 ac
1640 1366 1938 1436 disciplinze
1968 1380 2092 1419 San-

502 1457 704 1512 cicndaa
750 1457 1181 1513 studiosissimo:
1225 1457 1473 1512 nimirum
1526 1444 1583 1512 ut
1631 1468 1886 1529 appareat
1930 1458 2090 1514 hodie

501 1549 787 1621 Cypriano,
820 1549 962 1603 sicut
988 1549 1250 1604 Minucius
1279 1566 1449 1617 nuper
1471 1550 1678 1604 adstitit
1705 1551 2038 1605 Tertulliano
2073 1569 2086 1604 :

500 1653 556 1699 et
582 1644 689 1713 jam
717 1652 940 1713 uterque
981 1643 1172 1699 doctor
1199 1658 1297 1699 suo
1326 1643 1555 1714 gaudeat
1574 1647 1784 1713 sequaci
1813 1661 1826 1697 :
1863 1653 2088 1713 uterque

500 1736 625 1792 item
671 1737 913 1790 miniSIer
949 1752 1048 1790 suo
1090 1736 1286 1791 serviat
1331 1737 1616 1806 magistro,
1647 1737 1760 1790 sive
1796 1735 2082 1790 sacerdoti.
2115 1738 2163 1798 Β

501 1828 765 1884 8.ι·οιι1ιιιῐι
812 1829 911 1882 iste
944 1843 1098 1883 suum
1130 1829 1284 1882 malis
1314 1828 1553 1882 moribus
1596 1828 2081 1897 inquinatissimum

497 1923 752 1992 castigat,
796 1936 921 1976 acer
967 1921 1160 1991 ubique
1201 1930 1254 1976 et
1296 1921 1548 1975 horridus
1595 1921 1828 1974 monitor
1871 1940 1882 1972 :
1934 1920 2084 1988 quasi

500 2012 815 2086 prophetico
844 2013 1022 2067 furore
1049 2013 1346 2084 carmimm
1374 2028 1536 2066 sonos
1566 2011 1771 2074 fundit,
1804 2011 2080 2082 negligens

495 2093 700 2164 ordinis
721 2150 735 2172 ,
768 2109 1040 2177 negligens
1087 2107 1507 2176 elegantiarum,
1554 2105 1810 2177 asyndeta
1843 2107 1922 2160 vel
1950 2121 2079 2160 ana-

494 2202 667 2258 coluta
700 2202 914 2268 passim,
947 2211 1002 2254 ut
1031 2211 1206 2254 tamen
1235 2201 1428 2256 existat
1459 2204 1510 2254 in
1539 2200 1653 2270 ipso
1683 2200 1926 2268 neglectu
1952 2215 2077 2254 cura

494 2303 550 2350 et
577 2291 830 2360 facultas,
863 2304 914 2348 et
944 2293 1025 2346 vis
1055 2293 1229 2363 aliqua
1260 2292 1493 2347 dicendi.
1514 2324 1581 2331 —
1605 2291 2079 2347 Observationibus

493 2387 627 2442 meis
678 2386 780 2440 hoc
828 2387 1122 2456 praesertim
1180 2385 1392 2452 studui,
1444 2386 1512 2442 de
1562 2385 1916 2454 scriptoribus
1962 2402 2078 2441 τργο

490 2480 858 2536 Commodiaui
891 2479 1149 2550 proximis
1171 2494 1464 2549 apponere,
1497 2479 1637 2548 quod
1667 2480 1907 2534 obscuris
1929 2479 2077 2534 daret

489 2573 681 2630 lucem.
712 2573 1058 2642 Cunjeeturas
1091 2572 1375 2642 proposui,
1421 2573 1608 2642 quales
1652 2573 1855 2643 absque
1897 2587 2076 2628 exem-

490 2667 726 2736 plaribus
781 2666 1014 2735 antiquis
1071 2675 1328 2734 praestare
1384 2681 1542 2721 nemo
1598 2665 1826 2728 debeat;
1884 2665 2075 2735 quibus

491 2769 669 2815 tamen
696 2759 769 2811 uti
796 2757 1015 2812 minime
1041 2757 1235 2826 pudeat
1254 2799 1269 2822 ,
1298 2757 1552 2827 quamdiu
1576 2772 1679 2810 non
1707 2756 2077 2812 contradicent

487 2850 834 2921 exemplaria.
875 2869 894 2902 i
925 2850 1210 2920 Hucusque
1243 2851 1519 2920 Rigaltius.

557 2947 804 3002 Recensio
835 2945 1112 2999 editionum
1148 2945 1302 3012 hujus
1345 2943 1526 2998 libelli.
1552 2973 1619 2984 -—
1645 2944 1857 3000 Primus
1896 2945 2072 3012 itaque

486 3037 930 3094 Comtnodianum
956 3051 986 3090 e
1013 3034 1198 3090 Jacobi
1247 3035 1519 3090 Sirmondi
1555 3038 1861 3106 apograpbo
1891 3036 2073 3090 admo-

485 3129 611 3184 dum
643 3128 902 3184 mendoso
932 3126 1098 3182 edidit
1135 3126 1387 3182 NiColaus
1425 3126 1719 3197 Rigaltius,
1753 3127 1891 3182 Tulli
1933 3129 2071 3183 Lcu-
2096 3135 2141 3198 α

482 3237 667 3278 corum
709 3220 847 3290 apud
877 3219 934 3276 S.
965 3219 1226 3288 Belgrand
1256 3229 1310 3274 et
1344 3219 1394 3274 J.
1428 3221 1768 3274 Laurentium
1812 3229 2062 3290 typogra-

481 3315 714 3389 graphos
744 3316 956 3386 regios,
999 3328 1142 3368 anno
1175 3313 1334 3378 1650,
1366 3312 1503 3368 iii-1°
1536 3311 1638 3384 (1),
1687 3311 1882 3368 additis
1929 3315 2069 3369 notis

482 3410 728 3469 eruditis.
774 3409 976 3464 Deinde
1014 3407 1288 3478 subjectus
1315 3416 1398 3464 est
1427 3407 1493 3460 ad
1531 3406 1734 3461 calcem
1777 3406 2064 3476 Cypriani,

483 3507 732 3572 Minucii,
761 3503 1012 3570 Arnobii,
1050 3512 1104 3556 et
1138 3501 1264 3556 Julii
1303 3500 1552 3565 Firmici,
1585 3501 1676 3570 qui
1703 3499 1943 3568 ejusdem
1974 3501 2068 3554 Ri-

480 3600 626 3673 galtii
657 3608 712 3656 et
741 3597 968 3667 Philippi
1011 3594 1202 3650 Priorii
1240 3609 1369 3649 cura
1422 3592 1670 3646 illustrati
1720 3593 2063 3662 prodierunt,

481 3695 737 3756 Parisiis,
772 3690 931 3756 1666,
963 3688 1141 3744 in-fol.
1183 3687 1384 3742 Deinde
1410 3687 1624 3740 omissis
1657 3685 1866 3756 ltigaltii
1891 3685 2062 3751 notis,

481 3798 612 3845 tom.
667 3801 809 3842 xxvn
864 3783 1189 3838 Bibliotheca
1250 3779 1498 3844 Patrum,
1568 3779 1841 3850 Lugduni,
1906 3780 2062 3843 1677,

478 3883 646 3941 iit-fol.
667 3882 748 3937 Ab
769 3895 834 3935 eo
858 3893 1098 3950 tempore
1117 3892 1240 3932 cum
1259 3875 1470 3947 Rigaltii
1493 3873 2058 3938 anintadversionibus,

478 3974 845 4036 Dodwcllioue
883 3971 1278 4034 dissertatione,
1326 3977 1379 4023 et
1419 3968 1730 4039 praefatione
1763 3967 1823 4020 D.
1850 3965 2062 4020 Henrici

477 4068 745 4128 Leonardi
801 4061 1256 4122 Schurtzﬂeischii
1307 4077 1527 4117 recusus
1565 4069 1647 4116 est
1693 4059 2059 4129 Wittebergze,

478 4164 637 4226 1705,
668 4161 828 4218 iit-1°.
868 4158 1310 4230 Supplemeutum
1350 4163 1596 4210 notarum
1638 4153 1692 4207 in
1719 4154 1865 4206 illum
1897 4153 2064 4222 scrip-

474 4269 645 4313 torem
666 4270 731 4310 ex
752 4252 949 4307 Ezech.
969 4249 1278 4321 Spanhemii
1299 4248 1434 4302 Bibl.
1457 4263 1577 4302 cum
1605 4247 1801 4300 laudati
1818 4245 2062 4300 Schurtz-

474 4348 696 4405 ﬂei~chii
744 4345 1017 4402 Glossario
1057 4353 1111 4398 et
1161 4343 1333 4396 indice
1361 4343 1647 4410 separatim
1691 4357 1943 4396 excusant
1979 4347 2063 4394 est

410 4473 422 4482 κ
475 4441 858 4509 Wittebergae,
915 4435 1073 4494 1709.
1125 4434 1177 4487 in
1214 4434 1292 4488 4".
1345 4433 1635 4488 Posteriori
1687 4447 1798 4486 suae
1847 4430 2057 4486 Minucii

471 4535 670 4593 Felicis
702 4531 924 4590 editioni
965 4527 1406 4584 Commodiauum
1451 4540 1662 4596 quoque
1695 4525 1832 4579 notis
1869 4525 1980 4579 suis
2007 4534 2060 4578 et
2081 4535 2135 4596 D

474 4631 688 4704 ltigaltii
719 4629 1039 4684 illustratum
1070 4623 1343 4695 subjunxit
1365 4627 1445 4677 vir
1470 4621 1802 4676 clarissimus
1825 4619 2055 4675 Joannes

470 4726 722 4785 Davisius
757 4719 1137 4790 Cantabrigite,
1186 4718 1348 4782 1711,
1392 4714 1561 4770 in-8°.
1599 4713 1851 4768 Eumdem
1884 4713 2052 4782 scrip-

470 4831 641 4876 torem
685 4817 910 4875 exitibet
947 4814 1107 4870 etiam
1157 4820 1431 4880 p0etarum
1484 4809 1769 4862 latinorum
1811 4806 2055 4861 collectio

469 4913 795 4986 pisaurensis
815 4953 831 4978 ,
858 4919 988 4966 tom.
1013 4925 1088 4973 vr,
1115 4921 1256 4960 anno
1290 4903 1450 4959 1756.
1477 4903 1755 4958 Postremo
1783 4899 2050 4966 chetiis,

467 5023 609 5064 anno
666 5006 840 5072 1767,
899 5005 951 5056 in
1009 4998 1318 5054 Bibliotheca
1372 5007 1467 5051 vet.
1527 4994 1644 5049 PP.
1691 5004 1819 5048 tom.
1869 5009 1969 5058 nt,
2023 5007 2054 5047 a

467 5117 588 5174 pag.
650 5095 953 5159 621—655,
1013 5108 1236 5148 recusas
1286 5091 1511 5146 habetur
1565 5087 1978 5143 Commodianus
2037 5105 2050 5140 :

470 5209 622 5251 suam
663 5200 841 5246 autem
873 5187 1187 5244 Gallaudius
1213 5184 1480 5254 expres-sit
1503 5183 1789 5238 editionem
1826 5180 1889 5234 ad
1921 5195 2048 5234 nor-

467 5307 608 5347 mam
639 5284 950 5359 posterioris
977 5283 1291 5353 Rigaltianm
1320 5277 1649 5341 Parisiensis,
1679 5275 1919 5346 ejusdem
1948 5289 2046 5328 uo-

465 5387 553 5452 tis,
584 5400 703 5442 cum
733 5379 1021 5438 davisianis
1052 5373 1515 5433 observationibus
1544 5371 1709 5428 textui
1738 5369 2045 5441 suppositis,

532 5529 610 5604 (1)
644 5526 990 5604 clarissimus
1031 5519 1302 5604 Remigius
1327 5517 1647 5604 Ceil_lier.i'u.s,
1675 5525 1882 5604 tom.ntv
1906 5515 2043 5604 Hist.

457 5584 728 5663 Géhe'ral”
774 5613 891 5668 cap.
918 5595 974 5661 6,
1007 5608 1124 5669 pag.
1157 5584 1279 5658 18-1,
1311 5599 1459 5669 notat
1486 5589 1772 5669 editionem
1797 5584 2047 5669 Commo-

445 5670 588 5747 diani
634 5657 1021 5747 pistrensem
1042 5657 1110 5718 de
1152 5657 1302 5747 anno
1317 5661 1483 5747 1648,
1510 5670 1564 5717 et
1588 5657 1900 5716 Gallandius
1927 5659 2045 5715 edi-

435 5731 656 5808 tionem'
687 5737 827 5795 Tulli
851 5742 1178 5801 Leucorum,
1208 5731 1370 5790 1649.

2204 429 2465 486 Gallandii
2513 433 2803 488 editionem
2856 443 3072 488 secutus
3127 442 3205 487 est
3262 434 3334 488 cl.
3382 433 3438 487 P.
3483 432 3791 486 Dominicus

2202 526 2481 580 Schramm
2507 527 2825 583 Bantbeusis
2850 527 3225 582 Benediclinus
3247 528 3297 580 in
3323 527 3545 598 analysii
3569 525 3662 580 SS.
3690 525 3790 581 Pa-

2204 626 2372 685 truus,
2429 630 2558 672 tum.
2614 636 2704 686 v1,
2768 623 3021 690 Augustae
3081 619 3478 675 Vindelicorum
3533 619 3700 679 1784.
3757 633 3786 670 a

2199 724 2322 781 pag.
2369 711 2671 767 485—518.
2721 713 2799 767 Ex
2851 713 3215 781 manuscripto
3263 711 3443 766 codice
3501 711 3559 766 S.
3608 709 3787 764 Albini

2201 806 2601 870 Andegaveusis
2644 807 2755 861 loca
2802 806 3046 877 qumdam
3074 803 3444 860 Commodiani
3481 803 3787 859 emendavit

2198 897 2446 952 Baluzius
2473 899 2538 952 ad
2566 899 2927 970 Cyprianum,
2957 915 3076 969 pag.
3111 897 3388 963 451,›155,
3419 897 3540 952 458.
3573 895 3785 951 Claudit

2197 991 2568 1045 recensionem
2599 992 2841 1061 opusculi
2872 992 3032 1062 hujus
3057 990 3266 1046 Caveas
3287 987 3365 1061 (l)
3393 988 3607 1059 optimis
3637 988 3784 1044 hisce

2197 1085 2412 1155 Rigaltii
2469 1086 2691 1140 verbis:
2722 1104 2741 1137 (
2794 1085 2934 1141 Usus
2972 1093 3027 1140 ct
3065 1083 3302 1140 efﬁcacia
3355 1081 3520 1137 libelli
3565 1080 3783 1151 hujusce

2194 1176 2353 1232 fuerit
2375 1189 2627 1234 constans
2657 1188 2710 1233 et
2738 1190 3022 1248 perpetuus
3048 1193 3199 1231 amor
3225 1175 3455 1240 Christi;
3483 1175 3690 1228 animus
3715 1175 3782 1230 ad

2193 1273 2504 1342 martyrium
2539 1271 2718 1331 fortis;
2753 1272 2921 1340 pietas
2950 1286 3073 1341 erga
3106 1285 3366 1340 pauperes
3388 1268 3636 1323 maxima.
3670 1267 3783 1324 Hoc

2193 1376 2454 1431 praeterea
2492 1364 2633 1418 scire
2675 1363 2824 1429 vitia,
2869 1379 2986 1433 quae
3020 1362 3312 1417 etiamnum
3356 1361 3648 1416 Ecclesiam
3683 1360 3781 1416 de-

2194 1451 2502 1521 honestant,
2526 1470 2646 1510 esse
2668 1454 3025 1509 vetustissima
3054 1473 3065 1508 :
3097 1453 3358 1508 inﬁnitam
3385 1469 3598 1524 semper
3620 1453 3781 1509 fuisse

2193 1544 2260 1599 de
2287 1546 2446 1600 rebus
2476 1547 2671 1602 divinis
2697 1547 3084 1617 disputantium
3112 1547 3535 1616 multitudinem,
3570 1548 3781 1619 paucis-

2191 1641 2358 1693 simos
2384 1653 2512 1694 vero
2539 1639 2894 1696 Chrisﬁanos.
2937 1660 2955 1691 ι

2779 1815 3066 1856 ARTICULUS
3104 1817 3156 1856 IV

2311 1929 2390 1985 De
2417 1930 2636 1986 Antonio
2667 1931 2922 1990 Carminis
2951 1935 3194 1989 adversus
3219 1943 3390 2006 gentes
3415 1945 3642 1992 auctore.

2257 2064 2471 2122 Carmen
2528 2067 2769 2122 adversus
2819 2078 2988 2140 gentes
3044 2066 3411 2125 Commodiano
3467 2071 3783 2142 subjectum;

2170 2166 2448 2233 perperam
2477 2161 2704 2217 Paulino
2734 2163 2942 2219 Nolano
2962 2163 3282 2219 attributum.
3307 2196 3377 2206 ——
3398 2164 3784 2222 Commodiano

2181 2252 2485 2308 adnectitur
2513 2256 2583 2309 ob
2609 2259 2908 2327 argumenti
2962 2257 3281 2313 aflinitatem
3313 2275 3341 2312 a
3377 2259 3629 2328 perdocta
3659 2257 3784 2314 Gal-

2181 2344 2358 2400 landio
2409 2346 2624 2402 Carmen
2671 2351 2739 2402 ad
2791 2361 2985 2422 gentes,
3025 2350 3167 2421 quod
3216 2353 3314 2407 sub
3358 2355 3573 2407 nomine
3611 2353 3781 2408 sancti

2180 2435 2394 2492 Paulini
2426 2439 2620 2495 Nolani
2641 2444 2921 2513 superiore
2951 2445 3150 2499 saeculo
3171 2445 3473 2508 desinente,
3511 2446 3561 2498 in
3603 2445 3777 2500 lucem

2179 2532 2370 2586 extulit
2400 2533 2699 2589 Ludovicus
2747 2535 3084 2591 Muratorius.
3127 2537 3199 2591 At
3243 2552 3456 2592 carmen
3497 2536 3599 2593 hoc
3635 2538 3775 2592 Pau-

2179 2627 2342 2682 linum
2391 2639 2668 2684 auctorem
2716 2648 2820 2685 non
2869 2647 3193 2702 agnoscere,
3223 2632 3320 2688 sed
3361 2633 3525 2687 alium
3560 2632 3776 2686 nomine

2179 2721 2494 2788 Antonium,
2524 2739 2591 2778 ex
2628 2723 2844 2779 ethnica
2883 2725 3264 2794 Superstitione
3289 2726 3354 2780 ad
3383 2725 3582 2780 Christi
3617 2725 3770 2780 ﬁdem

2177 2828 2519 2880 conversum,
2545 2817 2752 2888 primus
2776 2828 2922 2874 recte
2945 2819 3251 2873 observavit
3272 2819 3504 2874 Joannes
3527 2820 3773 2875 Lironius

2175 2907 2555 2965 Benediclinus
2599 2912 2649 2964 in
2691 2926 2855 2982 apere
2899 2927 3040 2966 anno
3094 2913 3231 2967 1717
3266 2912 3480 2967 Parisiis
3529 2913 3673 2966 edito
3718 2921 3775 2968 et

2172 2990 2363 3072 gallice
2408 3004 2711 3074 inscripto:
2761 3005 2856 3061 Les
2900 3006 3156 3060 Aménités
3203 3006 3265 3060 de
3315 3008 3366 3061 la
3409 3007 3650 3076 critique,
3703 3023 3771 3061 ou

2175 3095 2524 3150 dissertations
2564 3107 2610 3151 et
2658 3115 2948 3168 remarques
2975 3098 3230 3152 nouvelles
3257 3116 3344 3153 sur
3386 3101 3550 3154 divers
3601 3102 3770 3170 points

2174 3188 2237 3240 de
2276 3187 2557 3260 l‘antiquité
2601 3191 2975 3261 ecclésiustique
3004 3202 3049 3246 et
3080 3197 3293 3262 profane
3314 3209 3332 3246 :
3358 3193 3427 3250 de
3447 3210 3551 3264 quo
3572 3204 3769 3264 przcter

2173 3281 2459 3336 Auctorem
2483 3283 2827 3339 Bibliotheca:
2849 3284 3114 3340 historica}
3145 3299 3199 3340 ct
3223 3287 3421 3341 critica:
3447 3288 3764 3357 scriptorum

2171 3375 2603 3444 congregationis
2633 3376 2688 3432 S.
2724 3377 2888 3432 Mauri
2917 3376 2998 3449 (2)
3033 3377 3230 3434 videsis
3261 3379 3496 3435 Diarium
3526 3381 3766 3437 erudito-

2171 3481 2288 3520 rum
2317 3467 2619 3522 Parisiense
2649 3468 2750 3540 (5).

2244 3559 2370 3626 Quis
2401 3561 2555 3631 fuerit
2598 3563 2844 3617 Antonius
2883 3564 2972 3617 ille
3008 3563 3325 3635 disquiritur.
3349 3567 3569 3636 ——Quis
3600 3583 3761 3638 porro

2167 3650 2329 3705 fuerit
2366 3654 2631 3708 Antonius
2691 3656 2780 3710 ille
2814 3657 3067 3712 carminis
3093 3671 3302 3724 auctor,
3337 3659 3477 3715 haud
3509 3662 3756 3732 equidem

2167 3747 2376 3816 assequi
2428 3750 2596 3803 valeo.
2643 3748 2697 3803 Si
2737 3766 2912 3820 graece
2951 3753 3290 3823 scripsisset,
3335 3754 3484 3809 facile
3531 3754 3759 3811 fortasse

2168 3837 2301 3892 inter
2352 3838 2568 3895 Gnaeos
2598 3853 2939 3909 occurreret,
2969 3845 3054 3898 cui
3087 3860 3302 3900 carmen
3334 3850 3625 3903 referretur
3665 3864 3756 3904 ac-

2167 3942 2402 4001 ceptum.
2433 3933 2538 3988 Sed
2566 3935 2922 4004 requirendus
2948 3937 3149 3992 Auctor
3176 3939 3316 3994 inter
3341 3938 3582 3996 Latinos.

2237 4022 2466 4078 Fabricii
2490 4027 2779 4097 conjectura
2802 4027 2867 4083 de
2896 4027 3117 4084 Antonio
3147 4030 3450 4087 Fussalensi
3472 4035 3755 4105 rejecta.——

2165 4115 2236 4170 Et
2259 4116 2536 4172 Fabricius
2557 4116 2770 4188 quidem
2795 4136 2822 4173 a
2848 4130 2997 4192 tergo
3025 4125 3385 4194 inscriptionis
3410 4129 3491 4181 sui
3516 4129 3753 4186 delectus

2165 4220 2597 4278 argumentorum
2648 4211 2940 4284 Hamburgi
2987 4215 3216 4286 evulgati
3264 4233 3407 4272 anno
3452 4220 3591 4276 1725
3633 4237 3753 4278 car-

2166 4318 2320 4365 men,
2363 4303 2431 4358 de
2474 4320 2581 4374 quo
2627 4308 2864 4376 agimus,
2913 4306 3124 4363 cuidam
3172 4311 3407 4367 Antonio
3444 4314 3752 4374 Fussaleusi

2163 4397 2446 4462 adscribit,
2478 4398 2616 4452 nulla
2649 4399 2852 4454 reddita
2884 4402 3091 4457 ratione
3131 4417 3226 4458 cur
3251 4404 3466 4462 demum
3506 4409 3580 4464 ita
3622 4425 3750 4466 cen-

2163 4500 2296 4544 seat.
2327 4491 2526 4558 Quodsi
2551 4507 2678 4547 vero
2719 4495 3009 4550 Antonium
3055 4493 3200 4549 illum
3230 4496 3600 4555 FuSSaliensem
3633 4518 3748 4558 res-

2163 4583 2396 4652 pexerit,
2451 4583 2604 4655 cujus
2650 4586 2894 4640 meminit
2942 4596 3160 4642 sanctus
3201 4590 3531 4661 Augustinus
3565 4593 3665 4667 (4),
3715 4611 3746 4651 a

2158 4694 2287 4734 vero
2335 4679 2491 4751 longe
2537 4682 2838 4737 aberrasset
2863 4681 2944 4735 vir
2993 4683 3253 4738 eruditus.
3304 4685 3550 4742 Nostrum
3599 4690 3742 4746 enim

2158 4774 2445 4826 Antonium
2484 4773 2792 4843 priusquam
2842 4773 3059 4831 Christo
3099 4793 3292 4833 nomen
3339 4779 3524 4846 daret,
3577 4781 3743 4854 impio

2159 4863 2412 4920 falsorum
2457 4865 2729 4919 numinum
2760 4867 2922 4921 cultui
2964 4866 3129 4924 fuisse
3156 4870 3422 4925 addictum
3447 4915 3461 4937 ,
3489 4874 3651 4930 variis
3675 4892 3742 4932 ex

2157 4956 2288 5012 locis
2309 4968 2637 5021 compertum
2668 4958 2944 5014 habemus.
2975 4961 3040 5015 Et
3064 4963 3292 5033 primum
3318 4965 3532 5035 quidem
3560 4970 3736 5025 statim

2157 5056 2224 5112 ab
2249 5056 2398 5112 initio
2427 5056 2500 5110 ait
2531 5055 2788 5126 (Carmen,
2819 5075 2945 5119 vers.
2982 5058 3034 5132 1)
3067 5080 3080 5114 :

2279 5169 2500 5220 Discussi
2518 5208 2532 5231 ,
2560 5169 2735 5231 fateor,
2757 5181 2916 5223 sectas
2939 5173 3176 5226 Antonius
3193 5191 3380 5229 omnes.

2334 5299 2579 5379 Caycus,
2619 5300 2752 5355 Hist.
2805 5303 2935 5379 litt,
2961 5314 3000 5360 t.
3046 5322 3083 5371 ι,
3113 5307 3178 5360 ad
3207 5322 3333 5364 ann.
3363 5310 3486 5377 270,
3521 5327 3573 5379 p.
3607 5313 3730 5372 138.

2342 5369 2708 5458 ιξώίζηξειον.
2758 5377 2872 5429 crit.
2894 5369 2990 5458 fles
3029 5369 3249 5434 Auleurs
3306 5382 3369 5436 de
3419 5369 3484 5437 la,
3511 5369 3733 5458 Congré;

2152 5444 2321 5513 gation
2354 5443 2414 5496 de
2442 5443 2708 5511 St-Mour,
2743 5460 2858 5513 pag.
2885 5447 3010 5503 201.

2183 5513 2546 5640 ιξῗξνιζοιινηαι
2573 5516 2659 5570 des
2691 5517 2930 5585 Savants,
2964 5535 3093 5579 ann.
3125 5525 3282 5586 1717,
3309 5525 3441 5594 juin,
3473 5541 3590 5600 pag.
3624 5530 3732 5588 654

2148 5601 2203 5642 61.
2221 5601 2357 5641 ειιιν.

2221 5656 2612 5744 (ιλΑιιευειίη.
2661 5660 2810 5744 (p_is_t_._
2854 5662 2981 5744 200,
3024 5666 3106 5744 al;
3145 5666 3270 5734 261,
3311 5681 3368 5724 n.
3397 5667 3451 5738 5,
3481 5680 3536 5727 et
3571 5686 3726 5744 seqq.

2147 5745 2273 5802 opp.
2303 5737 2437 5788 tom.
2471 5744 2528 5798 ιι,
2559 5744 2679 5802 pag.
2707 5731 2832 5801 777,
2863 5731 2992 5792 edit.
3022 5736 3126 5790 ΒΒ.
