4020 6072
297 176 409 233 209
519 179 595 253 (v.
623 176 776 254 iss.)
1447 189 1816 249 sovsnsus
1855 193 1880 250 ί

2002 193 2168 253 TIUM
2210 197 2404 255 DEOS.

298 294 641 365 Repudiatus
665 297 812 353 enim
840 297 1090 356 discessit
1132 302 1256 357 inde
1281 302 1511 361 divinus.

3125 209 3199 282 (v.
3231 211 3383 284 tsi.)
3494 210 3601 268 suo

1922 312 1974 371 A
2001 311 2331 384 Belligerans
2360 326 2545 375 contra
2577 321 2769 378 titanas
2799 325 3020 394 profuso
3047 342 3242 384 cruore
3265 370 3280 394 ,

298 385 525 443 Terruit
561 389 704 444 hunc
734 391 887 458 virgo
915 393 1127 461 specie,
1155 410 1313 465 quam
1342 397 1431 453 ille
1457 397 1700 455 deberet.

294 475 393 533 Illa
425 478 574 546 prior
598 494 718 548 qum
747 481 1010 537 debuerat
1031 483 1191 540 deum
1221 489 1484 544 amavisse
1504 529 1519 555 ,

298 567 620 626 Lasciviens
641 573 730 641 qui
764 572 1039 642 Daphnem
1075 577 1154 632 sic
1182 580 1345 648 cmpit
1369 595 1553 636 amare
1582 599 1594 634 :

298 661 368 718 Et
400 672 578 717 tamen
618 664 940 736 insequitur,
987 668 1115 724 dum
1149 672 1262 726 vult
1291 673 1495 729 violare
1527 677 1793 745 puellam;

299 751 484 808 Gratis
511 765 658 809 amat
687 758 914 823 stultus,
945 774 1042 815 nec
1069 763 1242 830 potuit
1270 766 1526 835 consequi
1557 782 1742 824 cursu.

300 846 399 902 Vel
423 887 440 914 ,
473 848 517 901 si
548 848 685 903 deus
715 861 832 904 erat
853 893 868 917 ,
901 863 1209 910 occurreret
1236 856 1313 911 illi
1341 872 1434 926 per
1462 874 1641 913 auras.

307 937 422 994 Sub
450 941 608 994 tectis
633 940 722 994 illa
755 940 904 1010 prior
933 944 1117 1009 venit,
1145 949 1404 1001 remansit
1429 964 1534 1018 que
1567 950 1799 1007 divinus.

300 1028 470 1085 Fallit
510 1045 606 1086 vos
637 1046 772 1101 gens
819 1031 1132 1104 hominum,
1163 1053 1286 1092 nam
1325 1041 1468 1095 victu
1498 1043 1634 1098 tristi
1663 1046 1895 1105 fuerunt.

295 1123 519 1180 Admeti
560 1140 750 1196 pecora
781 1141 996 1199 quoque
1023 1131 1237 1198 pavisse
1267 1131 1519 1188 refertur.

295 1215 532 1271 Lusibus
561 1217 828 1288 impositis
871 1220 1000 1276 dum
1031 1221 1268 1278 mitteret
1291 1223 1498 1280 discum
1536 1226 1589 1282 in
1618 1227 1784 1284 altum
1804 1272 1820 1296 ,

298 1307 624 1378 Sublapsum
655 1326 761 1365 non
793 1313 966 1382 potuit
1005 1315 1267 1370 retinere:
1300 1318 1591 1386 prostravit
1616 1320 1850 1377 amicum
1877 1340 1890 1376 :

294 1399 535 1457 Ultimus
556 1402 646 1459 ille
674 1403 791 1460 dies
819 1405 918 1461 fuit
950 1406 1234 1479 Hyacinthi
1263 1410 1488 1466 sodalis.

293 1493 353 1552 Si
378 1495 596 1552 divinus
627 1507 743 1554 erat
762 1538 779 1565 ,
813 1510 1044 1557 mortem
1074 1504 1382 1572 praescisset
1401 1506 1580 1561 amici.

650 1653 1001 1696 ιιι-ιωεῐι
1037 1656 1228 1709 PATER,
1271 1657 1524 1700 BACCHUS.

295 1765 558 1822 Liberum
584 1776 792 1839 patrem
822 1778 972 1826 certe
995 1770 1079 1826 bis
1103 1771 1342 1842 genitum
1365 1770 1546 1827 dicitis
1573 1772 1708 1843 ipsi,

293 1857 352 1914 lu
380 1856 531 1915 India
561 1868 719 1916 natus
745 1875 811 1917 ex
835 1859 970 1917 Jove
991 1860 1312 1934 Proserpina
1339 1862 1593 1932 primum.

1920 1702 1968 1760 B

2005 405 2312 475 Exspiravit
2341 409 2483 463 enim
2510 410 2644 465 sicut
2674 427 2739 468 ex
2767 417 3082 471 mortalibus
3107 434 3247 474 unus

2005 498 2212 556 Rursus
2241 501 2350 558 fato
2382 518 2480 558 suo
2509 507 2752 563 redditus
2780 509 2831 562 in
2860 511 3032 565 altero
3058 523 3246 568 ventre
3303 565 3306 568 .

2003 591 2242 656 Percipit
2272 594 2372 649 hoc
2399 594 2612 652 Semele
2647 599 2840 653 iterum
2881 601 3030 656 Jovis
3058 603 3228 657 altera
3258 604 3414 658 Maia.

2002 685 2258 741 Abscisso
2283 687 2435 757 cujus
2473 701 2650 753 utero,
2700 706 2866 762 prope
2899 705 3106 760 partum
3149 695 3438 760 defunctze,

2002 778 2252 842 Tollitur.
2281 790 2336 836 et
2359 781 2519 837 datur
2543 783 2673 840 Niso
2705 785 3021 840 nutriendus
3047 786 3314 852 alumnus,

2002 870 2080 924 Ex
2112 887 2178 924 eo
2204 871 2284 927 bis
2317 883 2492 938 natus,
2523 875 2785 948 Dionysus
2813 877 2905 932 ille
2945 889 3186 948 vocatur,

2001 961 2213 1031 Religio
2236 964 2389 1032 cujus
2416 965 2469 1020 in
2496 981 2665 1021 vacuo
2696 967 2824 1023 falsa
2857 981 3095 1024 curatur.

2000 1053 2340 1110 Bacchantur
2365 1066 2420 1111 et
2458 1058 2554 1122 illi,
2582 1061 2756 1129 qualia
2793 1077 2933 1115 nunc
2962 1063 3061 1130 ipsi
3092 1062 3337 1118 videntur

2000 1149 2105 1202 Aut
2133 1150 2472 1218 periculones
2501 1152 3011 1225 Mimttermoni~qtte
3052 1157 3280 1220 futores,

1999 1238 2322 1310 Conspirant
2351 1244 2400 1298 in
2431 1245 2593 1310 malo,
2625 1247 2908 1315 proludunt
2945 1249 3068 1302 licto
3093 1264 3308 1316 surore,

1999 1334 2223 1389 Ceteros
2249 1345 2304 1388 ut
2332 1335 2537 1397 fallant.
2567 1337 2808 1393 dicturos
2841 1355 3040 1395 numen
3069 1340 3284 1396 adesse.

2000 1425 2138 1481 Hinc
2166 1429 2446 1485 manifeste
2474 1430 2625 1486 vides
2651 1431 2897 1487 homines
2926 1434 3104 1488 simile
3133 1434 3396 1501 viventes,

2000 1517 2138 1574 Vino
2164 1523 2444 1589 permotati
2473 1524 2678 1593 primus
2726 1524 2867 1594 quod
2887 1535 3229 1595 expresserat
3253 1527 3343 1583 ille
3363 1569 3377 1592 ,

2001 1609 2114 1666 Sub
2141 1611 2348 1668 ludicro
2373 1629 2472 1669 suo
2499 1615 2760 1670 honorem
2793 1614 2871 1670 illi
2906 1615 3123 1672 dedere.

2492 1765 2603 1804 Xlll.
2647 1779 2717 1791 --
2756 1765 3018 1806 INVICTUS.

1995 1883 2229 1940 Invictus
2277 1883 2344 1940 de
2376 1893 2526 1954 petra
2557 1893 2736 1952 natus,
2770 1887 2817 1940 si
2843 1884 2976 1942 deus
3002 1885 3250 1954 habetur,

1673 2019 2230 2080 COMMENTARIUS.

294 2142 418 2255 ὓυεε
455 2132 656 2204 duplici
683 2136 850 2192 corde
878 2137 1006 2202 fuit,
1043 2136 1340 2208 fefellitque
1369 2147 1665 2195 amatorem
1697 2154 1876 2194 suum.

348 2215 420 2255 no
462 2205 630 2255 corde
693 2209 939 2255 promisit
991 2209 1270 2255 nmnlexns
1315 2225 1440 2255 eum
1493 2211 1763 2255 ΔιιηΙΙίιιίΔ
1826 2220 1876 2255 nl

348 2215 420 2255 no
462 2205 630 2280 corde
693 2209 939 2269 promisit
991 2205 1270 2280 amplexus
1315 2225 1440 2265 suos
1491 2211 1768 2280 Apollini,
1826 2220 1884 2265 ut

295 2272 367 2350 ξιξ
412 2291 478 2350 eo
507 2277 761 2350 disceret
796 2291 966 2333 artem
1019 2272 1294 2334 divinandi
1323 2300 1334 2336 :
1364 2272 1732 2336 altero'eorde
1758 2272 1878 2350 vper-

298 2341 404 2395 fida
446 2345 576 2420 fuit;
632 2361 912 2418 postquam
942 2350 1162 2413 didicit,
1207 2353 1418 2420 negavit
1449 2352 1588 2417 quod
1624 2341 1885 2416 promise-

296 2423 404 2495 rat.
446 2417 675 2495 ‘Bicors,
718 2417 969 2495 ambiguo
1017 2421 1211 2495 corde,
1265 2417 1560 2495 Hesychius
1606 2423 1838 2495 Διψυχία
1865 2464 1882 2489 ,

297 2485 513 2563 saepe...
582 2485 1003 2563 gommodianus
1057 2485 1315 2554 dixisset,
1373 2485 1643 2552 bimi-ilia.
1674 2485 1683 2495 ’
1715 2485 1781 2544 «ετ
1834 2485 1885 2549 in

297 2559 544 2638 epistolis
589 2561 845 2638 Ba_rnabte
887 2572 942 2618 et
969 2563 1262 2619 Clementis
1283 2605 1298 2630 ,
1330 2563 1582 2636 διψύχος,
1616 2564 1888 2638 διγνὼμος,

297 2623 606 2699 διγ-δὼσσος.
648 2632 768 2689 Βία.

370 2699 581 2774 terruit
619 2705 752 2756 hunc
778 2704 920 2774 virgo
946 2705 1130 2772 specie.
1162 2704 1291 2774 Leg.
1322 2704 1545 2758 Terruit.
1579 2706 1700 2761 th.

377 2770 482 2826 Illa
512 2775 652 2841 prior
673 2791 786 2841 qua
811 2770 1073 2830 debuerat.
1100 2778 1137 2828 A
1165 2770 1272 2845 quo
1297 2785 1403 2829 tam
1421 2777 1694 2831 efﬁcacem
1721 2776 1894 2832 scien-

298 2842 428 2915 tiam
473 2847 752 2915 percipere
781 2848 1050 2911 cupiebat.
1087 2842 1204 2901 th'.

373 2912 488 2968 Nec
528 2912 690 2986 potuit
717 2917 956 2986 consequi
983 2934 1158 2970 cursu.
1183 2916 1354 2971 Julius
1385 2916 1650 2972 Firmicus
1681 2935 1692 2970 :
1729 2935 1748 2969 ι
1781 2917 1887 2973 Sed

295 3000 364 3041 ex
421 2987 528 3041 isto
589 2988 870 3041 mulierum
927 2999 1300 3056 corruptarum
1351 3003 1514 3058 grege
1566 3004 1669 3042 una
1715 2989 1886 3056 puella

295 3068 598 3127 amatorem
637 3060 796 3112 deum
845 3070 895 3112 et
927 3060 1116 3112 vitavit
1145 3069 1198 3112 et
1238 3059 1379 3112 vicit.
1424 3058 1697 3127 Daphuem
1741 3061 1885 3114 enim

295 3126 554 3182 divinans
592 3129 724 3184 deus
781 3137 835 3182 et
884 3128 1056 3182 futura
1115 3128 1450 3198 prmdieens,
1507 3126 1606 3183 nec
1647 3131 1888 3184 invenire

295 3200 477 3267 potuit
520 3215 619 3253 nec
648 3209 917 3266 stuprare.
961 3219 978 3252 ι
1030 3199 1226 3255 Euseb.
1257 3200 1346 3268 qui
1376 3216 1581 3266 supra:
1620 3219 1637 3250 t
1677 3199 1720 3255 Ο
1745 3201 1886 3268 inju-

294 3270 468 3342 riam!
514 3270 678 3339 Virgo
729 3271 800 3324 ob
841 3270 1147 3342 pudicitiam
1178 3269 1326 3342 fugit
1365 3271 1539 3342 :deus
1579 3280 1757 3325 autem
1795 3271 1884 3342 qui

294 3339 517 3405 dicitur,
544 3343 614 3396 ob
638 3356 875 3395 amorem
911 3341 1148 3395 libidinis
1174 3341 1490 3409 insequitur,
1525 3351 1577 3394 et
1605 3359 1708 3396 non
1741 3339 1886 3397 coin-

295 3411 586 3480 prehendit
608 3455 620 3472 ,
649 3422 754 3467 etc.
781 3429 800 3462 ι
825 3415 888 3466 Et
917 3413 1076 3481 paulo
1105 3421 1252 3478 po~t:
1280 3431 1297 3462 ι
1331 3411 1434 3464 Sed
1471 3412 1609 3467 forte
1640 3413 1882 3477 quzrdam

297 3493 462 3551 poeta
504 3482 676 3537 facilis
714 3494 768 3538 et
817 3482 1212 3537 inconsiderate
1262 3483 1484 3550 loquens
1522 3483 1775 3538 mentitus
1816 3483 1884 3538 de

294 3553 404 3606 diis
449 3562 534 3607 est
575 3555 731 3618 talia,
781 3564 837 3608 et
884 3568 988 3609 nou
1042 3561 1126 3607 est
1178 3553 1450 3607 insecutus
1495 3553 1752 3623 virginem
1803 3555 1884 3609 ci-

295 3623 522 3679 tharista
545 3665 560 3688 ,
594 3633 697 3679 etc.
737 3644 756 3676 ι

373 3695 515 3748 Nam
543 3697 675 3750 victu
699 3696 832 3748 tristi
857 3698 1078 3764 fuerunt.
1106 3694 1164 3748 lu
1187 3694 1497 3764 apographo
1521 3695 1712 3766 legitur
1738 3695 1849 3749 bizo
1867 3738 1880 3757 .

296 3767 654 3832 depravatum
681 3783 744 3820 ex
773 3769 924 3819 victu.
959 3767 1076 3820 lilG.

374 3836 550 3890 Tristi.
584 3837 708 3891 Uiro
729 3878 744 3896 ,
779 3835 974 3890 misero
995 3877 1009 3898 ,
1041 3835 1243 3901 crudo,
1273 3835 1384 3890 sive
1399 3835 1624 3891 crudeli.
1660 3837 1782 3893 th.

371 3908 576 3962 Admeti
602 3924 810 3980 pecora
856 3922 1072 3980 quoque.
1120 3905 1367 3980 Baluzius
1409 3909 1459 3960 iu
1492 3909 1630 3980 uotis
1659 3909 1724 3961 ad
1756 3908 1878 3980 iCy-ﬁ

293 3979 550 4049 prianum
578 3977 638 4030 de
658 3978 827 4031 ida/or
871 3979 1026 4031 cauit.
1049 4017 1066 4049 ,
1108 3989 1288 4031 monet
1315 3979 1364 4031 in
1385 3993 1485 4030 ius.
1509 3977 1881 4033 Commodiaiti

290 4047 595 4115 exemplari
629 4049 688 4105 S.
738 4049 911 4101 Albini
958 4047 1345 4116 audegavensis
1377 4048 1636 4117 scriptum
1686 4065 1806 4104 esse
1850 4067 1882 4103 α

291 4121 528 4191 primitur
561 4135 652 4183 pro
683 4119 900 4172 Admeti.
935 4119 1114 4173 DAVIS.

370 4190 612 4245 Liberum
662 4201 854 4260 patrem
914 4201 1046 4243 certe
1101 4190 1174 4243 bis
1227 4188 1472 4256 genitum.
1533 4188 1878 4244 Cousiiuilem

294 4262 538 4317 fabulam
599 4270 782 4315 narrat
831 4260 1000 4314 Julius
1053 4260 1322 4331 Hyginus.
1377 4263 1592 4331 Astrou.
1651 4275 1875 4315 Cvan:

1986 2154 2052 2193 ex
2085 2139 2413 2212 Philostrato
2463 2139 2720 2212 colligere
2746 2148 2868 2206 est,
2913 2140 3112 2212 Nysam
3153 2157 3275 2198 esse
3302 2143 3465 2199 veluti
3507 2145 3587 2200 fe-

1988 2225 2110 2264 mur
2162 2209 2388 2264 Caucasi
2429 2227 2442 2263 :
2496 2210 2634 2264 hanc
2685 2226 2816 2265 vero
2865 2209 3068 2277 partem
3116 2211 3282 2268 fuisse
3329 2217 3592 2270 concitam

1987 2282 2114 2346 vite,
2166 2281 2412 2346 Baccho,
2463 2281 2756 2352 Dionysio;
2797 2291 2957 2350 atque
2987 2283 3110 2337 inde
3163 2284 3394 2338 fabulam
3444 2285 3608 2341 lovis

1987 2353 2247 2420 gestantis
2289 2355 2339 2406 in
2399 2353 2630 2428 leuiore,
2684 2355 2906 2428 ἐνμηρῷ
2973 2353 3259 2428 Bacchum.
3314 2355 3592 2428 Mensores

1989 2437 2274 2490 agrorum;
2333 2435 2384 2476 ut
2441 2424 2671 2477 vertices
2716 2435 2768 2476 et
2823 2424 3104 2493 stipercilia
3159 2426 3460 2489 montium,
3512 2428 3592 2482 sic

1991 2495 2150 2546 etiam
2180 2493 2363 2566 femur
2392 2503 2447 2547 et
2490 2509 2668 2566 suram
2712 2502 2766 2548 et
2822 2495 3180 2560 crepidinem,
3215 2507 3265 2550 et
3306 2497 3590 2566 corrigiam

1999 2573 2053 2636 et
2093 2564 2280 2636 pedem
2311 2563 2527 2636 dixere_
2551 2564 2716 2618 lludze
2759 2572 2814 2618 et
2863 2574 3033 2633 poetae
3064 2566 3355 2636 Dionysqu
3401 2563 3590 2622 feiuori

1997 2632 2145 2687 Jovis
2173 2635 2454 2689 insertum.
2499 2634 2618 2696 th.
2865 2632 2874 2633 ί
3095 2698 3098 2700 ν

2070 2705 2172 2779 Aut
2201 2703 2538 2779 periculoues.
2573 2705 2777 2761 Glossae
2808 2717 3040 2771 veteres,
3057 2707 3408 2779 Ριφοκινδυνοκ,
3443 2709 3587 2773 peri-

1996 2775 2234 2830 culosus.
2262 2776 2363 2830 Alii
2385 2777 2592 2833 dixere.
2628 2779 2935 2840 parabolnm
2963 2787 3012 2829 et
3043 2775 3430 2843 parabolanum
3459 2779 3592 2832 Pau-

1996 2846 2080 2900 lus
2109 2847 2172 2900 atl
2191 2846 2394 2923 Bliipp.
2412 2849 2926 2923 napaéolsuaaysvo;
2953 2854 3016 2906 τὴ
3037 2846 3180 2923 φηχή
3205 2847 3393 2903 Versio
3425 2849 3588 2904 latina

1997 2870 2080 2900 Ius
2109 2870 2172 2900 uti
2202 2870 2394 2915 rutpp.
2412 2870 2926 2923 παραδολευσαμενος
2953 2871 3016 2906 τη
3037 2870 3180 2970 cura

1996 2926 2150 2971 vetus
2190 2917 2284 2970 M~.
2319 2919 2647 2986 parabolatus
2669 2920 2731 2972 de
2753 2921 2926 2972 animo
2950 2935 3063 2971 sua.
3124 2925 3198 2973 tto

2071 2987 2558 3060 Mimnermouisque
2608 3001 2822 3044 sutores.
2877 2988 2966 3044 Sic
3013 2989 3204 3060 legitur
3247 2989 3308 3060 in
3362 3004 3588 3060 apogra-

1994 3056 2120 3124 pho,
2157 3057 2384 3112 Forteau
2432 3061 2722 3125 scripserat
2769 3056 3222 3123 Commodiauus,
3258 3056 3591 3114 Mimnernia-

1991 3131 2217 3206 meriqtte
2258 3139 2472 3206 sutores.
2502 3132 2824 3206 γελςυτρποιορ
2848 3128 3066 3206 ραςξωδοι
3094 3129 3185 3198 qui
3232 3146 3297 3183 ex
3340 3131 3591 3206 Mimner-

1992 3199 2061 3249 mi
2091 3211 2139 3253 et
2172 3198 2387 3253 Homeri
2435 3198 2763 3253 carminibus
2802 3198 2858 3254 in"
2886 3198 3045 3256 alium
3092 3215 3308 3254 sensum
3349 3203 3591 3256 consutis

1989 3277 2042 3341 et
2061 3271 2399 3341 cont-innatis
2433 3271 2596 3323 risum
2635 3273 2920 3341 eoptabaut
2946 3272 2995 3324 iu
3044 3271 3285 3325 theatris.
3317 3270 3591 3328 Videmlus

1987 3339 2278 3412 Athenaeus
2323 3341 2416 3394 lih.
2457 3357 2573 3396 xm.
2623 3339 2739 3412 pag,
2794 3343 2920 3398 620.
2970 3341 3058 3396 tibi
3107 3341 3174 3396 de
3228 3341 3486 3398 hilarodis
3534 3353 3588 3398 et

1990 3408 2441 3480 hilarotragtedis.
2482 3412 2600 3468 Hic.

2063 3481 2245 3538 Simile
2291 3484 2530 3554 viventes.
2573 3483 2644 3539 Ut
2687 3498 2882 3554 supra.
2935 3483 3036 3538 hac
3091 3484 3206 3552 ipsa
3261 3483 3423 3538 IuSIr.
3467 3483 3587 3537 bac-

1988 3554 2208 3607 chantur
2241 3553 2433 3623 qualia.
2484 3553 2797 3619 Jttvenalis,
2854 3555 3186 3608 bacchanalia
3233 3555 3424 3608 vivunt.
3484 3555 3592 3610 Aut

1986 3625 2152 3676 simile
2180 3625 2554 3679 adverbialiter
2577 3625 2731 3690 dixit,
2763 3626 2901 3680 unde
2942 3625 3234 3679 simillime.
3271 3625 3387 3680 Rm.

2071 3693 2200 3748 Vino
2254 3696 2543 3768 pennatati.
2596 3695 2866 3750 M0tautur
2920 3697 3058 3768 bene
3104 3696 3245 3762 p0ti,
3300 3697 3586 3768 perpulati.

1987 3763 2214 3829 Mutari,
2244 3763 2262 3836 ξ
2284 3765 2594 3836 frequenter
2660 3769 2884 3828 molari,
2944 3763 3310 3836 Frequenter
3346 3763 3585 3833 moveri;

1987 3836 2181 3957 Ealtare
2213 3835 2343 3890 Hor.
2397 3834 2464 3890 Ut
2494 3837 2635 3906 festis
2664 3849 2898 3890 matrona
2959 3834 3144 3891 moveri
3187 3837 3340 3906 jussu
3387 3837 3583 3892 diebus.

2036 3921 2106 3957 IG.
2161 3923 2169 3932 ι

2036 3921 2106 3960 IG.
2161 3923 2169 3932 “

2060 3974 2267 4030 Primus
2313 3976 2449 4046 quod
2515 3987 2832 4045 expresserat
2882 3978 2988 4030 ille.
3043 3977 3280 4031 Bacchus
3333 3978 3383 4030 in
3438 3977 3585 4032 India

1988 4047 2188 4112 primus
2239 4047 2346 4100 vini
2375 4061 2528 4100 usum
2562 4058 2889 4101 lllOllSll‘ﬂSSe
2930 4047 3146 4102 dicitur.
3181 4046 3332 4102 Unde
3375 4057 3424 4102 et
3455 4048 3583 4101 viti-

1984 4129 2149 4177 sator,
2183 4128 2236 4170 et
2267 4118 2453 4171 vitium
2503 4131 2764 4186 repertor.
2807 4118 2973 4172 ϐΑιι.

2053 4186 2276 4240 Ludrico
2293 4204 2401 4240 suo.
2431 4185 2615 4251 Ludis,
2645 4189 2808 4257 orgiis
2840 4188 3144 4242 trietericis.
3176 4185 3292 4242 RIG.

2058 4258 2304 4311 Invictus.
2355 4257 2644 4312 Historiam
2692 4260 2937 4328 Agvtestis
2988 4257 3443 4326 hujuseeiuvicti,
3492 4259 3583 4327 qui

301 4339 332 4384 ι’
361 4332 542 4396 Liber,
589 4331 738 4409 Jovis
778 4341 832 4384 et
875 4328 1208 4398 Proserpina:
1261 4330 1433 4409 filius,
1460 4346 1508 4409 ta
1549 4330 1753 4409 Titanis
1793 4340 1876 4409 est
1904 4350 1952 4409 ι)
1984 4328 2089 4409 fuit
2134 4345 2339 4409 magna:
2397 4329 2582 4409 matris
2633 4329 2817 4409 ﬁlius.
2843 4328 2976 4398 Agdt
3012 4340 3211 4409 pelue,
3263 4330 3312 4380 in
3341 4328 3585 4409 Phrygiae.

294 4404 624 4464 distractus,
655 4401 807 4469 cujus
831 4416 925 4454 cor
949 4406 1253 4464 contritum,
1284 4399 1430 4454 Jovis
1459 4401 1688 4454 Semela:
1721 4401 1869 4456 dedit

298 4475 353 4526 in
386 4475 682 4544 pationcm.
721 4473 795 4544 Es
826 4488 891 4524 eo
922 4486 1200 4544 prgrgnaus
1229 4486 1350 4524 cum
1376 4479 1519 4524 esset
1545 4471 1682 4525 facta
1707 4472 1866 4536 .luuo,

297 4545 352 4598 in
386 4542 612 4598 'Beroeu
657 4542 920 4596 nutricem
978 4542 1206 4596 Semela:
1261 4557 1318 4596 se
1384 4544 1764 4608 commutavit,
1818 4554 1869 4597 et

296 4616 368 4668 ait
394 4631 407 4666 :
430 4615 691 4678 Alumna,
722 4622 840 4680 pete
869 4628 897 4664 a
938 4612 1102 4678 Jove,
1136 4613 1293 4666 utsic
1316 4611 1380 4664 ad
1417 4621 1466 4665 te
1493 4612 1671 4664 veniat
1695 4629 1874 4682 quent-

296 4685 590 4738 admodum
618 4685 684 4736 ad
715 4683 1017 4748 Junciiem,
1068 4693 1126 4736 ut
1166 4683 1305 4736 scias
1342 4698 1459 4750 qua:
1500 4682 1746 4750 voluptas
1791 4693 1874 4738 est

301 4771 421 4808 cum
454 4757 558 4809 deo
596 4757 972 4808 caucumhere.
1019 4753 1109 4808 Illa
1151 4763 1328 4806 autem
1371 4753 1614 4822 instigata
1665 4755 1799 4823 petit
1845 4770 1872 4805 a

303 4825 465 4887 Jove,
516 4836 572 4878 et
623 4825 846 4878 fulmine
891 4832 974 4876 est
1025 4827 1158 4885 icta;
1209 4839 1275 4876 ex
1327 4823 1480 4892 cujus
1529 4833 1682 4877 utero
1727 4824 1875 4878 Jovis

302 4895 554 4949 Liberum
582 4895 760 4958 exuit,
784 4904 838 4948 et
865 4893 1007 4964 Nyso
1031 4894 1176 4964 dedit
1205 4895 1566 4948 nutriendum.
1588 4895 1874 4964 undeDio-

302 4965 491 5035 nysius
515 4976 596 5019 est
621 4964 972 5035 appellatus.
992 4975 1043 5018 et
1076 4963 1309 5018 Bimater
1333 4975 1414 5018 est
1434 4965 1626 5035 dictus.
1669 4983 1704 5035 ιγ
1733 4963 1876 5018 Idem

305 5033 466 5092 num.
493 5033 706 5090 cuxtx.
733 5034 873 5089 Non.
920 5033 1284 5104 Dionysiacor.
1320 5050 1431 5099 vui,
1478 5034 1646 5087 initio.
1685 5034 1804 5090 Rte.

373 5106 519 5159 Joris
559 5107 721 5159 altera
759 5105 918 5157 Maia.
964 5103 1112 5157 .lovis
1160 5105 1246 5157 hic
1296 5105 1468 5172 primo
1494 5119 1654 5167 casu,
1684 5114 1743 5158 ut
1784 5121 1879 5160 su-

299 5193 421 5248 pra;
455 5175 893 5248 Glossazlsidori
940 5174 1072 5248 Maia
1097 5216 1110 5239 ,
1145 5175 1348 5248 medica
1373 5215 1388 5238 ,
1421 5175 1696 5228 obstetrix.
1757 5175 1877 5248 th.

371 5245 460 5302 Ea:
493 5249 623 5301 Jove
651 5245 962 5308 Proserpina
995 5246 1232 5308 primum.
1266 5245 1527 5313 Absorptu
1553 5254 1635 5297 est
1665 5247 1877 5299 vocula.

298 5319 434 5384 Leg.
462 5335 525 5372 ea:
551 5317 680 5370 Jove
716 5327 761 5370 et
811 5315 1120 5386 Proserpina
1165 5317 1403 5386 primum.
1451 5315 1631 5368 [κῃ-ιε.

374 5390 461 5444 Ea:
492 5406 551 5442 eo
600 5388 674 5441 bis
706 5397 852 5440 natus
911 5385 1184 5456 Dianysus.
1231 5385 1355 5440 llzrc
1397 5387 1599 5456 poetica
1654 5385 1887 5456 nominis

298 5464 479 5526 origo.
531 5462 698 5512 Aliam
745 5457 958 5510 tradidit
1007 5454 1384 5516 Philostratus,
1434 5454 1542 5509 Vit.
1596 5455 1772 5521 Apoll.
1820 5455 1882 5510 11.

296 5525 490 5591 Sosio;
513 5535 610 5615 γὰρ
641 5531 666 5586 ὁ
689 5528 1068 5615 διογυοζίοςὰπὸ
1086 5537 1178 5587 τῆς
1268 5525 1412 5607 ἱνδόις
1437 5530 1614 5615 auaris.
1638 5535 1885 5615 A‘rsaees,

299 5598 590 5656 Armeniae"
619 5617 711 5654 rex
747 5600 983 5668 pardalut
1009 5599 1235 5652 sacravit
1265 5598 1467 5666 elogio:
1503 5599 1890 5668 ltsxiAnsacss

303 5689 412 5729 tit-“.0
440 5671 628 5726 Νςςλεο
656 5667 959 5739 Stephanus
1002 5684 1017 5723 ἒ
1061 5680 1235 5742 Λεγται
1275 5674 1352 5722 καὶ
1377 5689 1540 5722 νυκεκ.
1592 5667 1704 5722 lloc
1730 5669 1892 5739 igitur

1980 4399 2174 4470 finibus
2199 4440 2214 4464 ,
2259 4400 2509 4470 inauditm
2551 4415 2648 4470 per
2674 4401 2854 4453 Omnia
2887 4401 3152 4453 vastitatis
3178 4415 3345 4468 nepos
3367 4441 3387 4470 ,γ
3406 4408 3588 4452 narrat

1975 4485 2038 4522 ex
2071 4469 2396 4524 'l'himotheo
2445 4469 2722 4534 Theologo
2777 4472 3045 4524 Arnobius
3095 4470 3188 4524 lib.
3242 4484 3296 4521 v.
3327 4469 3586 4522 adversus

1976 4539 2198 4618 Gentes,
2238 4539 2304 4593 ad
2351 4539 2902 4618 eaitt_que_historiai_u
2954 4541 3374 4618 Commotlianus
3403 4552 3585 4618 uoster

1975 4611 2235 4680 respexit,
2289 4625 2388 4664 nec
2430 4609 2646 4664 aliunde
2690 4611 2913 4676 petenda
2953 4623 3032 4664 est
3078 4613 3199 4664 huic
3245 4609 3582 4680 itt~tructi0tti

1979 4679 2088 4734 lux.
2130 4681 2292 4734 Valde
2333 4693 2510 4734 autem
2542 4681 2746 4734 abludit
2773 4683 3086 4735 Timotheus
3129 4681 3197 4732 ab
3245 4679 3329 4741 iis,
3359 4692 3478 4742 qua:
3515 4679 3583 4732 tle

1978 4751 2167 4805 eodem
2221 4751 2438 4820 Adgesti
2473 4751 2778 4804 referuntur
2805 4752 2855 4806 iu
2885 4751 3130 4804 Achaicis
3158 4747 3431 4820 Pausaniae
3460 4762 3580 4816 pag.

1977 4821 2106 4876 225.
2128 4819 2554 4876 Illo—Jurictus
2575 4820 2638 4874 de
2665 4831 2806 4891 petra
2821 4834 2989 4883 natus,
3021 4823 3158 4874 Deus
3183 4819 3434 4891 invit'tus,
3462 4833 3586 4891 per-7

1980 4907 2197 4961 petuum
2215 4893 2354 4948 Solis
2371 4903 2452 4947 est
2472 4887 2776 4960 epitheton:
2813 4893 3036 4961 ideoque
3061 4907 3162 4944 non
3181 4887 3460 4961 Agdesﬁs,
3487 4889 3584 4943 sed

1981 4958 2202 5017 Mithras
2247 4958 2552 5018 denotatur.
2600 4961 2734 5018 Vide
2778 4965 2850 5016 sis
2892 4958 3137 5028 liiscript.
3166 4958 3405 5013 Gruteri.
3462 4974 3580 5028 pag.

1982 5035 2072 5088 53.
2126 5049 2239 5102 seq.
2297 5033 2364 5087 Et
2419 5035 2594 5086 omnia
2649 5049 2778 5088 sane
2847 5047 2965 5098 qua:
3033 5031 3100 5083 de
3165 5042 3376 5102 th’lCA'l‘O
3423 5029 3585 5102 tradit

1981 5099 2401 5158 Commodiauus
2427 5143 2441 5163 .
2487 5103 2693 5157 Mithrze
2725 5105 2962 5155 tribuunt
3001 5110 3231 5154 veteres.
3300 5099 3394 5153 Hic
3437 5100 3582 5153 enim

1985 5174 2048 5227 de
2079 5188 2220 5243 petra
2262 5184 2415 5227 natus
2441 5173 2727 5234 ferebatur,
2759 5171 3098 5243 Hieronimus
3124 5171 3176 5223 iu
3244 5168 3581 5243 Jovinianum

1987 5239 2090 5297 lib.
2119 5261 2130 5297 I
2159 5245 2261 5298 col.
2301 5245 2424 5299 M9.
2455 5243 2582 5297 edit.
2613 5243 2715 5296 RB.
2767 5241 2998 5294 Narrant
3047 5250 3094 5294 et
3146 5241 3368 5311 gentium
3395 5239 3584 5310 fabula:

1986 5313 2200 5367 Mmtut
2243 5325 2289 5367 et
2334 5315 2742 5377 Erichthonium,
2771 5311 2851 5364 vel
2877 5315 2925 5363 iu
2959 5327 3147 5366 ιΑιηυε
3199 5314 3279 5364 vel
3332 5312 3382 5364 in
3410 5319 3580 5370 terra,

1989 5385 2054 5436 de
2127 5386 2236 5437 solo
2301 5395 2407 5438 astu
2488 5385 2711 5451 libidinis
2763 5399 2871 5436 esse
2927 5394 3208 5451 generatos.
3264 5381 3436 5433 Etiam
3503 5379 3586 5431 fur

1990 5457 2310 5508 censebatur
2348 5475 2360 5508 :
2411 5453 2549 5507 unde
2595 5449 2868 5514 ϐουκλὸπος
2918 5449 3092 5507 dictus
3136 5463 3219 5506 est
3262 5451 3581 5518 Porphyrio.

1991 5529 2232 5600 περὶτῶν
2258 5534 2459 5596 νυμφῶν
2484 5521 2686 5600 ἄντρον,
2721 5541 2834 5593 pag.
2869 5523 2995 5600 292.
3025 5525 3206 5600 ψνῆ
3232 5589 3261 5600 ..

2068 5597 2295 5650 Invictus
2322 5583 2412 5648 ’ἀει
2452 5583 2593 5663 petra
2639 5583 2816 5649 natus:
2872 5592 3149 5666 Arnobiu:
3190 5588 3324 5666 (lib.
3392 5602 3445 5640 v.
3488 5583 3611 5666 sub:

1994 5664 2110 5722 init.
2142 5670 2181 5736 ):
2219 5685 2235 5718 ‹
2268 5666 2401 5722 Huic
2450 5666 2614 5720 robur
2655 5666 2945 5731 invictum,
2999 5667 3056 5717 et
3128 5663 3380 5717 ferocitas
3434 5664 3623 5714 animi
