4020 6072
413 254 520 311 an;
632 252 704 325 (ν.
731 252 883 320 set.)

650 385 794 425 XVIII.
825 396 895 409 --
921 382 988 422 DE
1019 378 1309 419 AMSIUDATE
1337 378 1403 417 ET
1431 376 1534 417 DEO
1552 375 1747 417 MAGNO.

410 504 651 561 Diximus
669 503 780 575 jam
810 503 974 558 multa
997 500 1064 556 de
1090 499 1466 570 superstitione
1491 497 1714 553 nefanda
1733 538 1747 562 ,
1799 532 1802 539 ς

408 597 480 653 Ει
507 608 682 652 tamen
712 595 1076 666 exseqnimur,
1111 609 1177 648 ne
1198 593 1322 659 quid
1348 592 1650 662 praeterisse
1671 591 1929 647 dicamur.

408 689 893 756 Ammudatemquc
924 701 1079 741 suum
1111 684 1346 739 cultores
1376 698 1528 739 more
1565 682 1816 738 colebant
1849 700 1860 735 :

408 779 630 850 Magnus
659 787 773 833 erat
796 776 921 843 illis,
948 774 1161 846 quando
1191 772 1289 829 fuit
1314 789 1504 829 aurum
1537 777 1589 827 in
1618 772 1755 828 mdc.

409 869 686 924 Mittebant
704 868 876 936 capita
900 866 1002 920 sub
1030 865 1247 919 numine
1268 865 1419 935 quasi
1449 862 1722 934 praesenti.

408 962 637 1016 Ventum
669 970 752 1016 est
772 960 836 1014 ad
863 973 1155 1023 summum,
1181 968 1235 1013 ut
1260 955 1442 1012 Ccesar
1466 958 1677 1013 tolleret
1697 972 1885 1012 aurum
1917 976 1930 1012 :

408 1052 612 1108 Deiecit
633 1067 853 1118 numen,
884 1061 976 1105 aut
1002 1049 1156 1121 fugit,
1184 1058 1276 1104 aut
1303 1051 1497 1104 transit
1529 1050 1582 1104 itt
1603 1049 1800 1120 ignem.

371 1142 381 1149 ’
405 1146 608 1200 Auctor
637 1142 794 1213 hujus
817 1142 1038 1198 sceleris
1061 1150 1292 1208 constat,
1322 1142 1411 1212 qui
1441 1141 1702 1196 formabat
1731 1140 1978 1197 eumdem

409 1235 513 1291 Tot
550 1236 693 1291 viros
720 1245 773 1290 et
802 1250 1022 1305 magnos
1045 1235 1254 1289 seducit
1279 1233 1412 1288 false
1437 1233 1768 1305 prophetans
1792 1248 1807 1299 ;

404 1327 474 1381 Et
500 1325 659 1380 modo
682 1326 893 1381 reticuit
918 1324 1007 1395 qui
1036 1325 1243 1379 solebat
1263 1340 1384 1380 esse
1411 1324 1643 1379 divinus.

408 1418 780 1488 Erumpebaut
803 1419 945 1472 enim
979 1431 1161 1483 voces,
1187 1419 1341 1487 quasi
1370 1425 1550 1473 mente
1580 1426 1822 1484 mutata;

407 1510 686 1580 Tanquam
723 1509 799 1564 illi
831 1509 963 1565 deus
991 1509 1117 1579 ligni
1148 1509 1457 1580 loqueretur
1496 1510 1547 1563 iu
1576 1524 1782 1565 aurem.

408 1603 581 1658 Dicite
608 1617 749 1657 nunc
773 1602 895 1671 ipsi,
927 1602 973 1655 si
1002 1616 1107 1655 nou
1135 1602 1243 1655 sint
1274 1602 1489 1656 numina
1514 1600 1684 1656 falsa?

405 1693 488 1749 Ex
518 1707 585 1749 eo
619 1692 862 1763 prodigio
891 1703 1022 1763 quot
1044 1693 1274 1762 perdidit
1304 1693 1392 1747 ille
1415 1693 1723 1764 propheta?

406 1785 619 1843 Oblitus
640 1792 722 1839 est
752 1784 853 1838 iste
879 1784 1221 1853 prophetare,
1254 1785 1344 1855 qui
1371 1794 1496 1840 ante
1526 1784 1755 1840 solebat.

406 1875 643 1932 Monstra
670 1873 806 1929 adeo
834 1875 935 1929 ista
975 1875 1094 1929 licta
1123 1886 1246 1929 sunt
1271 1890 1365 1945 per
1384 1875 1756 1942 vinivoraces;

410 1969 649 2027 Audacia
677 1984 902 2040 quorum
927 1967 1248 2022 damnabilis
1270 1968 1489 2022 numina
1517 1968 1687 2040 lingit.

410 2061 707 2117 Gestabant
749 2062 916 2128 enim,
956 2071 1008 2116 et
1037 2061 1178 2117 aruit
1206 2061 1310 2116 tale
1337 2061 1570 2132 sigillum
1599 2080 1612 2116 :

409 2153 544 2210 Nam
571 2163 626 2210 et
644 2142 762 2225 ipse
784 2155 926 2221 silet,
956 2169 1055 2209 nec
1084 2155 1223 2210 ullus
1251 2154 1319 2210 de
1351 2156 1443 2211 illo
1474 2155 1757 2227 prophetat

411 2247 667 2316 Omnino,
698 2248 794 2303 sed
824 2262 920 2304 vos
951 2248 1096 2318 ipsos
1127 2248 1356 2319 perdere
1381 2249 1562 2306 vultis.

844 2381 957 2420 XIX.
984 2395 1052 2406 —-
1077 2380 1387 2421 NEIIESIACIS
1405 2381 1581 2421 \‘ANIS.

414 2476 532 2533 Non
560 2477 908 2549 ignominiam
932 2485 1034 2541 est,
1072 2476 1246 2532 virum
1276 2477 1460 2534 seduci
1492 2479 1837 2550 prudentem,

417 2568 486 2626 Et
512 2569 691 2626 colere
723 2568 903 2636 talem,
932 2575 1025 2623 aut
1053 2568 1274 2624 Dianam
1305 2570 1487 2626 dicere
1514 2571 1719 2642 lignum
1745 2574 1769 2628 ?

1530 241 1955 301 COMMODIANI
1990 211 2568 297 'INSTRUCTIONES

2019 359 2073 419 Λ
2097 353 2249 411 Mane
2272 354 2441 421 ebrio,
2465 353 2650 419 crudo,
2685 352 2925 425 perituro
2948 351 3171 419 creditis
3197 351 3350 417 viro;

2048 480 2059 493 -
2110 446 2188 502 Ex
2212 455 2329 502 arte
2350 446 2442 516 qui
2468 446 2590 502 ficte
2618 446 2858 517 loquitur
2885 444 3011 516 quid
3039 444 3114 499 illi
3140 443 3367 499 videtur.
3393 460 3407 497 :

3240 239 3314 309 (ν.
3337 234 3492 305 alii.)
3603 231 3712 289 2H3

2110 538 2307 594 Severe
2335 537 2461 593 dum
2492 538 2629 607 agit,
2660 537 2763 592 sibi
2796 538 2999 592 viscera
3031 536 3221 606 pascit.

2108 631 2379 700 lncnpriat
2405 631 2552 687 cives
2579 646 2714 686 unus
2739 630 3073 686 detestabilis
3103 641 3317 685 omnes.

2109 722 2485 792 Adplicuitque
2509 722 2634 789 sibi,
2665 722 2828 777 simili
2856 722 3084 793 collegio
3112 721 3276 784 facto,

2107 812 2242 870 Cum
2272 814 2465 884 quibus
2492 812 2770 869 historiam
2798 813 2971 884 ﬁngit,
3003 823 3062 868 ut
3088 813 3248 868 deum
3277 809 3529 867 adornet.

2106 903 2229 975 Ipse
2249 905 2354 960 sibi
2386 908 2558 960 nescit
2582 904 2826 960 divinare
2855 947 2870 972 ,
2899 905 3110 961 caeteris
3134 904 3317 959 audet.

2110 997 2401 1061 Succollat,
2429 996 2644 1068 quando
2670 997 2818 1060 libet,
2843 1012 2990 1063 eum,
3022 1006 3077 1051 et
3095 994 3310 1066 quando
3335 993 3576 1065 deponit.

2107 1090 2349 1147 Vertitur
2368 1108 2399 1146 a
2426 1106 2488 1147 se
2517 1100 2702 1146 rotans
2736 1105 2858 1146 cum
2896 1090 3044 1161 ligno
3074 1088 3299 1156 bifurci;
3344 1132 3358 1155 ς

2108 1184 2187 1238 Ac
2209 1182 2253 1237 si
2285 1191 2441 1252 putes
2463 1181 2615 1236 illum
2644 1179 2884 1236 afﬂatum
2917 1181 3138 1236 numine
3166 1180 3319 1251 ligni.

2108 1273 2225 1329 Non
2246 1273 2379 1329 deos
2405 1286 2500 1327 vos
2525 1272 2703 1328 colitis
2731 1286 2868 1343 quos
2905 1272 3004 1342 ipsi
3032 1270 3167 1326 false
3196 1275 3558 1341 prophetam;

2112 1364 2262 1436 Ipsos
2291 1364 2603 1419 sacerdotes
2628 1363 2804 1420 colitis
2825 1404 2840 1429 ,
2866 1364 2917 1419 in
2948 1379 3087 1419 vano
3119 1364 3389 1420 timentes.

2111 1455 2221 1513 Sed
2247 1456 2293 1511 si
2317 1454 2483 1512 corde
2512 1458 2679 1526 viges,
2703 1454 2826 1525 fuge
2850 1454 2963 1525 jam
2993 1455 3227 1511 sacraria
3259 1455 3472 1510 mortis.

2676 1585 2768 1624 XX.
2791 1599 2863 1610 --
2882 1584 3134 1626 TI’I'ANES.

2111 1683 2333 1740 Titanas
2355 1683 2508 1740 vobis
2533 1684 2775 1739 Tutanos
2798 1682 2982 1749 dicitis,
2998 1697 3139 1739 esse.

2038 1748 2086 1807 Β
2114 1774 2354 1831 Immites
2381 1776 2572 1831 tacitos
2601 1775 2702 1831 sub
2727 1775 2963 1831 culmine
2993 1783 3176 1831 vestro
3206 1775 3435 1846 rogatis.

2113 1865 2216 1922 Tot
2247 1866 2407 1933 lares,
2438 1865 2714 1930 aediculas,
2748 1866 3038 1922 simulacra
3066 1866 3189 1922 ficta
3219 1865 3431 1922 Titano.

2116 1959 2369 2014 Adoratis
2391 1960 2537 2014 enim
2561 1959 2709 2014 stulti
2741 1959 2881 2014 malo
2908 1959 3019 2015 leto
3046 1958 3360 2023 defunctos;

2111 2054 2230 2111 Non
2260 2054 2431 2125 legem
2461 2055 2697 2125 ipsormu
2726 2054 2964 2125 legentes
2992 2068 3006 2106 :
3043 2067 3148 2108 non
3180 2054 3280 2124 ipsi
3311 2055 3617 2125 loquuntur.

2113 2145 2183 2201 Et
2201 2145 2333 2203 deos
2371 2146 2583 2202 audetis
2613 2147 2869 2202 :eramiue
2905 2145 3086 2201 dicere
3115 2145 3283 2202 fusos.

2120 2238 2403 2296 Solveritis
2430 2255 2526 2296 eos
2554 2240 2724 2310 magis
2753 2240 2806 2295 in
2835 2239 3052 2295 vascula
3077 2241 3259 2296 vobis.

2558 2348 2563 2353 ’
2619 2371 2738 2412 xxx.
2769 2386 2838 2397 ——
2864 2370 3236 2411 uox'rcsuuts.

2124 2487 2332 2543 Montes
2360 2498 2414 2543 et
2442 2487 2576 2543 deos
2603 2488 2780 2543 dicitis
2804 2506 2817 2543 :
2849 2488 3193 2553 dominentur
3219 2489 3271 2544 in
3294 2504 3445 2545 auro.

2123 2580 2407 2636 Obscurati
2427 2581 2590 2648 malo,
2615 2580 2790 2637 aliena
2817 2591 2998 2639 mente
3020 2582 3293 2652 juvantes.

1761 2731 2317 2795 COMMENTARIUS.

417 2862 611 2918 nempe
635 2847 1047 2918 simulacrorum
1067 2845 1134 2899 de
1167 2845 1362 2918 quibus
1380 2854 1463 2918 est
1481 2845 1861 2918 Instructiouis
1883 2849 2006 2903 titu-

421 2921 522 2978 Ius.
550 2916 696 2971 nulla
722 2918 890 2972 locum
917 2927 1007 2978 est,
1035 2916 1137 2971 hoc
1170 2927 1273 2983 est,
1317 2916 1448 2971 nihil
1480 2916 1652 2971 locuta
1683 2931 1764 2972 est
1808 2935 1820 2971 :
1862 2920 2005 2984 nulla

418 2990 555 3045 fudit
580 2990 816 3043 oracula.
848 2989 968 3044 Rto.

2115 2868 2243 2922 puts
2264 2864 2347 2909 est
2378 2854 2656 2924 Rigaltins.
2688 2853 2813 2908 Vult
2858 2854 3000 2908 enim
3024 2852 3460 2924 7Commotlianus
3484 2895 3499 2919 ,
3528 2852 3730 2909 Neme-

2114 2925 2315 2995 siacnm
2344 2922 2469 2979 dum
2497 2942 2667 2979 severe
2712 2924 2856 2992 agit,
2889 2939 2984 2980 seu
3013 2922 3201 2995 flagris
3223 2935 3279 2978 et
3306 2925 3483 2993 gladio
3527 2940 3728 2995 corpus

2118 2994 2355 3067 lacerat,
2414 2997 2609 3051 victum
2668 2996 2771 3051 sibi
2830 2993 3103 3067 quaerere.
3162 2993 3299 3050 "HIC
3360 2995 3524 3050 lustr.
3578 2993 3729 3064 xvu,

496 3062 574 3114 De
613 3074 926 3114 annuens.
959 3058 1285 3131 Gratulabor
1318 3058 1637 3131 monstranti
1683 3059 1843 3131 alium
1881 3063 2017 3117 scri-
2045 3068 2090 3131 (ζ
2124 3081 2177 3120 v.
2209 3064 2318 3122 215
2346 3058 2364 3120 ἑ

427 3141 670 3197 ptorem,
728 3132 818 3198 qui
881 3129 1103 3200 hujusce
1153 3129 1387 3183 numinis
1437 3130 1762 3184 mentionem
1806 3130 2015 3188 fecerit.

425 3202 754 3256 ’l‘erminatio
788 3201 1054 3255 Persicam
1080 3215 1264 3254 vocem
1294 3201 1524 3260 iudicat:
1557 3213 1611 3253 ut
1640 3210 1781 3265 sunt,
1811 3202 2017 3258 Mithri-

427 3272 602 3335 dates,
631 3269 953 3335 Oroudates,
977 3270 1265 3334 Tiridates,
1305 3270 1662 3326 Meherdates.
1700 3273 1862 3327 Etcst
1882 3275 2020 3342 apud

427 3342 748 3414 Procopium
779 3342 829 3395 iu
860 3342 1090 3414 Persicis
1114 3346 1415 3414 ᾀμμουδὶος,
1434 3342 1716 3414 :Igct'7lt7and
1748 3343 2014 3413 ignobilis,

427 3413 591 3488 δειρὰς
615 3415 801 3488 μετρόν
832 3411 993 3488 sinam
1017 3411 1240 3488 σταδίςρ
1267 3415 1501 3488 arulam,
1534 3412 1620 3466 ubi
1636 3411 1814 3488 castra
1836 3411 2022 3488 Bersa—

432 3482 550 3539 ruin
583 3482 840 3537 adversus
868 3483 1156 3553 Romanos.
1188 3483 1255 3537 Et
1283 3482 1421 3553 apud
1457 3482 1802 3552 llesychium,
1841 3484 1986 3540 Datis
2006 3527 2020 3550 ,

435 3570 627 3609 nutuen
656 3552 1183 3621 intperatorisl’ersm
1210 3572 1222 3606 :
1247 3552 1339 3606 sed
1370 3553 1483 3607 btec
1505 3568 1663 3621 quam
1683 3563 1807 3607 sunt
1825 3556 2021 3622 inania,

435 3624 480 3679 Si
504 3640 610 3679 non
639 3625 853 3679 aliunde
882 3623 1305 3677 cmtlirutcutm"?
1336 3625 1450 3677 litt}.

505 3696 845 3748 Neuesntcrs.
883 3695 955 3748 De
991 3694 1159 3749 Grillis
1199 3694 1444 3764 Cybeles,
1473 3693 1648 3754 Ida-is,
1689 3694 2023 3762 Bellonariis,

436 3765 618 3820 lsiaeis
638 3774 691 3819 et
727 3764 1056 3818 Nemesiaeis
1084 3767 1241 3819 etiam
1271 3767 1465 3833 scripta
1495 3764 1743 3819 Gentium
1775 3767 2025 3833 profana-

439 3851 555 3890 runt
587 3835 812 3890 confuse
850 3835 1143 3890 disserunt.
1201 3834 1569 3889 Nemesiaenm
1598 3836 1852 3891 describit
1886 3841 2029 3895 Ann-

439 3906 575 3961 Ieins
603 3906 714 3960 Mil.
744 3922 836 3961 vnt
864 3924 875 3959 :
909 3926 927 3956 ι
957 3907 1086 3960 lusit
1117 3906 1492 3960 vaticinatione
1517 3908 1774 3968 clamosa,
1798 3910 2029 3963 conﬁcto

440 3977 759 4039 mendacio,
813 3979 1160 4045 semetipsum
1212 3978 1479 4030 IlICOhSt‘re
1532 3989 1694 4045 atque
1733 3979 2027 4043 critninari,

437 4047 587 4120 quasi
618 4057 806 4120 contra
828 4048 905 4102 fas
923 4058 1121 4101 sanetm
1149 4047 1421 4120 religionis
1446 4047 1778 4120 designasset
1806 4050 2027 4120 anmd,

437 4116 492 4173 et
521 4119 739 4187 insuper
765 4119 936 4186 justas
964 4134 1145 4186 paruas
1178 4117 1320 4171 noxii
1361 4116 1614 4171 facinoris
1657 4118 1771 4186 ipse
1799 4119 1867 4173 de
1898 4116 2031 4174 'snis

439 4190 685 4243 manibus
723 4204 1037 4258 exposcere.
1084 4192 1311 4257 Arrepto
1358 4188 1587 4256 denique
1625 4187 1813 4259 llagro,
1863 4202 2025 4253 etc")

438 4273 559 4326 quae
588 4275 745 4330 supra
776 4260 1239 4330 7de_Dindymariis
1287 4259 1688 4330 observavimus
1714 4300 1728 4323 ,
1762 4260 1826 4314 ad
1871 4260 2029 4316 lustr.

441 4343 554 4382 xvu
603 4327 646 4384 U
676 4329 703 4383 ei
756 4329 824 4382 tlc
864 4327 1072 4397 fragore
1098 4344 1204 4397 quo
1250 4329 1487 4383 luxurias
1525 4329 1740 4395 ineunt,
1773 4341 1827 4383 et
1869 4331 2033 4386 furias

443 4402 697 4467 lingunt:
738 4400 826 4468 qui
869 4397 1048 4468 fragor
1085 4409 1140 4453 ct
1182 4399 1330 4452 furor
1384 4400 1544 4452 etiam
1598 4398 2033 4456 Nemesiacorum

440 4456 563 4533 fuii',
596 4479 653 4522 ut
681 4456 861 4525 videre
885 4456 981 4524 esi:
998 4471 1046 4522 iu
1070 4468 1202 4523 estis
1233 4468 1539 4535 Apuleianis
1572 4486 1586 4521 :
1636 4488 1654 4520 ι
1692 4470 1773 4523 Ab
1794 4472 2036 4538 ingressu
2060 4456 2114 4515 Ῑ)

442 4539 620 4609 primo
642 4540 820 4593 statim
848 4539 1066 4594 absonis
1095 4540 1383 4593 ululatibus
1409 4548 1813 4609 constrepentes
1839 4541 2034 4596 fanati-

441 4624 505 4666 ce
533 4610 833 4679 peranant,
865 4619 966 4664 etc.
985 4629 1004 4663 ι
1033 4610 1321 4679 PrOpterea
1349 4610 1598 4664 Nemesin
1625 4611 1861 4666 Catullus
1878 4613 2033 4668 deam

441 4682 815 4751 vehementem
858 4694 978 4735 esse
1026 4681 1187 4741 dixit,
1220 4681 1604 4751 epigrammate
1629 4681 1695 4735 ad
1739 4681 1984 4738 Licinum
2018 4701 2032 4737 :

445 4749 529 4805 Ne
552 4767 726 4821 poenas
757 4750 989 4805 Nemesis
1037 4749 1268 4820 reposcat
1300 4749 1332 4804 ἁ
1359 4761 1423 4806 te.
1468 4749 1563 4805 Est
1608 4752 1869 4806 vehemens
1916 4753 2033 4817 dea,

444 4822 629 4899 (ledere
657 4823 789 4899 hanc
814 4832 1006 4899 caveto.
1037 4821 1279 4899 Babrins,
1301 4821 1690 4899 apudb‘uidam
1719 4840 1732 4875 :
1761 4822 2036 4899 ῌᾳρήχῖἧ

440 4894 668 4963 aspicit,
687 4895 719 4952 ἡ
743 4895 787 4948 τ’
819 4891 953 4948 ἄδικ’
976 4894 1266 4948 ἐποπτεύει.
1301 4891 1366 4946 Et
1394 4893 1495 4945 alia
1519 4892 1817 4961 hujusmodi
1836 4891 2036 4949 ibidem

444 4962 505 5016 in?
530 4967 667 5016 hanc
703 4964 1023 5018 sententiam
1068 4963 1133 5016 tle
1177 4963 1529 5033 scriptoribus
1570 4963 1803 5033 antiquis
1852 4967 2033 5019 citata.

444 5034 763 5103 Ammianus
789 5034 1124 5088 Marcellinus
1143 5032 1235 5103 lib.
1260 5048 1349 5087 xtv
1381 5049 1395 5087 :
1427 5051 1446 5082 ε
1475 5032 1618 5095 llaec.
1647 5042 1701 5086 et
1731 5034 2039 5103 ltujusmudi

446 5101 664 5171 quidem
709 5103 1114 5158 innumerabilia
1167 5102 1328 5157 ultrix
1375 5103 1673 5158 facinorum
1726 5101 2037 5173 impiorum,

446 5174 822 5241 bonorumque
879 5174 1507 5244 prmtuiatrisoperatur
1550 5174 1826 5244 Adrastia;
1878 5190 2038 5244 quam

445 5244 710 5298 vocabulo
741 5244 938 5311 duplici
984 5249 1142 5299 etiam
1187 5242 1435 5299 Nemesin
1478 5243 1849 5312 appellamus,
1894 5242 2034 5300 etc.»

447 5312 600 5367 Hanc
624 5314 855 5384 denique
883 5315 1062 5384 Apul.,
1085 5315 1176 5370 lib.
1204 5315 1270 5369 de
1296 5314 1513 5380 Mundo,
1534 5312 1896 5369 Necessitatem
1921 5330 2042 5372 esse

448 5383 581 5453 dicit
602 5385 810 5438 ultionis
830 5383 1210 5453 ine/fugibilem.
1238 5385 1360 5442 th.

522 5452 647 5508 Non
672 5452 1006 5526 ignominiam
1028 5464 1122 5526 est.
1153 5455 1390 5511 Isidorus
1414 5455 1510 5511 lib.
1541 5470 1616 5519 IV,
1646 5469 1767 5526 cap.
1797 5455 1917 5519 ult.,
1951 5456 2045 5512 ubi

448 5524 517 5580 de
545 5524 717 5596 poenis
738 5567 753 5591 ,
805 5539 927 5597 qua:
953 5535 1079 5580 sunt
1108 5525 1313 5595 legibus
1340 5526 1667 5593 constitutae,
1697 5525 2046 5597 Ignominiam

446 5594 807 5667 etinfnminm.
835 5594 953 5651 th.
1168 5594 1181 5595 ί
1220 5666 1227 5667 7
1275 5665 1282 5667 7
1440 5666 1443 5667 7
1474 5666 1477 5667 7
1544 5624 1563 5642 .

517 5665 632 5722 Sibi
661 5670 856 5723 viscera
884 5666 1065 5737 pascit.
1094 5665 1354 5735 Apuleius
1378 5685 1391 5720 :
1426 5666 1681 5724 Manibus
1716 5684 1836 5724 suos
1864 5669 2044 5724 incur-

439 5746 557 5791 sant
588 5740 864 5806 musculos,
886 5736 1103 5792 brachia
1128 5738 1402 5791 dissecant.
1436 5736 1558 5795 Rm.
1590 5766 1664 5782 —-—
1701 5738 1935 5797 Omnino
1966 5741 2043 5796 la-

2654 3134 2782 3185 Dum
2807 3135 2959 3200 furias
2982 3135 3173 3198 lingere
3199 3143 3446 3200 quaerunt,

2249 3198 2350 3262 Aut
2371 3211 2480 3262 cum
2502 3200 2647 3249 dorsa
2668 3211 2755 3262 sua
2780 3197 2988 3262 allidunt
3010 3197 3186 3262 spurca
3208 3197 3453 3262 bipenne;
3480 3235 3512 3248 ..

2249 3260 2559 3311 Obumbrant
2582 3260 2813 3325 papultnn
2838 3259 3130 3325 simplicem,
3160 3259 3362 3323 perituri
3384 3261 3434 3309 ui
3461 3259 3688 3310 credant.

2124 3345 2403 3415 Apuleius,
2448 3343 2678 3410 Metam,
2716 3345 2807 3399 lib.
2843 3360 2952 3405 vtu,
2986 3359 3104 3414 pag.
3156 3344 3304 3400 I75:
3344 3362 3362 3396 ι
3401 3342 3499 3398 Ubi
3528 3344 3736 3397 tandem

2127 3416 2330 3486 fatigati
2376 3416 2450 3469 vel
2469 3426 2603 3469 certe
2625 3432 2716 3470 suo
2739 3416 2936 3469 laniatu
2961 3415 3156 3478 satiati,
3188 3431 3400 3483 pausam
3421 3416 3740 3483 carniﬁcina:

2128 3486 2344 3550 dedere;
2371 3501 2553 3541 STIPES
2576 3501 2766 3552 cereas,
2802 3486 2958 3540 immo
3002 3500 3118 3539 vero
3145 3495 3190 3538 et
3227 3497 3517 3553 argenteas,
3563 3487 3737 3539 multis

2128 3557 2360 3611 certatim
2385 3555 2733 3623 olferentibns,
2754 3558 2870 3611 sinu
2892 3572 3128 3626 recepere
3160 3556 3358 3623 patulo,
3382 3568 3521 3611 etc.)
3557 3557 3737 3611 Dinis.

2203 3626 2469 3692 luceprt'at
2511 3627 2973 3682 cives..Com‘iciis
2997 3667 3013 3691 ,
3043 3628 3350 3697 opprobriis
3376 3636 3697 3695 conspurcat
3717 3668 3733 3692 ,

2130 3706 2185 3753 et
2210 3699 2361 3762 quasi
2387 3708 2629 3753 stercore
2655 3698 2982 3767 conspergit.
3016 3696 3148 3752 Glos
3199 3696 3386 3751 Isidori
3415 3715 3441 3748 ιι
3481 3697 3741 3751 Vulcanio

2132 3767 2290 3823 edita:
2327 3786 2340 3822 :
2375 3767 2586 3829 Scurra,
2620 3770 2707 3838 qui
2746 3769 3087 3838 incopriatur.
3133 3767 3423 3830 Scurrula,
3475 3769 3560 3838 qui
3598 3769 3743 3821 inco-

2134 3840 2288 3914 priat.
2316 3837 2545 3914 scurras
2569 3837 2741 3914 dictos
2788 3838 2962 3914 fuisse
2987 3837 3178 3914 Greco
3208 3839 3472 3914 vocabulo
3490 3837 3740 3914 'zenpior,

2130 3908 2240 3978 jam
2273 3909 2474 3977 pridem
2514 3926 2579 3962 ex
2625 3909 2795 3963 Dione
2833 3922 2879 3962 et
2931 3908 3193 3963 Svetonio
3241 3909 3340 3962 viri
3390 3908 3740 3962 erntlitiisitui

2135 3980 2388 4055 docuere.
2408 3978 2642 4055 7S7uidas_;
2676 3982 2886 4055 κοπρίος
2917 3982 3041 4055 ἀνήρ
3086 3982 3153 4055 ᾡς
3181 3981 3284 4035 ἀπὸ
3309 3978 3495 4053 δημοῦ.
3523 3980 3660 4055 λέγει
3688 3978 3742 4034 δὲ

2135 4051 2575 4125 τὸν-κοπρολόγοι
2609 4050 2665 4104 In
2695 4050 3218 4125 apogt‘aplto'ltfgitttr
3240 4050 3487 4125 tricapint.
3516 4050 3644 4125 lito.

2221 4117 2441 4174 Vertitur
2461 4117 2492 4173 ti
2523 4137 2576 4174 se
2602 4117 3022 4176 rotatis.‘Pl.inus
3047 4117 3132 4174 ille
3158 4117 3386 4174 artilit-io
3403 4122 3528 4190 ligni
3547 4121 3743 4175 decus-

2138 4190 2295 4245 satim
2321 4191 2508 4245 bifurci
2539 4201 2679 4245 rotat
2708 4207 2848 4251 sese,
2875 4201 2930 4245 ut
2961 4191 3206 4258 imperita
3241 4191 3515 4257 plebecula
3552 4206 3741 4246 corrc-

2139 4272 2285 4329 pttnn
2314 4277 2344 4315 a
2372 4265 2588 4317 numine
2620 4262 2908 4326 existiun-t,
2941 4262 3221 4314 caducaria
3254 4265 3524 4330 passione.
3567 4262 3743 4316 subita

2140 4332 2315 4396 ruina,
2336 4335 2597 4397 vertigine
2623 4333 2904 4386 utratioue
2940 4331 3143 4397 divina,
3183 4348 3284 4385 axe
3307 4334 3748 4387 tlivmncircunt-

2142 4404 2343 4456 actum.
2390 4405 2461 4459 At
2488 4407 2662 4457 nasuti
2704 4404 2881 4467 rident
2910 4404 3279 4471 impOstoretu,
3308 4411 3363 4457 et
3404 4404 3695 4458 inclamant
3728 4420 3743 4455 :

2144 4472 2328 4542 Quaere
2353 4474 2695 4542 peregrinum,
2727 4482 2802 4539 et,
2832 4471 3006 4526 Tollat
3036 4484 3084 4526 te
3112 4474 3199 4541 qni
3226 4489 3328 4526 non
3357 4475 3518 4529 norit.
3554 4474 3673 4529 lito.

2212 4540 2359 4597 Cum
2381 4540 2522 4614 ligno
2552 4544 2754 4613 bifurci.
2794 4540 3201 4614 Agrimensores
3231 4544 3522 4601 terminum
3557 4545 3749 4601 dixere

2143 4613 2452 4679 bifurcium,
2480 4616 2732 4681 ungulam
2767 4613 3045 4668 liifurcam.
3081 4613 3204 4669 Βία.

2217 4683 2438 4757 Titanas
2456 4686 2593 4739 vobis
2619 4684 2866 4757 Tutanos.
2899 4702 2918 4735 ι
2945 4685 3163 4739 Titanas
3192 4683 3356 4738 Mauri
3387 4699 3483 4755 pro
3526 4686 3747 4757 regibus

2143 4754 2381 4809 colunt.)
2413 4755 2639 4818 Aruol).,
2674 4756 2767 4810 lib.
2797 4771 2833 4810 l.

2215 4823 2467 4896 Iunium,
2500 4828 2676 4881 tacitos
2704 4828 2799 4880 sub
2825 4826 3045 4880 culmine
3085 4834 3248 4880 vestro
3277 4827 3494 4896 rogatis.
3536 4825 3635 4896 Tot
3668 4829 3747 4883 la-

2144 4912 2245 4968 res.
2276 4893 2531 4966 Exempla
2561 4913 2630 4950 an
2659 4910 2757 4950 ms.
2792 4912 2807 4949 :
2844 4899 2942 4968 A7151
2982 4907 3171 4962 mutas,
3211 4893 3429 4968 tacitas;
3464 4912 3495 4950 a
3524 4893 3634 4968 quo
3663 4903 3751 4953 ni-

2143 4967 2307 5019 mium
2334 4969 2554 5022 reCcssit
2576 4968 2854 5037 Rigaltius.
2873 4966 3077 5038 Forsan
3102 4969 3204 5038 leg.
3231 4966 3314 5020 Ita
3333 4967 3507 5024 Mum;
3525 4966 3555 5022 Ἰ
3572 4984 3748 5025 terra:

2140 5038 2235 5090 sub
2255 5038 2479 5109 culmine
2504 5048 2665 5109 uestro
2693 5044 2903 5109 rogatis.
2940 5037 3035 5109 Tot
3062 5037 3196 5093 lares
3224 5054 3243 5092 :
3262 5052 3391 5109 nam
3422 5038 3611 5105 Lares,
3637 5039 3752 5095 Mu-

2146 5114 2213 5160 ιτυ
2240 5107 2355 5183 dea:
2378 5109 2492 5162 lilii.
2520 5106 2831 5183 Lactantius
2860 5106 3132 5183 Div.7lt_tst.
3154 5123 3192 5175 I,
3210 5108 3302 5183 297.
3327 5108 3476 5183 flant:
3499 5110 3751 5183 (Mutata)

2144 5192 2252 5250 e_sse
2271 5178 2468 5244 dicunt,
2501 5195 2585 5250 ea:
2611 5195 2708 5250 qua
2740 5180 2840 5233 sint
2882 5180 2987 5232 nati
3030 5178 3205 5232 Lares.
3245 5177 3377 5234 Vide
3428 5177 3519 5235 sis'
3551 5177 3747 5248 Ovid.,
3832 5248 3835 5250 _

2146 5244 2330 5321 Fast.,_
2359 5264 2415 5314 η,
2462 5244 2775 5321 572,7‘5785,
2823 5264 2976 5319 seqq.
3028 5250 3221 5305 Statim
3277 5265 3408 5307 vero
3461 5244 3750 5321 legendum

2145 5316 2377 5373 tedicqu
2423 5335 2436 5372 :
2480 5320 2622 5390 quod
2665 5320 2839 5375 Latini
2885 5316 3155 5376 sermonis
3197 5322 3337 5446 ratli)o
3389 5316 3749 5397 demonstrat.

3321 5407 3461 5446 ms.

3321 5407 3461 5447 AVIS.

2222 5459 2489 5533 Solveritis
2512 5476 2598 5514 eos
2623 5461 2804 5533 magis.
2838 5459 3033 5533 Utilius
3063 5466 3317 5517 mramiua
3359 5463 3446 5516 illa
3487 5461 3749 5530 conflata,

2150 5539 2203 5585 et
2223 5530 2589 5598 colliquel‘acta
2619 5530 2977 5604 dissolveritis
2998 5573 3014 5597 ,
3067 5535 3211 5588 unde
3242 5533 3607 5604 liant7urc_eoli,
3644 5533 3755 5604 pel-

2149 5613 2512 5672 ves,7sarlago,
2540 5602 2763 5672 pate/(az.
2794 5601 3072 5658 Juvt-ualis
3095 5644 3109 5667 ,
3138 5612 3238 5657 sat.
3277 5619 3328 5666 κ,
3359 5602 3450 5657 6i.
3483 5602 3606 5659 Btc.

2226 5666 2503 5744 Mantes'et
2522 5666 2643 5744 deos
2660 5666 2849 5744 dicitis.
2880 5672 2934 5728 In
2962 5666 3278 5744 apograpbo
3305 5672 3528 5741 legitur,
3563 5672 3748 5730 Monte

2154 5757 2232 5796 ses
2252 5742 2375 5797 deos
2403 5743 2571 5798 dicitis
2595 5785 2608 5808 ,
2642 5743 2783 5814 quod
2814 5742 3323 5799 accedere'videtur
3348 5744 3415 5799 ad
3449 5745 3582 5800 deos
3621 5744 3741 5799 Mon
