4020 6072
429 230 536 292 sis
643 237 717 308 (ν.
747 236 900 310 eos.)

431 354 490 411 In
526 356 825 428 supplicem
858 359 1041 431 prodis
1068 361 1181 428 dei,
1209 361 1310 417 sub
1334 372 1554 435 aspectu
1582 367 1815 437 tyranni.

434 446 650 507 Senties
679 452 732 507 in
761 449 886 509 fatis
915 454 1069 524 cuius
1091 453 1254 512 modo
1280 455 1396 528 lege
1424 456 1653 529 juvaris.

650 577 801 621 xxtv.
841 586 913 608 ι-ε-
948 574 1113 623 mrsu
1150 576 1435 634 υτκυκρυε
1477 578 1809 627 vtvstv'rtnns.

437 673 587 732 Inter
613 682 897 748 utrumque
923 679 1115 749 putans
1142 679 1303 738 dubie
1329 682 1556 740 vivendo
1585 701 1794 756 cavere,

434 767 675 825 Nudatus
706 784 737 823 a
765 769 902 841 lege,
925 768 1230 842 decrepitus
1258 768 1386 829 luxu
1429 770 1707 845 praecedis.

438 859 542 915 Tot
568 874 703 916 vane
734 863 1013 932 prospicis,
1047 864 1172 933 quid
1196 866 1390 931 quaeris
1414 867 1635 939 iniqua?

440 949 510 1004 Et
533 949 789 1021 quidquid
819 948 974 1022 egisti
1002 952 1159 1009 istinc
1184 970 1464 1012 remanere
1504 957 1786 1026 defuncto,

442 1040 676 1111 Respice
708 1052 764 1097 tu
793 1043 953 1099 stulte
983 1061 997 1098 :
1022 1060 1128 1100 non
1160 1060 1302 1115 eras,
1330 1056 1383 1103 et
1407 1064 1534 1106 ecce
1562 1049 1778 1107 videris.

446 1132 600 1189 Unde
634 1135 938 1205 processisti
962 1138 1161 1204 nescis,
1196 1152 1295 1195 nec
1324 1140 1463 1196 unde
1493 1144 1747 1210 nutriris;

439 1226 517 1282 Tu
544 1228 711 1284 Deum
743 1229 1016 1285 excelsum
1041 1230 1174 1303 fugis
1196 1241 1298 1288 tute
1320 1235 1442 1290 vitae
1466 1235 1776 1308 benignum,

440 1319 836 1392 Rectoremque
863 1331 1035 1390 tuum,
1063 1328 1226 1395 quite
1251 1328 1420 1397 magis
1443 1329 1626 1386 vivere
1659 1326 1816 1388 vellet
1841 1351 1854 1384 :

441 1411 621 1468 Vertis
647 1421 700 1467 te
727 1413 779 1468 in
807 1414 995 1470 faciem
1025 1423 1081 1470 et
1106 1415 1324 1473 dorsum
1353 1419 1455 1475 deo
1477 1421 1706 1478 remittis
1735 1441 1748 1478 :

445 1502 640 1574 Mergis
667 1508 719 1560 te
744 1504 797 1560 in
828 1506 1095 1575 tenebras,
1147 1508 1274 1565 dum
1304 1523 1457 1582 putas
1496 1522 1548 1572 te
1578 1514 1627 1569 iu
1659 1518 1781 1575 luce
1812 1522 2032 1578 morari.

440 1595 577 1663 Quid
606 1596 658 1651 in
681 1610 949 1670 synagoga
984 1600 1231 1659 decurris
1258 1605 1324 1660 ad
1356 1606 1672 1679 pharisaeus,

440 1685 513 1744 Ut
543 1689 635 1744 tibi
665 1690 973 1748 misericors
1006 1694 1119 1764 ttat,
1144 1708 1300 1767 quem
1325 1698 1558 1772 denegas
1587 1702 1765 1759 ultro?

444 1781 576 1838 Exis
602 1782 726 1840 inde
746 1783 899 1853 foris,
924 1788 1113 1843 iterum
1134 1798 1187 1844 tu
1209 1800 1337 1846 sana
1360 1795 1608 1865 requiris.

445 1873 538 1930 Vis
560 1875 701 1953 inter
735 1887 1019 1949 utrumque
1048 1882 1248 1947 vivere,
1276 1885 1371 1939 sed
1403 1885 1530 1942 inde
1561 1887 1779 1957 peribis.

442 1963 669 2036 Insuper
692 1976 747 2022 et
774 1968 907 2024 dicis
938 1984 952 2023 ε
984 1970 1113 2037 Quis
1139 1979 1221 2028 est
1247 1976 1334 2044 qui
1366 1991 1395 2030 a
1428 1988 1600 2035 morte
1626 1978 1886 2037 redemit?

447 2059 520 2117 Ut
542 2060 826 2119 credamus
843 2064 913 2129 ei,
941 2067 1191 2136 queuiam
1225 2067 1298 2123 ibi
1328 2054 1778 2144 ptenae'aguntur,

446 2152 545 2209 Eia
594 2170 703 2210 non
726 2155 823 2223 sic,
857 2166 914 2212 ut
944 2166 1100 2228 putas
1120 2172 1264 2227 esse,
1297 2162 1549 2233 maligne.

445 2245 581 2302 Nam
612 2248 688 2304 illi
718 2249 937 2320 prodest
964 2261 1085 2321 post
1112 2253 1319 2323 funera,
1350 2268 1495 2312 recte
1519 2258 1609 2329 qui
1638 2261 1788 2316 vixit.

446 2338 527 2395 Tu
558 2348 734 2397 tamen
762 2358 883 2398 mox
912 2346 1148 2402 moriens
1174 2348 1391 2405 duceris
1420 2350 1474 2405 in
1504 2351 1622 2407 loco
1649 2353 1883 2425 tnaligno
1914 2372 1932 2409 :

445 2431 505 2489 In
538 2432 753 2492 Christo
780 2436 1061 2495 credentes
1086 2448 1263 2525 autem
1293 2443 1345 2498 in
1372 2443 1493 2499 loco
1514 2444 1745 2517 benigno
1775 2465 1788 2503 :

449 2523 837 2598 Blanditttrque
862 2529 1056 2599 quibus
1085 2523 1253 2590 haeret
1277 2537 1563 2594 amoenitas
1593 2538 1700 2594 illa.

446 2608 619 2703 Vobis
645 2625 821 2675 antem
851 2620 1048 2691 dubiis,
1083 2624 1133 2679 in
1165 2642 1260 2681 vos
1286 2624 1402 2685 sine
1425 2646 1651 2702 corpore
1678 2648 1859 2703 paena,

448 2702 683 2764 Suscitat
712 2704 764 2766 in
792 2710 1009 2770 fratrem
1039 2718 1255 2773 tortoris
1273 2719 1407 2775 ordo
1428 2722 1681 2781 clamare.

665 2840 867 2881 ιιν.-
902 2844 990 2893 QUI
1031 2842 1253 2901 TIIlENT,
1296 2850 1364 2890 ET
1404 2852 1504 2892 NON
1534 2854 1800 2897 CBEDENT.

446 2939 735 3010 Quamdiu,
766 2942 931 3000 stulte
957 2944 1138 3015 homo,
1169 2946 1443 3005 Christum
1468 2964 1763 3024 agnoscere
1787 2966 1893 3035 non
1924 2958 2044 3015 vis?

1553 242 1976 305 COMMODIANI
2016 240 2559 312 iNSTlIUCTIONES

3245 264 3321 339 (ν.
3350 220 3502 340 351.)
3614 270 3717 326 220

2047 364 2100 427 Α
2128 366 2276 423 Vitas
2303 382 2489 440 agrum
2521 373 2795 444 pinguem,
2825 382 2879 431 et
2900 374 3067 432 sterili
3096 379 3304 437 semina
3326 382 3520 452 jactas.

2129 460 2184 515 In
2213 462 2360 534 sylva
2389 480 2606 521 manere
2636 468 2853 537 quaeris,
2871 467 2961 525 ubi
2983 469 3120 526 latro
3143 484 3401 531 moratur.

2131 550 2210 606 Tu
2236 552 2391 621 dicis,
2416 561 2468 609 et
2494 571 2592 626 ego
2625 556 2717 613 Dei
2742 573 2859 613 sum
2881 575 2894 625 ;
2919 569 2973 615 et
2994 560 3135 618 foras
3158 563 3401 622 oberres.

2134 644 2418 716 Ingredere
2450 645 2559 717 jam
2595 663 2736 707 nunc
2767 652 2924 708 toties
2949 652 3202 709 invitatus
3231 656 3281 711 in
3310 657 3509 715 aulam.

2132 739 2332 795 Matura
2350 742 2460 811 jam
2493 745 2700 812 messis,
2730 754 2937 817 tempus
2966 749 3293 820 totidemque
3316 765 3578 822 paratum.

2136 832 2276 889 Ecce
2303 835 2461 890 modo
2490 842 2629 892 mete
2662 853 2674 890 :
2707 837 2872 909 quid?
2903 856 3005 895 non
3038 850 3087 897 te
3110 843 3518 909 'pmnitet?inde

2134 924 2306 990 Nunc,
2331 928 2375 981 si
2409 938 2513 982 non
2538 926 2724 996 habes,
2753 930 2944 1002 collige
2975 951 2988 987 :
3020 930 3285 991 vindemia
3310 938 3452 994 vina.

2135 1019 2371 1090 Tempus
2399 1021 2552 1077 adest
2581 1023 2704 1077 vitae
2734 1024 2985 1081 credendi
3018 1037 3255 1099 tempore
3280 1033 3489 1087 mortis.

2138 1111 2234 1167 Est
2263 1112 2358 1167 Del
2384 1111 2469 1168 lex
2500 1114 2667 1183 prima
2695 1112 3098 1173 fundamentum
3128 1130 3356 1189 postera:
3382 1124 3531 1195 legis.

2137 1204 2213 1259 Te
2240 1205 2453 1274 quidem
2488 1206 2733 1275 signabat
2756 1210 3081 1264 crediturum
3109 1213 3161 1267 in
3190 1213 3303 1283 lege
3330 1218 3586 1286 secunda,

2137 1293 2247 1351 Nec
2276 1296 2437 1350 minae
2465 1313 2530 1351 ex
2554 1297 2691 1367 ipso,
2721 1299 2814 1354 sed
2842 1316 2907 1356 ex
2938 1301 3050 1372 ipsa
3081 1304 3173 1359 tibi
3207 1315 3452 1375 potentes
3485 1328 3499 1364 :

2138 1384 2378 1455 Obstupc
2399 1386 2508 1457 jam
2538 1387 2730 1457 factus,
2758 1392 2879 1459 jura
2911 1403 2961 1447 te
2987 1394 3213 1451 credere
3242 1398 3457 1454 Christo
3482 1418 3497 1465 ;

2147 1478 2278 1535 Nam
2311 1490 2686 1536 testamentum
2713 1494 2865 1539 vetus
2892 1484 2960 1541 de
2991 1488 3083 1542 illo
3110 1490 3426 1558 proelamat.

2141 1573 2375 1629 Credere
2404 1575 2545 1629 enim
2568 1591 2704 1646 Opus
2732 1588 2813 1631 est
2843 1589 3044 1634 tantum
3076 1581 3128 1635 in
3154 1582 3270 1652 ipso
3290 1584 3562 1653 defuncto,

2143 1665 2448 1737 Resurgere
2467 1683 2645 1737 posse,
2672 1670 2856 1728 vivere
2884 1681 3125 1744 tempore
3142 1686 3273 1732 toto.

2146 1757 2287 1829 Ergo
2307 1759 2351 1813 si
2374 1759 2492 1829 quis
2519 1775 2582 1816 ea
2608 1761 2870 1820 discredis
2894 1778 3017 1822 esse
3036 1764 3236 1834 futura,

2148 1850 2449 1907 Dummodo
2479 1853 2725 1909 vincetur
2751 1870 2877 1911 reus
2903 1857 2955 1912 in
2979 1868 3151 1914 morte
3177 1862 3432 1930 secunda,

2145 1941 2420 1998 Eventura
2451 1959 2640 2000 canam
2674 1948 2856 2016 paucis
2881 1947 2933 2002 in
2964 1949 3064 2005 isto
3095 1950 3297 2008 libello.

2142 2034 2277 2090 Nam
2306 2036 2558 2106 cognosci
2592 2045 2787 2106 potest,
2822 2038 2913 2094 ubi
2944 2040 3014 2096 sit
3040 2056 3165 2111 Spes
3199 2045 3595 2117 anteponenda.

2142 2129 2342 2185 Tamen
2370 2144 2463 2184 vos
2485 2129 2743 2188 adhortor
2763 2135 3080 2203 quantocius
3109 2136 3335 2194 credere
3361 2138 3594 2196 Christo.

2150 2286 2297 2325 XXVI.
2325 2299 2393 2311 --
2416 2286 2849 2328 REPUGNANTIBUS
2888 2288 3155 2331 Αυνειιευε
3193 2292 3369 2333 LEGEI
3408 2294 3618 2335 CHRISTI
3652 2294 3742 2336 DEI

2890 2383 3023 2423 VIVI.

2150 2503 2380 2575 Respttis
2406 2504 2589 2560 infelix
2622 2507 2818 2562 bonum
2844 2505 3140 2578 disciplina:
3167 2507 3398 2566 caelestis
3416 2548 3433 2576 ,

2152 2595 2217 2649 Et
2256 2596 2366 2651 ruis
2392 2596 2444 2652 in
2475 2607 2729 2662 mortem,
2753 2599 2879 2654 dum
2905 2600 2984 2654 vis
3005 2600 3123 2655 sine
3153 2601 3304 2657 freno
3330 2602 3527 2674 vagari.

2148 2678 2388 2743 Perdunt
2417 2699 2467 2745 te
2497 2690 2708 2745 luxuria
2739 2700 2791 2746 et
2815 2690 2995 2746 brevia
3026 2692 3214 2763 gaudia
3244 2695 3425 2749 mundi
3459 2712 3474 2748 :

2147 2779 2304 2838 Unde
2326 2783 2428 2839 sub
2459 2782 2672 2838 inferno
2700 2784 3025 2839 cruciaberis
3055 2794 3296 2855 tempore
3323 2795 3457 2843 toto.

2147 2871 2349 2928 Gaudia
2378 2884 2501 2929 sunt
2524 2890 2658 2929 vana
2689 2875 2880 2944 quibus
2901 2874 3192 2931 oblectaris
3220 2877 3418 2948 inepte.

2147 2964 2263 3020 Non
2287 2965 2375 3020 illa
2408 2978 2459 3022 te
2491 2967 2723 3024 reddunt
2744 2967 3018 3024 hominem
3042 2968 3206 3025 luisse
3226 2969 3581 3027 defunctum?

1794 3096 2351 3164 COMMENTARIUS.

518 3194 586 3253 In
614 3200 896 3273 supplicem
919 3205 1090 3273 prodis
1112 3200 1212 3261 dei.
1243 3202 1264 3262 1

446 3264 849 3339 adgeniculatus
876 3264 1161 3333 simulacro
1187 3278 1359 3334 lovis.
1386 3264 1506 3339 lite.

565 3338 849 3419 ubaspectu
872 3350 1092 3419 tyranni.
1124 3348 1432 3419 Tyrannum
1461 3338 1607 3408 dicit.
1636 3355 1904 3414 Camarem
1930 3377 2037 3417 non

446 3407 807 3487 Christianum
834 3407 1224 3487 :simulacruin
1252 3420 1419 3487 Jovis,
1452 3424 1504 3477 di
1523 3407 1751 3482 tholum:
1774 3407 1891 3485 ιξῐὰζ

447 3468 768 3612 ειίἔιέάιῖἒιῖἔ
786 3468 817 3540 a
837 3468 1224 3559 ιεςῖἦδιῖιξξ
1242 3468 2042 3570 ’131πί-

524 3622 802 3712 ζ’τᾳξεεᾳὶι.
828 3627 1180 3712 Pracessisse
1199 3634 1449 3712 dicnntnr
1467 3637 1781 3712 Christiani,
1804 3643 1895 3712 qui
1917 3653 2042 3699 sunt

450 3693 506 3748 in
529 3696 773 3752 ecclesiae
802 3713 932 3768 pace
960 3696 1165 3760 dimissi
1189 3706 1255 3761 ad
1288 3705 1592 3764 Dominum.
1614 3693 1895 3785 male;
1918 3693 2042 3785 itii;

450 3760 616 3820 cedis.
650 3767 827 3822 Dnrs.

449 3777 616 3820 COGIS.
650 3777 827 3825 UAVIS.

705 3840 756 3927 in
794 3859 910 3925 syn.
955 3844 1264 3927 decuri‘s‘ad
1299 3847 1613 3927 Phgristeos.
1646 3852 1705 3908 In
1731 3854 2042 3927 apographo

451 3904 645 3985 legitur
668 3928 681 3963 :
702 3904 935 3985 desinis
959 3932 1093 3985 ηερε
1117 3904 1346 3984 bifartos.
1379 3904 1501 3979 Rte.

523 3975 738 4060 Pueris
762 3983 815 4060 in
837 3975 1218 4060 locorntaligno.
1249 3990 1331 4045 Ad
1358 3975 1499 4049 male
1517 3993 1877 4051 Christianum
1906 4015 1919 4048 :
1947 3997 2045 4052 du-

452 4054 833 4130 εφεηὶιξφῃίῑ.
867 4058 919 4111 in
949 4059 1061 4112 loco
1089 4054 1332 4130 maligno.
1367 4061 1448 4117 Ad
1477 4080 1603 4119 vere
1632 4066 1995 4123 Christianum
2026 4086 2040 4123 :

453 4114 651 4201 durari!
749 4114 860 4183 loco
886 4129 1120 4201 benigno.
1148 4114 1308 4187 Eftra
1326 4114 1497 4189 hosce
1525 4135 1660 4193 duos
1680 4138 1897 4193 ordines
1919 4155 2044 4193 san—

454 4202 573 4275 ctus
603 4193 842 4275 Ephrem
869 4193 1057 4275 _Syru's,
1098 4219 1216 4275 tht)
1252 4202 1621 4262 Commodiani
1653 4210 1948 4275 proximus,
1977 4210 2046 4265 ab

454 4259 806 4344 [perun—ymo,
830 4259 969 4326 111)ῧο
993 4259 1062 4329 de
1088 4259 1467 4341 Scriptorihtis
1488 4259 1919 4344 Ecclesiastict‘s:
1933 4259 2047 4334 lau-

455 4331 629 4413 δέξαιθ’
656 4331 819 4413 {illum
844 4358 948 4396 non
971 4358 1092 4398 esse
1116 4331 1349 4400 ttiedittm
1370 4331 1824 4404 ordinetnitlocel.‘
1838 4331 2047 4407 Usi—title

456 4405 528 4488 ait
558 4420 571 4456 :
603 4422 624 4456 ι
656 4405 872 4488 Loquor
910 4422 1089 4488 autem
1118 4414 1186 4468 de
1228 4417 1398 4471 altero
1434 4418 1648 4486 quidem
1681 4434 1935 4488 superno,-
1964 4405 2045 4476 al;

458 4480 573 4556 tero
608 4492 736 4556 vero
777 4480 1007 4548 inferno,
1048 4486 1187 4539 inter
1228 4502 1362 4556 quos
1404 4480 1647 4542 m'ediatts
1689 4480 1771 4544 est
1816 4480 2045 4546 varietas

457 4536 769 4631 dii-Terentiae
787 4536 1218 4631 retributionunt.
1233 4536 1772 4628 1{Idem—pos;

458 4616 782 4702 gehennam,
801 4623 917 4702 _ltoc
949 4628 1119 4696 ipsum
1149 4638 1232 4683 est
1260 4616 1481 4702 regnum
1507 4616 1760 4702 calor-um
1792 4616 1997 4702 ingredi
2025 4616 2046 4687 L-

458 4691 907 4772 quemadmodum
956 4691 1011 4753 ét
1059 4714 1133 4772 co_
1173 4691 1441 4772 excidere,
1491 4712 1573 4755 est
1616 4691 1917 4772 gehennan
1967 4704 2047 4757 in-

459 4761 644 4841 troire.
675 4764 865 4841 {Ilaec
882 4779 1007 4825 sunt
1035 4785 1063 4823 a
1096 4770 1335 4841 Gerardo
1365 4761 1552 4828 vossio
1576 4761 1645 4829 de
1669 4772 1873 4829 Gracis
1906 4788 2044 4829 non-

458 4828 586 4914 dum
640 4835 798 4890 editis
843 4838 1031 4897 Latine
1078 4836 1266 4905 verSa;
1325 4852 1486 4913 atque
1535 4828 1593 4900 ut
1662 4828 1785 4914 ipse
1825 4845 2047 4900 Vossius

459 4900 695 4985 editione
723 4913 1079 4985 suancensuit,
1107 4900 1414 4985 neutiquam
1447 4900 1759 4984 Purgatoi'io
1790 4916 2043 4985 prtejudi-

460 4983 605 5027 cant.
628 4974 988 5037 Tertullianus
1013 4974 1076 5037 ad
1104 4974 1355 5039 Animam
1382 5002 1394 5037 :
1430 5003 1449 5036 t
1486 4974 1828 5041 Aliirmamu's
1852 4974 1917 5040 te.
1937 5002 2048 5039 ma-

463 5055 757 5127 pefeyost
805 5053 927 5109 vitae
973 5054 1424 5122 disptttmtionem,
1473 5065 1531 5127 et
1569 5066 1855 5127 expectare
1902 5056 2044 5120 diem

457 5113 670 5193 iudicii.
700 5135 900 5193 proque
927 5113 1132 5180 meritis
1159 5135 1252 5181 aut
1279 5113 1537 5182 cruciatui
1563 5113 1819 5184 destinari
1847 5113 2048 5182 aut're-

465 5185 720 5266 frigeriot
752 5185 978 5266 utroque
1007 5198 1355 5266 sempiterno.
1388 5217 1406 5250 ι
1440 5197 1557 5254 RIG.

520 5256 734 5339 ﬁnibus
772 5256 1221 5339 haerétamoenitas
1246 5266 1358 5322 illa.
1403 5271 1783 5325 Animoitatem
1808 5267 2054 5339 intelligit

465 5324 904 5388 Millenariorum.
940 5337 1057 5393 lite.

540 5396 608 5480 in
636 5417 722 5456 eos
746 5406 858 5458 sine
885 5422 1095 5474 corpore
1117 5426 1284 5481 poena.
1327 5410 1467 5483 Ignis
1493 5422 1749 5477 aeternus,
1776 5413 1865 5483 qui
1891 5412 2052 5466 etiam

468 5482 889 5550 anttnasturret,
919 5489 1113 5534 exutas
1137 5495 1382 5550 corpore.
1411 5482 1531 5537 Rto.

544 5540 854 5625 Sttscitn‘tin
885 5550 1096 5625 fratrem
1126 5540 1364 5625 elutriare.
1402 5554 1503 5609 Per
1542 5557 1777 5625 fratrem,
1806 5553 2058 5625 intelligit

473 5610 707 5693 ﬁdelem,
725 5610 1108 5693 Christianum.
1137 5621 1364 5677 Suscitat
1382 5626 1435 5679 in
1459 5610 1668 5693 {rairem
1689 5610 1925 5688 cldnwre,
1953 5610 2057 5678 h‘oc

475 5694 578 5751 est,
618 5686 880 5746 advocare
915 5689 1093 5746 frntris
1130 5694 1407 5761 auxilium,
1436 5686 1593 5752 sicuti
1638 5695 1868 5752 faciebat
1905 5686 2057 5751 dives

1266 3207 1355 3292 ioc
1377 3219 1479 3298 est,
1505 3210 2032 3295 Christo’supplicas,
2062 3220 2106 3283 C
2142 3223 2234 3278 ille
2270 3235 2593 3298 purpuratus
2618 3228 2856 3289 clamans
2888 3227 2955 3282 ad
2991 3227 3282 3294 Lazarum,
3326 3235 3385 3283 ut
3415 3229 3743 3298 intinguerct

2140 3302 2443 3367 extremum
2465 3297 2616 3365 digiti
2645 3299 2725 3352 sui
2757 3301 2808 3353 in
2826 3314 3039 3367 aquam.
3071 3299 3251 3364 Lucae,
3276 3315 3385 3354 xvi.
3409 3300 3498 3355 24.
3534 3302 3653 3359 Rte.

2213 3365 2444 3420 Tortoris
2498 3368 2642 3423 ordo.
2705 3365 3043 3436 Tentatoris,
3099 3370 3331 3435 diaboli,
3392 3374 3777 3440 exprohaotis.

2142 3436 2396 3492 damnato
2448 3453 2665 3493 causam
2715 3454 2823 3493 sua:
2871 3439 3262 3505 damnationis;
3298 3450 3355 3494 ut
3392 3436 3529 3497 hanc
3576 3446 3741 3500 etiam

2143 3507 2360 3578 adjiciat
2381 3509 2621 3564 damnati
2649 3511 2873 3578 suplicio
2903 3512 3301 3565 contumeliam.
3332 3511 3449 3568 Rue.

2218 3577 2495 3648 Ingredere
2539 3582 2653 3647 jam
2708 3577 2842 3635 nunc
2886 3582 3031 3635 toties
3071 3582 3331 3637 invitatus.
3385 3583 3742 3642 lnstructione

2145 3665 2354 3774 )lt‘xxnt:
2392 3649 2592 3707 Intrate
2630 3653 2836 3707 stabiles
2885 3651 3118 3707 Silvestri
3152 3654 3220 3705 ad
3264 3668 3487 3724 prtesepe
3524 3658 3743 3727 pastoris

2198 3736 2269 3774 IG.

2198 3736 2269 3777 IG.

2217 3809 2439 3888 Tempus
2488 3812 2791 3884 totidemque
2836 3825 3086 3888 paratum.
3131 3812 3362 3870 Totidem
3401 3829 3495 3886 pro
3534 3819 3694 3873 etiam
3721 3861 3738 3888 ,

2155 3883 2532 3953 Consimiliter,
2560 3890 2613 3937 ut
2636 3883 2816 3953 supra.
2843 3884 2961 3941 ﬂio.

2218 3950 2312 4029 Est
2337 3951 2432 4007 Dei
2460 3953 2540 4008 lea:
2568 3950 2749 4025 prima.
2784 3954 2948 4010 Vetus
2980 3964 3357 4012 testamentum
3386 3974 3499 4029 prie
3529 3972 3588 4016 se
3620 3960 3743 4017 tulit

2149 4025 2366 4099 umbras
2391 4032 2449 4099 et
2476 4036 2806 4099 sacramenta
2827 4029 2939 4099 sive
2958 4029 3210 4099 mysteria
3237 4025 3540 4099 NoviIRte.

2225 4094 2333 4149 Nec
2382 4097 2532 4150 mina:
2577 4112 2640 4149 ea:
2678 4096 2806 4164 ipso.
2842 4098 2969 4164 Deo,
3002 4094 3226 4154 scilicet.
3268 4096 3397 4154 Nam
3441 4110 3493 4155 te
3534 4102 3740 4161 salvum

2225 4115 2333 4149 nec
2382 4115 2532 4150 11111113
2577 4115 2640 4149 ea:
2678 4115 2691 4148 1
2731 4115 2806 4150 80.
2842 4115 2969 4164 υοο,
3002 4115 3226 4154 SCIIICCI.
3269 4115 3397 4154 nam
3441 4115 3493 4155 lt‘.
3534 4115 3740 4161 salvum

2150 4164 2265 4239 ﬁeri
2299 4166 2409 4239 vult
2457 4168 2615 4239 Deus.
2656 4115 2888 4237 Itfeoque
2934 4170 3105 4237 posita
3147 4171 3262 4239 lege
3291 4173 3606 4226 monstravit
3644 4170 3740 4228 tibi

2148 4237 2287 4314 viam
2317 4238 2502 4314 salutis
2528 4256 2541 4293 :
2570 4252 2729 4314 quam
2753 4240 2795 4292 si
2827 4242 3087 4314 pravitate
3113 4237 3220 4314 tua;
3232 4242 3596 4312 derelinquas,
3627 4243 3739 4314 jam

2150 4306 2263 4376 ipsa
2296 4308 2386 4361 tibi
2416 4308 2498 4361 via
2528 4306 2886 4362 comminatur
2912 4310 3153 4363 exitium.
3178 4310 3298 4367 Rte.

2225 4377 2449 4448 Obstupe
2461 4379 2575 4447 jam
2598 4382 2783 4451 factus.
2804 4380 2972 4451 γεῖςτο
2991 4381 3041 4433 in
3061 4381 3210 4435 libris
3226 4383 3293 4437 de
3308 4383 3388 4437 Re
3406 4391 3541 4439 rust.
3564 4383 3698 4438 dixit
3724 4403 3739 4440 :

2152 4446 2396 4522 Euandri
2421 4446 2500 4522 me
2520 4446 2765 4522 fecerunt,
2790 4461 2844 4504 et
2874 4448 3072 4505 Consus
3092 4464 3289 4522 quoque
3315 4455 3508 4522 faciunt
3528 4465 3586 4510 et
3615 4455 3742 4509 Per-

2071 4526 2123 4586 ι)
2149 4518 2289 4588 [erue
2307 4519 2377 4573 ita
2404 4521 2482 4583 ﬁt.
2506 4518 2705 4575 Ennius
2721 4532 2898 4577 autem
2924 4518 3217 4578 dixere—t4
3232 4518 3375 4579 Saico
3395 4541 3505 4580 cere
3521 4526 3739 4581 commi-

2150 4604 2303 4644 nuam
2337 4590 2502 4643 brum.
2527 4591 2649 4647 Bia.

2235 4660 2469 4715 Vincetur
2492 4678 2626 4716 reus.
2657 4659 3035 4719 Convincetnr.

2225 4749 2477 4826 Inmorte
2517 4753 2757 4826 secunda.
2806 4752 2929 4826 Post
2978 4755 3220 4826 corporis
3266 4768 3528 4823 mortem,
3560 4759 3740 4816 anima

2151 4824 2341 4879 mortis
2367 4836 2581 4896 aeternae
2607 4824 2779 4894 poenis
2808 4824 3040 4896 addicta.
3075 4824 3267 4895 Apoc,
3304 4844 3339 4882 tt
3371 4846 3384 4882 :
3413 4829 3512 4892 Qui
3541 4830 3737 4896 vicerit,

2151 4912 2253 4969 non
2276 4895 2533 4969 lwdetur‘a
2550 4888 2707 4948 morte
2718 4888 2959 4969 secunda.
2977 4888 3339 4953 Tertullianus
3361 4888 3495 4953 libro
3508 4899 3575 4953 de
3595 4888 3742 4969 Fuga

2153 4964 2203 5019 in
2236 4960 2541 5089 petjechln
2566 4975 2745 5037 stagno
2771 4966 3034 5037 sulphuris
3072 4977 3117 5021 et
3156 4969 3307 5039 ignis,
3336 4969 3471 5038 quod
3509 4979 3581 5025 est
3607 4960 3744 5027 movrs

2153 5052 2305 5089 secun
2345 5053 2394 5089 a.
2481 5051 2547 5089 IG.

2151 5051 2394 5090 secunda.
2430 5051 2470 5089 Ιὶ
2481 5051 2547 5091 IG.

2223 5129 2529 5201 Disciplina:
2552 5131 2785 5185 calcatis.
2817 5130 3040 5196 Divinm,
3069 5130 3407 5201 Christianas.
3438 5133 3561 5191 RIG.

2232 5199 2279 5253 Ν
2285 5218 2349 5253 an
2364 5198 2454 5254 illa
2468 5212 2513 5253 te
2525 5201 2741 5255 reddunt
2755 5202 3008 5256 hominem
3021 5203 3179 5272 fuisse
3191 5203 3283 5271 def
3282 5240 3297 5255 .
3320 5200 3582 5268 Cogitatio
3596 5221 3742 5261 mor-

2158 5272 2225 5327 tis
2257 5287 2361 5324 non
2378 5281 2429 5326 te
2451 5272 2627 5326 reddit
2648 5273 2780 5325 tibi?
2818 5288 2924 5326 non
2945 5282 2996 5327 te
3026 5282 3240 5328 revocat
3269 5276 3334 5328 ad
3370 5274 3743 5339 temetipsum?

2158 5341 2223 5413 ad
2248 5352 2480 5397 mentem
2502 5344 2713 5398 sanam?
2730 5341 2959 5413 Fortean
2974 5358 3102 5397 vero
3121 5345 3422 5413 legendum,
3443 5345 3741 5401 Terrebant.

2158 5411 2272 5467 Non
2299 5424 2347 5465 te
2372 5413 2461 5467 illa
2488 5415 2711 5468 terrebit
2731 5412 3003 5482 cogitatio,
3027 5411 3212 5469 adfore
3233 5411 3461 5484 tempus,
3490 5418 3570 5470 vel
3605 5418 3743 5473 intra

2158 5497 2358 5558 paucos
2388 5484 2503 5558 dies
2547 5483 2778 5558 futurum
2816 5496 2867 5537 te
2912 5484 2964 5558 in
3022 5483 3149 5538 ﬂatu
3205 5483 3434 5540 hominis
3480 5486 3740 5558 defuncti,

2158 5554 2310 5621 cujus
2338 5555 2515 5608 anima
2539 5557 2857 5622 corripietur
2878 5570 2907 5607 a
2930 5554 3172 5609 (immune
3201 5557 3520 5610 cruciando?
3548 5558 3669 5614 RIG.

2232 5624 2338 5695 Seu
2390 5626 2521 5678 leves
2570 5625 2779 5695 invadit.
2832 5624 3064 5680 Omnino
3102 5626 3743 5695 scribettdunt,settLEvtS

2156 5693 2366 5761 invadit,
2401 5695 2620 5750 morbus
2645 5694 2866 5751 scilicet.
2904 5696 3086 5752 DAVIS.
