4020 6072
243 225 350 286 ait
461 228 542 301 (v.
565 227 722 300 357.)

242 345 384 400 Anni
417 353 470 402 te
497 360 604 402 non
630 352 855 416 possunt
881 345 990 416 jam
1020 346 1238 418 triginta
1256 347 1482 404 reddere
1511 349 1766 406 doctum?

242 436 470 494 Nescius
496 437 542 494 si
575 438 804 508 primum
831 438 1046 505 errasti,
1069 439 1275 510 respice
1303 455 1519 497 canum.

243 528 327 584 Tu
350 539 509 599 putas
535 543 678 583 nunc
705 528 869 582 vitam
901 528 1022 584 istic
1053 528 1252 598 perfrui
1282 531 1458 587 laetam

241 619 476 688 Iniurias
506 619 683 675 inter:
711 619 782 674 ibi
808 629 933 675 sunt
955 621 1148 676 damna
1177 630 1412 688 tuorum,

242 713 419 778 Bella,
450 713 533 768 vel
560 712 800 768 infanda:
828 712 1064 780 fraudes,
1099 729 1224 770 cum
1250 717 1510 786 sanguine
1539 713 1697 783 furta,

244 803 534 860 Ulceribus
553 817 752 874 corpus
779 815 1022 870 vexatur,
1055 807 1392 878 gemiturque
1421 809 1685 878 ploratur,

244 893 355 950 Seu
383 895 532 951 leves
553 896 781 962 invadit,
809 904 900 951 aut
929 899 1089 969 longo
1115 899 1308 955 morbo
1336 901 1560 968 teneris,

239 988 352 1044 Aut
377 988 518 1043 natis
542 989 776 1056 orbaris,
801 999 890 1043 aut
921 989 1129 1059 perdita
1155 993 1384 1063 conjuge
1413 992 1601 1049 deﬁes.

241 1079 524 1134 Deseritur
553 1089 723 1135 totum
754 1099 766 1135 :
796 1081 932 1136 heu!
969 1092 1132 1138 ruunt
1161 1083 1449 1154 dignitates
1477 1088 1546 1142 ab
1565 1088 1697 1157 alto,

240 1169 424 1237 Vitiis,
453 1173 730 1242 pauperie,
767 1173 1050 1241 dupliciter
1069 1186 1238 1241 certe,
1269 1177 1313 1231 si
1343 1178 1589 1247 languis:

237 1262 309 1317 Et
333 1263 473 1318 dicis
505 1264 688 1330 vitam,
722 1265 809 1320 ubi
834 1266 1005 1322 vitrea
1030 1267 1136 1322 vita
1170 1269 1448 1342 mortalis?

235 1354 474 1426 Respice
493 1355 610 1424 jam
635 1356 852 1412 tandem
885 1357 986 1413 hoc
1017 1369 1228 1429 tempus
1256 1361 1466 1417 irritum
1496 1377 1620 1420 esse
1644 1377 1662 1417 ε

235 1447 347 1503 Sed
378 1449 433 1502 in
463 1447 640 1503 futuro
672 1450 764 1503 tibi
793 1464 917 1520 spes
946 1460 1028 1505 est
1055 1455 1170 1506 sine
1201 1452 1324 1508 dolo
1353 1455 1588 1510 vivendi.

237 1539 438 1596 Vivere
466 1541 714 1597 volebant
737 1544 918 1614 utique
945 1546 1152 1616 parvuli
1181 1549 1342 1618 rapti,

233 1633 340 1689 Sed
369 1633 476 1688 vita
509 1635 704 1704 privati
727 1635 955 1704 juvenes
981 1652 1266 1695 senescere
1287 1639 1448 1709 forte,

231 1723 478 1780 Laetitios
508 1725 645 1792 dies,
673 1725 979 1798 perfruique
1003 1729 1104 1798 ipsi
1124 1732 1416 1800 parabant;

232 1817 302 1872 Et
335 1828 520 1874 tamen
539 1819 692 1875 inviti
724 1823 1228 1891 reponimusmnnia
1257 1828 1476 1884 mundo.

233 1910 385 1966 Gens
413 1922 468 1966 et
498 1926 599 1984 ego
631 1913 706 1970 fui
729 1931 984 1984 perversa
1009 1929 1192 1975 mente
1220 1932 1480 1990 moratus,

229 2004 297 2058 Et
325 2004 492 2059 vitam
527 2007 686 2064 istius
712 2010 895 2064 saeculi
928 2026 1112 2067 veram
1151 2028 1275 2070 esse
1302 2017 1590 2086 putabam;

229 2094 568 2166 Martemque
595 2099 846 2155 similiter
871 2101 1011 2157 sicut
1038 2118 1138 2159 vos
1159 2105 1464 2174 judicabant
1498 2109 1722 2178 adesse;

228 2185 367 2242 Cum
397 2190 565 2244 semel
588 2193 809 2258 exisset,
832 2193 1074 2249 animum
1103 2197 1328 2265 periisse
1352 2199 1684 2256 defunctum.

230 2279 361 2335 Ihec
389 2293 569 2338 autem
596 2285 677 2340 sic
705 2301 809 2341 non
835 2297 981 2354 sunt,
1011 2289 1110 2343 sed
1125 2290 1375 2346 conditor
1393 2293 1541 2349 orbis
1567 2303 1622 2349 et
1645 2289 1836 2351 au'etor’

229 2376 535 2446 Requisivit
564 2377 708 2432 enim
732 2377 952 2434 fratrem
975 2396 1004 2435 a
1037 2381 1201 2437 fratre
1227 2393 1587 2453 peremptum.

233 2468 405 2536 lmpie
435 2467 542 2530 dic,
579 2468 771 2538 inquit,
811 2468 1039 2524 Ubinam
1068 2469 1274 2527 frater?
1302 2473 1391 2529 ille
1422 2477 1654 2544 negavit.

232 2561 466 2630 Sanguis
494 2561 635 2616 enim
659 2557 840 2618 fratris
869 2563 934 2619 ad
969 2581 1052 2620 me
1084 2569 1434 2636 proclamavit
1462 2571 1514 2625 in
1541 2573 1726 2628 altum.

235 2651 557 2722 Torqueris,
588 2653 770 2720 video,
795 2655 884 2710 ubi
911 2656 982 2710 nil
1011 2660 1218 2715 sentire
1249 2663 1472 2730 putabas
1501 2682 1515 2717 :

233 2745 333 2802 Ille
361 2755 541 2802 autem
572 2748 719 2814 vivit,
752 2761 805 2805 et
833 2749 949 2806 loca
979 2750 1202 2807 dextera
1227 2763 1402 2821 tenet;

234 2840 469 2895 Delicias
500 2839 718 2908 fruitur,
749 2857 884 2911 quas
908 2851 961 2897 tu
989 2843 1294 2912 perdidisti,
1325 2846 1583 2915 nefande;

234 2935 299 2989 Et
329 2949 456 2988 cum
487 2935 752 2989 revocasti
778 2937 1071 3002 saeculum;
1099 2947 1153 2992 et
1183 2939 1274 2994 ille
1303 2953 1655 3012 praegressus,

233 3027 569 3082 Immortalis
598 3029 730 3095 erit;
764 3045 886 3084 nam
918 3041 974 3085 tu
1001 3031 1102 3086 sub
1129 3039 1324 3088 tartara
1349 3036 1584 3107 pianges.

233 3120 389 3175 Vivit
412 3133 565 3177 certe
592 3124 748 3188 Deus,
773 3126 864 3195 qui
893 3125 1173 3183 defunctos
1193 3130 1375 3186 vivere
1404 3133 1546 3196 fecit;

235 3211 600 3284 Innocuisque
630 3215 784 3272 bonis
807 3226 864 3272 ut
890 3219 1076 3274 reddat
1104 3224 1324 3290 praemia
1347 3225 1504 3296 digna
1535 3245 1548 3280 :

233 3302 468 3360 Vesanis
493 3316 673 3362 autem
697 3319 754 3364 et
780 3310 960 3380 impiis
989 3321 1184 3367 tartara
1217 3328 1380 3371 saeva.

231 3396 418 3467 lmipe
439 3401 640 3456 sentire
653 3400 854 3471 judicia
881 3402 998 3470 Dei,
1022 3405 1263 3462 seducte.

1384 233 1756 292 ADVERSUS
1790 233 2101 292 GBN’I’IUM
2143 235 2337 293 M06.

1861 352 1914 412 Α

3055 237 3131 311 (v.
3162 235 3320 310 3M.)
3431 237 3541 292 Ἧι]

2143 366 2312 406 XXVII;
2347 378 2420 391 -
2457 364 2659 407 ετυιτε
2699 366 2801 408 NON
2839 365 3173 430 Ρβηοιιειιε
3211 366 3337 409 ΒΕΘ.

1948 486 2144 552 Stulte,
2177 501 2281 540 non
2313 487 2660 556 permoreris,
2704 502 2804 542 nec
2845 496 3090 543 mortuus
3119 485 3308 558 effugis
3336 483 3541 542 Altum.

1946 577 2026 632 Tu
2057 578 2180 632 licet
2208 577 2463 647 dispOuas
2493 577 2625 632 nihil
2657 587 2708 632 te
2731 579 2930 633 sentire
2955 578 3288 645 defunctum,

1946 668 2189 724 Vinceris
2215 669 2470 739 insipiens
2501 687 2513 722 :
2549 670 2680 724 vivit
2709 669 2846 724 Deus
2875 671 3122 726 conditor
3153 672 3320 741 orbis,

1947 759 2204 830 Legitima
2231 759 2384 829 cujus
2411 760 2648 816 clamant
2677 762 2854 816 valere
2878 761 3178 820 defunctos.

1947 850 2027 904 Tu
2057 861 2234 904 autem
2258 850 2384 905 dum
2418 866 2654 920 praeceps
2677 853 2791 906 sine
2824 852 2933 907 Deo
2961 855 3144 910 vivere
3181 858 3398 926 quaeris,

1947 940 2256 997 EXIinctum
2290 942 2339 995 in
2370 940 2491 997 fatis
2513 942 2736 1012 judicas,
2769 951 2822 999 et
2840 941 3000 1001 fatale
3021 946 3217 1002 credis.

1946 1031 2062 1086 Non
2094 1033 2163 1086 ita
2191 1033 2474 1104 disposuit,
2507 1041 2564 1089 ut
2589 1043 2643 1089 tu
2674 1045 2848 1104 putas,
2878 1033 3017 1093 Deus
3048 1049 3283 1097 aeternus
3303 1083 3319 1110 ,

1946 1123 2207 1178 Oblivitos
2229 1139 2350 1180 esse
2373 1135 2616 1181 mortuos
2636 1125 2704 1182 de
2733 1138 2885 1200 gesto
2912 1130 3116 1200 priore.

1944 1216 2096 1272 Nunc
2123 1211 2277 1273 nobis
2302 1217 2617 1292 imperitans
2647 1219 2774 1275 fecit
2804 1225 3138 1294 receptacula
3173 1227 3395 1295 mortis;

1944 1309 2077 1365 Post
2103 1311 2316 1367 cineres
2337 1322 2515 1366 autem
2550 1322 2762 1368 nostros
2790 1313 3090 1372 videbimus
3132 1317 3243 1372 illa.

1946 1401 2162 1457 Exuere
2189 1403 2373 1470 stulte,
2406 1405 2496 1475 qui
2527 1414 2680 1474 putas
2707 1421 2802 1476 per
2825 1403 3010 1461 funera
3039 1419 3096 1462 ut
3127 1426 3234 1465 non
3253 1410 3326 1467 sis
3353 1429 3367 1477 ;

1945 1493 2238 1551 Rectorem
2267 1493 2651 1568 dominumque
2683 1505 2830 1552 tuum
2854 1497 2925 1552 nil
2952 1515 3111 1570 posse
3141 1501 3315 1557 fecisti
3347 1521 3360 1557 :

1943 1585 2087 1642 Mors
2117 1599 2295 1643 autem
2324 1586 2379 1644 in
2409 1603 2633 1642 vacuum
2667 1594 2772 1643 non
2805 1599 2908 1656 est,
2940 1587 2984 1644 si
3016 1591 3180 1648 corde
3205 1602 3490 1650 retractes.

1943 1679 2246 1750 Optandu’m
2280 1695 2472 1736 noscas
2501 1699 2516 1734 :
2552 1696 2671 1735 nam
2697 1696 2820 1736 sero
2849 1682 3054 1738 senties
3081 1683 3254 1739 illum.

1868 1739 1920 1800 Β
1945 1772 2148 1828 Rector
2173 1787 2295 1828 eras
2321 1775 2498 1829 carnis
2523 1792 2536 1840 ;
2557 1790 2664 1829 non
2694 1783 2744 1829 te
2771 1784 2917 1830 certe
2936 1791 3063 1830 caro
3086 1776 3326 1848 regebat.

1942 1866 2235 1939 Exemptus
2264 1867 2332 1921 ab
2363 1867 2473 1934 illa,
2499 1866 2809 1923 reconditur
2838 1867 2948 1934 illa,
2969 1879 3023 1922 tu
3051 1868 3273 1925 horsum
3305 1887 3318 1924 :

1941 1957 2107 2015 Recte
2139 1958 2380 2014 mortalis
2411 1957 2575 2013 homo
2597 1970 2877 2030 separatur
2904 1975 2932 2014 a
2960 1975 3124 2017 Carne
3159 1981 3172 2017 :

1940 2049 2145 2105 Idcirco
2168 2065 2274 2105 non
2299 2060 2551 2122 poterunt
2571 2051 2712 2106 oculi
2740 2051 2997 2107 mortales
3025 2047 3249 2124 aequari.

1937 2141 2028 2198 Sic
2059 2143 2220 2198 habet
2247 2143 2476 2216 abyssus
2505 2153 2689 2198 noster
2719 2143 2787 2198 de
2819 2133 2914 2198 Dei
2938 2155 3172 2200 secreto.

1938 2234 2013 2288 Da
2044 2249 2182 2288 nunc
2211 2248 2342 2306 ergo
2375 2233 2500 2298 Deo,
2527 2233 2731 2305 fragilis
2759 2234 2885 2289 dum
2912 2235 3161 2300 moreris,
3186 2239 3450 2294 honorem
3483 2255 3497 2293 :

1938 2325 2008 2380 Et
2033 2321 2194 2381 crede
2227 2323 2372 2397 quod
2411 2323 2660 2380 Christus
2686 2326 2864 2382 vivum
2896 2335 2946 2381 te
2974 2327 3040 2384 de
3070 2313 3282 2386 morttio
3321 2327 3536 2388 reddet.

1938 2417 2303 2488 Omnipotenti
2326 2417 2513 2474 laudes
2536 2419 2586 2473 in
2609 2417 2854 2474 Ecclesia
2884 2419 3111 2476 reddere
3136 2419 3318 2478 debes.

2337 2547 2366 2584 Χ
2378 2545 2530 2586 XVIII.
2560 2547 2775 2586 —JUS'I‘I
2817 2546 2948 2588 RESU
2958 2548 3151 2590 RGUNT.

1943 2664 2156 2720 Iustitia
2194 2675 2249 2720 et
2270 2664 2506 2729 bonitas,
2535 2683 2637 2737 pax
2668 2676 2723 2722 et
2753 2669 3005 2737 patientia
3036 2683 3158 2723 vera

1949 2758 2146 2814 Vivere
2174 2770 2296 2829 post
2325 2757 2433 2814 fata
2465 2760 2684 2825 faciunt,
2720 2768 2774 2816 et
2799 2775 2926 2815 cura
2955 2760 3023 2815 de
3051 2770 3196 2817 actu.

1941 2850 2178 2907 Subdola
2209 2863 2365 2907 mens
2389 2862 2591 2915 autem,
2613 2854 2795 2920 noxia,
2821 2854 3042 2923 perfida,
3063 2869 3246 2923 prava,

1943 2946 2106 3001 Tollit
2132 2962 2192 3002 se
2222 2943 2276 2999 in
2309 2956 2512 3017 partes,
2543 2957 2598 3002 et
2621 2947 2730 3008 fera
2761 2955 2935 3024 morte
2955 2955 3214 3003 inuratur.

1942 3037 2131 3106 lmpie,
2167 3053 2306 3091 nunc
2335 3036 2481 3104 audi,
2507 3038 2636 3106 quid
2672 3051 2766 3106 per
2793 3039 3070 3094 malefacta
3102 3039 3332 3096 lucraris
3359 3057 3373 3108 ;

1940 3130 2170 3199 Respice
2199 3140 2450 3186 terrenos
2463 3131 2695 3200 judices,
2725 3133 2777 3186 in
2805 3145 3034 3199 corpore
3063 3133 3153 3202 qui
3179 3149 3323 3190 nunc

1939 3225 2260 3280 Excruciant
2294 3224 2466 3294 paruis
2494 3224 2678 3278 diros:
2711 3232 2802 3278 aut
2827 3223 2970 3279 ferro
3000 3233 3258 3294 parantur

1938 3314 2209 3385 Supplicia
2231 3317 2458 3381 meritis,
2482 3325 2574 3370 aut
2602 3316 2765 3385 longo
2780 3325 3002 3372 carcere
3031 3315 3178 3372 flere.

1937 3407 2139 3464 Ultime
2167 3417 2224 3462 tu
2249 3420 2437 3477 speras
2467 3408 2638 3464 Deum
2668 3409 2892 3464 irridere
2930 3410 3230 3476 caeleStem,

1939 3499 2338 3571 Rectoremque
2365 3500 2492 3570 poli,
2515 3513 2612 3569 per
2642 3509 2808 3572 quem
2831 3507 2958 3556 sunt
2985 3502 3166 3557 omnia
3195 3501 3377 3557 facta?

1609 3675 2170 3740 COMMENTARIUS.

309 3850 603 3949 Duplijiter
643 3861 778 3908 certe
799 3854 844 3909 si
871 3855 1094 3938 languis.
1127 3857 1182 3914 Si
1213 3859 1435 3932 langues
1455 3904 1470 3930 ,
1502 3863 1547 3920 si
1579 3863 1841 3949 languore

237 3921 425 4005 aliquo
467 3921 718 4005 diuturno
743 3921 1109 4005 αρηξειιιιςριίίξς
1140 3921 1333 4005 atqer
1355 3941 1411 3988 ut
1447 3921 1606 4005 supra
1643 3921 1843 3995 dixitis'i

238 3994 395 4062 longo
418 3995 592 4064 morbo
624 3998 827 4050 teneris.
854 3996 1008 4052 Unde
1025 3999 1152 4054 illud
1184 4020 1196 4056 :
1221 3994 1392 4058 Genus
1418 3994 1528 4060 essé
1549 3994 1838 4064 miseris-or?

240 4064 368 4127 dite,
399 4063 499 4115 cito
516 4066 696 4119 occidi.
723 4065 844 4123 RIG.

325 4151 497 4238 Vinea
523 4156 664 4238 vita:
709 4157 860 4223 Quod
893 4159 960 4214 de
989 4160 1198 4238 fortuna
1229 4163 1364 4238 dixit
1407 4177 1561 4238 vetus
1586 4170 1839 4238 scriptor,

241 4223 347 4278 hoc
377 4226 445 4277 de
486 4226 591 4278 vita
634 4227 862 4284 humana
895 4233 1176 4289 verissime
1217 4236 1470 4292 dicatur:
1510 4223 1842 4296 Vitaﬂn'ostrd

238 4297 401 4348 vitrea
417 4306 490 4350 est
522 4310 541 4349 :
566 4307 683 4352 tunc
709 4303 1162 4370 quumsplendeut,
1196 4308 1472 4377 frangitur.
1506 4309 1625 4366 RIG.

310 4383 544 4440 Latinos
565 4388 689 4463 dies.
712 4390 953 4463 Latitiae,
983 4394 1270 4463 Lretiticus,
1299 4398 1493 4455 Laetos.
1519 4401 1686 4458 Valde
1709 4406 1838 4460 mihi

239 4469 502 4543 suspecta
523 4467 608 4513 est
635 4461 790 4515 istius
818 4465 1086 4543 vocabuli,
1126 4461 1438 4543 formatum,
1473 4487 1573 4528 nec
1604 4489 1838 4543 pronun-

239 4528 667 4613 tiari'qnidqnan}
689 4542 882 4613 potest,
898 4537 1000 4613 nisi
1020 4528 1260 4613 inspecto
1275 4528 1459 4596 codice
1474 4528 1712 4613 antiquo.
1725 4528 1836 4602 ve.

240 4607 328 4683 tus
355 4596 627 4684 Interpres
645 4596 877 4684 Latinus
896 4596 1169 4684 lflpistolc'r,
1195 4625 1314 4684 tlllll',
1346 4596 1836 4684 dicilttrliarnalim,

240 4671 555 4754 ειξφροσυγήν
579 4675 737 4750 vertit
764 4671 1088 4754 (Iguinorum.
1115 4671 1169 4733 In
1196 4671 1327 4735 edit.
1360 4683 1528 4738 Paris.
1565 4699 1727 4754 prave
1757 4671 1837 4743 le:

236 4739 384 4808 gitur
414 4757 428 4792 ε
463 4743 756 4811 legationes.
789 4745 907 4801 RIG.

320 4830 422 4884 Ille
443 4835 661 4904 negavit.
690 4837 896 4891 Etenim
915 4840 1222 4964 respondit:
1247 4846 1433 4898 nescio.
1453 4845 1676 4916 Negavit
1699 4851 1840 4905 scire

320 4945 328 4964 ,
380 4905 517 4964 quod
555 4908 857 4963 certissime
887 4909 997 4964 scic
1038 4922 1121 4964 at:
1157 4929 1277 4964 nam
1311 4915 1423 4964 inse.
1453 4933 1644 4964 recens
1665 4919 1838 4964 mllnm

238 4916 328 4966 se,
380 4905 517 4982 quod
555 4908 857 4982 certissime
887 4905 1121 4975 sciebat;
1157 4929 1277 4966 nam
1311 4915 1423 4982 ipse
1453 4905 1644 4973 receiis
1665 4919 1839 4977 adhuc

237 4983 363 5029 erat
392 4988 420 5025 a
443 4973 616 5061 fratris
661 4993 823 5061 nece;
854 4991 1015 5061 atque
1040 4973 1141 5061 hoc
1171 4973 1424 5061 mentitus
1455 4985 1566 5042 Deo
1594 4991 1643 5044 in
1677 4973 1838 5061 quem

235 5059 352 5122 non
382 5044 525 5128 cadit
555 5044 1368 5128 ignorantia,intrutdcntissime
1398 5061 1611 5127 negavit
1638 5044 1834 5128 Deum;

237 5119 295 5170 et
344 5117 609 5196 saerilego
650 5120 950 5184 mendacio,
983 5117 1090 5178 'Dei
1141 5126 1419 5182 scientiam
1466 5117 1739 5196 sulfurari,
1784 5117 1840 5188 et

237 5186 394 5255 quasi
424 5185 675 5270 occidere
699 5202 922 5270 cmonatus
946 5202 1030 5250 est
1062 5212 1074 5248 :
1106 5199 1312 5266 optavit
1336 5200 1470 5270 eripi
1510 5200 1620 5257 Deo
1646 5185 1840 5260 divini:

237 5266 428 5322 tatem,
446 5261 505 5312 τὸ
526 5263 687 5313 Θεὶον.
716 5261 835 5318 RIG.

317 5326 382 5408 Et
405 5343 523 5415 eum
549 5345 711 5384 revoc.
730 5333 991 5415 siccatum.
1019 5333 1343 5409 Repugnans
1367 5340 1628 5415 adversus
1660 5343 1833 5415 legem

237 5396 464 5476 Christi,
495 5405 757 5484 revocasti
791 5404 1043 5458 surculum
1071 5396 1377 5473 [revocasti
1408 5396 1834 5484 diabolum,"

237 5471 671 5524 reuuntiaverus.
706 5472 825 5526 RIG.

313 5551 420 5590 nos
449 5551 776 5618 rfnuonsms
796 5559 916 5599 nso.
967 5545 1085 5601 Non
1109 5549 1186 5604 sic
1217 5554 1463 5618 moreris,
1497 5563 1553 5609 ut
1579 5555 1658 5612 vel
1691 5573 1835 5613 mor-

238 5617 398 5692 tuus,
425 5611 644 5692 effugias
668 5613 1008 5692 Dei_m_:ums_:
1044 5629 1098 5672 ut
1124 5625 1232 5692 jam
1267 5626 1318 5680 in
1351 5611 1663 5683 defunctum
1693 5611 1833 5688 Deus

239 5694 348 5733 non
380 5677 578 5735 habent
600 5683 728 5751 quid
751 5683 928 5742 faciat.
957 5685 1080 5743 th.

2031 3871 2254 3927 Vincet-is
2274 3872 2537 3944 insipiens.
2560 3874 2733 3932 Etiam
2763 3877 2961 3935 invitus
2982 3881 3304 4006 IllSipiﬁnlIE
3326 3887 3546 3945 teneris.

3186 3970 3258 4006 re.

3186 3970 3258 4010 IG.

2016 4034 2276 4112 ΙλσςιὶιίηιέιΔ
2305 4038 2453 4112 cujus
2502 4039 2744 4112 clamant.
2803 4041 3063 4112 Legitima
3118 4045 3248 4100 dicit
3295 4048 3440 4110 leges
3491 4059 3546 4108 et

1944 4108 2194 4162 mandata
2218 4108 2416 4162 Christi
2442 4125 2455 4165 :
2483 4109 2764 4180 disciplina
2792 4128 2857 4167 ex
2883 4108 2991 4168 iide
3020 4117 3309 4171 custodita.
3344 4108 3467 4174 Rlc.

2028 4200 2210 4255 Valere
2252 4200 2536 4271 defunctas.
2572 4200 2800 4259 Vocates
2847 4205 3054 4262 scilicet
3093 4207 3158 4262 ad
3195 4210 3357 4266 vitam
3389 4222 3546 4268 (eter-

1949 4283 2012 4324 na
2022 4281 2092 4325 III.

2016 4366 2316 4424 Extinctam
2343 4370 2396 4423 in
2428 4371 2568 4440 fatis.
2595 4370 2992 4428 Exlinctionem
3013 4415 3029 4441 ,
3063 4389 3310 4433 mortem.
3358 4378 3538 4435 DAVIS.

2019 4459 2263 4541 pblivitos
2306 4479 2414 4541 esse
2440 4473 2684 4541 mortuos.
2719 4465 2984 4541 oblivioni
3021 4469 3211 4523 tradita
3241 4486 3391 4538 esse,
3423 4485 3543 4541 qua:

1942 4529 2230 4588 defunctus
2273 4533 2500 4606 quisque
2545 4538 2711 4606 gessit
2753 4539 2902 4603 olim,
2935 4538 3063 4593 dum
3093 4541 3294 4597 viveret
3331 4529 3389 4596 in
3415 4529 3538 4597 c'or-

1943 4617 2097 4671 pore.

2016 4691 2223 4749 Exuere
2249 4697 2402 4770 stulte
2421 4699 2507 4765 qui
2533 4708 2698 4767 putas.
2729 4699 2831 4766 Qui
2857 4709 2907 4756 te
2937 4716 3031 4770 per
3055 4711 3280 4757 mortem
3305 4703 3382 4757 sic
3409 4705 3537 4758 exui

1943 4777 2120 4889 potiris,
2166 4776 2221 4820 ut
2262 4767 2372 4836 jam
2423 4770 2500 4823 sis
2549 4771 2747 4836 nullus,
2783 4786 2880 4826 nec
2937 4767 3168 4843 amplius
3199 4775 3270 4827 tui
3304 4773 3540 4842 supersit

1947 4850 2036 4892 (1111
2079 4851 2261 4892 uuam.

1947 4850 2261 4907 quidquam.

2015 4926 2314 4996 Optandum
2337 4946 2538 4986 noscas.
2567 4931 2720 4985 Illum
2747 4932 2997 4990 videlicet
3030 4936 3194 4988 Deum
3231 4933 3441 4991 Patrem
3474 4952 3538 4993 ac

1944 4997 2224 5055 Dominum
2258 5011 2523 5056 nostrum.
2557 5002 2865 5059 RIGAL'I‘IUS.
3455 5034 3461 5040 -

2014 5069 2332 5143 Beronditur
2353 5073 2466 5126 illa.
2501 5074 2784 5143 Sepulcro.

2018 5138 2114 5214 zu.
2137 5138 2325 5198 Anima
2357 5153 2476 5207 tua;
2502 5138 2945 5214 pri-ncipalissima
2979 5161 3098 5213 pars
3117 5149 3212 5205 tui.
3232 5149 3348 5207 RIG.

2022 5209 2264 5285 ﬂoreum.
2301 5209 2530 5270 llorsum
2560 5233 2617 5270 se
2644 5209 2899 5285 capessit.
2932 5209 3006 5271 In.

2014 5281 2138 5356 I_Von
2156 5295 2394 5353 poterunt
2421 5289 2634 5356 aequari.
2659 5281 2881 5341 Divinis.

2012 5352 2242 5432 Qura’de
2271 5367 2408 5410 actu.
2439 5352 2828 5432 Suprahdixittt
2863 5357 2938 5432 De
2967 5369 3106 5432 gesto
3136 5364 3326 5431 priore.

2012 5423 2324 5501 Excrnciant
2369 5423 2531 5498 penis
2584 5427 2743 5501 diros.
2777 5429 2866 5485 Sic
2895 5423 2990 5484 dcv
3019 5423 3145 5501 ipso.
3177 5436 3412 5495 Christo,
3445 5436 3533 5490 ln-

1940 5504 2128 5550 slruct.
2162 5497 2251 5563 56,
2285 5497 2376 5566 per
2401 5515 2600 5566 crucem
2649 5499 2811 5555 dirus.
2845 5497 3052 5558 Glossm
3082 5518 3297 5559 veteres
3326 5523 3338 5556 :
3374 5506 3534 5561 Dirue

1937 5565 2290 5636 Θεηκολὼτοςέ
2323 5567 2480 5628 δεῖνος
2525 5565 2723 5624 Diritns
2757 5613 2771 5636 ,
2827 5576 3075 5634 Δεινότῆς.
3109 5576 3222 5628 Alia
3278 5573 3485 5628 Glussm
3519 5594 3532 5629 :

1936 5637 2115 5706 δεῖνος,
2143 5640 2453 5707 Malitiosus,
2478 5640 2702 5709 iniquus,
2734 5661 2920 5713 swvus,
2941 5656 3083 5711 tnui,
3107 5642 3340 5712 acerbus,
3366 5655 3533 5701 atrox.
