4020 6072
450 232 559 293 223
667 236 746 311 (v.
774 237 934 310 425.)

394 352 397 359 ’
449 351 748 423 Grassaris,
778 353 1003 424 insanis,
1024 353 1297 412 detractas
1320 369 1463 411 nunc
1489 363 1544 410 et
1571 356 1666 411 Dei
1697 372 1932 424 nomen;

452 444 611 503 Unde
640 462 746 503 non
777 447 1001 519 effugies
1031 463 1044 501 :
1079 461 1265 518 poenas
1295 463 1391 518 per
1421 446 1669 519 iactaque
1697 459 1881 518 ponet.

388 576 399 593 ε
455 538 611 596 Nunc
641 541 765 598 volo
790 542 866 597 sis
891 552 1101 607 cautus,
1128 556 1197 596 ne
1222 542 1407 596 venias
1436 541 1575 611 ignis
1606 542 1657 594 in
1687 552 1902 597 aestum.

453 634 633 693 Trade
665 646 715 691 te
738 635 848 708 jam
871 634 1110 702 Christo,
1128 641 1189 690 ut
1216 644 1268 691 te
1288 632 1568 691 benefacta
1590 646 1905 706 sequantur.

776 786 931 827 XXIX.
959 799 1031 813 —
1050 784 1216 826 DIVITI
1246 783 1542 825 INCBEDULO
1563 782 1725 824 ιιΑιο.

456 906 709 975 Diﬂ‘eres,
737 907 908 974 dives,
943 907 1166 963 nimium
1201 917 1289 963 tua
1316 914 1507 963 cuncta
1534 905 1767 962 videndo

457 997 863 1065 lnsatiabiliter,
886 998 1080 1069 quibus
1110 996 1286 1053 adhuc
1311 997 1591 1052 adhaerere
1614 995 1834 1065 quaeris.

457 1087 657 1145 Vivere
689 1102 805 1159 post
835 1089 958 1155 ista,
983 1088 1140 1154 dicis,
1173 1103 1280 1144 non
1308 1102 1468 1157 spero
1493 1085 1795 1142 defunctus.

457 1178 673 1250 lngrate
693 1194 905 1234 summo
932 1179 1064 1246 Deo,
1097 1179 1187 1249 qui
1219 1179 1298 1234 sic
1327 1177 1494 1233 Deum
1513 1176 1723 1248 iudicas
1745 1189 1908 1242 esse;

458 1272 538 1329 Te
564 1272 654 1342 qni
684 1273 964 1329 nesciente
1001 1271 1247 1342 protulit,
1277 1270 1475 1326 deinde
1506 1270 1726 1325 nutrivit
1751 1284 1765 1323 :

372 1402 382 1411 κ
457 1363 581 1436 Ipse
608 1372 760 1435 prata
792 1373 878 1419 tua
905 1364 1193 1435 gubernat,
1227 1365 1414 1419 vineas
1438 1365 1577 1431 ipse,

464 1454 591 1527 lpse
611 1471 830 1528 gregem
858 1470 1140 1529 pecorum,
1171 1466 1226 1513 et
1252 1456 1511 1528 quidquid
1540 1455 1785 1528 possides
1810 1454 1943 1527 ipse.

459 1545 574 1605 Nec
599 1548 715 1603 istis
740 1547 999 1614 attendis,
1030 1557 1124 1604 aut
1145 1557 1201 1603 tu
1234 1549 1377 1619 regis
1405 1549 1583 1603 omnia
1611 1546 1771 1602 forte.

460 1639 668 1699 Ctelum
697 1640 801 1697 hoc
825 1650 882 1697 et
907 1652 1104 1697 terram
1126 1649 1183 1697 et
1206 1642 1372 1698 maria
1402 1640 1541 1697 salsa
1563 1642 1654 1712 qui
1682 1640 1830 1706 fecit,

462 1729 712 1788 Reddere
739 1731 982 1789 decrevit
1006 1746 1106 1787 nos
1133 1733 1280 1803 ipsos
1308 1732 1362 1788 in
1382 1746 1548 1788 aureo
1570 1730 1733 1787 saeclo
1757 1748 1773 1798 ;

464 1826 533 1882 Et
556 1826 716 1882 modo
742 1826 789 1881 si
817 1825 1016 1893 credis,
1039 1826 1237 1882 vivitur
1261 1825 1315 1881 in
1344 1825 1437 1881 Dei
1466 1834 1698 1881 secreto.

465 1919 625 1976 Disce
649 1918 839 1982 Deum,
872 1917 1058 1986 stulte,
1103 1919 1193 1990 qui
1219 1919 1337 1974 vult
1376 1928 1429 1975 te
1456 1916 1813 1974 immortalem
1842 1915 2084 1985 adesse,’

463 2009 536 2067 Ut
560 2011 759 2083 gratias
784 2010 860 2065 illi
881 2009 1082 2067 referas
1103 2011 1157 2066 in
1179 2025 1349 2082 agone
1371 2024 1659 2081 perennes.

466 2104 579 2160 Lex
608 2102 768 2159 docet
795 2103 986 2173 ipsius,
1016 2103 1111 2158 sed
1141 2107 1267 2173 quia
1288 2102 1470 2173 vagari
1502 2110 1555 2157 tu
1587 2100 1807 2171 quaeris,

465 2195 658 2253 Omnia
679 2194 963 2262 discredis,
985 2205 1041 2251 et
1066 2195 1191 2251 inde
1213 2194 1267 2250 in
1298 2204 1526 2251 tartarus
1555 2194 1657 2250 ibis
1684 2209 1698 2247 :

466 2289 590 2348 Mox
615 2291 852 2346 animam
874 2288 1079 2356 reddis,
1105 2289 1322 2346 duceris
1347 2304 1455 2361 quo
1482 2300 1536 2345 te
1562 2290 1785 2359 paenitet
1810 2302 1951 2344 esse.

467 2380 718 2438 Adluitur
740 2380 811 2435 ibi
842 2395 998 2451 poena
1030 2381 1290 2451 spiritalis
1316 2389 1557 2448 aeterna;

468 2473 636 2550 Lugia
667 2489 794 2534 sunt
817 2493 1054 2549 semper,
1098 2494 1197 2536 nec
1217 2480 1544 2551 permoreris
1570 2479 1624 2534 in
1649 2479 1763 2547 illa,

469 2570 906 2644 Omnipotentent
930 2560 1098 2629 Deum
1122 2572 1236 2645 jam
1266 2587 1410 2629 nunc
1437 2573 1510 2629 ibi
1543 2588 1666 2631 sero
1697 2574 2057 2643 proclamans.

755 2724 883 2765 XXX.
914 2738 988 2751 -·
1007 2723 1217 2766 υινιτεε
1251 2724 1482 2765 ιιυιιιιεε
1511 2723 1740 2765 ESTOTE.

472 2844 652 2911 Disce,
677 2845 960 2914 moriture,
984 2845 1183 2901 bonum
1214 2856 1265 2901 te
1294 2844 1580 2901 ostendere
1599 2843 1830 2899 cunctis.

473 2936 531 2993 ln
558 2937 739 2993 medio
769 2938 946 3009 populi
968 2937 1097 3010 quid
1131 2947 1181 2994 te
1208 2936 1340 2992 iacis
1366 2938 1594 2992 altermn
1617 2951 1737 2991 esse
1763 2936 1787 2990 ?

477 3029 641 3086 Vadis
663 3030 756 3086 ubi
782 3031 982 3097 nescis,
1011 3040 1065 3087 et
1093 3030 1295 3087 inscius
1323 3028 1447 3084 inde
1476 3027 1705 3085 recedis.

473 3120 646 3194 lmpie
675 3132 893 3188 tractas,
922 3138 1045 3179 cum
1069 3122 1187 3194 ipso
1214 3135 1444 3193 corpore
1467 3122 1586 3177 sitis

474 3215 557 3272 Tu
582 3232 800 3286 semper
823 3216 1040 3272 divitias
1066 3234 1079 3271 :
1111 3216 1332 3271 nimium
1365 3224 1417 3270 te
1446 3213 1591 3269 tollis
1617 3214 1668 3268 in
1696 3213 1886 3279 altum,

473 3306 544 3364 Et
570 3298 793 3380 typhum
819 3307 991 3375 ducis,
1024 3323 1123 3364 nec
1144 3308 1369 3380 respicis
1397 3321 1659 3379 pauperes
1698 3306 1855 3360 ultro.

475 3401 735 3469 Subditos
760 3417 905 3458 nunc
932 3402 1110 3467 vobis,
1145 3416 1245 3458 nec
1276 3410 1530 3471 parentes
1553 3399 1770 3470 pascitis
1796 3399 1961 3466 ipsos.

475 3494 595 3552 Heu
621 3496 803 3554 miseri
834 3497 846 3552 !
882 3496 1089 3568 fugiant
1106 3496 1321 3567 longius
1337 3496 1635 3552 mediocres
1657 3510 1687 3549 a
1718 3493 1890 3549 vobis.

1538 236 1967 298 COMMODIANI
2005 239 2548 300 lNSTRUCTlONES

3263 244 3341 316 (v.
3373 243 3530 314 454.)
3638 240 3749 300 2-24

2070 362 2119 421 Α
2147 356 2294 412 Vixit
2325 376 2337 412 :
2363 367 2436 426 et,
2466 355 2693 413 extinxi.
2726 355 2959 424 Pauper,
2983 368 3203 431 Ευρεκα,
3227 356 3443 412 clamat.

2149 447 2268 504 Mox
2292 448 2445 504 l‘nriis
2472 450 2651 520 ageris
2682 464 2809 503 cum
2829 462 3019 518 pereas
3039 447 3173 517 ipse,
3209 444 3531 518 Charybdis.

2151 539 2541 609 Indisciplinati
2570 539 2649 595 sic
2668 555 2766 595 vos
2788 538 2981 594 divites
3005 540 3157 596 eSliS.

2156 632 2351 704 Legem
2375 631 2516 688 datis
2545 633 2683 702 istis,
2714 649 2824 689 non
2860 634 3013 689 vobis
3037 633 3242 706 paratis
3266 632 3417 702 ipsis.

2156 726 2308 782 Exue
2336 736 2388 782 te
2414 727 2566 783 dives
2592 728 2754 783 tantis
2781 727 2958 795 malis,
2987 728 3100 783 Deo
3132 742 3442 798 pervorsus,

2154 820 2450 877 Subveniat
2480 822 2665 892 utique
2692 821 2783 877 tibi
2813 821 2956 893 quod
2981 836 3123 878 nunc
3152 822 3407 892 operasti,
3435 820 3482 877 si
3512 819 3669 878 forte.

2155 913 2345 969 Estote
2374 927 2559 969 comes
2585 913 2844 979 numinis,
2876 914 3247 989 dumtempus
3280 913 3511 982 habetis,

2155 1003 2309 1059 Sicut
2342 1003 2517 1059 ulmus
2537 1013 2683 1059 amat
2709 1005 2896 1071 vitem,
2920 1007 3002 1061 sic
3023 1005 3122 1076 ipsi
3148 1005 3390 1075 pusillos.

2158 1095 2475 1151 Terribilem
2504 1095 2675 1166 legem
2708 1097 2889 1163 malis,
2921 1097 3078 1153 bonis
3103 1111 3255 1168 atque
3283 1096 3568 1168 benignam

2156 1189 2396 1246 Observa
2418 1205 2561 1245 nunc
2580 1189 2802 1257 sterilis,
2830 1189 3079 1245 subtutus
3107 1190 3160 1243 in
3185 1188 3457 1259 prOSperis
3477 1197 3594 1245 esto
3621 1204 3635 1242 :

2156 1282 2352 1339 Tollite
2379 1281 2538 1337 corda
2572 1279 2777 1336 fraudis
2800 1281 3016 1346 divites,
3049 1292 3102 1335 et
3129 1282 3327 1337 sumite
3356 1281 3521 1351 pacis.

2157 1374 2227 1430 Et
2250 1384 2487 1446 speetate
2524 1374 2723 1429 malum
2756 1382 3017 1430 vestrum.
3050 1370 3408 1428 Benel‘acitis?
3431 1371 3630 1429 Adsum

2728 1519 3250 1562 XXXl.—JUDICIBUS.

2159 1639 2359 1697 Intuite
2384 1640 2525 1697 dicta
2556 1640 2888 1707 Salomonis,
2915 1640 3128 1712 judices
3155 1654 3368 1696 omnes.

2085 1759 2135 1820 Β
2165 1733 2286 1791 Uno
2301 1734 2470 1790 verbo
2491 1749 2591 1790 suo
2615 1734 2845 1806 qualiter
2871 1747 2969 1789 vos
2995 1733 3085 1789 ille
3105 1732 3394 1789 detractat.

2164 1827 2314 1884 Dona
2342 1842 2500 1899 quam
2534 1837 2590 1883 et
2615 1828 2769 1883 xenia
2796 1834 3152 1897 corrumpunt
3172 1825 3379 1896 judices
3408 1841 3422 1879 :
3452 1824 3578 1881 inde

2164 1919 2293 1976 inde
2312 1918 2401 1991 jus
2431 1919 2675 1990 sequitur
2700 1935 2713 1972 :
2741 1917 2962 1977 datores
2983 1932 3198 1986 semper
3220 1916 3446 1983 amatis;

2164 2012 2406 2084 Cumque
2430 2012 2534 2067 crit
2557 2025 2741 2077 causa,
2769 2010 3051 2066 victoriam
3082 2008 3223 2065 tollit
3244 2009 3447 2079 iniqua.

2166 2107 2431 2163 lnnocens
2467 2106 2545 2162 sic
2566 2121 2667 2179 ego
2691 2121 2836 2172 sum,
2866 2120 2968 2161 nec
2990 2119 3089 2161 vos
3118 2104 3305 2161 incuso
3331 2102 3578 2175 pusillus,

2166 2198 2567 2270 Blasphemium
2601 2197 2739 2254 tollit
2757 2197 3015 2254 Salomon
3040 2198 3163 2267 quia
3193 2204 3396 2267 aperte.

2166 2289 2334 2346 Vobis
2359 2299 2537 2346 autem
2569 2291 2710 2345 Deus
2731 2299 2815 2345 est
2843 2298 3034 2345 venter
3053 2297 3109 2344 et
3137 2288 3356 2358 prtemia
3379 2288 3521 2360 jura.

2167 2381 2415 2455 Suggerit
2436 2380 2538 2438 hoc
2560 2381 2756 2437 Paulus
2780 2381 3079 2452 apostolus,
3112 2396 3217 2436 non
3239 2396 3339 2452 ego
3359 2380 3576 2452 duplex.

2596 2532 2765 2573 XXXII.
2783 2547 2854 2559 ο·-
2867 2531 2967 2573 SIBI
2984 2530 3366 2572 PLACENTIBUS.

2169 2655 2224 2712 Si
2256 2654 2405 2711 locus
2433 2663 2523 2710 aut
2550 2664 2759 2725 tempus
2790 2653 2949 2722 favet,
2979 2663 3070 2709 aut
3097 2669 3323 2724 persona
3355 2654 3604 2724 provexit
3632 2672 3648 2723 ;

2171 2747 2341 2804 Judcx
2366 2759 2483 2803 esto
2510 2763 2682 2803 novus
2710 2764 2723 2801 :
2749 2748 2876 2819 quid
2910 2763 3052 2804 nunc
3077 2748 3357 2805 cxtolleris
3383 2749 3549 2805 inde?

2170 2841 2520 2913 BlaSphemas
2560 2842 2827 2909 indocilis,
2861 2842 2928 2897 de
2949 2846 3104 2912 cujus
3127 2844 3436 2913 prtestantia
3458 2843 3618 2912 vivis,

2172 2934 2230 2990 In
2262 2935 2543 3006 fragilitate
2567 2944 2710 2989 tanta
2736 2950 2841 2991 non
2872 2935 3099 3004 reSpicis
3122 2951 3380 3005 unquam.

2174 3028 2278 3084 Per
2299 3029 2496 3099 gradus
2514 3038 2569 3085 et
2593 3029 2739 3084 lucra
2760 3028 2950 3083 avidus
2975 3027 3206 3084 fortuna:
3227 3030 3511 3100 praesumis
3535 3047 3551 3096 ;

2176 3121 2287 3177 Lex
2326 3122 2416 3176 tibi
2451 3138 2556 3177 non
2585 3123 2692 3176 ulla
2719 3132 2822 3186 est,
2845 3137 2943 3178 nec
2964 3132 3014 3177 te
3048 3124 3097 3177 in
3125 3124 3480 3193 prosperitate
3504 3124 3763 3181 dinoscis.

2179 3215 2325 3266 Auro
2347 3213 2474 3267 licet
2504 3222 2849 3281 censeantur,
2884 3212 3150 3268 bacchent
3175 3214 3349 3269 aulica
3372 3228 3620 3286 semper;

2048 3328 2060 3337 ο
2097 3277 2143 3341 C
2175 3307 2511 3363 Cruciarium
2544 3307 2754 3362 Domini
2775 3308 2817 3361 si
2848 3323 2954 3362 non
2983 3307 3240 3372 adorasti,
3272 3309 3478 3378 peristi.

2177 3399 2243 3454 Et
2265 3399 2414 3454 locus
2437 3410 2490 3454 et
2518 3410 2728 3468 tempus
2749 3409 2802 3455 et
2822 3414 3054 3471 persona
3080 3400 3174 3455 tibi
3195 3400 3428 3456 donatur

2170 3490 2344 3557 Nunc,
2373 3489 2419 3546 si
2450 3500 2625 3546 tamen
2642 3489 2821 3547 credis
2851 3508 2863 3543 :
2894 3489 2977 3546 sin
2997 3502 3199 3562 autem,
3232 3507 3329 3564 pro
3346 3508 3412 3549 eo
3444 3493 3676 3551 timebis.

1846 3626 2404 3688 COMMENTARIUS.

479 3765 765 3837 δεινοποίῳ,
792 3761 991 3837 acerbo,
1021 3758 1281 3837 inacgbo.
1307 3758 1374 3837 Et
1393 3756 1553 3837 alibi:
1600 3750 2069 3837 GEOX91MOF'dfi-

479 3845 646 3902 ratus,
677 3823 771 3889 nis.
793 3834 887 3886 deo
918 3832 1099 3886 iratus.
1133 3829 1203 3902 Et
1232 3828 1372 3899 apud
1404 3827 1620 3902 Festum
1632 3844 1668 3902 _:
1700 3823 1859 3879 Dirus
1883 3823 1966 3878 dei
1993 3823 2072 3876 ira

482 3897 654 3961 natus.
683 3903 973 3963 Iuvenalis.
1008 3903 1088 3956 dis
1113 3897 1367 3955 illeirutis
1384 3900 1603 3968 genitus.
1632 3897 1749 3952 th.

559 3975 631 4031 Te
655 3976 743 4047 qui
795 3974 1046 4029 nesciente
1091 3972 1325 4044 protulit.
1368 3966 1498 4042 Leg.
1530 3967 1602 4024 Te
1636 3971 1721 4039 qui
1772 3966 2074 4021 nescientem

486 4048 722 4120 protulit.
756 4047 983 4120 ῡιινιιι.Δ
1084 4114 1105 4120 _
1386 4110 1410 4120 ε
1575 4110 1589 4120 _

566 4117 630 4174 In
657 4134 816 4173 aureo
862 4117 1035 4171 swcto.
1084 4114 1141 4169 In
1173 4127 1334 4168 aurea
1380 4110 1716 4167 Jerusalem:
1747 4108 1841 4163 illo
1868 4107 2078 4163 scilicet

490 4189 801 4246 millenario
827 4187 1104 4244 inoﬂ'ensm
1133 4184 1406 4240 felicitatis
1428 4182 1717 4237 curriculo.
1749 4179 1869 4235 BIG.

565 4259 632 4313 In
655 4257 753 4312 Dei
798 4270 1007 4312 secreto.
1036 4257 1212 4323 Supra
1243 4254 1375 4309 dixit
1404 4270 1417 4306 :
1449 4252 1540 4309 Sic
1565 4252 1713 4307 habet
1749 4252 1960 4321 abyssus
1989 4263 2082 4302 no-

493 4340 597 4385 ster
623 4330 687 4383 de
713 4331 804 4382 Dei
835 4338 1047 4382 secreto.
1084 4326 1203 4381 th.

566 4400 733 4465 Lugia
757 4408 874 4454 sunt
899 4414 1099 4463 semper
1146 4396 1331 4451 Fletus
1351 4406 1406 4449 et
1430 4393 1630 4449 stridor
1655 4391 1920 4465 dentium.
1954 4388 2074 4465 Bia.

570 4458 802 4545 Pauper,
858 4458 1068 4545 εὐρήιέᾳ.
1123 4469 1330 4545 clamat.
1366 4463 1771 4545 lnnapographo
1808 4480 1820 4514 :
1864 4458 2000 4545 Vixit
2035 4468 2082 4513 et

499 4531 718 4597 extinxit
748 4531 943 4611 pauper
971 4540 1134 4611 librat
1177 4537 1394 4611 clamor.
1423 4531 1744 4611 Eutendatio
1769 4531 2026 4611 prmclara

512 4612 669 4669 Vixit.
697 4599 978 4666 et'extinxi.
1003 4608 1221 4682 Pauper
1237 4609 1431 4682 εὑρήκοι
1475 4604 1684 4682 clamat.
1719 4599 1807 4682 Ait
1831 4599 2083 4682 Cornuto-

499 4685 692 4741 dianns
713 4698 871 4739 versu
904 4670 1259 4753 prmcedenti:
1291 4670 1402 4734 Heu
1427 4677 1597 4753 miseri
1620 4674 1855 4753 {fugiunt
1873 4670 2082 4753 longius

500 4756 780 4811 mediocres
801 4771 832 4806 a
853 4742 992 4807 vobis
1017 4770 1030 4806 :
1060 4750 1335 4824 divitibus,
1365 4748 1591 4803 scilicet.
1626 4742 1827 4824 Dei—nde
1854 4742 2076 4824 divitem

503 4825 709 4897 inducit
739 4811 1120 4897 obloquent‘em'
1151 4822 1202 4876 in
1236 4811 1422 4897 iuuere
1467 4818 1739 4897 pauperis,
1771 4811 2083 4897 quasidum

503 4896 707 4950 viveret
754 4885 1063 4963 importuni,
1091 4907 1154 4947 ac
1205 4891 1425 4964 nimium
1470 4885 1714 4964 instantis
1744 4903 1756 4938 :
1783 4885 1938 4964 abegi
1969 4892 2086 4964 tan-

504 4965 627 5019 dem
679 4952 924 5035 magnam
950 4952 1117 5036 anie
1144 4962 1447 5036 molestiam
1480 4974 1494 5010 :
1525 4957 1669 5036 Vixit
1724 4952 1939 5036 putidus
1984 4952 2087 5034 illc

506 5029 1005 5092 Isazaruststinxi
1052 5034 1327 5088 miserum.
1355 5031 1491 5086 Tum
1520 5029 1588 5082 de
1634 5029 1890 5096 pauperis
1911 5029 2088 5077 anima

505 5121 735 5175 corpore
760 5116 938 5160 exma.
972 5116 1026 5160 et
1064 5105 1172 5175 jam
1207 5104 1257 5157 in
1286 5103 1487 5175 coelum
1529 5094 1822 5175 assumpta:
1857 5094 2086 5175 Pauper,

508 5164 676 5252 inquit
730 5164 1171 5252 Cittttmodiatitts.
1200 5196 1395 5252 cepam
1440 5164 2092 5252 elantat;q:uod.estr:nl‘n-

506 5234 629 5304 veni
659 5245 801 5318 quod
829 5257 1165 5319 optaveram,
1191 5234 1331 5319 quiid
1364 5243 1619 5319 petieram
1642 5254 1671 5291 a
1698 5234 1922 5319 Domino
1947 5251 1967 5319 :_
1989 5234 2093 5317 Te-

509 5335 616 5375 nco
648 5308 784 5371 viam
813 5308 916 5387 qua
949 5318 1052 5372 itur
1092 5308 1392 5387 in’cinlum‘.
1414 5313 1509 5387 Sic
1529 5318 1707 5364 autem
1736 5310 1787 5362 in
1813 5309 1935 5387 ipsa
1956 5308 2096 5376 lapi-

508 5390 729 5447 datione
757 5378 1063 5456 Stephanus
1087 5405 1100 5441 :
1140 5386 1302 5442 Video
1326 5386 1480 5440 caelos
1506 5390 1730 5456 apertos,
1759 5391 1866 5456 etc.
1897 5378 2017 5456 lite.

585 5458 760 5514 Furiis
799 5450 1086 5528 Charybdis
1120 5457 1361 5528 Angelis
1405 5465 1608 5528 satana:
1637 5451 1688 5505 in
1719 5450 1911 5528 interni
1937 5462 2096 5528 vora-

510 5533 656 5604 gine,
683 5532 769 5604 uhi
804 5544 911 5585 non
937 5519 1022 5584 cst
1049 5519 1368 5594 substantia,
1393 5525 1489 5584 sed
1520 5522 1844 5580 inenatahile
1872 5519 2097 5591 profun-

516 5603 665 5660 dum.
694 5603 816 5659 Βία.

592 5674 847 5751 Oper-usti.
902 5671 1178 5751 Hocmest,’
1193 5677 1448 5751 operatus
1490 5677 1567 5751 est
1579 5705 1614 5751 .A
1637 5671 1843 5751 Αχαξκῶ

513 5738 682 5801 mavis
710 5744 962 5802 barbare.
1007 5739 1182 5800 Simili
1227 5738 1439 5798 licentia
1486 5738 1622 5794 dixit
1672 5738 1829 5794 instr.
1862 5747 2012 5801 χχιι,
2040 5747 2090 5788 v.

2174 3746 2550 3804 466:1ntuite
2596 3748 2732 3801 dicta
2787 3746 3101 3803 Solomonis.
3154 3746 3351 3803 lterum
3393 3748 3550 3805 instr.
3580 3754 3770 3815 xxxtx‘,

2175 3835 2227 3873 v.
2254 3818 2351 3873 481
2384 3817 2658 3872 :Bacchent
2678 3818 2846 3872 aulica
2872 3835 3087 3888 semper.
3121 3820 3303 3873 D/ms.
3357 3871 3361 3873 _

2253 3889 2475 3945 Observa
2502 3906 2638 3943 nunc
2659 3889 2868 3943 sterilis.
2915 3892 2988 3945 De
3037 3890 3313 3945 sterilibus
3341 3889 3649 3948 Christianis
3685 3890 3775 3947 (li-

2180 3972 2333 4017 cetur
2361 3960 2522 4015 ln~tr.
2552 3976 2637 4015 LV.
2668 3959 2788 4015 th.
3545 4018 3549 4022 ,

2250 4030 2598 4103 Benefacitis?
2654 4031 2863 4085 Adsum.
2903 4028 3014 4103 Hoc
3055 4046 3123 4086 ex
3156 4046 3387 4103 persona
3419 4033 3510 4086 Dei
3560 4033 3780 4088 miseri.

2179 4101 2418 4159 cordiam
2439 4101 2735 4168 olierentis,
2760 4112 2811 4156 ct
2833 4102 3167 4173 resipiscenti
3189 4103 3415 4173 gratiam
3442 4111 3603 4170 atque
3622 4104 3781 4157 auxi-

2183 4174 2313 4229 lium
2344 4173 2819 4243 prtrsentissimnm
2851 4172 3209 4241 suggerentis,
3239 4173 3495 4242 Seipsum
3522 4173 3781 4231 videlicet

2183 4242 2508 4299 omnimodae
2529 4242 2842 4299 felilicitatis
2865 4251 3163 4296 auctorem.
3195 4244 3312 4299 th.

2104 4290 2159 4351 Ῑ)
2185 4290 2419 4368 “"53...”
2430 4290 3476 4382 ῖίιῖᾰιῖἶὶὲἴΞὲέιὶῖαἲᾶἑῖιὶῖτὶῇἐιιὶἶῖιὶάίτεε.
3503 4314 3774 4380 Respicit.

2185 4387 2261 4441 uti
2290 4385 2505 4453 quidem
2530 4385 2716 4450 credo,
2746 4384 2812 4437 ad
2845 4383 3040 4447 Eccle.,
3076 4400 3153 4446 ιιι,
3180 4385 3270 4439 16.
3322 4384 3376 4438 In
3406 4400 3563 4452 quem
3599 4384 3781 4440 locum

2183 4459 2263 4513 sic
2303 4456 2686 4525 Hieronymus.
2714 4464 2753 4509 t.
2786 4471 2839 4517 v,
2874 4469 2927 4524 p.
2977 4455 3064 4518 10,
3093 4454 3221 4510 edit.
3272 4454 3476 4510 Victor.
3505 4474 3517 4508 :
3556 4474 3575 4507 ι
3610 4454 3784 4509 Mani—

2187 4529 2354 4583 festus
2381 4541 2574 4580 svnsns
2604 4538 2708 4590 cst,
2734 4525 2831 4581 sed
2874 4525 3057 4579 tmhilo
3088 4526 3546 4594 interpretationis
3574 4526 3775 4580 obvol-

2185 4599 2345 4652 vitur.
2376 4597 2489 4651 Sub
2542 4596 2678 4660 sole,
2709 4597 2901 4665 inquit,
2945 4596 3048 4649 isto
3093 4598 3374 4651 veritatem
3420 4608 3475 4651 et
3512 4596 3781 4665 judicium

2185 4668 2452 4736 εχεμιίεἰνὶ
2478 4686 2491 4722 :
2513 4677 2569 4722 ct
2590 4667 2695 4721 vidi
2724 4669 2884 4721 etiam
2911 4665 3306 4735 interjudicum
3331 4670 3442 4734 ipsa
3474 4666 3760 4732 subsellia,

2185 4741 2610 4865 goercrimtcm
2633 4738 2836 4803 valere,
2867 4737 2959 4792 sed
2989 4736 3409 4792 muneraaV’ide
3432 4737 3565 4807 psal.
3587 4752 3784 4805 Lxxxr,

2229 4851 2241 4864 .
2323 4825 2462 4865 .tvts.

2229 4851 2241 4864 .
2279 4810 2462 4865 DAVIS.

2271 4879 2548 4935 Victoriam
2573 4879 2705 4933 tollit
2728 4879 2929 4947 iniqua'.
2956 4877 3013 4932 In
3042 4876 3350 4949 apographo
3381 4878 3595 4948 legitur,
3624 4878 3785 4933 victo-

2189 4953 2267 5005 ria
2291 4951 2423 5005 tollit
2444 4952 2691 5020 iniquam.
2722 4951 2839 5005 lltc.

2262 5019 2646 5091 Blaspltcmittm
2687 5021 2821 5074 tollit
2874 5020 3143 5076 Salomon.
3174 5019 3265 5075 Sic
3290 5020 3343 5073 in
3370 5019 3784 5091 apograpltole-

2191 5095 2351 5165 gitur.
2375 5089 2431 5147 ut
2460 5106 2641 5160 supra,
2659 5092 3054 5165 ignomjniunt‘ct
3082 5092 3131 5143 in
3139 5089 3543 5165 [αιιιὶιιηῃξιιςιτ.
3563 5106 3672 5165 xix.
3699 5089 3780 5144 In.

2268 5162 2406 5218 Deus
2455 5172 2529 5216 est
2581 5160 2768 5216 vertier.
2816 5161 2873 5216 ιιι
2925 5162 3105 5216 animo
3138 5160 3325 5215 habuit
3369 5161 3784 5217 Comtnodianus

2196 5233 2457 5303 Philipp.,
2486 5248 2564 5297 ιιι,
2599 5232 2686 5287 19.
2721 5233 2902 5303 Davrs.

2268 5300 2451 5360 Judex'
2498 5314 2601 5358 esto
2641 5320 2822 5358 novus.
2853 5302 3060 5358 Novum
3104 5300 3479 5371 magistratum
3537 5301 3784 5370 adeptus.

2271 5374 2349 5428 De
2374 5376 2522 5444 cujus
2546 5375 2864 5442 prtestantia.
2887 5373 3000 5439 Dei,
3033 5374 3122 5442 qui
3151 5381 3295 5427 tanta
3322 5372 3416 5429 tibi
3442 5383 3546 5428 tam
3579 5372 3786 5428 liberali

2198 5462 2360 5503 manu
2392 5456 2602 5515 praestat
2616 5487 2629 5501 .
2655 5445 2772 5500 th.

2272 5512 2590 5572 Crucior-ium
2612 5515 2840 5568 Domini.
2861 5512 2951 5585 Sic
2977 5514 3172 5584 legitur
3194 5515 3245 5569 in
3274 5513 3584 5585 apographo
3611 5532 3624 5568 ε
3659 5513 3789 5568 Crit»

2200 5591 2387 5643 ciatum
2422 5586 2643 5650 Domini,
2667 5601 2868 5638 crucem
2910 5581 3119 5645 Christi.
3149 5581 3407 5639 Christum
3461 5581 3783 5651 cruciﬁxum.

2197 5663 2292 5721 τὸν
2312 5662 2478 5734 μέγαν.
2496 5660 2686 5734 ἐκεῖνοξ
2702 5658 2787 5712 τὸν
2954 5657 3788 5734 παλᾳιστίνῃᾼὰνασκολοπισθένςτα.

2203 5725 2619 5794 Ριοέιίιιρὶιιιίο,
2647 5727 2820 5785 Grteci
2849 5725 3034 5783 dixere
3060 5725 3369 5795 Martyrium
3403 5742 3542 5797 :quo
3568 5725 3790 5781 nomine
