4020 6072
467 204 570 261 231
685 209 760 279 (v.
789 205 941 282 608.)

470 322 793 393 SuSpensam
822 325 874 379 in
897 324 1042 395 ligno
1067 324 1247 389 vitam,
1281 338 1382 378 nec
1410 324 1484 380 illi
1515 325 1758 393 creditis,

471 415 590 486 ipse
621 417 763 472 Deus
790 417 896 470 vita
924 426 1007 472 est
1032 431 1045 469 :
1077 416 1330 487 pependit
1351 418 1465 488 ipse
1493 434 1592 490 pro
1622 419 1798 474 nobis.

469 508 577 564 Sed
605 524 702 565 vos
733 507 984 564 indurato
1013 509 1176 564 corde
1202 509 1545 565 subsannatis
1565 511 1837 566 eumdem.

787 635 896 675 XLI.
929 649 998 660 —
1019 636 1086 676 DE
1113 635 1449 677 ANTICHRIS‘I'I
1473 637 1740 678 TEIPOBE.

471 732 614 788 Dixit
640 732 832 789 Esaias
857 751 871 787 :
898 732 993 788 Hic
1019 734 1202 798 homo,
1235 735 1323 804 qui
1352 746 1658 791 commovet
1685 735 1892 803 orbem,

467 825 536 881 Et
559 841 714 897 reges
741 826 984 895 totidem,
1014 827 1115 882 sub
1143 843 1250 897 quo
1279 829 1370 882 fiet
1397 838 1538 883 terra
1567 830 1802 885 deserta.

470 917 664 973 Audite
693 919 944 989 quoniam
977 920 1238 991 propheta
1268 919 1336 975 de
1365 919 1459 975 illo
1491 921 1772 990 praedixit:

464 1009 611 1066 Nihil
639 1025 740 1082 ego
770 1013 1071 1082 composite
1099 1013 1232 1080 dixi,
1262 1013 1357 1070 sed
1389 1015 1743 1086 neglegendo.

465 1102 601 1163 Tum
627 1103 835 1159 scilicet
867 1104 1098 1186 mundus
1125 1104 1330 1172 ﬁnitur,
1353 1122 1476 1160 cum
1501 1108 1589 1162 ille
1611 1108 1840 1177 parebit.

467 1197 524 1254 In
557 1206 668 1253 tres
695 1199 1022 1268 imperantes
1043 1200 1158 1269 ipse
1183 1199 1428 1256 diviserit
1455 1201 1640 1258 orbem
1668 1221 1681 1256 :
1729 1202 1732 1206 ’

465 1289 598 1345 Cum
629 1289 791 1346 fuerit
819 1302 997 1348 autem
1027 1291 1170 1348 Nero
1196 1292 1267 1348 de
1293 1293 1502 1349 inferno
1527 1297 1751 1363 levatus,

466 1384 648 1440 llelias
673 1385 853 1441 veniet
880 1388 1028 1456 prius
1055 1387 1275 1458 signare
1304 1387 1554 1444 dilectos.

464 1476 572 1531 fles
601 1493 734 1548 quas
765 1477 963 1534 Africae
991 1482 1141 1550 regio
1167 1489 1224 1534 et
1250 1482 1446 1535 Arctoa
1475 1481 1642 1549 natio,
1675 1489 1782 1537 tota

462 1569 518 1623 lu
546 1580 751 1640 septem
779 1571 938 1626 anuis
969 1573 1219 1628 tremebit
1251 1573 1492 1644 undique
1516 1586 1678 1642 terra,

464 1661 568 1716 Sed
598 1661 833 1718 medium
860 1672 1071 1730 tempus
1103 1665 1304 1732 llelias,
1331 1665 1566 1722 medium
1596 1667 1738 1722 Nero
1765 1667 1988 1724 tenebit.

462 1754 615 1811 Tunc
643 1755 885 1828 Babylon
920 1759 1176 1813 meretrix
1210 1758 1532 1815 incinefacta
1575 1758 1780 1826 favilla,

463 1847 593 1904 lude
622 1850 687 1903 ad
717 1849 1016 1904 Jerusalem
1049 1860 1252 1920 perget,
1280 1851 1559 1921 victorque
1586 1851 1808 1906 Latinus

462 1940 614 1997 Tunc
633 1941 777 1997 dicet
807 1959 821 1996 :
854 1941 970 2012 Ego
1002 1958 1122 1998 sum
1161 1941 1410 1999 Christus
1439 1961 1598 2014 quem
1630 1961 1846 2016 semper
1872 1947 2057 2003 oratis.

462 2034 530 2088 Et
556 2035 770 2106 quidem
793 2037 1122 2093 conlaudant
1146 2038 1296 2092 illum
1331 2039 1581 2108 primitivi
1606 2040 1836 2110 decepti.

443 2123 625 2180 .Multa
645 2126 794 2196 signa
828 2126 974 2195 facit,
1008 2129 1260 2196 quoniam
1298 2129 1412 2199 ejus
1439 2130 1930 2202 pseudoprophela.

460 2218 770 2275 Praesertim
799 2230 856 2273 ut
878 2220 1103 2275 credant
1133 2222 1231 2287 illi,
1261 2222 1512 2292 loquetur
1543 2224 1738 2294 imago.

460 2311 813 2382 Omnipotens
853 2312 1039 2368 tribuit
1062 2325 1117 2369 ut
1141 2314 1258 2370 talis
1283 2315 1494 2371 evadat.

1631 208 2056 267 COMMODIANI
2095 209 2642 271 INSTRUCTIONES

3291 219 3371 288 (γε
3399 219 3556 292 629.)
3663 219 3772 276 252

2087 333 2136 391 Α
2165 329 2600 400 Recapitulantes
2631 331 2927 401 scripturas
2954 347 3019 388 ex
3052 347 3116 389 eo
3142 333 3338 404 Judzei,

2166 427 2484 483 Exclamant
2514 430 2715 499 pariter
2741 428 2805 484 ad
2834 429 3108 486 excelsum
3140 446 3260 488 sese
3284 433 3562 506 deceptos.

2166 557 2292 596 XLII.
2335 571 2404 581 --
2447 557 2515 596 DE
2573 557 2773 599 POPULO
2822 558 3085 600 ABSCONSO
3137 559 3338 603 διιΝοτο
3383 561 3773 607 OINIPO‘I'EN'I‘IS

2727 651 2938 692 CHRISTI
2972 654 3059 693 DEI
3087 654 3217 694 VIVI.

2167 725 2510 784 Desideretur
2538 727 2836 784 absconsus
2859 731 3077 786 ultimus
3103 741 3343 799 sanctus,

2167 822 2235 878 Et
2260 822 2476 892 quidem
2507 823 2722 892 ignotus
2746 840 2773 876 a
2803 825 2959 879 nobis
2990 826 3077 880 ubi
3111 837 3372 892 moretur,

2165 915 2272 970 Per
2292 931 2482 970 novem
2508 916 2704 972 tribum
2728 932 2917 987 agens,
2943 929 2996 974 et
3017 918 3297 976 dimidiam
3325 920 3484 978 nobis

2168 1099 2536 1172 Princepitque
2565 1117 2660 1172 per
2688 1101 2860 1174 legem
2890 1104 3070 1160 vivere
3098 1106 3328 1176 priscam
3355 1125 3370 1162 :

2169 1192 2425 1248 Vivamus
2447 1210 2588 1250 nunc
2617 1211 2841 1262 omnes;
2875 1197 3090 1253 novella
3120 1198 3335 1254 traditio
3361 1200 3498 1272 legis
3533 1220 3546 1256 :

2169 1286 2279 1341 Lex
2304 1296 2362 1342 ut
2391 1288 2502 1358 ipsa
2533 1288 2714 1354 docet,
2748 1289 3126 1360 aptiusjudico
3160 1292 3336 1348 vobis.

2168 1378 2456 1435 Obrelictze
2484 1381 2606 1436 diue
2632 1383 2868 1437 tribuum
2895 1393 2950 1438 et
2975 1376 3194 1438 dimidia
3225 1402 3239 1438 :
3269 1401 3438 1456 quare

2169 1473 2253 1528 Ab
2284 1472 2401 1528 istis
2427 1473 2646 1529 dimidia
2676 1476 2956 1531 tribuum?
2987 1488 3044 1530 ut
3073 1487 3339 1550 martyres
3373 1491 3560 1538 essent

2170 1565 2379 1621 Bellum
2407 1583 2526 1623 cum
2559 1567 2782 1623 inferret
2810 1569 2998 1625 electis
3021 1570 3134 1625 suis
3166 1572 3221 1626 in
3253 1572 3438 1628 orbem
3466 1592 3480 1628 :

2171 1657 2277 1713 Sen
2306 1670 2453 1715 certe
2473 1669 2787 1715 sanctorum
2819 1662 3018 1716 chorus
3047 1662 3429 1734 prophetarum

2093 1728 2142 1788 Β
2168 1751 2532 1822 Consurgeret
2557 1753 2622 1806 ad
2657 1753 2890 1822 plebem,
2931 1755 3019 1825 qui
3047 1728 3268 1812 frenum
3306 1758 3605 1830 imponeret
3639 1760 3767 1829 illis,

2163 1843 2396 1902 Obsceui
2427 1861 2564 1917 quos
2590 1846 2717 1917 equi
2746 1847 3086 1903 trucidarunt
3104 1849 3254 1906 calce
3275 1852 3533 1919 remissa;

2162 1938 2272 1995 Nec
2301 1949 2486 1996 rueret
2515 1951 2721 1996 temere
2745 1940 2810 1995 ad
2844 1956 3033 2012 pacem
3062 1958 3254 1998 manus
3275 1945 3587 2014 aliquando.

2165 2035 2403 2090 Semotze
2429 2043 2556 2090 sunt
2585 2036 2701 2090 ista:
2729 2035 2986 2102 tribuutn,
3018 2046 3074 2092 et
3100 2039 3353 2109 mysteria
3386 2038 3589 2095 Christi

2167 2129 2358 2185 Omnia
2387 2144 2480 2199 per
2503 2131 2635 2184 istas
2655 2129 2997 2200 complentur
3017 2130 3217 2185 saeculo
3243 2138 3379 2187 toto.

2172 2221 2312 2276 Sunt
2335 2230 2518 2276 autem
2540 2221 2609 2276 de
2634 2222 2842 2277 scelere
2865 2221 3096 2276 duorum
3126 2220 3351 2277 fratrum
3381 2231 3578 2293 enatat,

2175 2317 2428 2388 Auspicio
2454 2331 2681 2387 quorum
2714 2317 2921 2373 facinus
2947 2327 3147 2374 secuta:
3177 2317 3348 2376 fuere.

1828 2431 2389 2489 COMMENTARIUS.

533 2548 672 2605 Dixit
689 2548 894 2605 Esaias.
909 2550 1038 2618 Qua:
1055 2559 1353 2619 sequuntur
1370 2565 1475 2604 non
1498 2559 1623 2604 sunt
1644 2548 1783 2620 apud
1804 2547 2045 2611 Esaiam,

456 2631 516 2676 ιιι
538 2622 647 2690 jam
676 2622 870 2676 istliinc
898 2621 1178 2676 verissima
1206 2623 1276 2675 sit
1302 2621 1554 2676 Auctoris
1587 2622 1862 2690 praefatio;
1901 2620 2052 2675 Nihil

456 2709 511 2747 se
533 2693 811 2760 composite
838 2692 1060 2747 dixisse.
1091 2691 1196 2748 Sed
1225 2702 1306 2746 est
1347 2703 1523 2748 tamen
1564 2692 1701 2763 apud
1740 2693 1951 2746 Esaiam
1982 2691 2052 2746 de

454 2763 927 2836 Novalerusalem
961 2763 1133 2836 locus,
1167 2763 1257 2829 qui
1284 2763 1351 2817 ab
1371 2762 1844 2836 Justino’Mariyrc
1865 2763 2052 2818 adver-

454 2849 548 2889 sus
576 2834 921 2904 Tryphonem
951 2835 1148 2889 citatnr
1173 2850 1269 2903 pro
1298 2844 1538 2904 tempore
1567 2835 1656 2887 illo
1694 2834 1839 2888 mille
1877 2849 2044 2888 anno-

454 2921 598 2960 rum.
626 2905 694 2960 Et
719 2913 803 2960 est
830 2906 1124 2975 prophetiae
1145 2921 1264 2975 cap.
1297 2921 1416 2960 va.
1446 2905 1674 2960 “IGALT.
1698 2934 1771 2945 —
1795 2905 2050 2960 Memoria

454 2976 639 3063 lapsus
665 2985 748 3031 est
776 2961 1058 3048 Ri'gal'tins,
1089 2961 1251 3063 qtliit'ii
1291 2991 1368 3063 ea.
1397 2992 1516 3063 qua:
1561 2987 1876 3063 sequuntur,
1909 2976 2049 3047 apud
2077 2961 2121 3023 C

455 3047 670 3104 Esaiam
720 3063 823 3104 non
852 3047 986 3103 esse
1032 3048 1376 3102 eoiilirtnaret
1405 3064 1418 3099 :
1450 3048 1697 3116 leguntur
1735 3048 1876 3102 enim
1924 3064 2045 3116 cap.

455 3120 544 3181 Η,
567 3120 650 3181 16,
680 3119 766 3173 l7.
791 3118 1057 3189 Numquid
1081 3119 1176 3172 iste
1202 3127 1273 3172 est
1299 3121 1374 3171 vir
1399 3119 1484 3188 qui
1501 3120 1820 3172 conturbavit
1838 3130 2047 3185 terram,

451 3191 538 3262 qui
576 3193 829 3246 concussit
869 3208 1052 3262 regna,
1085 3191 1170 3260 qui
1211 3189 1378 3262 posuit
1406 3190 1575 3243 orbem
1610 3191 1865 3244 desertum
1887 3191 1912 3242 ?
1939 3200 2045 3246 etc.

453 3260 608 3328 Quod
644 3263 903 3332 propheta
928 3260 1012 3316 'ile
1050 3276 1177 3329 rege
1215 3260 1510 3331 Babylonio
1539 3263 1768 3327 dixerat,
1798 3263 2048 3317 Commo-

453 3333 645 3386 dianus
669 3334 734 3386 ad
759 3333 1151 3388 Antichristum
1179 3332 1437 3386 delleCiit.
1469 3332 1648 3386 Davus.

527 3405 629 3469 Qui
656 3413 932 3458 commovet
954 3405 1159 3473 orbem,
1176 3413 1219 3455 et
1244 3419 1387 3473 reges
1409 3412 1501 3456 tot.
1531 3405 1842 3458 Commovet
1861 3404 2048 3460 orbem

454 3486 509 3532 et
534 3476 890 3530 consimiliter
927 3489 1102 3545 reges.
1130 3471 1251 3545 Jam
1289 3471 1435 3545 saepe
1473 3475 1884 3530 observavimus
1914 3476 2051 3531 hanc

451 3543 1010 3620 particulamtotideni
1043 3545 1095 3598 in
1126 3543 1229 3620 lioc
1258 3544 1582 3620 significatu.

523 3616 592 3671 1n
633 3628 733 3673 tres
772 3617 1082 3684 imperantes
1119 3617 1229 3683 ipse
1267 3615 1492 3669 diviserit
1517 3616 1706 3670 orbem.
1738 3617 1791 3673 Si
1821 3633 1950 3673 sana
1981 3618 2052 3672 sit

451 3687 780 3761 exemplaris
805 3688 995 3761 lectio,
1015 3702 1074 3761 re
1114 3701 1238 3741 vera
1274 3686 1693 3761 Commodianus
1736 3688 1852 3745 have
1888 3689 2052 3761 negli—

454 3760 620 3832 genda
645 3759 794 3832 dixit,
822 3759 1191 3832 Antichristns
1217 3757 1361 3812 enim
1394 3773 1498 3812 non
1531 3759 1581 3813 in
1611 3771 1712 3832 tres
1744 3757 2050 3832 imperantes

453 3830 622 3884 orbem
652 3830 895 3892 dividere,
925 3830 1018 3884 sed
1050 3837 1160 3883 tres
1186 3843 1340 3900 reges
1379 3844 1638 3894 superare
1674 3831 1881 3886 debuit.
1913 3831 2050 3886 Vide

453 3900 627 3969 Dan.,
657 3917 763 3963 vn,
805 3901 907 3966 24;
939 3901 1231 3972 irenzeilm,
1258 3899 1376 3972 ’lib.
1417 3916 1482 3963 γ,
1512 3916 1670 3972 eapp.
1707 3901 1810 3970 25,
1847 3903 1952 3972 26;
1997 3911 2052 3958 et

452 3973 790 4030 Lactantioin
813 4015 827 4036 ,
855 3987 961 4036 vn,
994 3971 1082 4026 16.
1116 3969 1321 4026 Forsan
1352 3969 1632 4042 legendum
1659 3989 1673 4028 :

575 4087 628 4139 In
657 4096 760 4140 tres
781 4090 1083 4152 imperantes
1105 4088 1214 4152 ipse
1238 4087 1484 4138 devicerit
1507 4088 1711 4138 orbem:

453 4208 550 4279 seu
580 4195 844 4320 advigsus
881 4205 996 4251 tres
1029 4197 1383 4266 imperatores
1413 4209 1677 4267 pugnans,
1703 4195 1886 4251 orbem
1917 4194 2048 4252 sub-

458 4277 672 4320 ιιιεειτιι.
747 4283 884 4320 AVIS.

460 4268 672 4321 ll12:|l'll.
699 4268 884 4321 DAVIS.

450 4283 672 4338 iugarit.
700 4283 884 4321 UAVIS.

465 4407 470 4408 ί
529 4336 670 4392 Nero
699 4337 777 4408 de
817 4337 1019 4408 inferno
1059 4338 1272 4392 levatus.
1310 4338 1400 4393 Sic
1437 4337 1595 4392 lustr.
1631 4353 1739 4408 xxi,
1769 4337 1831 4390 de
1872 4337 2050 4392 cloaca

454 4407 668 4465 leuatus.
692 4407 1145 4480 Depravatissime
1168 4410 1220 4463 in
1247 4409 1589 4479 apographo:
1618 4407 1822 4464 Herode
1843 4410 2048 4480 inferno

456 4481 670 4536 levatus.
706 4478 934 4535 RIGAL'I‘.

529 4549 756 4604 Medium
789 4549 930 4604 Nero
959 4550 1162 4606 tenebit.
1203 4551 1354 4620 Sulp.
1384 4551 1637 4617 Severus,
1676 4549 1834 4615 Hist.,
1866 4566 1922 4616 ιι,
1951 4550 2047 4616 28,

462 4642 482 4676 ι
519 4621 787 4691 Opinione
817 4621 1104 4675 multorum
1129 4633 1403 4690 receptum
1432 4623 1597 4677 fuisse
1618 4622 1711 4684 ait,
1739 4623 1911 4690 ipsum
1948 4625 2050 4676 An-

458 4693 756 4750 tichristnm
799 4704 1107 4747 venturum.
1145 4712 1164 4746 ι
1198 4693 1421 4750 ΒιεΑιτ.
1453 4723 1521 4734 -
1551 4693 1685 4747 Tres
1723 4707 1895 4747 annos
1925 4709 2048 4747 cum

455 4765 678 4820 dimidio
708 4763 971 4834 regnabit.
1001 4763 1239 4819 lrenaaiis
1267 4767 1357 4819 lib.
1393 4781 1445 4832 v,
1477 4780 1593 4832 cap.
1625 4764 1734 4819 25:
1769 4783 1787 4816 ι
1830 4764 2051 4818 Dabitur

459 4837 511 4890 in
542 4852 729 4890 manus
756 4840 873 4902 ejus
897 4835 1285 4907 (Antichristi)
1315 4851 1484 4906 usque
1514 4837 1577 4890 ad
1605 4845 1815 4904 tempus
1845 4845 2051 4904 tempo-

455 4921 574 4962 rum
596 4915 651 4960 et
674 4907 954 4961 dimidium
979 4909 1237 4976 temporis
1263 4925 1275 4960 :
1309 4907 1410 4961 hoc
1435 4920 1536 4963 est.
1567 4907 1855 4961 triennium
1879 4913 1934 4960 et
1954 4921 2050 4961 sex

459 4992 696 5050 incuses,
727 4978 778 5031 in
809 4978 1004 5050 quibus
1037 4981 1254 5050 veniens
1295 4979 1538 5050 regnabit
1565 4993 1726 5045 super
1759 4987 1977 5031 terrain.
2017 4995 2037 5028 ι

457 5047 594 5103 Vide
623 5051 698 5102 sis
720 5057 774 5102 et
793 5047 948 5118 capp.
977 5047 1067 5106 28.
1095 5049 1184 5114 30,
1215 5064 1277 5102 ac
1307 5047 1640 5104 Lactantium
1673 5050 1766 5104 lib.
1794 5062 1890 5110 vn,
1924 5061 2048 5116 cap.

460 5121 549 5174 17.
583 5118 851 5191 lneadem
881 5120 1152 5175 sententia
1196 5118 1294 5174 fuit
1336 5121 1692 5191 llierouymns
1727 5119 1926 5189 aliique
1953 5134 2048 5175 ve-

459 5198 620 5245 teres.
653 5190 834 5244 DAVIS.
860 5221 929 5230 —
957 5191 1039 5246 An
1071 5191 1266 5245 tribus?

531 5261 674 5334 Tum;
699 5259 934 5334 Babylon
959 5261 1371 5334 merrtriaQua:
1404 5262 1454 5316 in
1485 5262 1803 5334 Apocalypsi
1828 5261 2051 5317 Joannis

457 5331 619 5389 habet
657 5331 712 5387 in
752 5330 926 5404 fronte
967 5349 1183 5398 nomen,
1221 5330 1552 5404 Mysterinmj
1581 5330 1809 5404 Babylon
1840 5350 2047 5404 magna,

457 5413 618 5456 mater
645 5403 1043 5472 {ornirutionnm
1077 5416 1123 5456 et
1163 5403 1599 5459 aboniiimtionum
1639 5403 1804 5458 terrw.
1837 5403 2050 5459 Tertul-

455 5475 628 5531 lianus
650 5472 1019 5548 libLadvet‘sns
1045 5472 1259 5548 Jltdzeos
1279 5495 1291 5528 :
1315 5495 1332 5528 ι
1365 5477 1603 5548 Babylon
1622 5475 1762 5548 apud
1788 5474 2050 5531 Joannem

459 5557 703 5601 nostrum
726 5545 982 5600 Romanae
1015 5544 1160 5600 urbis
1186 5546 1352 5616 figura
1375 5544 1730 5603 estIProinde
1761 5555 1815 5601 et
1840 5561 2049 5618 magna:

458 5627 515 5690 et
541 5618 786 5690 superba:
826 5625 886 5690 et
927 5626 1234 5690 sanctorum
1281 5618 1662 5690 debellatricis.
1719 5637 1735 5669 ι
1787 5619 2048 5674 Auctores

462 5685 646 5750 ﬁnium
687 5687 976 5767 reguodor.
1013 5685 1326 5760 Babylonem
1365 5689 1590 5745 Romam
1620 5689 1804 5746 dixere
1835 5705 1848 5744 :
1875 5690 1964 5746 ubi
1993 5696 2048 5744 et

2153 2549 2596 2616 observavimus,
2619 2564 2740 2620 qua:
2764 2547 2868 2605 huc
2904 2549 3209 2621 pertineant
3249 2548 3600 2675 pag.R2lZlLert
3633 2551 3764 2611 313.

3428 2637 3607 2678 IGALT.

2240 2691 2504 2762 Victorque
2532 2689 2766 2747 Latinus.
2798 2691 3054 2759 lreuieiis,
3083 2693 3174 2748 lib.
3207 2710 3262 2759 v,
3302 2707 3421 2763 cap.
3461 2693 3550 2750 25.
3593 2713 3612 2746 ι
3653 2693 3760 2752 Sed

2153 2773 2208 2819 et
2234 2763 2724 2835 Laremos__nomen
2753 2765 2912 2818 habet
2941 2773 3320 2820 sexcentorum
3353 2767 3633 2835 sexaginta
3664 2783 3760 2823 sex

2157 2850 2464 2889 numerum.
2498 2833 2565 2888 Et
2597 2835 2751 2906 valde
2781 2835 3070 2889 verisimile
3096 2846 3201 2902 εει,
3235 2833 3505 2906 quoniam
3522 2838 3762 2893 novissi-

2156 2923 2301 2960 mum
2354 2921 2575 2974 regnum
2628 2904 2731 2960 hoc
2782 2906 2942 2960 habet
2987 2904 3305 2962 vocabulum
3341 2923 3354 2958 :
3391 2906 3568 2962 Latini
3617 2910 3764 2964 enim

2156 2988 2300 3050 sunt,
2333 2978 2424 3048 qui
2457 2986 2870 3050 nime‘regnant.
2902 2976 3008 3050 Sed
3040 2993 3143 3032 non
3185 2978 3238 3032 in
3285 2977 3404 3050 hoc,
3426 2993 3526 3033 nos
3559 2980 3763 3050 gloria.

2155 3047 2485 3118 biinur,’et_c.
2529 3068 2547 3100 ι
2582 3048 2753 3116 Quam
2787 3058 2886 3103 iste
2911 3047 3136 3104 Latinus
3166 3051 3235 3103 ab
3265 3050 3359 3103 illo
3385 3047 3654 3104 Silvestre
3680 3051 3766 3106 di-

2154 3120 2374 3176 versus!
2409 3119 2474 3174 ad
2505 3119 2658 3187 cujus
2687 3134 2927 3190 prtesepe
2953 3131 3179 3176 cunctos
3201 3128 3470 3176 convocat
3493 3120 3764 3178 Christia-

2157 3207 2272 3256 nos,
2304 3192 2462 3245 lustr.
2494 3207 2621 3246 xxx.
2657 3191 2772 3246 hic.

2227 3261 2486 3336 Primitivi
2528 3262 2743 3332 decepti.
2780 3261 2869 3318 Sic
2898 3261 3154 3318 lnstrnct.
3195 3278 3381 3318 xxxv:
3415 3263 3612 3320 homini
3648 3267 3762 3336 pri-

2154 3335 2349 3388 mitivo.
2377 3335 2494 3389 lito.

2225 3405 2492 3476 Loquetur
2532 3405 2724 3474 imago.
2769 3405 2973 3474 Apoc.,
3019 3422 3152 3472 xm,
3197 3406 3284 3462 l5.
3335 3406 3452 3464 Hoc
3491 3409 3652 3464 etiam
3693 3408 3764 3466 de

2153 3475 2423 3548 ApollOnii
2454 3475 2671 3546 Tyanzei
2699 3477 2930 3547 imagine
2957 3488 3221 3534 narratur.
3253 3478 3331 3533 In.

2229 3549 2648 3616 Recapitulantes
2688 3565 2751 3604 ex
2793 3565 2850 3601 eo
2891 3549 3196 3618 scripturas.
3247 3549 3549 3622 Hesychius
3589 3569 3602 3607 :
3641 3556 3765 3610 ἀνα-

2154 3623 2980 3698 κεφαλαιονταιησυμπληᾳρύται,
3013 3623 3448 3698 ἐπαναλαμϐάνει.
3487 3623 3765 3698 Frequen-

2155 3691 2238 3748 ter
2279 3705 2498 3760 usurpat
2544 3691 2650 3746 hoc
2695 3691 2916 3747 verbum
2964 3692 3200 3748 Iren:ens
3237 3691 3335 3748 lib.
3383 3709 3439 3761 v,
3482 3709 3530 3748 c.
3565 3691 3655 3758 15.
3692 3695 3763 3752 de

2155 3763 2272 3832 ipso
2297 3763 2515 3817 Christo
2542 3781 2556 3818 :
2595 3782 2612 3814 i
2649 3763 3052 3832 Recapitulans,
3087 3783 3106 3817 ι
3135 3765 3328 3834 inquit,
3359 3783 3378 3817 i
3408 3765 3459 3819 in
3486 3779 3546 3818 se
3581 3767 3764 3821 omnia

2153 3850 2274 3905 qnie
2303 3836 2354 3888 in
2377 3835 2548 3901 caelis,
2573 3843 2628 3888 et
2656 3851 2777 3906 qnie
2806 3836 2856 3888 in
2888 3843 3030 3889 terra
3062 3848 3206 3890 sunt.
3249 3854 3268 3887 ι
3305 3835 3369 3890 Ει
3405 3837 3564 3906 paulo
3599 3845 3760 3906 post:

2159 3924 2179 3958 i
2214 3905 2340 3961 Haec
2365 3906 2528 3976 igitur
2552 3906 2603 3958 in
2635 3907 2932 3974 semetipso
2988 3906 3371 3975 rocapitulatus
3392 3905 3497 3972 est,
3518 3905 3764 3964 adunans

2154 3978 2426 4033 hominem
2472 3977 2716 4042 spiritui,
2749 3987 2854 4032 etc.
2913 3995 2931 4029 ι
2979 3976 3344 4032 Tertulliauus
3388 3979 3482 4032 lih.
3526 3995 3578 4044 v,
3633 3980 3758 4034 adv.

2153 4047 2318 4122 Mare.
2350 4066 2427 4122 τι
2451 4047 2599 4104 Sicut
2628 4049 2851 4122 verbum
2882 4047 3012 4102 illud
3030 4065 3094 4122 in
3117 4047 3514 4122 Graecosonat,
3540 4051 3755 4122 recapi-

2154 4119 2348 4184 tulare,
2380 4119 2430 4174 id
2458 4131 2560 4184 εει,
2599 4118 2667 4173 ad
2699 4119 2905 4190 initium
2949 4119 3216 4190 redigere,
3243 4121 3325 4174 vel
3368 4121 3437 4175 ab
3477 4121 3633 4190 initio
3671 4118 3762 4178 re-

2153 4205 2378 4246 censei-e
2412 4190 2592 4244 omnia
2621 4191 2672 4243 in
2703 4187 3000 4245 Christum.
3042 4187 3255 4246 fEsdr.
3288 4206 3358 4253 tv,
3394 4191 3481 4255 l2,
3511 4189 3622 4248 25:
3659 4191 3762 4259 Qui

2153 4261 2564 4333 recapitulabnnt
2593 4262 2878 4331 impietates
2899 4262 3042 4333 ejus,
3071 4272 3118 4317 et
3155 4262 3245 4332 qui
3281 4263 3546 4332 perﬁcient
3585 4265 3762 4318 novis-

2153 4333 2284 4404 sim‘a
2305 4334 2436 4404 ejus.
2467 4332 2582 4388 IilG.

2227 4402 2334 4458 Per
2381 4419 2557 4485 novem
2603 4404 2790 4458 tribum
2819 4421 2997 4474 agens.
3027 4403 3157 4529 Leq.
3195 4403 3296 4459 Per
3324 4420 3500 4460 novem
3527 4423 3762 4465 'rntauml

2227 4489 2338 4529 ens.
2381 4474 2469 4529 Sic
2518 4491 2662 4529 mox.
2700 4492 2752 4529 v.
2796 4476 2939 4529 658:
2973 4475 3108 4529 Obre
3132 4477 3244 4529 icta:
3281 4476 3399 4529 dum
3435 4478 3672 4529 tribuum
3715 4488 3762 4529 et

2152 4489 2338 4541 agens.
2381 4474 2469 4531 Sic
2518 4491 2662 4543 mox,
2700 4492 2752 4544 v,
2796 4476 2939 4531 658:
2973 4474 3244 4532 Obrelictn:
3281 4476 3399 4531 dure
3435 4478 3672 4534 tribuum
3715 4488 3762 4534 et

2153 4547 2388 4600 dimidia.
2417 4548 2599 4602 OM'ts.

2225 4618 2412 4684 Aptius
2435 4618 2617 4690 judico
2646 4619 2784 4672 vobis
2836 4618 2961 4674 Htec
2989 4617 3150 4690 verba
3195 4618 3298 4674 levi
3342 4621 3644 4677 mutatione
3675 4621 3756 4678 sic

2153 4689 2488 4745 Correxerim
2518 4708 2530 4740 :
2564 4693 2830 4745 APERTIUS
2860 4691 3030 4744 indico
3066 4689 3225 4744 vobis.
3249 4691 3488 4746 Obscura
3519 4696 3756 4760 scriptu-

2155 4775 2332 4815 rarum
2359 4760 2428 4816 dc
2454 4775 2649 4815 novem
2682 4762 2926 4816 tribubus
2955 4770 3009 4815 et
3047 4761 3290 4828 dimidia,
3325 4762 3393 4816 de
3425 4762 3760 4819 Antirhristo

2154 4831 2381 4957 aliisque
2401 4833 2661 4956 lnonnulis
2683 4846 2742 4886 se
2769 4830 3168 4888 declaraturum
3198 4835 3480 4902 profitetur
3501 4832 3760 4890 Commo-

2194 4918 2366 4957 ianus.
2419 4912 2516 4957 (ιο.

2194 4902 2366 4958 ianus.
2401 4905 2516 4958 ittc.

2230 4973 2540 5048 Sanctorum
2581 4976 2765 5030 chorus
2809 4975 3198 5048 praphetarum.
3246 4973 3495 5047 Syitodus
3543 4976 3757 5046 episco-

2157 5061 2369 5114 porum.
2402 5046 2626 5103 Ιίιαλιτ.

2231 5116 2446 5171 Obsceni
2462 5136 2587 5188 quos
2596 5119 2726 5187 equi.
2743 5119 2928 5185 Carpit
2943 5117 3133 5172 Novati
3154 5127 3208 5172 et
3226 5116 3506 5173 Novatiaui
3527 5119 3752 5188 scelera,

2153 5188 2244 5258 qui
2271 5189 2504 5244 ahSIeuti
2525 5191 2790 5260 ejectique
2821 5188 3063 5244 Ecclesia
3097 5189 3306 5260 plebem
3333 5189 3593 5245 adversus
3613 5192 3756 5260 epis-

2153 5274 2320 5331 copos
2373 5275 2500 5315 suos
2545 5259 2924 5316 accenderant.
2966 5260 3084 5315 Vid.
3111 5259 3272 5331 Cypr.
3307 5260 3479 5328 Epist.
3508 5261 3600 5316 49.
3633 5259 3754 5317 RIG.

2227 5330 2341 5384 Nec
2368 5343 2533 5386 rueret
2574 5343 2758 5387 temere
2779 5333 2848 5384 ad
2871 5348 3068 5398 pacem.
3096 5330 3207 5386 Hec
3237 5333 3471 5398 pertinet
3498 5334 3560 5385 ad
3587 5333 3758 5388 histo-

2153 5401 2286 5457 riam
2314 5402 2584 5470 lapsorum
2607 5413 2660 5458 et
2687 5403 3176 5467 schismaticoruut,
3209 5405 3298 5473 qui
3333 5402 3568 5458 rJCliOilS
3597 5419 3757 5468 pren-

2154 5473 2454 5546 sationibus
2483 5476 2765 5546 episc0pos
2796 5475 3188 5546 perurgebant,
3216 5484 3274 5529 ut
3304 5489 3490 5543 pacein
3521 5473 3756 5546 indignis

2152 5545 2313 5599 etiam
2339 5544 2488 5599 inviti
2510 5545 2891 5600 concederent.
2917 5545 3037 5602 Bia.

2226 5615 2303 5690 pe
2354 5616 2541 5671 scelere
2591 5617 2811 5690 duorum
2862 5619 3103 5687 fratrum.
3155 5615 3436 5685 Quondam
3487 5615 3751 5690 fratrum,

2155 5685 2315 5744 hodie
2343 5693 2728 5759 apostatarum.
2755 5685 2874 5746 Bis.
