4020 6072
256 148 367 204 257
477 146 585 224 (ν.⁸
604 148 760 226 738.)

254 261 389 317 Nam
412 264 459 319 si
487 266 607 335 quis
638 279 866 335 peccans
894 267 1312 325 catechumenos
1336 283 1488 338 ptena
1514 278 1743 341 ttOjatur,

256 353 317 408 In
346 355 516 425 signis
543 357 634 411 illa
664 358 828 422 vivat,
861 358 955 414 sed
983 376 1088 415 non
1116 361 1230 416 sine
1259 360 1476 415 damno.

255 446 486 503 Summa
518 448 644 503 tibi:
675 449 859 520 gravia
889 462 1105 521 peccata
1133 451 1310 508 devita
1336 463 1393 508 tu
1414 468 1649 526 semper.

780 604 939 645 XLVII.
962 619 1035 631 ν·-
1060 605 1351 647 FIDELIBUS.

256 700 472 758 Fideles
501 701 770 761 admoneo
794 704 983 761 fratres
1004 705 1075 761 de
1101 705 1228 762 odio
1251 706 1473 761 tollant:

253 794 423 866 Impia
453 798 782 869 martyribus
812 799 934 855 odia
966 810 1283 871 reputantur
1310 801 1362 856 in
1393 803 1567 872 ignem
1595 818 1609 866 ;

254 886 565 944 Destruitur
591 899 815 961 martyr,
844 891 996 962 cujus
1024 901 1108 951 est
1136 892 1406 949 confessio
1435 893 1592 951 talis:

255 981 481 1050 Expiari
505 982 700 1037 malum
728 999 831 1039 nec
852 986 1115 1055 sanguine
1139 985 1258 1040 fuso
1282 984 1529 1042 docetur.

255 1072 371 1128 Lex
395 1073 578 1143 iniquo
603 1074 781 1141 datur,
813 1084 870 1129 ut
897 1075 1069 1146 possit
1096 1092 1217 1133 sese
1247 1076 1480 1133 frenare.

257 1165 393 1222 Inde
417 1166 580 1223 debet
607 1182 795 1223 carere
814 1168 989 1233 dolis;
1019 1169 1266 1225 similiter
1292 1180 1348 1224 et
1376 1179 1452 1224 tu.

254 1261 349 1317 Bis
378 1262 493 1317 Deo
521 1278 732 1333 peccas,
751 1264 840 1334 qui
870 1262 992 1319 lites
1014 1263 1166 1319 fratri
1197 1263 1508 1334 protendis:

253 1355 413 1413 Unde
438 1370 545 1412 non
569 1356 790 1428 effugies
812 1365 1091 1427 peccatum
1124 1357 1296 1428 prisca
1324 1365 1559 1412 sectans.

256 1448 441 1506 Semel
466 1463 527 1505 es
556 1449 722 1517 lctus,
754 1448 1013 1519 numquid
1041 1449 1244 1520 poteris
1263 1448 1444 1505 denuo
1471 1450 1682 1520 mergi?

543 1580 727 1621 XLVIII.
752 1595 825 1607 -
846 1580 1073 1622 Ριυειεε
1111 1581 1321 1622 οΑνετι
1360 1582 1575 1624 κλωπ.

254 1678 537 1735 Faliuntur
557 1678 830 1749 volucres,
860 1690 916 1738 et
943 1680 1202 1736 silvarum
1234 1679 1422 1737 bestiae
1446 1681 1620 1751 silvis,

1406 154 1773 214 ADVERSUS
1800 154 2110 215 GENTIUM
2152 159 2351 218 DEOS.

3073 173 3155 247 (ν.
3199 171 3352 247 751.)
3459 171 3563 231 9-58

1878 277 1931 331 Α
1960 270 2090 340 ipsis
2120 274 2352 342 incauta,
2377 275 2584 346 jactura
2609 277 2803 350 quibus
2840 292 2924 338 est
2956 283 3171 351 tradita,
3202 286 3418 342 mentis.

1973 364 2358 441 Dccipiuntque
2379 380 2707 442 quaestuosa,
2741 385 2798 430 ut
2824 392 2965 444 esca,
3000 390 3290 451 sequentes
3307 398 3334 445 ;.

1971 457 2041 512 Et
2072 460 2241 516 vitare
2272 462 2471 518 malum
2499 469 2764 533 nesciunt,
2794 485 2893 525 nec
2926 470 3041 542 iege
3070 480 3338 530 tenentur.

1970 550 2081 607 Lex
2111 552 2315 609 homini
2346 556 2470 612 data
2498 568 2600 624 est,
2629 569 2684 614 et
2710 560 2951 617 doctrina
2980 564 3102 619 vita:
3134 565 3385 637 legenda,

1972 645 2048 699 Ex
2070 662 2170 717 qua
2203 649 2537 714 recordatur.
2561 660 2621 706 ut
2644 654 2811 723 possit
2841 654 3026 711 vivere
3047 667 3224 726 caute,

1971 738 2174 806 Suique
2204 741 2414 801 locum:
2448 744 2634 800 mortis
2662 756 2715 801 et
2739 746 2960 819 deroget
2987 764 3049 803 ea
3079 766 3198 821 qua:
3227 761 3367 806 sunt.

1972 831 2306 888 Condemnat
2327 850 2387 890 se
2411 833 2585 905 ipsum
2612 838 2872 908 graviter,
2905 840 2994 910 qui
3025 843 3135 912 regi
3164 842 3454 915 delinquit;

1973 928 2080 981 Aut
2110 926 2251 982 ferro
2278 927 2491 1000 ligatus,
2547 941 2636 985 aut
2667 931 2734 986 de
2762 946 2861 987 suo
2884 933 3050 1004 gradu
3079 934 3318 1005 dejectus
3337 979 3352 1004 ,

1972 1019 2066 1076 Vel
2096 1022 2199 1075 vita
2225 1023 2460 1091 privatus
2485 1024 2679 1094 perdit,
2710 1024 2852 1095 quod
2881 1025 2984 1081 frui
3006 1026 3249 1085 deberet.

1971 1115 2231 1184 Exemplo
2262 1116 2472 1185 moniti,
2502 1119 2737 1188 graviter
2762 1134 2991 1190 peccare
3019 1122 3211 1177 nolite.

1888 1226 1895 1231 ο
1971 1206 2237 1263 Transisti
2272 1209 2485 1263 lavacro
2514 1209 2682 1281 magis
2707 1211 2987 1267 caritatem
3013 1210 3227 1269 habete.

1972 1301 2165 1356 Escam
2193 1303 2500 1373 muscipuli,
2534 1302 2622 1358 ubi
2654 1320 2800 1361 mors
2824 1315 2928 1372 est,
2955 1305 3116 1377 longe
3142 1309 3326 1365 vitate.

1969 1395 2131 1451 Multa
2153 1404 2277 1449 sunt
2305 1396 2581 1467 martyris,
2613 1412 2733 1467 quae
2765 1396 2901 1452 fiunt
2924 1399 3041 1454 sine
3066 1403 3326 1472 sanguine
3349 1402 3492 1459 fuso.

1973 1488 2224 1543 Alienum
2253 1504 2359 1543 non
2391 1503 2610 1559 cupere,
2644 1489 2785 1546 velle
2805 1493 3048 1564 martyrii
3079 1493 3301 1560 habere,

1973 1580 2229 1651 Linguam
2257 1579 2552 1647 refrenare,
2583 1580 2840 1639 humilem
2861 1593 2915 1639 te
2946 1584 3172 1641 reddere
3196 1586 3384 1655 debes,

1894 1675 1942 1735 B
1971 1675 2091 1730 Vim
2114 1674 2258 1731 uitro
2288 1690 2395 1731 non
2426 1673 2627 1741 facere,
2670 1691 2771 1733 nec
2803 1676 3000 1734 factam
3028 1680 3259 1738 reddere
3286 1694 3495 1741 contra.

1620 1811 2180 1873 COMMENTARIUS.

326 1955 470 2011 Nam
504 1958 547 2011 si
574 1957 687 2030 quis
715 1972 927 2030 peccans
968 1956 1161 2030 eatech.
1209 1953 1641 2030 Cyprianusiib.
1676 1969 1751 2020 ut,
1786 1955 1854 2030 ad

252 2028 559 2097 Quirinum,
578 2027 682 2083 art.
708 2028 800 2087 98.
821 2027 1479 2096 Cateclmmenuut'peccare
1499 2028 1614 2096 jam
1634 2044 1735 2080 non
1761 2028 1853 2081 de-

252 2102 383 2157 bere.
424 2101 481 2155 In
517 2097 671 2169 cujus
714 2101 923 2156 articuli
960 2099 1322 2155 testimonium
1351 2101 1480 2154 citat
1507 2115 1573 2153 ex
1617 2100 1851 2168 Epistoia

192 2170 200 2177 ’
253 2172 405 2226 Pauli
435 2173 502 2226 ad
522 2172 705 2241 Rom.,
730 2188 849 2242 cap.
883 2187 972 2227 ut:
1003 2170 1278 2242 Faciamus
1314 2173 1470 2233 mala,
1500 2171 1623 2223 dum
1651 2172 1857 2226 veniunt

250 2244 406 2298 bona.
433 2244 598 2312 Quasi
614 2240 858 2299 dicerent
881 2242 1094 2312 quidam
1114 2244 1165 2297 in
1190 2240 1648 2297 Catcchumenatn
1669 2244 1852 2311 positi:

248 2315 546 2381 Ludamus,
579 2316 948 2386 indulgeamus
975 2314 1337 2386 voluptatibus
1394 2323 1450 2368 et
1474 2313 1652 2383 genio,
1683 2329 1849 2384 quan-

254 2400 369 2441 tum
403 2387 708 2442 videbitur:
740 2385 964 2453 etenim,
1019 2385 1274 2454 quidquid
1306 2396 1586 2453 peccatum
1618 2400 1647 2441 a
1699 2387 1853 2442 nobis

250 2458 432 2524 fuerit,
467 2459 651 2513 abluet
677 2460 994 2527 haptismus.
1034 2457 1321 2524 Nimirum,
1357 2458 1506 2511 fuere
1532 2467 1636 2509 tam
1682 2457 1848 2525 impii,

250 2531 342 2599 qui
372 2531 685 2584 distulerint
706 2530 1026 2598 baptismum
1060 2530 1110 2581 in
1159 2538 1399 2582 extrema
1428 2529 1549 2581 vita:
1572 2539 1847 2599 tempora,

251 2598 306 2655 ut
330 2601 533 2655 malitia
562 2618 655 2656 sua
689 2601 1021 2655 diuturniore
1046 2600 1372 2665 fruerentur,
1406 2598 1584 2654 securi
1610 2599 1680 2654 de
1701 2602 1852 2655 istius

252 2673 477 2731 lavacri.
510 2676 669 2726 etiam
704 2672 755 2726 in
785 2672 1064 2733 extremis,
1100 2670 1359 2726 efficacia.
1398 2671 1509 2725 iioc
1548 2686 1679 2725 vero
1705 2672 1849 2725 Con-

250 2745 476 2799 stantini
507 2743 737 2800 Cmsaris
766 2743 1033 2812 baptismo
1062 2743 1274 2797 crimini
1305 2743 1485 2795 datum
1534 2750 1636 2795 est.
1682 2741 1850 2798 Multo

248 2816 571 2886 prudentior
599 2829 651 2871 et
675 2815 839 2869 tutior
860 2816 944 2869 illa
978 2815 1219 2883 prosperi
1247 2813 1501 2883 Aquitani
1546 2814 1848 2886 confessio:

255 2884 499 2942 iNatum
530 2905 616 2941 me
642 2887 911 2953 quondam
940 2887 1041 2940 sub
1076 2886 1191 2955 iege
1222 2886 1452 2955 peccati,
1500 2898 1549 2939 et
1582 2884 1851 2941 transfusa

248 2960 301 3013 in
329 2975 417 3013 me
440 2976 471 3013 a
498 2962 808 3028 parentibus
836 2957 1104 3013 ordinaria
1138 2956 1327 3011 mortis
1348 2956 1660 3012 conditione
1682 2959 1851 3027 capti-

247 3046 396 3095 vum,
434 3046 502 3086 ne
543 3031 702 3101 longo
750 3030 941 3101 ferocis
968 3028 1168 3101 domini
1207 3028 1325 3095 iure
1374 3029 1665 3096 detinerer,
1713 3028 1854 3084 inter

246 3103 362 3172 ipsa
401 3120 488 3157 me
523 3100 653 3158 vitae
675 3104 845 3167 initia,
876 3100 1182 3155 misericors
1212 3111 1265 3152 et
1290 3101 1575 3155 niiscrator
1602 3101 1849 3167 Domine,

247 3174 513 3227 fiimrasti.
556 3176 694 3229 Ante
718 3174 894 3228 inveni
924 3172 1335 3245 tyrannicidam,
1378 3188 1538 3243 quam
1586 3172 1852 3243 intellige-

245 3260 363 3300 rem
394 3247 731 3311 servitutem,
774 3256 880 3302 etc.
911 3263 929 3296 ›
970 3245 1086 3300 Ιίιῦ.

322 3316 487 3372 Poena
512 3328 738 3373 notatur.
772 3319 892 3371 Mox
915 3316 1089 3371 dicet:
1111 3316 1200 3369 sed
1226 3333 1326 3369 non
1351 3316 1460 3369 sine
1485 3316 1693 3368 dannto.
1716 3316 1849 3371 Pro-

245 3389 361 3444 lato
391 3391 600 3445 scilicet
628 3388 1107 3459 catechumeuatus
1136 3388 1216 3441 Sui
1243 3398 1503 3457 tempore.
1544 3386 1730 3443 Patres
1756 3403 1849 3459 sy-

243 3461 374 3515 nodi
404 3460 635 3516 Nicaana:
663 3477 784 3515 can.
814 3461 902 3516 15.
936 3458 1003 3514 de
1029 3459 1432 3514 eateclmmeuis
1474 3460 1563 3526 qui
1618 3458 1850 3527 prolapsi

243 3542 392 3595 sunt,
426 3541 746 3595 statuerunt,
774 3532 943 3587 tribus
968 3531 1123 3585 annis
1153 3546 1247 3586 eos
1282 3549 1308 3580 a
1335 3529 1848 3586 cateclnunenorum

242 3603 499 3659 oratione
514 3616 812 3675 separatos,
838 3615 1021 3674 postea
1046 3602 1210 3675 recipi
1240 3602 1462 3657 debere.
1492 3600 1610 3657 lito.

320 3675 389 3729 In
414 3672 691 3746 signis'illa
715 3672 865 3742 vivat,
894 3673 1200 3744 lugendum
1228 3675 1575 3737 arbitramur,
1607 3674 1661 3726 in
1688 3674 1849 3743 signis

244 3748 336 3802 ille
361 3748 516 3802 vivat.
537 3746 595 3802 In
626 3748 813 3818 signis,
848 3762 1040 3815 netupe
1071 3746 1396 3818 christianis,
1432 3756 1488 3799 ut
1540 3746 1591 3797 iu
1642 3746 1841 3818 nstris.

316 3819 539 3875 Summa
567 3815 1118 3887 tibifQuasidicerel:
1164 3815 1278 3870 Iloc
1325 3819 1379 3870 iu
1407 3832 1606 3871 summa
1655 3817 1745 3870 tibi
1783 3817 1848 3870 sit

241 3892 419 3959 animo
446 3901 490 3945 et
511 3893 750 3944 memoria
772 3892 954 3959 ﬁxum.
982 3889 1099 3943 ﬂio.

315 3956 532 4016 Fratres
555 3962 617 4016 de
636 3956 984 4015 odio'toliant.
1035 3959 1311 4015 Adversus
1350 3961 1462 4013 haec
1508 3959 1647 4013 inter
1692 3958 1847 4013 Chri-

240 4036 457 4091 stianos
485 4032 605 4088 odia
632 4044 686 4089 et
728 4035 1097 4089 dissensiones
1124 4031 1513 4086 studiosissime
1553 4030 1844 4083 Tertullia--

240 4122 348 4161 nus
379 4105 487 4177 egit
542 4105 722 4161 libello
747 4106 812 4159 ad
856 4105 1148 4177 Martyres:
1202 4101 1267 4155 In
1297 4103 1482 4172 primis
1510 4100 1648 4172 ergo
1696 4104 1844 4177 (gite-

240 4178 390 4242 dicti,
418 4173 607 4230 'nolile
659 4177 959 4230 contristare
992 4173 1246 4245 Spiritum
1284 4184 1538 4236 sanctum,
1571 4185 1676 4226 etc.
1708 4173 1843 4228 Fra-

242 4261 359 4305 tres
383 4249 510 4304 odin
535 4249 744 4308 tollunt,
766 4251 852 4311 qui
879 4264 973 4319 per
994 4248 1136 4306 odia,
1167 4246 1837 4319 fraternitatemevertunt;

1960 1962 2068 2008 tum
2098 1954 2262 2022 prisce
2287 1961 2510 2033 sectans,
2536 1949 2678 2033 quod
2706 1959 2789 2007 est
2813 1951 2866 2006 in
2893 1954 3240 2033 apographp;
3272 1968 3384 2027 aut,
3404 1963 3575 2033 ρνξδεα

1960 2036 2178 2089 sectans,
2206 2039 2395 2093 parum
2421 2022 2621 2079 refert:
2646 2037 2839 2079 sensus
2870 2022 2955 2079 est
2983 2022 3145 2082 idem.
3172 2029 3291 2086 lito.

2031 2097 2207 2178 Semel
2253 2112 2314 2178 _es
2364 2096 2519 2178 lotus,
2577 2096 2822 2178 numquid
2894 2099 3085 2167 poteris
3150 2100 3336 2178 denuo
3372 2108 3575 2178 mergi?

1958 2168 2200 2223 Amisisti
2253 2166 2536 2235 baptisma,
2594 2166 2738 2235 quod
2785 2184 2945 2223 unum
3008 2180 3111 2225 est.
3169 2171 3433 2231 Prteciara
3478 2166 3577 2235 "est

1958 2240 2209 2308 Prosperi
2233 2237 2365 2315 fides
2388 2257 2401 2291 :
2422 2236 2561 2292 Licet
2591 2253 2681 2308 ego
2703 2256 2735 2290 ιι
2765 2240 2916 2315 (Louis
2946 2241 3044 2295 tuis
3063 2248 3354 2301 recesserint
3374 2291 3389 2315 ,
3414 2250 3471 2303 in
3496 2266 3578 2304 me

1960 2322 2129 2365 tamen
2161 2323 2249 2365 tua
2279 2310 2415 2363 dona
2434 2321 2752 2365 manserunt.
2781 2310 2901 2367 RIG.

2030 2383 2171 2454 Ipsis
2194 2385 2422 2441 incauta.
2438 2382 2648 2451 jactura
2675 2382 2857 2451 quibus
2886 2396 2959 2439 est
2989 2389 3125 2443 trod.
3154 2391 3356 2445 mentis.
3389 2391 3580 2448 Disru-

1959 2465 2049 2523 pto
2082 2455 2364 2518 vocabulo,
2392 2454 2808 2523 incantamentis.
2842 2455 2962 2523 Quo
2993 2460 3048 2512 fit
3071 2470 3128 2514 ut
3181 2476 3373 2516 versus
3407 2465 3572 2520 etiam

1957 2522 2205 2598 videatur
2254 2525 2551 2598 disruptus.
2602 2522 2975 2598 (lotisimiliter
3006 2530 3131 2587 lusit
3163 2532 3436 2598 Eugenius
3483 2536 3577 2591 ille

1957 2595 2374 2678 Toletanusrad
2426 2595 2714 2666 quemdam
2743 2596 3030 2668 Joannem,
3080 2604 3166 2657 cui
3211 2595 3576 2673 diSplieebant

1956 2684 2145 2725 versus
2174 2685 2318 2733 nexu,

2083 2782 2124 2848 Ο
2151 2783 2225 2842 Io,
2250 2781 2519 2848 versiculos
2542 2792 2700 2848 nexos
2723 2784 2805 2848 qui
2829 2783 3065 2848 despicis,
3092 2785 3284 2838 hannes

2082 2847 2268 2908 Accipe
2287 2845 2334 2893 di
2352 2844 2527 2894 sollers
2550 2844 2593 2893 si
2614 2845 2742 2892 nosti
2758 2844 2974 2908 jungere
3005 2851 3148 2898 visos.
3289 2866 3293 2871 ·

1962 2973 2092 3027 Haec
2124 2973 2270 3049 illius
2297 2973 2396 3025 :evi
2426 2972 2838 3049 teclinopaignia
2868 2972 3038 3049 fuere.
3064 2973 3276 3049 Tmesis
3298 2996 3312 3034 :
3332 2978 3470 3049 Ipsis
3493 2983 3577 3038 in-

1956 3044 2292 3122 cantamentis
2329 3050 2541 3122 jactura
2578 3042 2760 3113 quibus
2788 3046 3112 3122 estutradita.
3146 3048 3272 3122 _lI_oc
3312 3042 3413 3122 est,
3454 3070 3575 3122 quae

1957 3117 2168 3184 objecta
2200 3125 2326 3169 sunt
2357 3114 2558 3186 passim
2590 3125 2644 3168 et
2689 3114 3099 3186 negligiigenter
3139 3114 3569 3179 fallendis-volu-

1956 3190 2137 3243 cribus
2189 3197 2238 3241 et
2283 3185 2489 3264 bestiis.
2515 3184 2962 3264 _Incantanumta_
2997 3188 3150 3264 dicit,
3194 3193 3569 3264 sophismata;

1955 3274 2116 3313 omne
2155 3272 2324 3327 genus
2356 3256 2685 3311 fallaciarum
2719 3258 2995 3323 capiendis
3027 3256 3341 3319 volucribus
3371 3276 3425 3320 et
3447 3256 3587 3323 bes?

1955 3332 2063 3406 mg
2094 3329 2290 3406 Quiqui
2318 3340 2494 3406 autem
2524 3338 2577 3382 et
2607 3329 3000 3406 incantamenta
3035 3332 3234 3406 dixerit
3260 3335 3572 3406 hujusmodi

1953 3402 2108 3457 dolos
2137 3400 2400 3469 objectos,
2426 3398 2541 3453 sive
2571 3403 2848 3469 expositos
2875 3399 3125 3457 fallendis
3149 3398 3348 3461 avibus
3361 3418 3416 3463 et
3444 3410 3568 3465 bes-

1954 3474 2043 3527 tiis
2072 3472 2334 3527 incautis?
2369 3470 2493 3525 Hinc
2523 3486 2651 3525 vero
2698 3472 2905 3535 tmesis,
2956 3490 3060 3528 non
3109 3486 3193 3530 est
3243 3478 3428 3534 durior
3476 3482 3568 3537 illa

1953 3546 2193 3598 Enniana
2226 3562 2237 3596 :
2272 3544 2557 3598 Saxovcere
2583 3544 2926 3597 comminuam
2949 3544 3117 3599 brum.
3149 3547 3269 3603 RIG.

2023 3616 2397 3694 Deripiuntque
2436 3623 2746 3694 quaestuosa,
2774 3625 2828 3668 ut
2857 3632 2994 3682 esca,
3027 3634 3132 3688 seq.
3164 3618 3225 3694 in
3253 3625 3565 3694 apographo

1952 3684 2370 3756 supersCriptum
2401 3697 2502 3742 est.
2532 3684 2810 3753 Deripiunt
2836 3702 2949 3755 quw
2977 3684 3155 3742 aurea.
3186 3684 3320 3746 Vera
3350 3684 3561 3752 fortean

1952 3755 2423 3835 scriptura’furrit,
2451 3755 2823 3835 Deripiuntque
2835 3768 3008 3835 antra,
3040 3770 3256 3835 utesca,
3276 3778 3562 3835 sequentes.

1951 3832 2140 3889 Antra.
2168 3830 2327 3883 fossa:
2353 3828 2581 3899 obtecta:
2612 3829 2856 3899 virgultis
2882 3841 2934 3883 et
2964 3831 3263 3899 frondibus,
3291 3828 3561 3895 subruen-

1950 3904 2031 3955 dis
2056 3903 2241 3956 bestiis
2274 3898 2679 3966 insequentibus
2704 3908 3008 3955 venatores.
3044 3902 3162 3959 R16.

2047 3971 2241 4041 Suique
2293 3972 2497 4043 jocunt.
2583 3970 2953 4041 Repetendum
3002 3972 3071 4028 de
3121 3978 3557 4043 praecedentibus

1949 4045 2266 4098 recordatur.
2291 4041 2400 4096 Lex
2425 4041 2628 4095 homini
2653 4047 2795 4105 data,
2822 4043 2945 4096 facit
2968 4053 3024 4096 ut
3047 4041 3361 4103 recordetur
3377 4052 3560 4107 vivere

1949 4126 2104 4171 caute
2134 4134 2147 4168 :
2182 4115 2326 4177 facit,
2377 4125 2434 4166 ut
2479 4113 2794 4189 recordetur
2826 4114 3002 4189 locum
3031 4117 3133 4182 sui,
3167 4117 3269 4174 hoc
3298 4132 3405 4189 est,
3437 4138 3553 4178 cte-

1948 4189 2078 4261 lum,
2113 4188 2160 4243 si
2187 4195 2343 4261 caute
2374 4195 2429 4261 et
2458 4192 2605 4261 recte
2633 4183 2808 4261 vivat;
2842 4185 3127 4253 infernum,
3159 4192 3203 4243 si
3234 4183 3415 4259 prave.
3451 4196 3557 4250 Ea-

1948 4255 2070 4312 dem
2107 4275 2236 4313 vero
2278 4258 2363 4310 lex
2408 4255 2551 4328 facit,
2582 4264 2634 4308 ut
2663 4256 2869 4326 deroget
2897 4273 2976 4322 ea,
3008 4273 3128 4328 qua:
3171 4255 3297 4317 sunt
3323 4269 3551 4321 mortis:

241 4338 345 4377 nec
378 4330 583 4401 ιέξηῑυιη
616 4316 904 4401 όθτξξιιὶεἱξῖ.
936 4317 1415 4401 Sf‘tl‘dpfl‘illrih'lﬁ
1439 4316 1641 4401 fIICiljlll
1663 4316 1841 4371 illiilli-
1869 4332 1922 4392 D
1950 4343 2004 4383 ut
2032 4334 2351 4399 deprecetur
2375 4342 2404 4381 a
2442 4316 2550 4380 Deo
2580 4316 2832 4401 mortem,
2882 4316 3043 4398 quani
3096 4316 3558 4401 peccarodo‘i'o—r‘te

241 4409 366 4457 cos;
417 4393 599 4462 itaque
620 4390 963 4446 scribendum
1002 4389 1208 4444 Fideles
1238 4389 1507 4462 admoneo,
1541 4390 1727 4462 fratres
1771 4405 1843 4462 ue

242 4466 364 4518 odio
390 4459 596 4518 tollant.
639 4464 756 4519 lito.
787 4494 857 4502 —
886 4462 1192 4533 importuna
1244 4459 1459 4530 Rigaltii
1511 4461 1839 4515 emendatio.

238 4537 335 4593 Sic
365 4534 613 4590 Instruat.
644 4550 774 4601 χχιι,
802 4551 851 4591 v.
876 4535 980 4589 277
1005 4554 1017 4588 :

339 4626 482 4677 Heu!
507 4627 671 4689 doleo,
698 4629 851 4687 cives,
874 4629 944 4677 sic
969 4639 1053 4676 vos
1074 4625 1300 4675 hebetari
1334 4623 1397 4673 de
1424 4624 1621 4673 mundo.

242 4715 314 4770 Et
342 4714 591 4769 instruct.
627 4729 665 4779 ι,
697 4725 820 4769 vers
846 4712 914 4767 6:
1188 4788 1195 4791 ν

930 4804 1166 4868 Legendo
1188 4804 1253 4853 de
1279 4802 1414 4866 lege.

242 4887 723 4962 Ad_qnem,locnm
756 4890 956 4946 videsis
977 4888 1250 4943 adnotata.
1280 4887 1460 4962 Dius.

323 4953 541 5030 Eapiuri
562 4964 751 5018 malum
775 4978 865 5017 nec
890 4961 1137 5032 sanguine
1172 4963 1299 5032 fuso
1314 4958 1540 5032 docetur.
1579 4953 1837 5027 ReSpicit.

241 5033 660 5090 Comumdianus
691 5034 757 5089 ad
784 5036 797 5088 Ι
822 5030 1092 5097 Corinth.,
1127 5046 1240 5090 χιιι.
1273 5030 1323 5085 ’5.
1350 5031 1528 5083 stzs.

320 5101 435 5157 Lex.
460 5105 625 5174 iniquo
645 5108 819 5161 datur.
854 5107 1096 5174 Iniquum
1141 5103 1271 5156 dicit
1313 5118 1455 5159 t'lIllI,
1496 5101 1724 5174 quiuon
1757 5107 1843 5152 est

240 5172 590 5232 christianos.
621 5180 737 5235 Rto.
771 5209 838 5218 —-—
862 5172 991 5231 liei'c
1011 5189 1137 5231 vero
1168 5174 1219 5228 iu
1249 5173 1431 5228 animo
1456 5172 1843 5226 liabuitauctor

240 5248 260 5304 Ι
285 5244 451 5312 Tim,
474 5265 513 5313 ι,
541 5253 590 5306 9.
621 5251 752 5306 Vide
772 5251 846 5307 sis
876 5260 928 5303 et
958 5246 1075 5302 Gal.
1102 5263 1153 5300 v.
1180 5246 1271 5301 25.
1300 5247 1480 5300 υΑνιε.

318 5318 388 5376 Ut
414 5323 572 5385 possit
598 5340 706 5378 sese
750 5325 950 5392 frenare
974 5321 1064 5376 Sic
1089 5319 1249 5373 ctiam
1282 5316 1422 5372 dicet
1454 5315 1709 5371 Instruct.
1752 5328 1840 5368 se-

322 5392 464 5449 emi:
1304 5434 1308 5437 -

244 5407 508 5524 (Immites
532 5464 712 5516 homini
736 5464 847 5515 data
872 5468 965 5524 est,
996 5469 1047 5512 et
1064 5462 1285 5513 doctrina
1304 5434 1422 5510 vita:
1448 5457 1680 5519 legenda,

403 5522 476 5575 Ex
499 5542 590 5591 qua
615 5526 919 5588 recordatur,
940 5516 993 5576 ut
1016 5527 1168 5590 possit
1191 5526 1358 5573 vivere
1381 5516 1539 5572 caute.
1666 5516 1674 5519 ’
1729 5516 1838 5568 Bia.

320 5608 477 5684 Uade
522 5629 622 5667 non
673 5610 883 5684 e/Tugies
921 5627 1058 5682 pecc.
1106 5609 1286 5684 prisca
1322 5618 1539 5684 sectans.
1593 5604 1707 5660 IIoc
1758 5612 1843 5657 est

240 5679 389 5757 quod
420 5698 578 5755 supra
608 5684 739 5739 dixit
766 5679 983 5757 peccans
1000 5684 1056 5738 in
1081 5679 1219 5738 ante.
1244 5679 1433 5737 Utrum
1464 5681 1628 5750 legas,
1657 5692 1836 5748 pecca-

1947 4402 2262 4472 promeruit,
2288 4411 2564 4454 aeternam.
2598 4398 2717 4469 Rig.

2020 4495 2205 4549 Escam
2233 4492 2525 4569 muscipuli.
2559 4491 2647 4547 Sic
2675 4493 2953 4569 emendari
2999 4496 3233 4561 videtur,
3281 4501 3422 4569 quod
3469 4514 3556 4559 est

1943 4567 1996 4620 in
2029 4570 2338 4642 apograpiio
2385 4565 2760 4642 depravatum,
2814 4563 2883 4617 Et
2923 4584 3091 4621 escam
3123 4563 3419 4642 muscipuli,
3463 4575 3555 4629 ubi

1946 4633 2081 4692 mors
2121 4633 2166 4691 et
2209 4633 2380 4714 longa;
2419 4636 2549 4714 vitro.
2585 4633 2791 4714 Glosste
2836 4648 3046 4714 veteres
3095 4657 3142 4714 :_
3166 4633 3551 4714 dlrtscipulutit,

1946 4714 2182 4786 μμάσγρω
2205 4707 2263 4786 ,Μ
2275 4706 2766 4786 ιιδσὶρμιαλτταιχίδες
2786 4722 2804 4786 ;
2817 4720 2879 4786 et
2901 4710 2950 4763 in
2974 4710 3225 4786 singulari
3249 4706 3509 4786 feminino
3526 4706 3546 4773 Ξ

1948 4779 2266 4858 Museum",
2298 4782 2474 4858 παγίς.
2496 4779 2768 4858 ,ΡΙιίιξὶΙΓιιε
2797 4782 2887 4858 iiii.
2931 4796 2984 4846 v,
3027 4779 3134 4835 fab.
3166 4784 3189 4836 I
3220 4801 3234 4837 :
3267 4784 3367 4850 Qui
3410 4803 3548 4858 swpe

1947 4855 2151 4924 laqueos
2177 4862 2223 4907 et
2256 4849 2539 4920 nmseipufa
2566 4859 2812 4904 evaserat.
2843 4852 2957 4908 HIC.

2030 4945 2166 5021 Velle
2209 4945 2443 5021 martyrii
2474 4943 2675 4998 habere.
2724 4943 2811 4999 Sic
2850 4945 3044 5021 legitur
3092 4946 3142 5000 iu
3189 4952 3498 5021 apographo
3530 4973 3548 5010 :

2032 4968 2166 4999 VEIIG
2213 4968 2440 5015 ιηιιΐιυϊιι
2474 4968 2675 4998 nituere.
2724 4968 2811 4999 DIC
2851 4968 3044 5015 ιείςιιιιι·
3092 4968 3142 5000 III
3189 4968 3384 5021 upogra
3430 4968 3541 5010 ιιοε

1947 5034 2045 5073 nec
2076 5019 2219 5073 aliud
2267 5016 2550 5085 significat,
2602 5032 2761 5086 quam
2808 5017 2947 5071 velle
2989 5018 3302 5089 martyrium
3334 4968 3541 5090 toiiere,

1945 5093 2059 5166 sive
2107 5090 2303 5166 habere
2335 5107 2347 5141 :
2380 5099 2566 5166 optare
2612 5090 2954 5166 martyrium,
2981 5105 3203 5166 _cupere
3248 5107 3543 5166 martyrem

1947 5162 2081 5238 fieri.
2130 5159 2597 5238 liic.‘_—-_-_i’elle...
2652 5159 2853 5238 habere.
2896 5158 3239 5238 voluntatem
3298 5158 3543 5238 martyrii

1947 5234 2163 5287 habere.
2195 5230 2495 5285 Infinitivus
2524 5246 2617 5299 pro
2646 5230 2861 5284 nomine
2900 5231 3257 5290 substantive.
3299 5237 3389 5293 Sic
3410 5230 3542 5295 lier-

1945 5305 2077 5369 sius,
2104 5305 2221 5357 Sat.
2250 5319 2313 5369 ν,
2339 5304 2409 5359 55
2440 5321 2450 5354 :

2069 5418 2211 5469 Velle
2237 5432 2378 5469 suum
2397 5419 2572 5480 cuique
2594 5422 2690 5478 est,
2717 5430 2812 5479 nec
2840 5426 2951 5469 voto
2976 5421 3159 5471 vivitur
3183 5435 3298 5471 uno.

1948 5526 2106 5581 Multa
2134 5524 2327 5579 similia
2350 5531 2593 5578 veterum
2611 5520 2729 5594 ioca
2754 5510 3068 5594 collegimus
3098 5526 3164 5581 ad
3192 5525 3406 5581 Minucii
3433 5526 3541 5585 Fe-

1945 5599 2061 5661 licis
2084 5596 2260 5651 Uctav.
2293 5611 2412 5665 cap.
2438 5608 2627 5648 χχχιιι.
2652 5593 2916 5652 Ediderat
2934 5593 3220 5665 Rigaitius,
3251 5596 3377 5653 velte
3403 5616 3546 5655 inar-

1948 5672 2137 5743 tyrium
2162 5669 2361 5722 habere.
2391 5665 2578 5720 DAVIS.
