4020 6072
1530 151 1958 213 COMMODlANl
1996 150 2535 211 INSTRUCTIONES
3203 121 3213 132 '
3251 142 3330 214 (v.
3373 138 3525 211 7st.)

2053 273 2105 333 Α
2133 272 2237 327 Aut
2261 271 2308 325 si
2336 270 2536 324 intrare
2563 274 2761 338 potest,
2793 262 2838 319 si
2870 276 2971 319 nec
3002 276 3090 323 ne,
3120 276 3188 318 ne
3209 275 3364 318 cessa
3396 279 3413 316 :

2144 362 2388 422 Undique
2411 372 2465 418 te
2488 359 2653 417 redde
2677 368 2870 419 tutum,
2902 366 3024 411 tuos
3051 369 3265 424 quoque
3287 371 3303 414 ;
3334 351 3533 408 vicisti.

2143 458 2210 514 Et
2231 457 2517 528 vigilanter
2541 469 2660 526 age,
2696 468 2764 509 ne
2788 449 2908 523 quis
2935 455 3175 505 incurrat.
3198 447 3251 501 in
3277 446 3388 501 illa.

2143 550 2258 607 Res
2288 547 2503 604 infamis
2522 547 2647 610 erit,
2673 545 2720 599 si
2740 544 2860 614 quis
2883 557 2943 597 se
2964 538 3210 613 propalat
3229 538 3386 593 hosti.

2148 644 2378 699 Vincere
2409 640 2499 712 qui
2531 639 2728 706 nescit,
2757 647 2813 693 et
2841 636 3076 693 occurrit
3095 635 3308 690 tradere
3328 647 3450 688 sese
3468 674 3482 696 ,

2145 737 2255 793 Nec
2282 737 2384 792 sibi
2410 751 2511 792 nec
2539 734 2725 806 patria:
2750 732 2964 789 laudem
2992 730 3206 787 remisit
3230 729 3463 798 ineptus.

2145 831 2299 886 Tunc
2328 831 2509 885 vivere
2532 826 2725 890 noluit,
2755 841 2877 882 cum
2909 825 3020 895 ipsa
3048 823 3161 879 vita
3189 821 3402 892 peribit.

432 166 542 224 259
651 164 829 240 (767.)

427 284 579 339 Mons
610 284 824 354 patiens
854 281 1042 345 fueris,
1080 277 1317 347 intellige
1340 283 1391 329 te
1423 282 1715 346 martyrem
1745 287 1886 328 esse.

890 413 1034 453 XLIX.
1060 424 1131 436 --
1150 405 1579 449 ΡωΝΙΤΕΝΤΙΒΠΒ.

442 516 717 573 Ρωιιίιθηε
737 528 796 571 es
817 512 1014 575 factus,
1038 508 1282 564 noctibus
1314 506 1610 577 diebusque
1647 516 1868 576 precare
1899 518 1914 554 :

440 615 691 668 Attamen
717 625 747 663 a
773 616 941 662 matre
972 603 1081 659 noli
1110 600 1391 659 discedere
1421 600 1604 670 longe,

448 704 519 758 Et
544 703 638 758 tibi
669 699 975 756 misericors
998 695 1195 766 poterit
1221 693 1528 750 Altissimus
1556 704 1700 746 esse.

441 795 559 851 Non
588 794 677 848 lict
701 792 754 846 in
782 804 1007 845 vacuum
1039 786 1308 843 confessio
1333 785 1543 853 culpae;
1579 779 1801 852 perinde

444 887 501 942 In
525 893 676 940 reatu
708 893 802 939 tuo
831 882 983 937 disce
1007 878 1293 935 manifeste
1322 875 1546 931 deﬂere.

446 979 525 1033 Tu
556 979 601 1033 si
623 977 815 1032 vulnus
843 975 1032 1040 habes,
1058 971 1283 1027 herbam
1316 967 1695 1037 medicumque
1730 965 1968 1035 require.

446 1070 517 1127 Et
548 1083 724 1127 tamen
747 1073 798 1123 in
827 1066 1001 1138 poenis
1029 1064 1231 1137 poteris
1257 1072 1345 1117 tua
1370 1060 1565 1116 damna
1590 1059 1782 1115 lenire.

449 1164 715 1231 Namque,
740 1160 945 1216 fatebor
973 1158 1138 1219 enim,
1171 1171 1333 1211 unum
1369 1170 1454 1209 me
1481 1169 1547 1209 ex
1576 1151 1731 1208 vobis
1756 1150 1968 1213 adesse,

451 1259 850 1326 Terroremque
876 1250 1225 1323 linquendum
1264 1266 1277 1302 :
1305 1247 1448 1302 sensi
1481 1247 1596 1315 ipse
1622 1237 1854 1299 ruinam.

449 1352 659 1409 Idcirco
686 1362 1005 1407 commoneo
1030 1346 1335 1399 vulneratos
1363 1341 1570 1396 cautius
1594 1341 1689 1396 ire.

448 1448 678 1502 Barbam
693 1457 1012 1513 comamque
1042 1439 1247 1496 foedare
1276 1439 1328 1493 in
1356 1437 1584 1509 pulvere
1615 1444 1797 1496 terrm.

445 1538 799 1608 Volutarique
829 1536 1022 1599 saccis,
1050 1545 1106 1589 et
1135 1541 1318 1602 petere
1345 1544 1558 1583 smnmo
1587 1528 1655 1583 de
1683 1528 1826 1596 Rege
1854 1570 1867 1589 ,

448 1630 741 1689 Subveniet
764 1627 881 1691 tibi,
913 1642 980 1681 ne
1008 1639 1195 1693 pereas
1225 1621 1361 1677 forte
1389 1620 1458 1676 de
1484 1619 1666 1691 plebe.

790 1759 844 1799 ι.
871 1773 943 1781 -
962 1756 1052 1806 QUI
1074 1749 1564 1794 Αροετλτμνειιυκτ
1587 1748 1712 1789 DEO.

450 1858 676 1931 Quando
700 1856 900 1913 bellum
924 1862 1102 1910 autem
1130 1852 1354 1920 geritur,
1378 1858 1470 1903 aut
1492 1848 1693 1918 ingruit
1720 1845 1910 1910 hostis,

466 1956 700 2010 Vincere
725 1950 814 2022 qui
843 1947 1041 2020 poterit
1059 1956 1148 2001 aut
1175 1945 1362 2006 latere,
1388 1957 1581 2020 magna
1614 1949 1837 2012 tropaea.

458 2047 649 2104 Infelix
671 2054 851 2101 autem
878 2043 1001 2106 erit,
1033 2041 1123 2111 qtti
1152 2039 1310 2093 fuerit
1330 2048 1519 2107 captus
1548 2036 1617 2090 ab
1645 2037 1771 2091 illis.

452 2139 671 2197 Amittit
697 2135 930 2208 patriam
964 2143 1021 2189 et
1054 2147 1261 2201 regem,
1291 2130 1381 2198 qui
1412 2126 1572 2200 digne
1592 2143 1691 2199 pro
1716 2128 1939 2183 veritate

458 2231 732 2303 Pugnare,
765 2244 864 2299 pro
891 2225 1064 2296 patria
1095 2222 1188 2294 qui
1221 2221 1414 2287 noluit,
1446 2236 1620 2290 neque
1648 2235 1746 2291 pro
1772 2218 1878 2273 vita
1905 2237 1919 2273 :

460 2325 653 2380 Obisse
674 2321 931 2384 deberet,
957 2331 1116 2387 quam
1147 2316 1226 2369 ire
1247 2313 1348 2369 sub
1374 2312 1605 2369 barbaro
1633 2327 1799 2383 rege;

455 2414 860 2482 Servitiumque
886 2417 1054 2481 petat.
1084 2408 1173 2477 qui
1207 2406 1454 2461 hostibus
1481 2405 1598 2459 sine
1630 2405 1746 2475 lege
1773 2403 2011 2460 deferre.

459 2508 543 2565 Tu
570 2508 614 2561 si
639 2502 942 2577 prmliaudo
974 2499 1203 2555 moreris
1230 2515 1327 2569 pro
1350 2513 1510 2568 rege,
1539 2497 1740 2554 vicisti.

462 2607 535 2659 At
558 2602 604 2656 si
627 2614 817 2655 manus
847 2594 1085 2660 dederis,
1117 2591 1401 2647 incolumis
1427 2592 1546 2661 lege
1586 2590 1795 2661 peristi.

461 2692 823 2753 Translluviat
848 2688 1052 2746 hostis;
1082 2695 1138 2740 tn
1169 2685 1270 2741 sub
1298 2683 1505 2739 latebra
1534 2683 1709 2739 conde
1743 2700 1756 2737 :

2151 924 2368 981 Domini
2388 924 2432 979 si
2461 922 2582 993 quis
2611 922 2793 991 inops,
2830 926 2922 974 aut
2947 917 3205 989 profanus
3227 915 3297 971 ab
3322 915 3500 980 hoste,

2150 1018 2383 1073 Eramen
2410 1029 2611 1071 sonans
2639 1013 2785 1081 facti,
2809 1011 2894 1067 vel
2917 1020 2974 1066 ut
2996 1010 3236 1081 aspides,
3260 1007 3431 1073 surdi,

2151 1112 2317 1166 Orare
2343 1109 2476 1165 satis
2500 1107 2723 1173 debent,
2752 1114 2845 1161 aut
2869 1119 2929 1161 se
2947 1103 3183 1161 condere
3211 1102 3367 1159 tales.

2658 1259 2875 1300 [Δρ-ωε
2905 1256 3239 1298 ιΝῑΑΝτιΒυε.

2158 1384 2401 1441 Duellum
2430 1382 2598 1438 hostis
2624 1379 2802 1436 subito
2831 1378 2975 1434 venit
3002 1376 3270 1432 inundans
3294 1416 3308 1439 ,

2158 1480 2227 1535 Et
2257 1480 2404 1548 prius
2429 1491 2589 1547 quam
2639 1473 2905 1544 fugerent,
2940 1470 3192 1541 parvulos
3222 1464 3505 1536 occupavit
3533 1465 3758 1520 inertes.

2161 1568 2640 1641 lmproperandum
2671 1567 2752 1622 eis
2776 1580 2882 1621 non
2909 1575 3013 1625 est.
3040 1564 3166 1619 licet
3187 1560 3332 1632 capti
3362 1558 3612 1616 videntur
3638 1575 3651 1611 :

2080 1686 2128 1745 Β
2154 1664 2263 1721 Nec
2289 1661 2503 1732 quidem
2528 1674 2734 1716 excuso
2760 1674 2775 1711 :
2803 1659 2874 1711 ob
2902 1658 3099 1713 delicta
3127 1655 3271 1710 forte
3317 1663 3601 1725 parentum

2156 1759 2333 1816 Fuere
2365 1754 2680 1827 promeriti;
2711 1754 2834 1810 ideo
2862 1752 3000 1807 Deus
3026 1748 3246 1805 tradidit
3266 1749 3410 1804 illos.

2158 1854 2409 1908 Attamen
2437 1847 2651 1903 adultos
2683 1846 2871 1900 hortor
2898 1844 2951 1898 in
2979 1857 3130 1897 arma
3161 1849 3469 1905 recurrant,

2160 1944 2566 2013 Nascanturque
2594 1939 2746 2010 quasi
2777 1937 2957 1993 denuo
2979 1950 3093 1990 suae
3125 1934 3281 1989 matri
3312 1932 3381 1989 de
3408 1941 3620 1988 ventre.

2165 2035 2485 2093 Terribilem
2515 2034 2686 2103 legem
2717 2030 2946 2102 fugiant,
2973 2015 3297 2099 semperque
3316 2034 3624 2092 cruentam,

2167 2128 2417 2198 lmpiam,
2442 2124 2728 2180 indocilem
2754 2122 2925 2177 ferina
2949 2120 3056 2174 vita
3085 2121 3375 2174 viventem.

2171 2220 2379 2276 Bellum
2409 2218 2556 2273 enim
2586 2216 2732 2272 aliud
2760 2231 2882 2271 cum
2914 2213 3080 2269 fuerit
3104 2212 3244 2268 forte
3273 2210 3587 2283 gerendum,

2166 2314 2400 2371 Vincere
2424 2313 2516 2383 qui
2544 2312 2763 2383 poterit,
2793 2321 2888 2366 aut
2905 2317 3055 2366 certe
3072 2310 3183 2380 jam
3207 2309 3349 2364 scire
3374 2322 3590 2373 cavere,

2665 2512 3200 2555 UL—DESEBTORES.

2170 2594 2494 2651 Desertores
2517 2595 2663 2651 enim
2695 2610 2895 2665 genere
2922 2610 3028 2648 non
3054 2608 3161 2648 uno
3185 2593 3458 2649 dicuntur.

2174 2689 2272 2745 Est
2291 2689 2428 2746 alius
2454 2704 2706 2760 nequam,
2735 2688 2873 2742 alius
2891 2688 2944 2742 in
2972 2698 3125 2759 parte
3144 2688 3391 2751 recedit;

1857 2802 2423 2863 COMMENTARIUS.

542 2939 694 2994 Mons
722 2935 917 3002 patiens
943 2930 1120 3001 fueris.
1151 2925 1289 2994 Quid
1307 2925 1389 3002 sit
1416 2918 1804 3002 nimisyatieus,
1839 2924 2067 2993 me‘qui-
2094 2925 2141 2987 C
2173 2940 2299 3002 num
2328 2924 2417 2994 qui
2446 2938 2505 3002 se
2532 2921 2963 3002 propalathosti,
2985 2921 3215 3002 essesni
3234 2922 3405 3002 ipsius
3435 2921 3777 2977 traditorem.

467 3012 592 3069 dem
635 2995 785 3079 fugit.
843 2995 973 3073 Leg.
1015 3017 1164 3079 meus
1200 2998 1410 3079 .patiens
1456 2996 1642 3079 fueris:
1684 2995 1913 3078 Mentem
1951 3011 2071 3079 ιιιιτρ

465 3067 593 3150 mm
655 3067 829 3148 μόιίοι-
883 3067 1300 3150 e§_t_‘l_iotuinis,_
1328 3085 1424 3138 pro
1471 3077 1582 3122 toto
1631 3067 1872 3150 hominen
1897 3067 2074 3150 posuit

466 3138 904 3210 Commodianus.
934 3144 1068 3200 Vide
1097 3157 1257 3214 supra
1288 3140 1445 3194 lustr.
1478 3155 1655 3202 xxvu,
1702 3155 1753 3193 v.
1805 3138 1932 3194 406.
1968 3139 2073 3192 ΒΑ-

471 3242 575 3281 νις.

551 3294 810 3349 Pmnitens
868 3306 918 3342 es
976 3290 1160 3356 factus.
1211 3283 1291 3338 Ad
1364 3281 1734 3356 paenitentiam
1783 3281 2069 3356 admissus.

477 3368 693 3425 Etenim
725 3352 987 3429 indulgeri
1017 3359 1118 3413 sibi
1148 3354 1477 3429 pwnitentia:
1508 3352 1684 3429 locum
1736 3353 2070 3429 ambiebant,

480 3423 635 3506 iimga
670 3423 1521 3506 mgniteutiiedemonstratione.
1567 3423 1730 3506 )Egre
1765 3426 2074 3506 omniteutia

376 3556 383 3561 .
477 3496 704 3567 dabatur
736 3507 811 3559 illi
865 3519 953 3571 qui
982 3501 1059 3554 sic
1086 3499 1388 3563 deliquerat
1432 3512 1488 3571 ut
1535 3497 1791 3571 probrum
1823 3496 2077 3550 ECCIBaiSB

479 3582 756 3652 objiceret.
791 3567 1045 3652 retinenti
1089 3584 1275 3652 secum
1305 3579 1411 3650 tam
1444 3567 2080 3652 ignoui-iniustumpecca—

478 3638 677 3712 toFem,
723 3638 779 3703 ut
823 3644 1043 3712 expelli.
1090 3639 1347 3695 abstineri
1395 3653 1459 3691 ac
1512 3638 1781 3712 prohiberi
1838 3638 2078 3693 Ecclesia

484 3708 791 3779 meruisset.
822 3708 914 3788 qui
948 3715 1236 3788 licclesiatn
1268 3712 1464 3788 delicto
1488 3724 1603 3788 suo_
1620 3708 1822 3788 fecerat
1849 3720 1907 3763 ut
1949 3724 2078 3788 eru-

484 3796 745 3850 besceret.
777 3780 948 3844 Porro
974 3786 1162 3841 eadem
1189 3782 1427 3838 Ecclesia
1453 3796 1558 3835 non
1592 3780 1864 3835 invidebat
1907 3781 2080 3851 ρωιιὶο

487 3866 723 3922 teutibus
751 3861 816 3915 ad
844 3862 1006 3913 Deum
1030 3858 1462 3917 Conversinneni,
1490 3852 1627 3921 apud
1651 3868 1807 3922 quem
1838 3853 1904 3908 de
1928 3854 2083 3907 venia

488 3933 822 4007 impetranda
848 3928 1321 4007 nun‘desperabat.
1349 3924 1470 4007 lite.

562 3994 609 4062 λ
632 4016 791 4061 matre
818 4003 923 4058 noli
945 3994 1220 4054 discedere.
1246 3999 1328 4051 Ab
1361 3995 1619 4061 Ecclesia,
1651 3994 1867 4051 domina
1890 4004 2081 4063 matre,

488 4084 644 4149 cujus
667 4080 735 4132 de
755 4074 1008 4149 uberibus
1027 4073 1240 4149 alimur.
1268 4068 1389 4149 Rm.

569 4139 716 4207 sensi
752 4148 869 4216 .ipse
916 4145 1137 4216 ruinam.
1188 4140 1482 4216 Sensi_me_
1525 4139 1691 4200 mori.
1750 4140 1891 4216 sensi
1948 4140 2088 4193 unde

493 4225 610 4291 ipse
634 4211 966 4291 deciderant.
999 4214 1058 4268 in
1095 4227 1283 4283 apngr.
1331 4211 1563 4291 _Sensisse
1609 4227 1833 4291 ruinam.
1868 4213 1985 4267 lito.
2017 4241 2088 4251 —

498 4282 629 4363 ᾔεις.
653 4291 864 4363 sensisse
888 4288 1112 4363 ritinqiit,
1137 4282 1306 4363 ιιι-εει
1327 4282 1383 4363 in
1403 4285 1731 4363 apographo,
1758 4285 1909 4351 cujus
1929 4283 2086 4337 tidem

495 4353 702 4419 temere
728 4357 964 4415 deseruit
1009 4354 1291 4425 Rigaltius.
1327 4353 1574 4425 Fatebor,
1624 4354 1794 4423 inquit
1831 4355 2088 4409 Commo-

501 4437 712 4494 dianus,
747 4446 832 4483 ine
864 4429 1071 4482 ruinam
1099 4425 1354 4479 sensisse.
1391 4424 1576 4479 DAVIS.

582 4502 914 4571 Volutarique
939 4498 1097 4571 saxis.
1126 4496 1182 4551 In
1209 4494 1524 4571 apographu
1555 4513 1567 4547 :
1602 4495 1919 4566 volutarique
1946 4498 2092 4551 satis.

499 4566 1082 4636 sziiteutis’habitus,
1117 4568 1254 4621 mala
1302 4567 1382 4620 sui
1427 4566 1594 4635 ipsius
1625 4571 1892 4629 tractatio,
1943 4580 2093 4623 extra

502 4650 744 4706 lanitium
769 4641 1063 4701 deversari,
1100 4641 1150 4694 in
1184 4639 1549 4707 asperitudine
1592 4640 1756 4705 sacci,
1787 4649 1840 4692 et
1871 4638 2097 4695 horrore

499 4720 721 4784 cineris,
753 4718 821 4771 ab
847 4714 991 4768 omni
1020 4712 1141 4766 vita:
1170 4710 1322 4784 fruge
1351 4710 1527 4784 dilati.
1554 4709 1612 4764 lu
1652 4725 1809 4784 sacco
1837 4720 1893 4784 et
1916 4711 2097 4768 cinere

502 4780 811 4856 voltitautis,
865 4783 1196 4842 coticinerati
1240 4793 1296 4837 et
1339 4780 1606 4837 conciliati
1654 4797 1666 4832 :
1714 4782 2095 4856 'l‘ertullianus.

1873 4855 1991 4910 Ιὶια.

581 4934 663 4990 Nc
690 4949 863 5002 pereas
903 4934 1036 5002 forte
1062 4927 1127 4981 de
1153 4924 1602 5002 plebeLHoccst.
1636 4924 1702 4980 de
1731 4926 2003 5002 Ecclesia;
2033 4925 2102 4981 de

508 5007 663 5061 turba
691 4995 953 5067 fidelium,
986 4999 1053 5054 de
1080 4997 1277 5068 populo
1298 4995 1520 5068 Christi,
1551 4996 1618 5050 de
1640 4999 1863 5066 populo
1891 5008 2102 5053 sancto.

508 5079 639 5135 Erat
664 5077 803 5130 enim
824 5085 948 5128 tunc
975 5067 1231 5139 temporis
1258 5067 1520 5141 Ecclesia,
1543 5069 1848 5139 episcopus,
1884 5070 2103 5141 presby-

510 5163 614 5215 ter,
641 5148 919 5204 diacouus.
950 5144 1239 5215 plebssive
1271 5138 1560 5215 |:tici.‘th}.

586 5209 752 5285 Quam
777 5220 850 5269 ire
890 5209 979 5268 sub
1009 5213 1223 5267 barbaro
1250 5227 1385 5285 rege.
1416 5209 1707 5265 Barbarum
1760 5226 1941 5283 regem
1977 5211 2107 5268 dicit

508 5284 692 5361 regem
719 5303 823 5343 tt0u
846 5286 1216 5361 christianum.
1247 5284 1367 5361 lito.

586 5356 647 5417 Si
686 5374 864 5414 manus
890 5356 1107 5411 dederis.
1133 5357 1285 5411 Thus
1306 5358 1357 5408 in
1387 5369 1625 5409 acerram
1649 5353 1881 5409 miseris.
1912 5354 2029 5412 Rw.

591 5433 827 5501 Undique
878 5438 925 5482 te
971 5426 1126 5481 redde
1176 5438 1361 5501 tutum.
1399 5426 1663 5501 Dissentit
1701 5443 1731 5479 ει
1777 5426 1819 5480 Τ
1824 5427 2107 5501 ertulliauo

512 5496 933 5563 Commodianus
962 5516 975 5552 :
1003 5499 1273 5554 consentit
1298 5507 1473 5551 autem
1499 5496 1795 5569 Cypriauo.
1823 5497 2024 5569 suadet
2054 5500 2107 5569 in

514 5576 889 5647 persecutione
933 5570 1134 5647 fugam,
1174 5578 1266 5623 aut
1298 5566 1759 5647 latebrasihlmmo
1785 5568 1836 5622 in
1887 5568 2107 5625 latebris

510 5639 638 5705 etin
673 5649 791 5717 fuga
822 5639 1139 5717 martyrium
1186 5640 1533 5717 essendocetL
1567 5639 1805 5717 Omnino
1827 5650 1990 5717 vetat,
2032 5657 2108 5717 _ue

513 5723 634 5798 quis
660 5709 921 5787 incurrat,
952 5709 1155 5790 nequis
1180 5726 1239 5768 se
1264 5709 1472 5767 offerat.
1502 5711 1738 5784 Denique
1758 5712 1834 5768 ait
1860 5711 2109 5769 christia-

2175 2998 2232 3053 Si
2262 2993 2440 3051 tamen
2474 2993 2678 3049 incidat
2707 2994 2757 3050 in
2787 2996 3018 3053 hostem.
3050 2995 3130 3047 vel
3163 2995 3504 3064 opprimatur
3530 3012 3557 3048 ει
3590 3008 3778 3061 perse-

2175 3067 2484 3139 quentibus,
2520 3078 2775 3139 tunepro
2805 3065 3024 3139 nomine
3060 3066 3260 3121 Christi
3283 3081 3405 3122 esse
3426 3067 3627 3122 debere
3653 3081 3782 3122 con-

2177 3136 2589 3194 stantissimum.
2620 3136 2752 3192 Nam
2796 3137 2840 3191 si
2872 3139 3036 3191 vitam
3082 3141 3326 3208 negando
3371 3140 3620 3204 redimat,
3659 3154 3783 3194 cum

2176 3212 2291 3282 ipsa
2320 3212 2422 3264 vita
2447 3209 2765 3280 periturum.
2794 3209 2914 3282 R19.

2250 3281 2396 3335 Tunc
2426 3279 2588 3334 vivere
2618 3282 2803 3333 noluit.
2838 3279 3014 3335 Vitam
3059 3291 3317 3336 :eternam
3362 3281 3542 3338 vivere
3588 3281 3782 3346 noluit,

2180 3354 2268 3423 qtti
2300 3368 2483 3425 parum
2514 3352 2665 3425 fortis
2691 3365 2873 3425 coram
2906 3352 3155 3425 pra-side,
3187 3368 3367 3407 coram
3395 3362 3624 3425 tyranno
3651 3352 3782 3417 fuit;

2187 3422 2345 3479 thura
2374 3424 2523 3478 dedit
2555 3422 2718 3486 idolo,
2743 3423 2823 3476 vel
2852 3423 3353 3493 urgavitChristum
3376 3443 3389 3479 :
3416 3422 3634 3481 a-terum
3662 3426 3787 3480 vita:

2180 3497 2527 3557 renuntiavit,
2563 3504 2618 3546 ut
2651 3504 3081 3549 momentaueam
3112 3508 3374 3551 servaret.
3408 3496 3527 3552 lito.

2258 3568 2463 3620 Domini
2486 3568 2528 3619 si
2557 3568 2672 3637 quis
2719 3566 2889 3634 inops.
2908 3565 2989 3637 _llt
3014 3566 3331 3634 simpliciter
3361 3568 3631 3623 ethnicus.
3664 3569 3787 3623 lno-

2182 3654 2304 3709 pent
2336 3637 2547 3712 Domini
2571 3635 2735 3712 dicit,
2766 3654 2869 3706 qua
2897 3635 3069 3692 forma
3096 3637 3166 3693 de
3194 3638 3445 3704 Saturno,
3479 3641 3613 3695 venit
3640 3643 3791 3712 inops

2183 3708 2365 3776 animi,
2392 3709 2552 3764 lustr.
2582 3724 2655 3763 tv.
2681 3708 2800 3764 Rte.

2270 3782 2368 3861 l_’e1_
2399 3785 2647 3861 profanus
2684 3782 2753 3861 ab
2785 3780 3029 3861 Itosle.__A
3074 3782 3507 3861 persecutoribus
3556 3785 3792 3861 nominis

2185 3852 2461 3925 clirigtiaui
2498 3852 2851 3925 subactusaa
2879 3853 3075 3925 quibus
3100 3854 3258 3908 rediit
3285 3870 3528 3925 uega'or.
3557 3856 3681 3912 Btc.

2259 3923 2515 3979 Ειίιιηεη
2558 3939 2749 3978 sonans
2793 3923 2940 3995 facti.
2985 3923 3007 3978 l
3035 3924 3259 3980 Corinth
3290 3968 3305 3993 ,
3337 3923 3446 3990 iiut,
3471 3927 3509 4000 _i
3544 3947 3557 3982 :
3587 3929 3794 4000 Καλχός

2188 4004 2360 4071 ἡχῷν.
2627 4068 2635 4071 _
2832 4066 2861 4071 ,Δ
2955 4068 2965 4071 _
3019 4068 3029 4071 Α
3110 4069 3121 4071 _
3346 4069 3361 4071 _
3469 3998 3588 4057 RIG.

2275 4068 2363 4122 Vel
2401 4079 2455 4124 ut
2485 4068 2689 4135 aspides
2715 4066 2882 4122 surdi.
2932 4068 3032 4136 Qui
3058 4069 3317 4124 adversus
3344 4069 3438 4126 Dei
3471 4072 3792 4140 sapientiam

2190 4155 2349 4266 :Bires
2374 4156 2499 4196 suas
2541 4143 2814 4197 obturant.
2841 4171 2911 4180 --
2934 4140 3170 4210 Respicit
3198 4143 3265 4197 ad
3310 4141 3509 4197 Psalm.
3556 4159 3702 4211 LVIII,
3737 4144 3791 4199 5.

2241 4229 2375 4266 avus.

2241 4229 2375 4267 AVIS.

2120 4324 2169 4384 υ
2195 4282 3048 4384 -..°.’1f’£iff£“333575;!”me
3101 4287 3447 4384 νοεηίιειςείτε.
3486 4285 3792 4370 facere"

2194 4355 2261 4409 ab
2290 4356 2543 4428 episeopo
2595 4357 2883 4422 impetrare
2929 4355 3267 4422 mereantur;
3321 4357 3588 4423 Ecclesia,
3635 4376 3794 4428 quam

2197 4439 2390 4502 negato
2413 4426 2631 4502 Christo
2652 4427 3165 4502 dehonestaverunt.
3224 4430 3428 4498 placata
3458 4446 3555 4500 per
3584 4426 3797 4502 longam

2198 4514 2260 4552 ac
2288 4499 2646 4554 miserabilem
2684 4499 3109 4564 exomologesin.
3138 4501 3257 4557 Rm.

2274 4569 2456 4645 Autse
2494 4570 2711 4645 candere
2739 4571 2886 4645 tales.
2931 4570 3015 4645 ita
3070 4580 3127 4625 ut
3166 4573 3421 4645 nuspiam
3476 4576 3698 4645 posthac
3745 4576 3800 4630 in

2202 4640 2459 4696 Ecclesia:
2487 4643 2678 4697 castris
2704 4643 3125 4711 conspiciantur.
3155 4643 3274 4701 Ric.

2276 4712 2352 4765 De
2370 4712 2876 4786 infantibus.Sen~us
2890 4723 3207 4786 estapertus
3228 4734 3237 4740 -
3258 4715 3573 4772 stabilienda
3596 4727 3805 4774 tantum

2204 4784 2467 4852 scriptura
2499 4784 2875 4859 Instructionis
2900 4785 2952 4840 in
2973 4785 3114 4841 hunc
3143 4787 3382 4855 modum,
3414 4804 3521 4859 quo
3549 4805 3692 4845 nunc
3717 4791 3807 4846 edi

2203 4859 2531 4911 curavimus.
2558 4857 2679 4913 lito.

2280 4926 2348 4981 Et
2369 4930 2518 5011 prius
2554 4945 2709 5011 quem
2737 4932 2995 4999 fugerent,
3017 4931 3288 5011 iparvulos.
3338 4930 3397 5011 In
3426 4932 3757 5011 _apographo
3785 4948 3802 4985 :

2210 4997 2278 5052 Ει
2295 4997 2597 5074 Ηνὶιηφιηήι
2625 5004 2651 5068 f
2651 4997 2819 5072 ngeret
2845 4997 3107 5074 parvulos,
3128 5004 3395 5074 occuparit
3420 4997 3628 5060 inertes.

2284 5069 2853 5148 Nascantur-queiqiiasi
2874 5072 3061 5127 denuo.
3093 5069 3461 5146 Metaphoratu
3485 5078 3713 5148 sumpsit
3740 5091 3810 5131 ex

2206 5141 2390 5207 10am,
2417 5160 2491 5202 ιιι.
2523 5145 2579 5209 '5,
2600 5141 2666 5198 ⁷4.
2695 5144 2876 5198 Datus.

2282 5212 2580 5298 Terribilem
2610 5215 2770 5341 legem
2798 5216 3020 5287 fugiant.
3047 5216 3105 5271 In
3131 5220 3444 5289 apngrapho
3473 5239 3485 5274 :
3510 5219 3815 5275 Terribilem

2282 5302 2368 5341 tem
2407 5290 2624 5341 fumeus.
2707 5287 2907 5341 utriant.
2950 5287 3143 5341 iuuttit.
3199 5291 3369 5341 lenem
3419 5292 3561 5341 illam
3592 5292 3815 5341 terribi-

2209 5285 2368 5369 tegem
2406 5287 2624 5369 fugiens.
2658 5285 2907 5357 Fugiunt,
2950 5287 3143 5369 inquit.
3171 5285 3372 5369 degerit
3416 5292 3562 5369 illam
3592 5292 3819 5369 terribi-

2209 5357 2315 5438 iem
2364 5356 2657 5438 ethnicam,
2699 5356 2820 5438 quin
2842 5356 3149 5438 sacritirare
3176 5356 3333 5438 idolis
3352 5363 3526 5431 jubet,
3552 5363 3706 5431 cujus
3739 5363 3821 5419 le-

2209 5429 2292 5498 gis
2322 5430 2557 5483 cultores
2585 5429 2814 5484 ﬂaintnis
2840 5432 3057 5485 :rternis
3086 5443 3211 5485 sunt
3242 5429 3514 5489 destinati.
3551 5429 3669 5490 th.

2242 5500 2594 5582 “Pesertores.
2625 5502 2964 5582 Desertorum
2992 5501 3099 5557 duo
3122 5519 3321 5582 genera
3347 5505 3651 5561 constituit:
3668 5505 3821 5562 Titii—

2212 5571 2255 5624 ri
2266 5571 2543 5626 licatorum
2567 5583 2622 5626 et
2643 5571 3098 5628 Libellaticorttm.
3121 5575 3238 5631 lite.

2283 5640 2559 5720 Estmalius
2607 5660 2848 5720 nequam.
2894 5646 3285 5720 Quisacriticat
3328 5645 3510 5717 idolo;
3562 5647 3704 5720 quod
3733 5659 3832 5709 est.

2210 5714 2352 5786 apud
2375 5714 2543 5772 Deum
2573 5716 2871 5788 principale
2894 5718 3122 5776 crimen.
3151 5718 3270 5773 Bis.
