4020 6072
287 200 391 257 ειι
511 203 588 275 (v.
629 204 782 275 8M.)

286 319 397 376 Sed
426 328 602 390 tamep
627 322 835 394 utrique
854 314 1056 396 judieia
1077 342 1203 382 vera
1234 328 1620 385 decernuntur.

286 414 434 471 Ecce
464 415 721 471 militatur
748 415 984 486 Christo,
1017 421 1155 475 sicut
1175 421 1377 479 Caesari
1409 434 1646 495 paretur.

284 506 570 577 Refugium
601 509 742 579 regis
768 519 908 580 pete,
940 512 984 565 si
1011 511 1240 569 delictor
1270 515 1451 583 fuisti;

281 597 366 652 Tu
396 599 544 654 illum
573 600 823 670 implora,
858 614 1156 673 prostratus
1178 605 1254 661 illi
1281 606 1452 665 fatere
1483 628 1497 664 :

281 690 474 746 Omnia
505 692 786 761 concedet,
814 696 966 764 cujus
994 708 1117 753 sunt
1140 708 1195 755 et
1224 702 1404 758 omnia
1437 714 1644 761 nostra.

282 783 556 856 Repositis
576 788 789 853 caStris,
821 787 1043 845 ulterius
1062 807 1194 849 cave
1217 793 1519 866 delinquas.

280 877 484 934 Errare
511 879 615 932 noli
647 879 738 934 ditt
766 880 919 936 miles
948 898 1043 951 per
1070 884 1269 955 spelma
1298 885 1554 944 ferarum.

284 970 364 1027 Sit
390 971 485 1027 tibi
514 986 760 1042 peccare.
790 972 1052 1030 desistere
1080 986 1289 1047 gestum
1315 978 1663 1040 immensum.

701 1081 811 1121 LIII.
843 1096 915 1108 —
945 1084 1209 1127 IILITIBUS
1246 1087 1479 1130 CHRISTI.

278 1156 484 1213 Militia:
505 1173 698 1215 nomen
724 1175 846 1215 cum
871 1161 1105 1224 dederis.
1143 1163 1297 1221 freno
1325 1169 1547 1225 teneris.

280 1251 468 1322 Incipe
499 1261 624 1307 tunc
640 1267 778 1324 ergo
804 1252 1077 1311 dimittere
1105 1257 1322 1326 pristina
1352 1271 1502 1330 gesm
1528 1278 1541 1314 :

278 1344 547 1400 Luxurias
569 1346 695 1411 vita,
720 1347 971 1417 quoniam
997 1349 1147 1406 labor
1170 1352 1413 1409 imminet
1440 1356 1629 1410 armis.

278 1437 514 1508 Imperio
540 1438 683 1508 regis
710 1438 858 1493 omni
885 1439 1080 1497 virtute
1109 1443 1403 1513 parendum
1425 1489 1441 1513 ,

275 1530 547 1600 Tempora
581 1546 852 1601 postrema
891 1533 935 1589 si
966 1534 1047 1589 vis
1074 1537 1379 1609 pertingere
1408 1540 1553 1596 la-ta.

274 1624 369 1679 Ille
399 1624 571 1679 bonus
601 1625 776 1692 miles,
804 1642 1019 1698 semper
1047 1639 1298 1701 exspecta
1325 1632 1571 1700 fruenda;

270 1717 529 1773 Blaudire
551 1719 657 1773 noli
683 1718 800 1785 tibi,
830 1720 1068 1778 desidias
1093 1725 1316 1780 omnino
1339 1727 1515 1794 mitte,

275 1810 343 1866 Ut
373 1820 469 1866 tuo
499 1812 787 1882 prteposito
813 1814 1035 1871 cottidie
1066 1826 1260 1887 prasto
1291 1820 1385 1887 sis,
1420 1831 1544 1879 ante

270 1906 533 1961 Solicitus
554 1916 692 1973 esto,
725 1910 1020 1965 matutinus
1044 1912 1195 1983 signa
1223 1915 1421 1971 revise.

268 1998 409 2056 Cum
438 2001 639 2058 videris
665 2001 885 2069 bellum,
926 2004 1115 2075 agonia
1147 2022 1302 2064 sume
1331 2011 1651 2083 propinqua.

1462 214 1835 276 ADVERSUS
1863 219 2175 279 GENTIUM
2216 224 2407 283 DEOS.

1905 1743 1953 1804 B

3129 238 3206 312 (v.
3231 236 3382 311 852.)
3491 239 3601 300 ste

1914 339 1963 397 Α
1994 336 2120 392 llzuc
2145 338 2315 409 gloria
2345 339 2518 410 regis,
2554 341 2774 399 militem
2806 345 2993 402 videre
3036 358 3282 418 paratum
3310 369 3324 414 ;

1990 430 2103 486 Rex
2133 431 2319 500 adest,
2350 444 2534 504 optato
2562 449 2781 507 propter
2809 455 2959 509 spem
2991 441 3466 503 dominicaturum.

1986 523 2083 579 Ille
2111 534 2265 595 parat
2288 526 2459 593 dona,
2494 528 2585 585 ille
2612 545 2709 600 pro
2733 532 2953 587 victoria
2986 535 3143 591 hctus

1988 618 2221 688 Suspicit
2241 662 2257 689 ,
2285 631 2339 677 et
2371 624 2651 692 preprium
2678 626 2925 682 satellem
2956 628 3170 685 dedicat
3197 646 3347 687 esse.

1988 710 2066 766 Tu
2097 713 2189 767 tibi
2232 724 2493 784 prmterea
2517 716 2571 773 in
2595 718 2781 774 Belian
2813 737 3037 791 parcere
3066 726 3173 780 noli
3208 744 3223 780 :

1988 802 2217 876 Impiger
2246 818 2364 863 esto
2394 810 2562 881 inagis
2585 852 2599 876 ,
2632 819 2690 866 ut
2712 812 2902 869 reddat
2925 816 3118 871 famam
3149 833 3246 889 pro
3282 830 3480 878 morte.

2497 942 2603 981 ιιν.
2630 958 2700 967 —
2719 945 2787 983 DE
2828 945 3072 987 REFUGIS.

1985 1039 2366 1097 Damnatorum
2395 1042 2589 1098 animm
2621 1047 2814 1101 merito
2841 1048 3036 1119 seipsae
3063 1064 3375 1109 secernunt.

1988 1131 2061 1187 Ex
2094 1132 2196 1188 hoc
2236 1136 2498 1204 progeniti
2531 1136 2724 1192 iterum
2758 1139 2823 1193 ad
2852 1156 2948 1195 sua
2982 1155 3291 1197 recurrunt.

1985 1223 2155 1279 Radix
2180 1226 2384 1281 cainma
2405 1272 2420 1294 ,
2472 1230 2817 1286 maledictum
2848 1248 3036 1289 semen
3079 1241 3349 1308 erumpit,

1980 1326 2035 1370 et
2064 1316 2116 1370 in
2148 1318 2327 1373 servili
2358 1332 2519 1389 gente
2548 1322 2648 1376 sub
2674 1323 2902 1380 barbaro
2941 1343 3066 1397 rege
3096 1328 3327 1399 refugit,

1984 1408 2218 1465 Flauuua
2248 1427 2383 1483 quos
2412 1421 2612 1468 aeterna
2642 1418 2912 1486 torquebit
2937 1420 3027 1475 die
3053 1420 3299 1479 decreto.

1982 1500 2109 1555 Vult
2132 1517 2299 1573 vagus
2327 1517 2515 1560 errare
2539 1505 2656 1561 sine
2677 1507 2960 1579 disciplina
2992 1512 3248 1584 profugus
3265 1559 3280 1581 ,

1979 1594 2229 1652 Grassari
2262 1613 2359 1668 per
2385 1601 2566 1656 fauces
2592 1601 2799 1657 viarqu
2831 1603 2948 1674 lege
2978 1606 3207 1663 solutus.

1982 1689 2075 1745 Isti
2103 1706 2233 1762 ergo
2265 1693 2398 1748 tales
2420 1736 2435 1759 ,
2483 1710 2622 1765 quos
2646 1695 2789 1751 nulla
2821 1712 2979 1767 poena
3007 1703 3183 1771 coegit
3208 1744 3222 1767 ,

1980 1780 2036 1839 Si
2068 1784 2248 1841 vivere
2277 1787 2466 1843 nolunt
2491 1829 2506 1855 ,
2535 1787 2602 1843 ab
2630 1789 2786 1845 idolis
2817 1793 3013 1864 respici
3046 1793 3266 1851 debent.

2414 1918 2502 1958 LV.
2522 1933 2595 1944 --·
2614 1919 2681 1959 DE
2721 1919 2861 1961 LOLlI
2899 1922 3121 1964 SEIINE.

1976 2017 2054 2075 De
2085 2020 2296 2076 semine
2328 2020 2479 2086 lolii,
2525 2021 2614 2093 qui
2638 2031 2782 2078 stant
2811 2023 2862 2078 in
2894 2022 3137 2081 Ecclesia
3166 2029 3341 2084 mixti.

1647 2107 2208 2169 COMMENTARIUS.

344 2192 492 2249 Alius
514 2193 571 2272 in_
586 2202 730 2272 parte
748 2194 954 2249 recedit.
982 2195 1086 2272 Qui
1115 2210 1182 2252 ne
1210 2197 1550 2272 pertrahatur
1576 2200 1628 2254 in
1652 2200 1870 2272 Capito-

271 2264 407 2318 lium
435 2263 858 2343 sacrilieaturus,
881 2263 1194 2343 paciscitur,
1211 2263 1402 2325 'oblato
1419 2272 1632 2342 prmsidi
1651 2263 1834 2330 libello
1850 2316 1867 2343 ,

271 2338 586 2391 concussori
621 2339 864 2405 pecunia.
899 2338 1018 2394 lito.

341 2407 557 2485 iudicia
584 2425 700 2462 vera
730 2408 1087 2485 decemuntur.
1123 2410 1270 2479 lieie,
1301 2424 1359 2466 ut
1385 2423 1438 2468 et
1464 2415 1605 2484 apud
1636 2417 1870 2485 optimos

272 2479 594 2555 scriptores,
625 2496 795 2555 verum
815 2497 958 2536 JUSTI
986 2483 1087 2555 vel
1136 2499 1271 2547 Αςρυι
1301 2479 1867 2555 τθοίρίῐροιθείειιθῐη.

275 2551 491 2679 IVlidesis
514 2550 911 2607 Broukhusium
932 2553 998 2608 ad
1035 2554 1304 2625 Propertii
1330 2550 1430 2612 lib:
1454 2550 1533 2682 Ἓξ
1566 2558 1721 2631 Εινε.
1750 2576 1871 2628 xui,

349 2660 363 2674 .
1516 2645 1657 2682 AVIS.

272 2626 363 2679 11.
1473 2629 1657 2685 Davus.

343 2694 610 2751 Militatnr
654 2695 879 2761 Christo,
925 2698 1056 2751 sicut
1100 2695 1292 2751 σανδανὶ
1344 2711 1567 2766 paretur.
1620 2703 1875 2760 Militatur

269 2767 513 2828 Christo,
545 2768 635 2837 qui
667 2770 976 2824 sacrificare
1004 2768 1149 2822 idolo
1180 2779 1319 2823 vetat
1345 2787 1360 2835 ;
1389 2781 1442 2825 et
1475 2772 1525 2826 in
1558 2773 1872 2829 sacriﬁcan-

270 2850 377 2899 tes,
434 2839 596 2913 etiam
653 2849 917 2913 mortuos,
974 2841 1353 2894 animadvertit
1401 2846 1575 2910 poenis
1606 2848 1868 2913 mternis‘;

270 2920 499 2982 paretur
547 2911 770 2973 Ca-sari,
819 2914 907 2982 qui
961 2913 1095 2965 mori
1149 2913 1305 2982 jubet
1354 2930 1458 2968 non
1502 2911 1870 2973 sacrificantes

266 2980 451 3049 idolo;
487 2998 588 3037 nec
604 2983 797 3039 habet.
828 2980 954 3053 quid
980 2980 1398 3039 faciat-mortuis
1425 3005 1439 3041 :
1471 3002 1592 3040 nam
1618 2990 1697 3042 sic
1728 3005 1873 3043 tnor-
1896 2980 1942 3042 C

266 3055 342 3108 tui
370 3070 471 3124 pro
497 3053 739 3119 Christo,
768 3057 858 3126 qui
887 3056 964 3109 sic
985 3053 1185 3111 Caesari
1212 3068 1503 3125 paruerttnt
1538 3070 1592 3110 ιιι
1642 3069 1871 3115 mortem

266 3127 487 3180 fortiter
512 3126 842 3198 oppetierint
872 3142 967 3198 pro
998 3127 1195 3183 Christi
1225 3129 1461 3195 nomine,
1491 3130 1658 3185 vitam
1687 3132 1875 3188 vivunt

263 3207 553 3254 attentam.
587 3197 706 3255 th.

337 3270 405 3325 Si
448 3270 666 3324 delictor
704 3270 864 3340 fuisti.
914 3269 1237 3325 Delictorcm
1279 3271 1429 3329 dicit.
1477 3284 1867 3341 peccatorem:

262 3354 319 3397 et
342 3348 425 3395 sic
455 3342 616 3395 etiam
650 3341 793 3410 loqui
823 3341 1145 3410 Cyprianum
1177 3343 1605 3398 observavimus.
1639 3344 1757 3403 Rto.

335 3412 602 3484 Repositis
624 3414 823 3468 castris.
846 3411 1053 3467 Castris
1069 3414 1271 3469 scilicet
1292 3416 1550 3469 adversus
1572 3417 1867 3473 Ecelesiam

262 3503 455 3541 mrsxis
492 3485 704 3553 positis,
761 3495 813 3537 tu
861 3485 976 3554 ipse
1024 3496 1141 3554 post
1183 3497 1460 3550 acceptam
1492 3489 1867 3556 paenitentiam

261 3558 541 3628 repositus
563 3556 816 3611 Ecclesiae
835 3557 1055 3625 castris,
1080 3557 1187 3612 noli
1207 3573 1293 3611 am
1302 3558 1437 3684 put;
1458 3575 1581 3614 esse
1598 3560 1866 3616 desertor.

1437 3646 1506 3684 ιο.

1437 3646 1506 3685 IG.

331 3702 419 3757 Sit
459 3701 549 3755 tibi
591 3717 814 3767 peccare,
860 3699 1096 3775 desistere
1138 3710 1263 3775 gest.
1310 3702 1401 3754 im.
1447 3702 1742 3775 Cousimilve
1783 3714 1869 3759 est

254 3773 391 3828 illud
421 3773 679 3827 Instruct.
708 3787 835 3826 mn
867 3789 879 3825 :
910 3772 1127 3826 Summa
1152 3773 1240 3827 tibi
1267 3789 1287 3828 :
1319 3774 1495 3845 gravia
1535 3772 1739 3844 peccata
1766 3776 1866 3829 de-

254 3848 357 3899 vita
387 3858 441 3899 tu
471 3861 688 3911 semper.
727 3845 842 3899 lilG.

329 3916 518 3987 Incipe
541 3927 659 3969 tunc
684 3931 803 3982 ergo
831 3915 1083 3969 dimittere
1112 3916 1258 3985 prist.
1288 3926 1448 3986 gesta.
1480 3918 1654 3985 Supra
1687 3917 1861 3974 dixit:

251 3988 415 4053 Cave,
450 3999 509 4040 ut
553 4002 651 4040 non
679 3989 946 4057 delinquas
972 3988 1023 4039 in
1052 3997 1187 4048 ante,
1220 3987 1376 4042 lustr.
1428 4004 1574 4042 XLVI.
1627 3990 1865 4057 Opponit

252 4061 403 4114 lieic.
429 4059 686 4112 dimittere
723 4059 962 4128 pristina,
1014 4059 1087 4112 illi
1112 4059 1255 4127 quod
1298 4060 1451 4114 instr.
1475 4075 1638 4126 xcvu,
1664 4062 1852 4114 sectari

251 4135 449 4203 prisca.
481 4131 659 4184 l’riSCa
689 4148 782 4183 seu
814 4131 1037 4203 pristina
1065 4142 1209 4195 sunt,
1238 4146 1358 4199 qua:
1383 4141 1509 4186 ante
1535 4133 1691 4185 lidetn
1715 4147 1864 4203 eom-

253 4202 425 4259 missa
463 4211 612 4266 sunt,
657 4214 708 4256 et
749 4202 925 4273 qualia
959 4211 1203 4271 peccant,
1248 4203 1447 4258 ethnici
1446 4204 1593 4329 Rsive
1624 4202 1857 4274 profani.

1499 4291 1567 4329 ιο.

1499 4291 1567 4331 I6.

3409 2183 3415 2203 i

1978 2221 2074 2281 pro
2104 2220 2437 2263 εΑτειιιτειι
2468 2225 2481 2263 :
2513 2219 2561 2263 ct
2579 2212 2844 2281 proprium
2857 2228 2963 2267 esse
2982 2212 3205 2281 dedicat,
3234 2213 3336 2269 hoc
3352 2224 3434 2270 est
3463 2226 3580 2270 sta-

1977 2277 2137 2355 bilem
2156 2321 2186 2355 ,_
2209 2282 2418 2355 lirnnuu
2445 2277 2765 2355 fortemque.
2802 2284 2860 2339 ln
2893 2277 3205 2355 apngrapho
3245 2287 3572 2352 superlitum

1973 2349 2327 2431 attittizid_\'erti
2348 2353 2545 2406 veteris
2559 2349 2842 2431 scriptura:
2860 2349 3169 2431 vestigium,
3187 2349 3572 2431 dedaat,quam

1975 2418 2098 2475 liei':
2129 2422 2350 2476 minime
2375 2418 3055 2483 convenirearbitratum}.
3090 2418 3214 2484 lito.

2046 2512 2127 2567 Tu
2158 2514 2246 2596 tibi
2281 2526 2527 2596 prieterea
2548 2518 2603 2572 in
2631 2518 2814 2596 Bel_ian
2843 2537 3052 2596 parcere
3079 2524 3204 2576 noli.
3233 2523 3292 2596 ln
3330 2539 3569 2596 apogra-

1979 2585 2086 2655 pho
2142 2589 2403 2663 scriptun!
2451 2588 2628 2663 fuerat
2654 2610 2668 2645 :
2703 2589 2781 2643 Tu
2826 2585 2915 2663 tibi
2967 2603 3210 2663 prarterea
3260 2595 3314 2648 in
3368 2585 3572 2653 deiictis

1978 2672 2190 2736 parcere
2218 2660 2343 2736 noli.
2370 2658 2500 2727 Qua:
2528 2662 2797 2736 scriptura
2823 2662 2949 2718 ferri
2968 2658 3038 2719 'et
3075 2667 3330 2733 explicari
3354 2666 3569 2736 posset,

1977 2729 2078 2784 nisi
2122 2745 2219 2785 nos
2266 2730 2584 2789 admoueret
2626 2734 2671 2787 is
2713 2735 2802 2803 qui
2844 2729 3210 2805 apugraphutn
3255 2729 3566 2804 recensuit,

1976 2811 2212 2874 veterem
2242 2818 2457 2857 manum
2504 2805 2668 2859 fuisse
2696 2806 2750 2858 in
2795 2805 2997 2861 Belian.
3033 2807 3147 2862 Hoc
3173 2818 3290 2874 est,
3323 2811 3467 2865 Cave
3499 2828 3569 2866 ne

1974 2872 2176 2927 desidia
2205 2882 2299 2927 aut
2336 2875 2625 2942 supinitate
2670 2887 2793 2941 tua,
2839 2878 2965 2932 dum
3007 2880 3100 2934 tibi
3146 2872 3283 2935 forte
3332 2882 3559 2936 nimium

1976 2942 2277 3019 blandiris,
2328 2946 2471 3019 desis
2507 2948 2628 3019 itibi
2681 2948 2779 3015 ipsi
2842 2948 3104 3005 adversus
3170 2950 3391 3019 Brliau,
3450 2956 3566 3009 sive

1974 3015 2247 3091 diabolum
2283 3032 2298 3069 :
2329 3033 2396 3071 ne
2426 3018 2517 3091 t_ihi
2563 3018 2864 3090 improvido
2905 3023 3129 3091 obrepat
3172 3015 3424 3091 satanas,
3453 3042 3569 3080 ma-

1981 3086 2098 3149 lus,
2146 3088 2378 3157 iniquus.
2426 3089 2545 3144 Rto.
2638 3086 2652 3090 ”
3042 3086 3052 3091 ’
3409 3086 3419 3091 ’
3585 3124 3594 3133 .

2046 3157 2277 3237 Impiger
2314 3173 2418 3237 esto
2441 3161 2642 3237 ‘utagis.
2671 3160 2902 3237 Tantum
2945 3164 3121 3231 absit,
3155 3176 3213 3219 ut
3246 3166 3339 3220 tibi
3383 3169 3569 3237 perui—

1972 3230 2110 3310 eirm
2138 3229 2336 3310 inferat
2363 3229 2967 3310 Belias'tentationibus
3014 3229 3159 3297 suis;
3204 3239 3331 3303 quin
3384 3229 3566 3310 potius

1973 3303 2041 3379 ab
2072 3301 2360 3379 iis_l_'am:un
2398 3317 2616 3379 reporta
2625 3346 2652 3379 _,
2686 3305 2863 3379 itaut
2902 3310 2978 3361 sis
3019 3301 3271 3379 exemplo
3314 3301 3571 3366 fra'trtbus

1974 3373 2270 3445 disciplina:
2302 3388 2365 3428 ac
2395 3374 2515 3427 fidei
2544 3374 2956 3445 diligentissime
2985 3373 3234 3435 servatam
3282 3380 3402 3437 ηις.

2043 3442 2124 3527 οὲ
2147 3447 2360 3527 r_e[ugis.
2416 3445 2470 3499 lu
2509 3442 2820 3517 apographo
2860 3450 3057 3527 legitur
3107 3451 3170 3505 de
3202 3453 3450 3527 refugiis,
3499 3463 3557 3508 ct

1970 3517 2371 3596 ειιιιθιιιιίῃιυιιι
2406 3531 2619 3596 versum
2660 3530 2884 3588 apparet
2911 3517 3129 3596 lacuna,
3161 3517 3564 3596 quasi'refugia

1971 3585 2168 3667 dixerit
2198 3585 2810 3667 _Cottttt_iotli;tnus,pro
2848 3594 3075 3663 refugis;
3118 3585 3425 3667 tit-servitia'
3466 3585 3566 3667 pro

1967 3660 2146 3713 servis.
2197 3658 2305 3714 Nos
2356 3660 2550 3715 deesse
2602 3658 3559 3729 quidquam'minarhitramurfet

1970 3729 2312 3808 instructioni
2340 3731 2554 3808 titulum
2594 3731 2849 3808 fecimus,
2900 3733 2982 3790 De
3018 3737 3210 3808 refugis
3239 3755 3254 3793 :
3282 3739 3361 3793 sic
3395 3738 3563 3794 fuerit

1970 3810 2094 3856 uota
2123 3801 2327 3857 lacuna:
2355 3802 2648 3871 superﬂua.
2683 3804 2800 3859 Rto.

2042 3872 2126 3927 Ea:
2162 3873 2256 3927 hoc
2298 3874 2570 3952 progeniti.
2606 3874 2682 3929 Er.
2725 3874 2830 3930 hoc
2874 3877 3075 3931 scilicet
3125 3878 3303 3946 Belia,
3352 3881 3418 3936 de
3454 3897 3561 3952 quo

1969 3943 2097 4000 inst.
2131 3946 2361 4013 praeced.
2390 3944 2510 4001 Ιὶισ.

2040 4015 2236 4069 Iterum
2264 4016 2331 4068 ad
2364 4033 2458 4071 sua
2494 4027 2783 4072 recurrunt.
2826 4017 2906 4073 Ad
2954 4034 3083 4073 suos
3119 4020 3395 4089 ethnicos,
3439 4022 3559 4079 ido-

1963 4087 2203 4142 lolatras.
2965 4090 3087 4145 Pus.

2040 4159 2212 4214 Radix
2261 4159 2486 4234 cainina.
2524 4158 2617 4214 Vel
2670 4161 2846 4228 potius
2892 4164 3126 4227 caiuma,
3180 4172 3237 4217 nt
3276 4180 3435 4234 supra
3471 4166 3560 4222 ln-

1964 4239 2155 4287 struct.
2200 4245 2389 4286 xxxvr.
2419 4231 2477 4286 lu
2506 4233 2820 4304 apographo
2869 4234 3060 4289 vitiose
3106 4231 3555 4334 radiaca'uanwa.

3274 4325 3366 4365 iIG.

323 4346 559 4416 Ῐ¹¹¹Ρί³νί⁰
584 4345 734 4417 regi"
772 4344 1019 4416 lmeuigc
1054 4343 1350 4411 Chriswm'
1667 4356 1845 4420 caput
1874 4382 1929 4444 1)
1976 4446 1981 4447 γ
2036 4374 2147 4430 Sub
2174 4373 2391 4447 barbaro
2440 4390 2582 4447 rege.
2610 4374 2682 4430 Ut
2713 4390 2876 4447 supra
2927 4374 3201 4433 Christum
3233 4343 3556 4446 siiiipliciter

1438 4418 1559 4474 Bia.

331 4489 399 4543 Ut
428 4500 513 4543 tuo
544 4489 817 4557 pra’posilo
843 4488 1047 4543 cottidie
1074 4499 1262 4559 praesto
1282 4490 1373 4544 sis.
1406 4488 1845 4560 Emendavimus,

249 4563 398 4631 quod
432 4563 484 4614 iu
531 4577 719 4629 apogr.
749 4561 1095 4631 depravatum
1145 4560 1337 4627 fuerat,
1367 4571 1423 4614 ut
1450 4571 1536 4616 tuo
1565 4565 1845 4631 proposito.

253 4628 611 4699 Praepositum
636 4628 992 4701 vocatﬁquem
1018 4628 1264 4688 Justinus
1288 4641 1340 4688 et
1362 4632 1475 4691 alii.
1504 4628 1847 4701 «possessa;

249 4705 618 4758 Tertullianns
644 4704 994 4771 prtesidentem
1022 4722 1033 4757 :
1065 4703 1153 4773 qui
1176 4712 1229 4775 ct
1249 4703 1585 4775 prwposituitt
1607 4704 1850 4761 Ecclesia:

250 4776 413 4841 dixit,
452 4789 503 4828 ct
536 4776 866 4846 prtvpositum
893 4776 1159 4841 baptisma.
1192 4774 1310 4830 Rto.

334 4847 527 4916 Agonia
556 4864 698 4900 sume
718 4847 1027 4918 propinqua.
1054 4846 1238 4906 Sume.
1270 4861 1554 4915 praesume,
1584 4847 1843 4919 intellige,

251 4919 308 4972 in
347 4920 587 4989 proximo
613 4933 734 4972 esse
758 4919 950 4972 festqu
975 4928 1027 4972 et
1053 4920 1297 4972 solemne
1317 4926 1614 4985 certamen,
1648 4935 1713 4973 ex
1741 4937 1849 4989 quo

247 5000 406 5059 patet
439 4988 489 5041 iu
521 4991 712 5046 coelum
760 4992 881 5044 iter.
932 4990 1226 5056 Agonalem
1272 4991 1436 5055 dicm,
1492 5000 1545 5043 et
1587 4988 1847 5060 Agonalia

247 5063 395 5115 festa
427 5064 713 5115 certamina
745 5061 931 5133 dixere
982 5060 1240 5133 Romani,
1286 5076 1405 5130 qua:
1446 5062 1594 5131 prius
1641 5062 1848 5133 Agonia

243 5133 598 5197 dicebantur;
632 5141 767 5189 teste
792 5132 1003 5190 Ovidio.
1039 5149 1052 5187 ι
1083 5131 1229 5186 Fast.
1267 5150 1281 5183 :

377 5224 443 5275 Et
469 5226 597 5289 prius
611 5227 843 5290 antiquus
859 5227 1057 5277 dicebat
1078 5225 1268 5289 Agonia
1281 5238 1463 5277 sermo.
1614 5238 1617 5242 ’
1646 5226 1752 5278 Rto.

324 5308 520 5377 Optato
544 5322 755 5378 propter
793 5328 933 5381 spem
982 5311 1453 5381 daiuinicaturum.
1489 5308 1845 5365 Scribendum

247 5382 514 5437 videtur:
557 5392 741 5450 printer
788 5380 932 5449 spem
976 5382 1362 5435 dimicaturum.
1418 5380 1711 5435 Venturum
1761 5397 1848 5437 re-

243 5469 408 5523 gem.
440 5452 490 5505 id
533 5465 613 5507 est
634 5497 653 5523 Α,
707 5453 1023 5519 Clu-istum,
1082 5454 1169 5521 qui
1220 5450 1502 5522 praesideat
1551 5453 1843 5522 martyrio,

241 5521 555 5581 eet-tamini.
600 5521 827 5592 Vigilatc
864 5526 1064 5594 utique,
1095 5524 1294 5577 milites
1322 5523 1555 5594 Christi.
1585 5521 1707 5594 quia
1747 5541 1850 5589 qua

242 5602 379 5652 liora
439 5611 538 5648 non
578 5598 803 5667 putatis,
836 5593 1002 5651 Filias
1043 5597 1265 5650 hominis
1287 5596 1445 5650 veniet
1499 5593 1673 5666 (Luc.,
1732 5611 1840 5665 xu,

242 5671 387 5797 40kt
422 5741 688 5819 proprium
721 5742 946 5796 satellem
985 5740 1187 5796 dedicat
1225 5716 1350 5795 esse.
1399 5667 1689 5796 ὲὶίξὲιιεκ
1711 5738 1849 5799 dixit

1953 4446 2089 4522 dixit
2121 4463 2323 4522 regem,
2375 4446 2453 4522 i_Ia_
2475 4446 2595 4522 heic
2623 4450 2897 4522 bargarum
2923 4466 3091 4522 regem
3134 4462 3290 4508 vocat
3337 4452 3543 4520 Bclian,

1954 4520 2242 4579 Satanam,
2274 4517 2692 4574 Antichri~tum.
2714 4519 2833 4576 Rto.

2029 4590 2123 4644 Die
2158 4591 2379 4643 decreto.
2405 4660 2417 4666 _
2442 4589 2788 4666 Decretorio,
2839 4594 3120 4658 censorio,
3177 4593 3265 4649 die
3312 4596 3540 4666 judicii,

1952 4662 2041 4716 die
2071 4670 2373 4733 reSpectus,
2404 4660 2456 4715 in
2503 4663 2810 4732 cognitione
2859 4667 3184 4791 animaram,
3230 4669 3285 4720 in
3313 4660 3548 4736 respec-

1955 4734 2119 4789 tione.
3112 4752 3183 4791 to.

1955 4734 2119 4789 tione.
3065 4737 3183 4793 lito.

2025 4806 2283 4879 Sivivere
2310 4805 2519 4879 nolunt,
2562 4808 2625 4861 ab
2667 4807 2818 4879 idolis
2846 4808 3030 4877 respici
3068 4809 3270 4861 debent.
3309 4806 3369 4862 In
3410 4823 3549 4879 apo-

1951 4876 2158 4948 graplio
2186 4877 2413 4947 legitur:
2446 4877 2643 4948 Sydere
2669 4878 2863 4933 voiunt.
2888 4876 3189 4934 secundum
3237 4880 3350 4933 luuc
3380 4876 3544 4935 γεέιί-

1951 4949 2036 5018 gia
2067 4948 2457 5021 scribendum:
2485 4951 2545 5005 Si
2569 4950 2735 5004 videre
2762 4950 2935 5005 volunt
2958 4964 3091 5019 quos
3120 4950 3346 5005 adorent
3365 4950 3499 5006 deos
3522 4996 3540 5021 ,

1953 5035 2053 5075 nec
2081 5020 2237 5076 fidem
2284 5020 2543 5076 adhibere
2590 5024 2758 5077 velint
2798 5022 2909 5076 Deo
2936 5036 3093 5086 vero,
3136 5023 3259 5089 quia
3308 5038 3414 5076 non
3460 5025 3543 5077 vi-

1952 5090 2112 5155 dent,
2152 5090 2422 5147 confidant
2460 5102 2637 5148 autem
2674 5092 2974 5147 simulacris
3001 5094 3112 5146 suis
3137 5094 3538 5163 a-neisligueis-

1952 5179 2058 5234 que
2093 5180 2107 5226 ;
2157 5164 2420 5231 aspiciant
2479 5181 2542 5219 ea
2583 5175 2731 5220 certe
2767 5178 3024 5233 quantum
3068 5165 3364 5230 voluerint,
3407 5179 3544 5220 ocu~

1953 5233 2034 5289 les
2080 5235 2280 5288 habent
2327 5250 2508 5290 amcos
2547 5235 2889 5306 ligueosqne,
2948 5250 3045 5289 nec
3090 5245 3267 5291 tamen
3315 5236 3541 5304 vident;

1951 5320 2079 5375 ergo
2104 5305 2283 5358 talium
2314 5305 2663 5362 fabricatores
2689 5315 2744 5361 et
2771 5306 3004 5361 cultores
3031 5306 3254 5363 deorqu
3300 5349 3315 5371 ,
3357 5310 3539 5363 numi-

1951 5378 2109 5432 nibus
2145 5377 2241 5447 ipsi
2278 5378 2391 5431 suis
2436 5380 2672 5447 potiores
2724 5392 2784 5433 se
2830 5379 3063 5445 iaciunt,
3106 5389 3159 5435 et
3202 5378 3539 5435 subsannant

1950 5448 2134 5502 oculos
2170 5449 2393 5502 deorum
2435 5464 2655 5502 suorum
2701 5463 2907 5514 meros;
2951 5450 3195 5520 adeoque
3237 5448 3307 5502 ob
3347 5450 3535 5520 impie—

1952 5529 2114 5575 tatem
2156 5536 2307 5575 suam
2350 5521 2420 5573 ab
2462 5522 2575 5575 suis
2613 5521 2715 5599 ipsi
2753 5522 2857 5599 diis
2886 5522 3072 5599 respui
3096 5518 3332 5599 debclih.
3361 5518 3453 5585 At,
3490 5521 3539 5575 si

1949 5607 2135 5645 verum
2193 5605 2437 5670 amamus
2458 5633 2472 5653 ,
2506 5594 2871 5670 prter-etenus
2906 5592 3181 5670 erit-haec
3200 5592 3538 5670 “scriptura:

1952 5664 2013 5720 Si
2040 5663 2204 5718 vivere
2226 5663 2437 5740 nolunt,
2468 5663 2527 5715 ab
2554 5662 2704 5740 idolis
2735 5665 2942 5740 respici.
2962 5660 3173 5716 debent.
3200 5659 3413 5714 Etenim
3434 5672 3548 5740 tota

1950 5734 2322 5794 Counnodiaui
2362 5734 2701 5806 philosotihia
2744 5745 2862 5805 cst,
2894 5734 3008 5791 vita
3040 5743 3468 5801 mternazquam
3507 5734 3558 5787 si
3650 5753 3653 5756 ·
