4020 6072
455 308 565 369 eis
678 315 753 387 (ν.
793 314 947 387 sas.)

462 428 706 499 Expletis
735 431 1070 501 temporibus
1100 430 1326 497 messis,
1351 436 1635 499 separatur
1660 444 1689 482 a
1719 426 1895 484 fructu

463 518 680 577 Lolium
707 532 965 590 enatum,
997 523 1139 594 quod
1178 538 1287 578 non
1326 523 1550 577 miserat
1582 522 1864 578 Dominus.

468 612 644 671 Omne
671 616 858 671 lolium
888 617 1123 688 agricola
1150 617 1437 672 collectum
1465 625 1681 686 separat
1702 615 1858 670 illud.

465 713 581 771 Lex
601 730 728 787 ager
757 715 912 773 nobis
941 727 1025 771 est
1058 735 1071 771 :
1100 716 1188 787 qui
1211 714 1400 771 fecerit
1418 715 1618 770 bonum
1647 715 1699 769 in
1730 714 1815 769 illa
1834 756 1850 781 ,

463 807 586 880 Ipsa
619 810 801 879 utique
831 809 984 866 nobis
1014 818 1235 881 przestat
1266 809 1507 879 requiem
1542 822 1726 863 veram

466 902 588 973 Ipse
612 900 917 958 dominator
946 921 959 957 :
990 919 1112 959 nam
1143 903 1331 958 lolium
1374 904 1495 974 igne
1536 908 1826 956 crematur.

469 996 528 1053 Si
577 1012 704 1067 ergo
734 997 932 1065 putatis
952 1039 966 1063 ,
996 997 1247 1068 quoniam
1278 997 1377 1051 sub
1408 1011 1517 1051 uno
1547 1003 1849 1056 morantur,

469 1088 679 1145 Erratis
708 1106 722 1143 :
752 1089 966 1144 steriles
991 1089 1315 1144 christianos
1349 1103 1447 1143 vos
1481 1103 1604 1142 esse
1645 1086 1892 1157 designo.

472 1181 753 1239 Maledicta
785 1181 880 1235 fuit
924 1182 1086 1237 arbor
1120 1182 1239 1237 sine
1270 1181 1447 1237 fructu
1489 1179 1688 1236 ficulna

473 1275 533 1332 In
554 1275 721 1331 verbo
754 1275 991 1341 Domini;
1024 1285 1079 1331 et
1108 1276 1287 1330 statim
1316 1274 1525 1329 exaruit
1567 1273 1679 1327 illa.

470 1366 591 1423 Non
634 1383 826 1437 operas
860 1368 1033 1423 facitis
1055 1411 1069 1435 ,
1117 1384 1222 1422 non
1264 1367 1465 1422 donum
1496 1381 1629 1438 gazo
1657 1365 1876 1437 paratis.

470 1460 543 1515 Et
568 1459 646 1515 sic
677 1461 976 1529 promereri
1007 1460 1298 1515 Dominum
1332 1459 1531 1532 putatis
1562 1458 1787 1514 inanes?

952 1614 1062 1654 LVI.
1081 1628 1152 1638 -
1166 1610 1595 1653 υιεειιιιιιλτοιιι.

477 1733 796 1788 Dissimulas
823 1734 994 1807 legem
1023 1742 1175 1789 tanto
1213 1735 1485 1803 prmconio
1511 1734 1671 1788 latam
1697 1775 1715 1801 ,

471 1825 529 1881 In
562 1833 640 1881 tot
662 1826 1041 1896 pr0phetarum
1072 1828 1280 1883 caelesti
1312 1844 1442 1885 voce
1472 1827 1831 1884 clamantem?

475 1916 534 1973 Si
563 1918 821 1986 pr0pheta
852 1929 1055 1974 tantum
1087 1921 1445 1977 declamasset
1475 1922 1527 1975 in
1553 1922 1779 1985 nubem,

471 2010 756 2067 Sulliceret
782 2014 966 2083 utique
998 2016 1213 2071 Domini
1244 2031 1344 2070 vox
1369 2019 1531 2071 missa
1565 2030 1659 2085 per
1687 2016 1861 2070 illum.

469 2103 531 2159 ln
564 2113 643 2158 tot
670 2106 1054 2176 prophetarum
1082 2109 1354 2165 volumina
1381 2109 1465 2163 lex
1497 2109 1707 2163 Domini
1739 2108 2064 2178 proclamat;

471 2193 699 2250 Malitias
732 2198 913 2252 nullus
940 2198 1197 2255 dimittit:
1223 2200 1297 2254 ita
1326 2216 1478 2270 teque
1504 2200 1571 2254 de
1600 2200 1766 2255 corde

473 2289 571 2345 Vis
599 2290 736 2347 bona
769 2292 957 2348 videre
980 2334 995 2356 ,
1028 2304 1083 2350 et
1110 2293 1392 2350 fraudibus
1418 2295 1599 2350 vivere
1629 2294 1853 2364 quaeris.

477 2380 592 2438 Lex
622 2384 738 2454 ipsa
777 2400 875 2440 cur
909 2401 1038 2457 ergo
1061 2388 1326 2458 processit
1373 2397 1520 2442 tanto
1560 2387 1782 2443 labore?

473 2476 729 2533 Abuteris
759 2477 968 2536 Domini
997 2481 1283 2549 mandata,
1343 2494 1398 2537 et
1439 2489 1490 2538 te
1534 2480 1700 2536 lilium
1746 2482 1942 2553 inquis.

1585 310 2014 369 COMMODIANI
2051 309 2603 370 INSTRUCTIONES
2684 360 2691 363 .

2084 440 2135 499 Α
2162 428 2242 485 Tn
2272 429 2316 484 si
2347 429 2467 485 talis
2511 431 2620 485 eris
2676 428 2795 483 sine
2831 440 3024 483 caussa
3047 468 3060 491 ,
3098 420 3301 483 videris
3322 470 3337 495 ,
3368 428 3620 499 inquam.

3284 312 3357 386 (v.
3401 311 3552 385 869.)
3661 309 3768 365 sit

2168 523 2524 594 Omnipotens
2556 523 2716 577 mites
2745 522 2939 592 quaerit
2966 520 3068 576 sibi
3097 522 3235 578 lllios
3262 538 3386 580 esse
3411 567 3425 591 ,

2168 620 2368 675 Rectus
2394 618 2560 674 corde
2583 619 2725 673 bono
2748 661 2761 685 ,
2792 618 3020 673 devotos
3047 619 3149 689 legi
3183 618 3381 675 divina:
3418 640 3431 675 :

2170 711 2408 767 Immites
2440 720 2619 767 autem
2644 710 2753 781 jam
2791 711 2941 766 scitis
2965 714 3050 766 tibi
3080 712 3361 771 demersit.

2380 862 2923 904 ωιι.-ε.εοιιι.ΑιιιΑ
2964 864 3016 903 ιιι
3055 863 3235 905 TOTUII
3276 865 3563 907 ι-ὐαιειιω.

2176 987 2232 1042 Si
2266 986 2487 1055 quidam
2513 985 2764 1040 doctores
2785 1036 2800 1059 ,
2826 985 2950 1041 dum
2979 995 3294 1056 exspectant
3319 1002 3541 1043 munera
3568 998 3770 1059 vestra,

2175 1081 2281 1133 Aut
2308 1080 2503 1133 timent
2543 1094 2802 1148 personas
2825 1122 2839 1145 ,
2864 1081 3050 1135 laxant
3080 1081 3289 1150 singula
3331 1080 3513 1149 vobis;

2173 1173 2240 1227 Et
2269 1188 2369 1242 ego
2400 1187 2504 1226 non
2546 1172 2733 1235 doleo,
2765 1172 2859 1227 sed
2889 1187 3055 1243 cogor
3084 1173 3267 1229 dicere
3297 1189 3486 1230 verum

2173 1264 2305 1320 Cum
2328 1275 2540 1320 caterva
2580 1266 2705 1319 ma‘i
2738 1266 2917 1337 pergis
2960 1267 3025 1320 ad
3054 1269 3359 1336 spectacula
3394 1283 3531 1323 vana
3555 1312 3570 1337 ,

2175 1358 2278 1414 Ubi
2312 1370 2529 1412 satanas
2561 1358 2861 1429 fragoribus
2888 1358 3037 1413 circo
3064 1370 3336 1429 cperatur.

2178 1452 2364 1506 Licere
2408 1451 2710 1521 persuades
2742 1450 2838 1505 tibi
2868 1451 3249 1521 quodcumque
3280 1453 3534 1522 placebit.

2177 1544 2439 1599 Altissimi
2466 1544 2681 1613 proles;
2711 1558 2832 1598 cum
2861 1544 2982 1599 liliis
3012 1544 3195 1599 Zabuli
3220 1546 3390 1601 mixta
3415 1588 3431 1612 ,

2138 1634 2157 1649 ’
2177 1637 2469 1707 llespicere
2518 1652 2644 1691 num
2676 1636 2756 1691 vis
2778 1678 2792 1703 ,
2821 1637 2976 1707 queis
3002 1640 3358 1704 renuntiasti,
3392 1640 3615 1709 priora?

2183 1728 2240 1784 ln
2268 1730 2399 1800 ipsis
2424 1729 2657 1784 versaris
2689 1728 2882 1783 iterum
2905 1770 2919 1794 ,
2951 1728 3076 1798 quid
3109 1728 3352 1799 proderit
3384 1729 3575 1787 Unus?

2100 1849 2149 1908 Β
2178 1823 2286 1879 Aut
2312 1824 2354 1877 si
2388 1837 2484 1892 pro
2515 1822 2775 1893 languore
2798 1821 3019 1886 datum;
3045 1823 3187 1893 quod
3217 1822 3377 1878 stulte
3409 1825 3661 1895 profanus

2173 2008 2351 2064 Nolite
2378 2007 2602 2078 diligere
2631 2007 2891 2062 mundum
2915 2049 2928 2071 ,
2965 2022 3140 2078 neque
3167 2009 3428 2064 ambitum
3460 2009 3576 2081 ejus
3608 2027 3620 2065 ε

2172 2103 2344 2157 Tanta
2373 2102 2463 2157 Dei
2495 2117 2601 2156 vox
2630 2110 2746 2168 est,
2790 2110 2845 2157 et
2877 2102 2972 2156 tibi
3006 2103 3172 2172 proba
3214 2101 3455 2159 videtur.

2172 2197 2440 2251 Observas
2484 2195 2800 2250 mandatum
2828 2194 3097 2258 hominis.
3131 2206 3185 2251 et
3217 2196 3311 2251 Dei
3344 2197 3591 2262 devitas;

2174 2289 2253 2343 Tu
2286 2287 2404 2343 lidis
2432 2289 2675 2354 muneri,
2705 2304 2811 2359 quo
2842 2287 3094 2345 doctores
3118 2304 3213 2344 ora
3243 2291 3569 2361 procludunt
3589 2335 3605 2362 ,

2176 2382 2243 2439 Ut
2276 2390 2520 2448 taceant,
2556 2396 2729 2451 neque
2752 2380 2933 2436 dicant
2960 2382 3055 2435 tibi
3084 2382 3234 2452 jussa
3264 2382 3466 2440 divina.

2174 2475 2259 2533 Me
2288 2491 2412 2531 vera
2442 2474 2745 2540 dicentem,
2778 2474 2920 2530 sicut
2946 2475 3170 2542 teneris,
3192 2478 3443 2547 proSpice
3463 2491 3733 2533 summum
3762 2497 3775 2532 :

1852 2608 2411 2673 COMMENTARIUS.

467 2756 651 2829 vivere
680 2756 803 2823 isti,
838 2760 1039 2829 inquit,
1070 2762 1260 2815 nolunt
1284 2804 1296 2825 ,
1327 2762 1395 2815 ab
1423 2760 1583 2815 idolis
1615 2761 1809 2829 respici
1837 2760 2068 2816 debent:

469 2775 651 2813 VlVCl'e
680 2775 769 2812 tsu
788 2800 803 2823 ,
839 2775 1039 2829 mqmt,
1070 2775 1260 2815 nolunt
1284 2804 1296 2825 ,
1327 2775 1395 2815 an
1424 2775 1583 2815 taotts
1615 2775 1809 2886 r883“)!
1837 2775 2066 2816 acuent:

469 2827 583 2902 hoc
622 2838 737 2902 est,
787 2830 856 2885 ab
906 2835 1117 2886 Satanze
1148 2834 1447 2898 ministris,
1492 2833 1583 2902 qui
1641 2834 1692 2886 ni
1737 2835 1954 2887 utantur
2012 2833 2066 2886 in

469 2900 617 2954 cavis
642 2901 1073 2958 simulacrorum.
1104 2904 1223 2960 Βία.

468 2971 625 3098 2‘De
648 2974 837 3027 semine
863 2974 993 3029 lolii.
1026 2975 1160 3030 Lolii
1191 2975 1441 3046 parabola
1472 2974 1668 3044 legitur
1696 2974 1909 3098 Ma'ttb”
1937 2991 2031 3029 χιιι
2052 3017 2065 3038 ,

549 3081 562 3095 .
1822 3062 1958 3098 AVIS.

1779 3049 1958 3102 DAVIS.

542 3113 652 3170 Lex
688 3133 810 3188 ager
836 3118 978 3171 nobis
1016 3129 1110 3173 est.
1156 3120 1281 3177 Auri
1315 3119 1566 3186 parabola
1616 3119 1884 3188 signiﬁcat
1913 3101 2068 3172 nobis
2097 3101 2139 3162 C

471 3188 644 3261 legem
701 3186 924 3244 Christi.
972 3189 1094 3259 Ipse
1131 3192 1424 3247 Christus:
1462 3189 1574 3261 Ego
1628 3186 1740 3244 sunt
1784 3192 1898 3245 ritis
1949 3207 2067 3243 vera

470 3258 651 3331 (Joan.
679 3276 765 3325 xv,
801 3262 877 3330 1).

546 3329 762 3407 Steriles
805 3329 1129 3387 christianos.
1164 3334 1515 3407 lnl'rugileros
1536 3374 1549 3395 .
1582 3334 1794 3407 ἀγόνους
1817 3376 1830 3398 ,

465 3415 585 3456 nes.
620 3401 883 3456 bonorum
913 3420 1135 3470 operum
1166 3401 1397 3458 steriles.
1434 3406 1550 3459 ita}.

543 3470 917 3544 dfatedicta....
946 3476 1157 3544 ﬁculna.
1187 3476 1322 3531 Vide
1348 3477 1533 3530 Matth.
1556 3518 1569 3535 ,
1599 3492 1705 3537 xu,
1743 3477 1827 3529 19.
1881 3474 2063 3531 DAV'IS.

548 3542 669 3597 Non
718 3545 907 3599 donum
946 3542 1081 3617 Vgazu
1134 3549 1353 3616 paratis.
1396 3547 1596 3602 Gazum
1634 3547 1793 3609 dicit.
1853 3549 2068 3600 thesau-

470 3632 591 3690 rum
620 3631 834 3690 sacrum
853 3659 867 3681 ,
896 3618 1189 3690 corhonagu
1215 3662 1228 3680 ,
1260 3634 1446 3688 gazam
1483 3619 1736 3672 Et-clusia-
1759 3663 1771 3681 ,
1798 3622 2066 3690 t'nz'tplty-

471 3688 690 3741 iaciunt.
722 3688 883 3741 lustr.
917 3705 1059 3743 vau
1093 3709 1106 3743 :
1136 3689 1201 3743 In
1229 3707 1355 3759 gazo
1388 3701 1631 3757 prteterctt
1661 3696 1723 3741 (te
1752 3690 1920 3742 labore
1944 3688 2063 3743 mit-

475 3768 579 3811 tere
605 3758 771 3812 debes.
795 3760 983 3813 Arcam
1010 3758 1608 3815 dixt‘ratTertullianus
1636 3780 1649 3813 :
1679 3762 1765 3814 alii
1799 3762 2066 3815 conc/tum.

476 3828 609 3902 licio
636 3829 799 3898 igitur
825 3831 1254 3888 Commodiautts
1285 3832 1495 3885 steriles
1524 3832 1848 3886 christianos
1880 3835 2067 3902 appel-

473 3901 707 3973 lat,7qui
740 3902 808 3956 de
841 3902 1183 3957 facultatibus
1206 3905 1317 3955 suis
1350 3904 1400 3955 in
1431 3919 1562 3957 usus
1604 3918 1896 3973 pauperum
1920 3901 2068 3957 nihil

474 3972 856 4046 conferebant.
884 3974 1029 4027 Hanc
1057 3976 1400 4029 sterilitatem
1432 3972 1731 4046 Cyprianus
1771 3976 2071 4042 sacri/equiti

471 4058 594 4115 esse
641 4044 749 4111 ait,
804 4044 897 4098 lib.
936 4046 1004 4099 de
1061 4047 1238 4115 Opere
1283 4057 1331 4099 et
1385 4044 1753 4113 cleemosvna.
1791 4047 2067 4113 Paulinus,

472 4114 632 4187 epist.
675 4131 854 4183 xxxrv,
892 4117 1067 4169 aridas
1098 4114 1278 4170 manus
1307 4118 1442 4170 divit
1479 4134 1666 4171 eorum
1699 4120 1784 4183 qui
1821 4120 2056 4187 neglige-

481 4186 609 4258 bant
652 4187 702 4240 in
751 4189 986 4255 Ecclesia
1034 4190 1258 4258 positam
1305 4204 1334 4241 a
1385 4189 1614 4243 Domino
1684 4186 1924 4243 mensam
1986 4191 2069 4243 inc

473 4256 799 4324 digeutibus.
860 4256 1075 4313 ldem':
1123 4259 1354 4329 leeslis‘
1421 4260 1577 4330 igitur
1641 4262 1903 4329 trapezita:
1965 4262 2072 4315 Itwc

478 4343 652 4402 mensa
697 4339 769 4402 est
794 4333 1091 4402 thesaurum
1120 4332 1234 4382 vita:
1265 4340 1497 4396 struens,
1540 4342 1584 4384 et
1625 4331 1692 4384 ad
1740 4332 2072 4402 margaritam

474 4400 834 4468 negotiandum
858 4400 950 4454 Dei
982 4405 1147 4468 [tutius
1170 4418 1425 4455 exercens.
1465 4406 1580 4458 lttc.

551 4472 980 4543 Dtssntuut'ront.
1016 4472 1322 4543 Hypocrita:
1343 4514 1359 4538 ,
1392 4474 1481 4543 qui
1514 4490 1573 4527 se
1600 4473 1952 4528 christianum
1996 4477 2071 4531 si-

481 4542 687 4608 mulat,
719 4550 775 4597 et
819 4542 1223 4598 autichriStiana
1249 4585 1264 4609 ,
1302 4542 1421 4599 sive
1444 4546 1722 4600 smcularia
1754 4555 1809 4600 et
1836 4549 2074 4603 satanica

480 4616 629 4669 vivit.
1847 4617 1963 4674 th.

552 4686 899 4741 Declantasset
938 4688 991 4741 in
1026 4687 1224 4742 nube-tt.
1265 4688 1396 4744 Hmc
1425 4687 1585 4742 lectio
1614 4703 1833 4755 prensus
1871 4699 1953 4743 cst
1980 4690 2076 4743 ab-

478 4759 663 4814 surda.
711 4756 1017 4825 chendum
1072 4771 1230 4828 pulo,
1283 4761 1617 4815 declamasset
1662 4762 1714 4812 in
1769 4760 1957 4815 orbem.
2006 4761 2077 4817 Ut

478 4847 603 4885 mox
633 4846 683 4884 ν.
713 4828 842 4885 865.
878 4830 999 4883 Vult
1029 4831 1452 4886 Commodianus
1479 4834 1612 4886 satis
1638 4829 1832 4897 fuisse,
1858 4833 1902 4886 si
1938 4849 2075 4887 unus

479 4911 687 4956 tantum
750 4901 1011 4972 propheta
1066 4904 1274 4957 Domini
1330 4904 1473 4971 leges
1507 4904 1707 4956 mutulo
1760 4905 2075 4958 annuntias-

480 4981 585 5027 set.
1782 4975 1963 5030 D/ms.

552 5042 641 5097 Ita
695 5060 834 5114 teque
881 5045 945 5098 de
978 5046 1131 5099 corde
1181 5046 1256 5099 vis
1299 5046 1429 5098 bona
1478 5046 1663 5099 videre.
1721 5045 1834 5112 Qua
1890 5057 2074 5102 mente

482 5115 635 5184 cupis
664 5114 753 5169 Dei
788 5117 1249 5171 benedictionilms
1278 5126 1331 5170 et
1358 5117 1651 5171 benefactis
1675 5117 1846 5178 allici,
1881 5119 2068 5172 eadem

482 5196 638 5255 optas
675 5201 769 5255 per
814 5189 1110 5244 calumnias
1145 5201 1201 5244 et
1242 5188 1398 5243 dolos
1438 5188 1506 5243 de
1547 5188 1726 5242 fratris
1764 5189 1839 5241 tui
1885 5190 2072 5257 spoliis

483 5257 768 5312 ditescere.
812 5258 929 5313 Illo.

562 5330 894 5403 Omnipotens
924 5332 1065 5403 mites
1093 5333 1293 5403 quaerit.
1325 5330 1536 5395 Matth.,
1577 5347 1628 5396 v,
1664 5331 1699 5385 5
1732 5329 1921 5403 :Beati
1972 5350 2067 5401 pa-

489 5400 655 5467 ciﬁci.
716 5401 957 5468 quoniam
995 5400 1231 5470 ﬁlii'Dei
1273 5404 1602 5458 vocabuntur.
1651 5400 2063 5470 Pacilicatores,

486 5474 807 5546 εἰρῃνοποιοί.

553 5542 780 5622 [inmites
802 5553 990 5622 autem.
1021 5542 1187 5622 Paulo
1214 5547 1278 5622 ad
1306 5546 1447 5622 Tim.
1478 5562 1515 5601 ιι
1536 5587 1551 5615 ,
1577 5547 1631 5612 5,
1661 5549 1921 5622 ἀνήμεροι,
1952 5550 2065 5622 ἀφι-

476 5616 709 5689 λὰγᾳθοι,
741 5616 973 5689 oppositi
1038 5615 1299 5689 benignis.
1346 5620 1465 5675 lite.

550 5687 827 5762 Scitisubi
858 5688 1115 5762 denarrat.
1151 5687 1208 5741 ln
1247 5698 1493 5758 stagnum
1522 5690 1659 5762 ignis
1680 5732 1694 5757 ,
1735 5690 1825 5745 ubi
1849 5690 1996 5761 ﬂetus
2020 5700 2066 5743 et

471 5759 663 5810 stridor
690 5760 936 5813 dentium.
961 5758 1101 5815 Rto-

543 5828 857 5885 Saeuum;
889 5846 940 5885 ιιι
976 5845 1160 5889 τοτυιι
1199 5845 1319 5889 truc.
1359 5831 1475 5890 Hoc
1513 5840 1629 5901 est,
1664 5849 1771 5890 non
1806 5847 1927 5892 esse
1952 5832 2065 5890 dis-

1874 3333 2066 3404 Spado-

2177 2755 2541 2811 simulandum
2576 2773 2587 2806 :
2622 2771 2794 2824 neque
2833 2756 2975 2810 enim
3024 2757 3320 2813 convenire
3355 2758 3613 2813 Ecclesia:
3654 2773 3777 2819 cum

2174 2829 2395 2884 saeculo.
2444 2828 2714 2891 Ecclesia,
2745 2827 3023 2892 Christus;
3072 2832 3362 2899 sreculmn,
3398 2839 3659 2885 satanas:
3696 2840 3772 2883 ta-

2174 2915 2280 2969 que
2328 2916 2432 2953 nnn
2464 2899 2893 2965 permiscendam
2937 2915 3059 2954 esse
3086 2900 3343 2956 Altissimi
3396 2904 3599 2964 proli-tn
3651 2918 3773 2957 eum

2179 2972 2298 3045 liliis
2349 2971 2544 3024 diaboli
2578 2989 2588 3022 :
2617 2987 2790 3045 neque
2823 2970 3104 3026 laxaudaut
3136 2987 3257 3027 esse
3316 2974 3653 3045 disciplinam
3693 2974 3772 3027 tti-

2178 3044 2282 3097 mia
2341 3053 2612 3113 pastorum
2673 3043 3036 3113 indulgentia,
3095 3060 3191 3114 per
3236 3043 3463 3116 gratiam
3509 3053 3602 3099 aut
3658 3061 3774 3100 sor-

2176 3115 2293 3169 des.
3249 3115 3252 3116 ⁷
3542 3116 3664 3172 illo.

2254 3185 2520 3260 Doctores.
2552 3186 2833 3254 Doctores,
2870 3188 3167 3258 praepositi,
3193 3188 3470 3256 prmsides,
3503 3201 3771 3260 pastores,

2175 3258 2437 3327 episcopi.
2474 3258 2591 3312 RIG.

2244 3331 2371 3383 Cum
2406 3341 2605 3383 caterva
2633 3332 2777 3384 ntali.
2814 3330 2935 3385 Mali
2958 3372 2971 3391 .
3007 3331 3056 3385 id
3087 3342 3204 3395 est,
3233 3341 3455 3387 solatur.
3489 3332 3608 3388 RIG.

2251 3399 2347 3455 Ubi
2378 3414 2584 3456 satanas
2617 3401 2905 3470 fragoribus
2937 3404 3070 3455 circo
3090 3415 3348 3471 operatur.
3384 3403 3771 3459 Tcrlulliauus.

2175 3472 2356 3525 lib.do
2392 3480 2571 3540 Speci.
2612 3472 2738 3527 Cant
2794 3491 2912 3541 ergo
2943 3478 3089 3544 furor
3133 3476 3456 3529 interdicitur
3487 3475 3660 3539 nobis,
3709 3475 3773 3528 ab

2174 3546 2311 3597 omni
2338 3545 2623 3613 spot-Iaculo
2654 3547 2935 3617 attj'rrinutr
2959 3586 2973 3609 ,
3008 3548 3157 3600 etiam
3186 3565 3215 3599 (ι
3245 3550 3381 3601 circa
3401 3590 3416 3614 ,
3458 3549 3541 3601 ubi
3572 3549 3776 3617 proprie

2176 3618 2320 3686 furor
2353 3617 2585 3681 prtt’sitit't
2607 3658 2619 3679 ,
2652 3627 2754 3670 etc.
2784 3616 2898 3679 liztl,

2247 3686 2394 3739 Cirro
2458 3702 2716 3756 operatur.
2778 3689 2831 3741 lu
2890 3690 3201 3757 apographn
3251 3691 3510 3756 scriptum
3557 3691 3771 3745 fuerat:

2180 3756 2277 3811 Ubi
2311 3770 2517 3812 satanas
2555 3761 2843 3828 fragoribus
2886 3774 3233 3829 comparatus.
3262 3763 3382 3817 Ιῖίῦ.

2252 3832 2406 3904 ριιριίδ
2449 3832 2750 3904 rmnntiasti
2789 3832 2980 3898 priora.
3033 3831 3221 3887 Priora
3250 3834 3380 3886 dicit
3410 3850 3530 3904 qum
3571 3849 3769 3900 supra,

2177 3903 2431 3970 pristina,
2480 3902 2683 3969 prisca.
2749 3922 2807 3954 t-a
2868 3920 2987 3970 qtae
3035 3905 3087 3957 in
3138 3914 3255 3958 ante
3295 3902 3478 3959 ﬁdem.
3525 3904 3596 3959 Ea
3643 3920 3775 3958 vero

2177 3984 2301 4025 sunt
2332 3974 2578 4046 diabolus
2600 4014 2613 4031 ,
2640 4044 2648 4046 ᾗ
2675 3990 2862 4043 pompa
2893 3984 2946 4027 et
2994 3976 3169 4043 angeli
3217 3977 3355 4046 ejus.
3385 3976 3768 4043 Tcrtullianus,

2177 4054 2231 4098 et
2262 4054 2372 4097 toto
2413 4045 2504 4099 illo
2533 4047 2598 4099 de
2630 4044 2985 4100 Soectaculis.
3045 4047 3162 4102 ita.

2253 4116 2389 4181 Quid
2420 4117 2643 4183 proderit
2676 4135 2825 4171 unus.
2857 4118 2984 4181 Leg.
3019 4120 3141 4185 quid
3179 4119 3404 4181 proderit
3447 4128 3627 4173 unctus
3654 4160 3667 4181 ,
3721 4120 3771 4172 id

2178 4197 2297 4245 est.
2332 4188 2579 4242 Christus
2604 4229 2618 4251 ,
2670 4189 2755 4255 qui
2809 4190 2953 4243 (ηιιυὶ
2988 4189 3086 4244 fuit
3126 4190 3322 4244 affixus
3351 4201 3407 4243 ut
3446 4191 3690 4245 homines
3740 4206 3769 4244 ει

2179 4259 2379 4334 diaboli
2434 4261 3084 4334 [ltilt'siillt}_l‘llll‘lliltll'tfl,
3136 4264 3345 4332 sibique
3383 4263 3625 4334 populum
3667 4262 3771 4315 ele-

2176 4339 2311 4382 ctum
2345 4330 2564 4385 faceret.
2594 4330 2681 4384 Sic
2710 4330 2871 4386 lustr.
2901 4349 3061 4389 Lxxtt.
3090 4349 3139 4384 v.
3175 4330 3331 4389 1151.

2251 4402 2351 4454 Aut
2376 4404 2419 4454 si
2443 4420 2536 4470 pro
2567 4403 2815 4472 latiguore
2837 4404 3031 4457 datum.
3060 4404 3134 4459 Ad
3160 4404 3534 4461 refocillandas
3553 4414 3643 4459 aut
3685 4420 3773 4460 rc-

2178 4473 2440 4527 creandas
2478 4476 2640 4527 animi
2683 4476 3076 4537 languem-utis
3113 4478 3289 4540 vires,
3341 4480 3408 4531 ab
3455 4478 3519 4530 iis
3562 4477 3769 4530 mollis-

2184 4545 2334 4597 simis
2364 4557 2417 4598 et
2463 4546 2727 4599 facillimis
2758 4548 3067 4602 doctoribus
3118 4563 3379 4606 concessa
3435 4549 3528 4604 tibi
3575 4549 3773 4605 fuerint

2182 4617 2506 4686 spectacula.
2524 4617 2660 4672 Βία.

2254 4687 2431 4759 Nolite
2469 4689 2681 4758 diligere
2712 4689 2975 4743 mundum.
3012 4689 3209 4745 Uttan.
3233 4733 3247 4755 ,
3296 4709 3364 4759 ιι,
3397 4692 3483 4746 15.

2261 4756 2439 4834 {Ve/[nc
2478 4756 2743 4813 ambitum.
2796 4761 2907 4815 lloc
2947 4773 3061 4834 est,
3112 4764 3160 4816 id
3189 4756 3359 4818 omne
3387 4764 3527 4834 quod
3570 4762 3771 4817 annulo

2178 4831 2412 4886 ambitur
2466 4843 2519 4885 et
2567 4834 2889 4886 continetur.
2941 4833 3178 4888 Joannes
3224 4831 3417 4900 dixit,
3455 4852 3515 4890 ea
3554 4851 3666 4897 qua:
3717 4838 3770 4889 in

2177 4904 2370 4958 mund‘o
2422 4915 2573 4977 sunt.
2645 4904 3009 4958 'l‘t-rtullianus
3076 4916 3129 4960 et
3184 4903 3482 4977 Cyprianus
3547 4909 3766 4970 dixere.

2179 4990 2365 5042 pantpa
2396 4976 2603 5031 diaboli.
2658 4977 2778 5031 litt}.

2253 5047 2501 5101 Observas
2545 5049 2841 5100 minutatum
2870 5048 3113 5103 hominis.
3151 5049 3415 5103 Discernit
3448 5050 3592 5105 inter
3618 5066 3765 5105 man-

2176 5116 2297 5170 data
2342 5119 2471 5181 Dei,
2512 5131 2565 5171 et
2610 5121 2857 5172 mandata
2916 5122 3029 5174 sive
3083 5122 3397 5176 traditiones
3449 5122 3763 5184 hominum;

2174 5189 2315 5265 quod
2360 5192 2693 5244 ostendimus
2722 5193 3018 5265 srpissime
3064 5192 3258 5247 faetuni
3286 5210 3313 5246 a
3343 5190 3612 5265 Cypriane
3634 5237 3647 5260 ,
3682 5212 3767 5249 sc-

2175 5261 2409 5314 cundttut
2437 5275 2700 5332 praecepta
2725 5264 2761 5316 Ρ
2782 5264 2869 5315 tuli
2920 5264 3039 5318 litt}.

2249 5332 2361 5407 Quo
2394 5334 2623 5407 doctores
2668 5351 2760 5387 ora
2808 5335 3241 5405 praehcdunlaEt
3279 5336 3413 5392 fiunt
3445 5338 3607 5407 muti,
3658 5352 3764 5392 non

2173 5404 2414 5459 valentes
2443 5406 2658 5460 latrare.
2710 5407 2829 5461 lito.

2247 5473 2337 5549 ille
2361 5491 2478 5529 vrra
2507 5479 2848 5531 (fit-cutem...
2889 5478 3125 5547 prospice
3151 5497 3424 5535 sumntum.
3456 5479 3538 5537 An
3581 5480 3763 5549 igitur.

2171 5546 2431 5601 mendicus
2463 5550 2652 5602 Christi
2678 5565 2732 5601 se
2760 5546 3017 5601 sumntum
3042 5550 3221 5606 dixit?
3246 5553 3370 5621 Leg.
3408 5551 3493 5605 Me
3534 5546 3651 5605 vero
3680 5552 3763 5605 di-

2171 5627 2345 5684 cente,
2390 5621 2518 5673 sicut
2561 5621 2776 5683 tutioris,
2817 5622 3049 5690 prospice
3092 5620 3365 5676 summum.
3398 5620 3514 5676 Meo
3556 5625 3764 5678 monitu

2170 5690 2364 5762 ductus
2388 5733 2402 5753 ,
2453 5692 2594 5749 Deo,
2641 5694 2776 5745 sicut
2809 5708 2903 5762 par
2934 5703 3052 5756 est.
3084 5704 3250 5749 temet
3288 5694 3531 5758 addicas,
3580 5696 3756 5748 ΙὶΑγιε.

2242 5759 2490 5836 Prospice
2534 5759 2820 5817 summum.
2853 5763 3185 5836 Altissimum
3212 5782 3226 5831 ;
3257 5766 3424 5822 Deum
3473 5776 3582 5836 opt.
3615 5783 3759 5821 mox.

2169 5834 2258 5904 qui
2285 5844 2368 5890 cst
2393 5850 2633 5891 summus
2664 5836 2875 5892 Doctor.
2906 5835 3022 5890 llic.
