4020 6072
1467 231 1829 292 Αυνειιδυδ
1865 231 1890 290 (

2027 228 2178 288 runt
2219 229 2420 288 osos.
3110 226 3186 304 (v.
3227 227 3383 302 sia.)
3487 227 3594 284 eis

1911 355 1960 414 Α
1987 352 2132 409 Auro
2167 361 2216 407 te
2247 349 2571 416 circumdas,
2595 359 2687 406 aut
2713 349 2884 406 serica
2921 357 3070 406 reste
3092 348 3319 419 pudica;

1993 446 2278 501 Terrorem
2312 443 2444 515 legis
2474 460 2538 499 ex
2568 444 2789 499 auribus
2817 452 2980 499 vento
3004 443 3234 499 remittis
3260 463 3274 498 :

1993 537 2102 594 lies
2126 553 2292 593 vanas
2321 537 2580 604 adfectas,
2610 547 2803 592 cuneta
2831 535 2898 592 de
2926 535 3115 590 Zabuli
3145 551 3372 607 pompa:

1993 633 2214 688 Ornaris
2239 633 2304 687 ad
2335 634 2638 701 Speculum,
2665 632 2944 686 cincinnos
2975 630 3149 686 fronte
3177 631 3445 696 reﬂexos;

1994 725 2106 780 Nec
2135 739 2240 780 non
2266 736 2322 780 et
2349 724 2557 780 inducis
2585 724 2740 778 malis
2764 723 3117 778 medicamina
3148 724 3269 778 falfa
3293 743 3306 778 :

1997 821 2054 876 In
2084 821 2250 877 oculis
2282 823 2428 892 puris
2455 821 2672 875 stibium
2708 833 2964 890 perverso
2989 818 3184 874 decore
3204 863 3218 886 ,

1998 915 2105 972 Seu
2127 915 2304 970 crines
2337 914 2514 984 lingis.
2558 922 2615 967 ut
2644 914 2753 967 sint
2783 921 2895 967 toto
2920 921 3163 982 tempore
3187 913 3347 983 nigri.

1998 1009 2093 1064 Est
2127 1001 2262 1061 Dens
2289 1006 2580 1076 inspector,
2613 1014 2855 1075 penetrat
2892 1005 2982 1074 qui
3013 1005 3222 1074 singula
3249 1003 3412 1060 corda
3439 1020 3453 1069 ;

1998 1101 2246 1157 Ceterum
2277 1099 2482 1170 pudicis
2510 1099 2609 1153 ista
2642 1099 2943 1154 necessiria
2977 1115 3080 1154 non
3111 1110 3255 1154 sunt.

1997 1194 2158 1250 Casto
2187 1205 2347 1265 atque
2375 1193 2567 1264 pudico
2596 1210 2755 1249 sensu
2787 1195 3090 1264 pertundite
3114 1204 3320 1264 pectus.

287 238 398 295 245
509 237 585 310 (v.
623 235 774 310 890).

285 357 460 414 Filius
502 358 659 430 cujus
678 371 833 426 eras,
866 357 942 412 illi
975 367 1026 413 te
1055 356 1274 428 adsigna
1305 355 1578 412 clientem.

291 453 499 510 Vivere
527 453 571 508 si
605 451 804 523 quieris
832 451 1104 524 gentiliter
1134 451 1295 506 homo
1322 449 1496 505 ﬁdelis
1524 491 1540 518 ,

294 546 504 604 Gaudia
527 553 580 602 te
608 543 793 600 mundi
823 553 1104 600 removent-
1127 559 1157 597 a
1187 543 1354 614 gratia
1382 540 1583 596 Christi
1611 559 1625 594 :

291 638 701 709 Iudisciplinate
726 637 870 709 quod
895 639 1013 694 leve
1033 637 1198 692 licere
1226 637 1510 708 praesumis
1536 678 1552 703 ,

291 733 364 788 Et
386 746 543 787 caros
571 731 862 786 histriones
889 739 942 785 et
970 730 1176 783 cantica
1207 729 1410 784 musica
1435 727 1672 799 quieris;

289 825 406 881 Nec
433 825 523 879 tali
551 823 795 879 subolem
821 823 1024 892 garrire
1055 823 1286 876 amentia
1317 836 1514 878 curas:

294 917 436 974 Eum
461 916 571 970 vita
613 915 834 970 frunisci
866 915 1064 986 putas?
1098 913 1434 981 improvidus
1457 929 1628 968 erras.

290 1011 611 1069 Altissimus
634 1009 820 1080 jubet,
851 1019 905 1064 et
926 1009 1070 1078 jnsta
1109 1017 1377 1080 praecepta
1409 1007 1639 1064 devitas.

585 1119 1196 1164 LVIll.—CKRISTIANUII
1237 1119 1416 1159 TALEM
1460 1117 1606 1160 ESSE.

289 1201 432 1258 Cutn
461 1200 717 1256 Dominus
743 1199 888 1254 dicat
908 1200 1006 1262 ,-in
1037 1200 1239 1270 gemitu
1264 1197 1425 1254 edere
1449 1211 1640 1267 panem
1672 1213 1684 1248 :
1743 1223 1747 1226 -

293 1295 466 1363 Heie,
499 1306 554 1350 ut
585 1295 712 1366 quid
739 1309 884 1351 nunc
911 1295 1025 1366 agis
1043 1335 1058 1361 ,
1087 1295 1178 1365 qui
1207 1294 1356 1364 cupis
1380 1294 1564 1348 vivere
1585 1290 1778 1346 lamus?

295 1387 633 1444 Rescindere
656 1388 857 1458 quaeris
883 1387 1202 1440 sententiam
1233 1383 1432 1440 summi
1464 1383 1560 1439 Dei
1590 1385 1809 1438 missam

294 1481 354 1536 In
387 1479 776 1550 protoplastum
811 1479 930 1534 :vis
961 1478 1170 1533 frenum
1202 1477 1432 1547 prodere
1461 1476 1614 1547 legis.

295 1571 354 1628 Si
386 1573 525 1627 Deus
557 1573 899 1641 omnipotens
925 1586 1047 1625 cum
1070 1569 1269 1625 sudore
1297 1571 1477 1625 vivere
1497 1567 1699 1639 jussit,

295 1666 379 1721 Tu
407 1664 502 1734 qui
522 1664 868 1735 jncundaris,
911 1665 1020 1719 eris
1042 1663 1153 1734 jam
1179 1673 1396 1719 exterus
1423 1661 1519 1718 illi.

291 1760 638 1832 Indignatum
663 1760 737 1814 ait
769 1759 1050 1814 Dominum
1084 1759 1350 1828 scriptura
1377 1756 1584 1811 ludaiis.

291 1853 379 1908 Ab
409 1867 535 1908 esca
563 1851 748 1908 refecti
780 1863 1132 1906 surrexerunt
1159 1849 1349 1904 ludere
1383 1849 1500 1903 ftlii.

290 1945 449 2000 Nunc
476 1960 606 2016 ergo
635 1960 732 2001 cur
759 1943 882 2000 illos
931 1944 1308 2016 prosequimur
1349 1951 1550 2013 sponte
1581 1939 1894 2012 profectos?

296 2039 455 2097 Unde
484 2040 765 2111 perierunt
793 2039 866 2094 illi
890 2081 906 2108 ,
941 2055 1038 2094 nos
1066 2051 1259 2095 cavere
1287 2037 1570 2093 debemus.

293 2131 531 2187 Maxima
567 2146 689 2200 pars
715 2142 952 2186 vestrum
985 2123 1208 2185 luxui-iis
1239 2127 1418 2184 dedita
1448 2139 1622 2200 paret.

288 2225 722 2294 Transgrederis
754 2225 968 2296 legem,
996 2241 1116 2280 cum
1148 2233 1200 2280 te
1231 2225 1366 2282 fucis
1395 2225 1570 2279 inficis
1599 2242 1616 2281 :
1651 2225 1704 2280 in
1736 2234 1787 2278 te

286 2318 588 2390 Apostolus
619 2319 847 2385 clamat,
877 2320 1044 2374 immo
1091 2320 1230 2376 Deus
1259 2335 1354 2392 per
1376 2319 1528 2374 illum
1563 2338 1576 2374 :

287 2412 540 2469 Licentia
572 2422 750 2466 vestra
793 2428 926 2480 vos,
968 2413 1170 2483 inquit,
1207 2415 1260 2468 in
1299 2415 1414 2484 ipsa
1445 2413 1770 2483 deperdnnt.

292 2505 434 2560 Esto
481 2519 611 2574 ergo
649 2503 800 2570 talis,
843 2505 1056 2576 qualem
1085 2505 1194 2561 vult
1221 2522 1339 2561 esse
1369 2521 1422 2563 te
1449 2506 1717 2562 Christus.

285 2595 435 2652 Mitis
466 2605 522 2650 et
551 2597 604 2649 in
638 2595 732 2650 illo
761 2595 946 2652 hilaris
973 2641 988 2664 ,
1031 2613 1153 2652 nam
1185 2600 1386 2654 smculo
1419 2601 1606 2654 tristis.

290 2690 576 2751 Excurre.
607 2688 814 2758 labora,
843 2690 978 2745 suda
1001 2733 1016 2758 ,
1048 2707 1169 2745 cum
1201 2693 1416 2746 tristitia
1458 2708 1655 2764 pugna.

287 2783 432 2851 Spes
472 2797 593 2835 cum
625 2780 808 2836 labore
851 2783 996 2838 venit
1019 2824 1035 2850 ,
1068 2794 1122 2838 et
1165 2785 1402 2841 victoria:
1433 2785 1608 2855 palma
1639 2785 1887 2841 donatur.

288 2874 354 2929 Si
393 2872 719 2944 refrigerare
762 2877 916 2944 cupis
940 2917 954 2940 ,
985 2876 1368 2950 admartyriza.

286 2968 568 3040 Exspecta
597 2967 837 3038 requiem
868 2968 1096 3025 futuram
1130 2972 1182 3025 in
1213 2972 1438 3026 transitu
1467 2971 1674 3026 mortis.

581 3078 761 3118 LIX.-—
788 3081 1048 3120 ιιΔτιιιιΝιε
1074 3080 1347 3120 εεριεεικε
1379 3081 1468 3122 DEI
1492 3082 1626 3124 VIVI.

286 3153 574 3210 )latronas
599 3155 828 3222 viscsse,
851 3157 1166 3224 christiana,
1199 3167 1251 3210 ut
1281 3142 1464 3214 saeculi
1491 3162 1742 3228 damnas,

1999 1290 2108 1345 Lex
2138 1290 2227 1344 Dei
2255 1297 2480 1344 testatur
2502 1289 2634 1344 tales
2660 1289 2950 1344 abscedere
2982 1289 3150 1360 leges.

1999 1382 2077 1438 Ex
2109 1381 2271 1436 corde
2300 1383 2387 1452 qui
2418 1380 2607 1443 credit,
2643 1379 2858 1434 femina:
2880 1381 3072 1434 marito
3103 1382 3337 1452 probatae

1999 1477 2238 1534 Sufficiat
2262 1489 2382 1530 esse
2405 1489 2511 1529 non
2539 1473 2794 1540 cultibus,
2819 1474 2914 1530 sed
2940 1474 3075 1529 bona
3106 1484 3308 1532 mente.

1998 1571 2225 1628 Induere
2247 1578 2424 1625 vestes
2450 1583 2582 1640 quas
2610 1579 2758 1638 optat
2778 1567 2944 1638 frigus
2971 1577 3024 1622 et
3045 1577 3206 1624 {estus

2002 1668 2106 1721 Aut
2135 1665 2360 1720 nimium
2391 1662 2554 1728 solis;
2586 1671 2789 1716 tantum
2814 1669 2868 1714 ut
2895 1660 3082 1730 pudica
3107 1660 3384 1730 proberis;

1931 1759 1976 1818 B
2004 1762 2070 1817 Et
2100 1760 2152 1815 in
2186 1759 2340 1828 plebe
2369 1757 2458 1812 Dei
2487 1755 2756 1810 facultatis
2785 1753 2924 1810 dona
2954 1753 3287 1810 demonstra.

2001 1853 2106 1908 Das
2131 1851 2222 1906 tibi
2254 1848 2574 1906 momeriuut
2599 1847 2896 1904 clarissima
2928 1847 3218 1918 quondam.

1999 1945 2312 2004 Exanimata
2337 1946 2524 2012 jacens
2556 1941 2806 2010 precibus
2834 1939 3112 1998 viduarum
3135 1951 3337 2008 erecta,

2000 2037 2056 2093 In
2095 2037 2274 2104 dando
2303 2034 2625 2107 promeruit,
2656 2049 2762 2090 non
2784 2033 3074 2098 comtibus,
3099 2033 3224 2089 inde
3253 2035 3444 2090 levari.

1997 2132 2108 2188 Vos
2129 2139 2384 2186 ntalrome
2413 2129 2568 2184 bona:
2597 2127 2850 2182 vanitatis
2875 2123 3042 2198 fugite
3063 2125 3336 2183 decorem.

1997 2227 2052 2284 fu
2084 2228 2313 2284 feminas
2332 2225 2583 2295 congruit
2608 2222 2817 2278 cultura
2847 2221 3092 2292 lupanas.

1998 2322 2209 2378 Vincite
2235 2319 2551 2389 malignum,
2577 2315 2786 2387 pudica)
2813 2315 3028 2370 femina:
3053 2313 3275 2370 Christi.

1995 2419 2055 2475 In
2074 2418 2269 2484 dando,
2299 2415 2513 2472 divitias
2543 2421 2748 2468 vestras
2781 2410 3054 2467 ostendite
3083 2420 3248 2468 totas.

2557 2565 2850 2606 ιδεμ-ιτα
2877 2564 3023 2606 IPSIS.

1996 2694 2134 2752 Audi
2161 2707 2371 2758 vocem,
2391 2705 2510 2762 qua:
2533 2689 2613 2744 vis
2641 2687 2944 2762 Christiana
2969 2701 3192 2744 manere
3209 2729 3223 2752 ,

1993 2789 2189 2844 Beatus
2209 2785 2404 2841 Paulus
2437 2783 2666 2854 qualiter
2695 2793 2746 2836 te
2771 2781 2948 2837 ornari
2978 2781 3254 2851 praecipit;

1994 2881 2320 2951 leiloquus
2345 2877 2472 2932 item
2501 2875 2691 2930 Esaias
2713 2873 2902 2930 doctor
2929 2883 2982 2930 et
3007 2885 3194 2930 auctor
3219 2893 3234 2929 :

1995 2975 2305 3029 Detestatur
2330 2970 2472 3026 enim
2497 2969 2816 3038 pravitatem
2847 2967 3032 3022 mundi
3062 2975 3379 3038 sequentes.

1996 3065 2279 3129 Exaltataa,
2324 3061 2516 3132 inquit,
2545 3060 2800 3129 iacebunt
2833 3059 2958 3114 tilia:
2981 3059 3136 3115 Sion.

1915 3155 1960 3218 C
1994 3161 2096 3218 Fas
2124 3160 2177 3216 in
2208 3157 2321 3212 Deo
2352 3171 2456 3211 non
2485 3167 2568 3210 est
2596 3151 2959 3209 Christianam
2987 3153 3090 3208 coli
3120 3152 3354 3208 fidelem.

1652 3300 2213 3361 COMMENTARIUS.

370 3417 658 3472 Gentiliter.
694 3417 941 3474 Etiinice.
977 3419 1066 3474 Sic
1097 3419 1292 3474 Paulus
1315 3419 1378 3472 ad
1405 3420 1556 3485 Ga|.,
1586 3437 1644 3478 tt.

371 3489 620 3545 Subolem
642 3491 860 3560 garrire.
887 3489 1171 3561 Loquacem
1195 3492 1373 3545 nidum
1425 3494 1558 3548 dixit
1584 3493 1884 3560 Jttvenalis,

291 3569 399 3618 sat.
428 3577 485 3614 γ.

370 3631 506 3687 Eum
537 3632 639 3686 vita
684 3634 912 3703 frunisci.
959 3633 1078 3688 Vita
1127 3632 1211 3688 illa
1254 3650 1411 3697 quam
1459 3635 1598 3691 Deus
1641 3636 1888 3692 fidelibus

291 3705 426 3780 suis
456 3704 782 3780 pollicetur,
810 3705 933 3780 frui
984 3707 1181 3780 putas?
1223 3706 1575 3780 lita—Eum
1619 3709 1724 3780 pitu
1773 3714 1885 3780 [mo

291 3777 450 3829 visci.
485 3777 872 3832 Acrustichidis
895 3779 1030 3831 ratio
1060 3778 1339 3846 legendum
1373 3791 1572 3832 tnouet.
1607 3777 1743 3833 Dum
1773 3777 1887 3836 sua

291 3848 514 3918 frunisci
578 3858 762 3916 putas,
816 3848 1128 3916 inmrovidus
1174 3847 1715 3914 et'ras.—Frtutisci,
1766 3852 1886 3906 frui.

294 3919 436 3974 Vide
471 3918 686 3974 Fe~ttun
719 3931 768 3973 ct
801 3921 1026 3974 Nonium
1049 3962 1063 3978 .
1091 3937 1210 3988 cap.
1246 3922 1300 3974 οὶ.
1353 3921 1530 3976 Davis.

369 3993 738 4046 CHRISTIANU!
777 4009 950 4048 τΑιειι
1003 4007 1150 4046 esse.
1188 3993 1299 4046 Non
1355 3993 1720 4064 hypi-rritam.
1783 4010 1889 4048 non

294 4062 795 4126 dissimulatorem,
827 4081 929 4118 ιιοιι
957 4065 1237 4118 szecularia
1269 4062 1586 4118 sectantem.
1632 4066 1750 4121 lito.

369 4133 439 4188 In
479 4135 671 4214 gemitu
709 4136 856 4192 edere
895 4154 1100 4206 panem.
1144 4137 1377 4206 Respicit
1409 4137 1472 4189 ad
1513 4134 1640 4214 Gen.
1678 4152 1764 4201 tn,
1799 4137 1887 4192 19.

1606 4208 1784 4264 Ι)Αιίε.

377 4278 498 4332 Eri:
546 4277 652 4337 iam
684 4292 884 4333 exteras
922 4281 1020 4334 illi.
1059 4279 1172 4333 Non
1221 4277 1465 4332 cohmrcs
1496 4277 1732 4344 Christi,
1787 4296 1894 4333 non

295 4350 446 4406 ﬁlius
483 4351 574 4402 Dei
601 4390 616 4409 ,
649 4368 752 4405 non
779 4369 864 4404 ιιιιι
893 4354 1056 4419 iiccps
1082 4363 1300 4404 :ntcrna-
1324 4351 1468 4404 illius
1491 4352 1746 4404 civitatis.
1771 4351 1894 4406 th.

371 4421 450 4474 Ab
473 4437 588 4476 esca
618 4424 808 4493 referti.
829 4433 1153 4476 surrexerunt
1177 4421 1350 4493 ludere
1381 4421 1498 4493 lilii.
1525 4421 1699 4476 Moses
1727 4423 1896 4477 Exod.

1997 3435 2102 3475 non
2127 3415 2379 3476 cultibus,
2411 3409 2509 3467 sed
2537 3409 2674 3464 bona
2704 3415 2906 3464 mente.
2939 3405 3060 3470 Bne.

2067 3489 2176 3544 Das
2204 3487 2292 3541 tibi
2327 3483 2647 3538 annuerium.
2678 3478 2768 3535 Sic
2803 3476 3002 3546 legitur
3045 3478 3097 3532 in
3128 3482 3458 3552 apographo.
3489 3485 3596 3540 lie-

1997 3557 2354 3635 sycliMopEé.
2387 3554 2620 3635 “quissi;
2646 3553 2838 3626 Μορμώ
2867 3571 3047 3635 pupis.
3102 3553 3160 3606 τὸ
3199 3553 3448 3635 ecaergas
3489 3567 3596 3619 τοῖς

1993 3617 2240 3692 τέωδὶοιςί
2261 3617 2682 3702 Elymologicum
2707 3617 3137 3702 ξἰιιορμῷηὸγ-ομα
3156 3617 3413 3702 762420}-
3439 3617 3596 3702 ,U-E‘rot-

1995 3711 2208 3784 φορικῶς
2237 3704 2292 3784 ἐξ
2316 3693 2511 3756 suum:
2535 3699 2602 3784 τάξ
2626 3696 2757 3782 πρξς
2782 3693 3406 3784 κξει-ἁπληξιγξτιλτξωθςγτᾳ
3421 3693 3592 3784 sip-oa-

1996 3764 2160 3832 ἑυτὲεῖα
2188 3774 2394 3829 ἐκάλουν
2415 3764 2776 3842 μορμολυῖξεῑα.
2809 3764 3032 3842 Moritur,
3067 3766 3246 3820 Sicula
3275 3767 3440 3842 dictio
3461 3764 3473 3823 ξ
3495 3773 3593 3824 ιω-

1997 3849 2142 3901 bitus
2186 3834 2662 3913 vitttperaut'lus__et
2691 3837 2882 3913 turpis.
2925 3834 3147 3894 Festus.
3176 3849 3233 3891 et
3277 3839 3588 3913 Isidorusin

1997 3918 2226 3974 Glossis.
2260 3908 2347 3970 Ait
2377 3911 2535 3980 igitur
2563 3908 3014 3980 Commodianus.
3041 3918 3321 3980 matronas
3345 3911 3594 3968 christia-

1996 4003 2092 4044 nas
2125 3977 2436 4042 indecenter
2471 3977 2746 4040 excultas,
2781 3979 2925 4045 ipsas
2951 3977 3050 4032 sibi
3087 3981 3412 4036 momcrium
3439 3984 3590 4048 dare,

1999 4061 2216 4117 indutas
2256 4054 2585 4126 improbiore
2632 4059 2726 4104 aut
2754 4049 3038 4104 lasciviore
3067 4050 3216 4106 cultu
3244 4063 3592 4179 cuiiiﬁtuque.

3416 4141 3484 4179 ιιι.

3385 4125 3484 4180 ito.

2071 4204 2178 4256 Das
2201 4202 2308 4255 tibi.
2342 4193 2677 4252 Circumdas.
2706 4190 2904 4245 induis.
2941 4190 3064 4248 Rte.

2073 4274 2322 4330 Precibus
2362 4269 2634 4324 viduarum
2661 4273 2850 4318 erecta.
2885 4261 3130 4318 'l‘hahitaa
3159 4264 3440 4323 historiam
3471 4279 3594 4324 tan-

2003 4349 2099 4418 git.
2117 4345 2435 4401 Commotus
2450 4335 2994 4418 viduarum_t)reeibus
3009 4337 3200 4392 Petrus
3214 4341 3385 4394 oravit
3403 4341 3591 4418 Deum,

2008 4405 2066 4474 iit
2091 4419 2378 4472 suscitaret
2421 4429 2449 4465 a
2502 4415 2673 4462 morte
2707 4405 3016 4472 Thabitain,
3063 4418 3119 4464 et
3155 4419 3334 4466 erecta
3372 4422 3456 4466 est
3481 4405 3592 4467 claé

299 4464 449 4548 η’ξῦ
472 4464 558 4557 ξῖι.
601 4464 1298 4550 LL13;;.';it;;;.1;.1”b:'tam};
1320 4491 1341 4546 1
1366 4464 1699 4560 ὅᾷἶίξῖῗὲῖ
1715 4464 1896 4549 ιιΪέέὲ
1926 4464 1978 4524 Ῑ)
2007 4464 2376 4546 Missam
2395 4480 2857 4560 {Thabita-‘surge.
2885 4464 3032 4546 Acti,
3065 4496 3141 4536 ix.
3165 4464 3466 4553 Cyprianus
3490 4464 3590 4540 iiii.

377 4566 579 4634 Sponte
608 4567 878 4637 profectos.
909 4565 1122 4621 Jtnlacus
1155 4566 1442 4631 recutitus,
1473 4577 1687 4630 curtus,
1723 4566 1894 4620 λειπο-

302 4635 528 4712 δέρμους
552 4680 564 4694 .
597 4635 810 4712 verpos.
847 4638 960 4692 litt;-

379 4707 516 4778 Spes
538 4727 652 4764 cum
681 4710 852 4764 labare
880 4710 1031 4763 venit.
1070 4709 1204 4777 Spes
1237 4707 1404 4761 labori
1441 4707 1712 4762 convenit.
1755 4707 1893 4778 Spes

303 4781 401 4833 aiit
429 4783 746 4849 agricolam.
774 4782 891 4836 fite.

383 4851 762 4924 Admarlyrisa.
804 4853 1021 4908 Adsiste
1055 4852 1322 4924 martyri,
1369 4851 1598 4919 procede
1636 4850 1701 4905 ad
1747 4866 1890 4924 mar-

313 4932 494 4994 tyras.
526 4919 621 4994 qui
663 4927 712 4978 in
756 4940 972 4979 carcere
1007 4942 1019 4975 :
1053 4923 1240 4976 hornm
1281 4925 1628 4977 necessitates
1671 4938 1768 4994 pro
1813 4919 1888 4974 iii-

310 4992 601 5049 c’ultatihns
629 4996 731 5051 tuis
757 4997 947 5061 adjuva
981 5012 993 5046 :
1025 4996 1377 5048 constantiam
1411 4995 1625 5048 monitis
1645 4992 1684 5057 ,i
1707 4994 1890 5051 horta-

313 5066 464 5119 tibus
491 5065 636 5130 fove,
676 5066 930 5122 accendis.
981 5067 1094 5135 ipse
1130 5066 1569 5124 Cutnmodimuis.
1605 5067 1730 5120 inst.
1761 5080 1846 5122 ut
1881 5082 1892 5116 :

339 5197 360 5208 ν
411 5205 419 5208 Α
509 5135 718 5208 Certe_s1°
738 5139 1199 5208 _nou__ipse.jpuguat,
1224 5135 1302 5208 vel
1328 5145 1564 5208 suggerat
1587 5136 1700 5186 illis.

311 5199 492 5252 Vetus
520 5201 805 5268 ittsctipliu.
837 5199 1040 5261 lliunze.
1082 5202 1159 5252 via
1193 5200 1432 5254 mticnsi.
1463 5216 1738 5256 DIANDROSA
1764 5216 1901 5254 nan-

311 5286 502 5326 ΤΥΩΙἮ
520 5287 781 5338 οιιεεριιιιε
807 5289 1016 5330 DEVOTA
1045 5285 1302 5327 'fﬂANSI-IGI
1334 5287 1482 5326 FALSI
1513 5287 1690 5327 SECL'LI
1717 5287 1900 5328 VITAM.

312 5343 474 5411 Apud
501 5343 686 5408 Grut.,
721 5361 838 5414 pag.
875 5359 1005 5400 nev.
1046 5343 1159 5397 RIG.

387 5414 586 5469 Cuncta
613 5417 676 5469 de
705 5415 890 5470 Zubuli
919 5433 1121 5482 pompa.
1148 5413 1236 5468 Sic
1263 5423 1314 5468 et
1344 5413 1504 5467 lustr.
1535 5429 1650 5478 seq.
1677 5431 1728 5466 ν.
1763 5413 1896 5468 958.

313 5484 458 5555 Vide
478 5488 993 5555 atinotatasupuiius
1023 5485 1088 5540 ad
1121 5487 1244 5538 lnst.
1281 5501 1442 5549 xxxv,
1477 5501 1526 5538 ν.
1561 5485 1686 5541 545.
1721 5487 1900 5540 [)M‘lS.

397 5552 574 5611 Crines
595 5568 649 5611 ut
674 5561 772 5612 sint
795 5552 892 5611 toto
915 5570 1067 5628 temp.
1085 5558 1234 5625 nigri.
1255 5558 1427 5611 Etiam
1447 5572 1593 5622 eum,
1614 5559 1906 5628 appropin-

318 5637 530 5700 quante
553 5631 720 5698 senio,
749 5631 1086 5684 candidiores
1116 5631 1268 5684 liunt.
1287 5630 1404 5686 lito.

406 5699 494 5752 15.2:
532 5703 680 5755 cerdo
711 5719 825 5764 mue
865 5702 1020 5754 credit
1050 5703 1254 5770 [mnium
1294 5701 1475 5755 marito
1501 5700 1643 5766 prob.
1674 5701 1914 5757 Sufﬁciat

329 5772 592 5828 feininain
625 5777 818 5830 marito
848 5776 935 5847 qui
965 5773 1135 5830 credit
1159 5787 1226 5828 ex
1249 5773 1433 5844 corde,
1467 5773 1742 5844 probatam
1770 5789 1912 5844 esse,

2001 4567 2068 4619 de
2099 4563 2272 4631 Opere
2291 4568 2344 4612 et
2366 4557 2608 4631 ΔᾳΙιειιιιιος
2649 4550 2768 4606 ιῖιο.

2075 4633 2124 4686 Ν
2132 4621 2197 4686 ὁιι
2225 4626 2490 4684 comtibus.
2534 4625 2591 4677 lu
2618 4621 2928 4692 apographo
2957 4639 3058 4676 non
3089 4625 3393 4679 comitibus;
3423 4634 3479 4679 ιη
3497 4641 3592 4682 su.

1997 4706 2376 4774 perscriptum,
2391 4696 2639 4774 cultibus.
2672 4693 2972 4759 Lucretius,
3011 4709 3049 4758 ι,
3084 4692 3348 4766 Virginea:
3378 4697 3588 4752 circum-

1997 4769 2120 4832 data
2145 4769 2360 4829 cointus.
2388 4769 2508 4824 Rm.

2071 4867 2312 4924 Feminas
2339 4863 2578 4931 lupanar.
2602 4859 2659 4914 In
2683 4856 3011 4928 apograplto,
3037 4857 3268 4931 Lupons.
3317 4857 3595 4931 Lupanas,

1993 4944 2255 5002 λυκαίνας,
2285 4929 2456 5005 lupas.
2480 4932 2694 5006 Glossa}
2727 4931 2922 5006 ειιὸρνη
2951 4929 3243 5000 lupanaria,
3291 4935 3554 4989 meretrix
3581 4929 3597 4998 ξ

1999 5021 2248 5092 nefarios.
2279 5003 2626 5092 lupanarium.
2661 5003 2779 5086 lite.

2077 5076 2213 5140 Ἀπιάὶ
2235 5071 2424 5135 vocem.
2455 5074 2828 5130 Instructionis
2858 5071 3009 5125 istius
3035 5086 3224 5127 versus
3251 5086 3375 5130 sunt
3405 5077 3597 5135 abece-

2006 5158 2187 5218 daria,
2241 5153 2354 5207 sive
2417 5146 2749 5219 alphabetica
2809 5143 3303 5219 seriehcompositi.
3362 5147 3481 5219 Bne.
3523 5182 3594 5191 --

2013 5211 2142 5284 "cie
2176 5211 2302 5279 'non
2355 5211 2600 5276 servatur
2647 5211 3050 5284 Arrostichidis'
3079 5215 3246 5281 ratio,
3294 5218 3388 5273 sed
3423 5222 3594 5277 series

2013 5283 2314 5355 litterarum
2344 5289 2610 5362 alphabeti
2632 5331 2647 5356 ,
2681 5294 2919 5362 ntsupra
2948 5283 3109 5341 lustr.
3136 5303 3304 5344 xxxv.
3339 5290 3500 5347 Deest
3525 5303 3597 5350 ta-

2007 5387 2128 5428 men
2151 5369 2253 5423 hoc
2282 5359 2413 5421 locu’
2432 5365 2606 5420 littera
2648 5375 2707 5414 κ.
2741 5359 2919 5413 υΑνιε.

2082 5461 2268 5516 Beatus
2309 5455 2507 5513 Paulus
2556 5450 2805 5524 nnecipit.
2846 5449 3085 5524 Respicit
3113 5453 3182 5508 ad
3206 5451 3229 5508 Ι
3251 5451 3411 5522 Tim.,
3444 5472 3502 5524 ιι,
3540 5459 3596 5516 9.

2014 5535 2146 5592 Vide
2173 5543 2227 5587 et
2257 5531 2428 5601 Epist.
2458 5526 2531 5601 ad
2550 5523 2832 5601 Titmn._t_t,
2862 5523 2916 5578 5.
2947 5522 3128 5601 Βρινιξ.

2084 5593 2363 5666 limatioris,
2391 5598 2722 5668 inquinetg.
2759 5593 2964 5650 Horum
2987 5594 3281 5649 verborum
3310 5608 3504 5652 sensus
3531 5599 3606 5657 leo

2007 5681 2152 5752 gitur
2185 5674 2310 5742 fsa.,
2339 5686 2418 5738 ιιι,
2453 5666 2519 5725 16
2549 5666 2642 5723 24.
2671 5667 2854 5724 ῡΑνιΒ.

2089 5771 2199 5832 Fas
2223 5771 2274 5825 in
2299 5765 2408 5823 Deo
2431 5779 2534 5821 non
2557 5769 2648 5819 est.
2673 5761 2790 5822 Hoc
2820 5763 2984 5823 etiam
3016 5757 3647 5821 habetﬂomtnodiauus
