4020 6072
276 184 388 242 ΞΜ)
496 188 573 262 (v.
602 187 756 264 995.)

277 303 452 374 Ipsius
478 314 565 360 est
596 316 829 377 tempus,
863 316 919 363 et
945 324 1045 365 nos
1073 309 1126 365 in
1156 318 1443 382 utrumque
1469 324 1752 383 gerentes:

278 398 347 454 Ut
371 400 419 454 si
451 400 648 455 bellum
675 402 847 467 abest,
876 402 932 458 in
964 418 1091 475 pace
1117 418 1379 477 martyres
1406 406 1578 464 ibunt.

271 489 426 545 Multi
454 491 670 563 quidem
699 504 885 549 errant
911 494 1152 552 dicentes
1186 516 1198 550 :
1222 497 1494 569 Sanguine
1521 511 1725 568 nostro,

279 582 522 640 Vicimus
553 585 821 658 Iniquum,
851 606 958 660 quo
986 602 1237 647 manente
1273 594 1491 650 vincere
1515 596 1722 652 nolunt.

262 678 608 749 .Obsidiando
640 681 797 750 perit,
825 693 879 739 et
907 682 1027 739 ideo
1052 686 1217 740 sentit
1239 684 1492 754 Iniquus:

270 769 572 842 Legitimos
602 783 780 829 autem
809 789 915 829 non
947 777 1109 831 sentit
1142 792 1331 848 pmnas
1350 781 1589 836 adactus.

274 863 605 935 Ejulatuque
626 865 853 922 zelando
880 878 1068 938 pectus
1100 875 1288 941 pugnis
1313 872 1597 940 pertunde.

274 955 433 1011 Nunc
453 955 500 1011 si
525 956 819 1013 benefactis
840 960 1057 1025 viceris,
1084 972 1288 1035 martyr
1313 964 1367 1019 in
1395 964 1508 1019 illo.

272 1049 356 1106 'I‘n
389 1068 518 1123 ergo
545 1054 856 1129 quiqnteris
889 1059 1205 1131 martyrium
1235 1059 1428 1116 tollere
1452 1060 1649 1129 verbo,

270 1146 330 1203 In
361 1162 499 1220 pace
526 1158 577 1204 te
598 1153 733 1204 vesti
765 1150 963 1219 bonis;
997 1161 1052 1207 et
1077 1163 1194 1208 esto
1214 1167 1457 1210 securus.

632 1300 781 1342 LXIII.
799 1317 873 1329 —-
888 1303 1096 1344 BELLUI
1134 1304 1515 1346 COTTIDIANUM.

274 1422 605 1495 Belliger-are
632 1425 850 1497 quaeris,
880 1426 1075 1493 stulte,
1106 1429 1256 1500 quasi
1290 1429 1427 1485 bella
1457 1429 1755 1501 quiescant.

273 1515 354 1571 Ex
384 1517 719 1589 protoplasto
749 1518 837 1574 die
867 1527 1132 1590 pugnatur
1155 1520 1206 1575 in
1230 1520 1337 1577 line
1361 1522 1536 1579 vobis.

273 1606 470 1663 Libido
506 1608 822 1679 praecipitat,
854 1609 1055 1665 bellum
1081 1620 1185 1676 est,
1219 1627 1393 1683 pugna
1422 1629 1543 1668 cum
1576 1614 1690 1670 illo.

272 1698 518 1754 Luxuria
547 1699 755 1766 suadet,
787 1702 1031 1771 abutere,
1061 1703 1260 1759 bellum
1289 1705 1490 1762 vicisti.

276 1791 417 1848 Vino
444 1795 667 1865 copioso
689 1810 867 1866 parce,
902 1813 970 1852 ne
992 1812 1089 1868 per
1109 1796 1260 1853 illum
1292 1798 1492 1872 (illud)
1521 1801 1762 1879 aberres.

271 1886 547 1942 Maledicti
577 1889 750 1944 retine
778 1890 1036 1961 linguam,
1067 1892 1208 1948 unde
1241 1892 1524 1949 Dominum
1553 1896 1767 1952 adoras.

269 1980 575 2051 Compesce
601 1982 841 2041 furorem
873 2003 887 2040 :
924 1986 1202 2057 paciﬁcum
1233 1987 1398 2043 redde
1426 1998 1477 2043 te
1503 1992 1730 2046 cunctis.

270 2071 578 2145 Oppressus
606 2078 838 2132 miseriis
875 2077 1180 2149 deprimere
1203 2094 1334 2134 cave
1361 2080 1617 2137 minores.

270 2171 537 2226 Tutorem
566 2173 918 2228 accommoda
949 2184 1177 2242 tantum,
1207 2184 1262 2229 et
1286 2175 1393 2229 noli
1422 2190 1636 2232 nocere.

270 2266 520 2322 ‘I‘ramite
546 2281 643 2322 vos
666 2279 816 2324 recto
841 2268 1018 2324 ducite
1047 2269 1261 2325 sincero
1292 2285 1401 2339 pra:
1430 2270 1567 2325 zelo.

273 2356 335 2413 In
370 2359 477 2414 tuis
496 2358 703 2413 divitiis
721 2374 933 2415 comem
962 2370 1014 2415 te
1040 2361 1206 2416 redde
1225 2363 1450 2433 pusillis.

274 2453 355 2508 De
387 2452 571 2509 labore
601 2463 690 2507 tuo
717 2452 883 2521 dona,
916 2453 1117 2508 nudum
1148 2457 1283 2511 vesti
1318 2474 1332 2511 ε
1363 2457 1443 2512 sic
1470 2458 1671 2512 vinces.

273 2545 511 2602 Insidias
540 2546 671 2601 nulli
704 2545 888 2610 iacias,
922 2546 1009 2616 qui
1042 2547 1155 2603 Deo
1182 2547 1442 2605 deservis.

274 2640 478 2714 Aspice
505 2640 843 2713 principium,
876 2641 1015 2697 unde
1046 2642 1209 2713 periit
1234 2643 1445 2699 invidus
1469 2642 1660 2701 bustis.

1454 195 1818 255 ADVERSUS
1853 198 2165 258 GENTIUM
2208 202 2407 260 DEOS.

1901 1746 1951 1805 B

3055 208 3131 281 (v.
3172 208 3360 282 ton.)
3470 209 3580 265 ε).δο

1888 319 1938 376 Α
1967 317 2084 374 Non
2111 334 2230 374 sum
2259 334 2359 391 ego
2383 320 2593 386 doctor,
2626 321 2722 377 sed
2756 321 2841 378 lex
2868 321 3027 379 docet
3056 323 3169 394 ipsa
3193 324 3502 381 clamando.

1974 411 2148 467 Verba
2177 414 2320 483 geris
2343 423 2487 469 tanta
2516 430 2669 478 vane.
2696 416 2787 486 qui
2818 419 2919 472 sub
2941 433 3048 474 uno
3079 429 3355 476 momento

1972 505 2284 577 Martyrium
2317 509 2515 579 qumris
2542 510 2744 565 otiosus
2768 510 2959 567 tollere
2979 511 3216 569 Christo.

2258 660 2400 700 LXIV.
2434 676 2502 688 —-
2525 661 2591 700 DE
2630 661 2764 702 ΖΕ.Βο
2801 661 3281 704 εοωουιηςοειητιε.

1978 759 2109 813 Dum
2137 760 2307 830 cupis,
2334 758 2456 815 inde
2484 761 2660 828 peris;
2692 760 2818 816 dum
2847 761 3005 817 ardes
3032 763 3259 832 proximi
3286 761 3403 818 zelo
3434 780 3448 818 :

1977 854 2258 926 Extingnis
2288 865 2339 910 te
2370 857 2542 927 ipsum
2582 858 2794 927 quando
2827 868 2876 913 te
2910 858 3152 914 incendis
3182 859 3251 914 ab
3283 860 3453 915 intus.

1978 948 2184 1004 Zelaris
2213 950 2399 1012 alium,
2428 951 2627 1017 invide,
2659 951 2727 1006 de
2756 953 2898 1007 malo
2921 952 3290 1019 laborantem;

1980 1044 2044 1097 Et
2072 1052 2122 1097 te
2153 1057 2333 1113 parem
2362 1046 2620 1114 eoncupis
2645 1044 2762 1101 ﬁeri
2795 1046 3037 1117 pecunia:
3068 1056 3250 1101 tantm.

1978 1137 2088 1192 Lex
2110 1137 2189 1192 sic
2217 1154 2320 1192 non
2352 1137 2578 1208 aspicit:
2609 1138 2734 1193 dum
2763 1139 2915 1193 illum
2944 1139 3257 1195 incumbere
3281 1140 3502 1212 qureris,

1979 1230 2170 1287 Omnia
2196 1246 2512 1302 suspensus,
2545 1233 2679 1287 vivis
2713 1234 2764 1287 in
2796 1233 2994 1290 ardore
3021 1233 3318 1291 lucrorutn.

1978 1324 2221 1398 Cumque
2248 1342 2373 1383 reus
2396 1326 2487 1381 tibi
2516 1328 2613 1391 sis,
2643 1328 2817 1398 ipsum
2850 1339 2903 1383 te
2927 1328 3109 1398 judice
3133 1316 3378 1385 damnas.

1980 1419 2270 1475 Oculorum
2292 1421 2437 1476 acies
2464 1438 2754 1492 numquam
2781 1425 3006 1478 satiatur
3036 1438 3219 1478 avara.

1979 1511 2130 1568 Nunc
2149 1529 2277 1584 ergo
2297 1515 2341 1570 si
2371 1512 2561 1570 redeas
2590 1524 2643 1570 et
2671 1516 2896 1586 cogites,
2930 1532 3063 1571 vana
3090 1516 3287 1587 cupido
3328 1525 3431 1573 est.

1984 1697 2137 1755 Unde
2170 1700 2309 1754 Deus
2336 1700 2534 1756 clamat
2567 1719 2579 1755 :
2614 1701 2785 1757 Stulte
2813 1702 2915 1758 hac
2943 1712 3101 1759 nocte
3130 1705 3364 1773 vocaris,

1981 1790 2110 1846 Post
2136 1801 2187 1847 te
2209 1808 2353 1847 mors
2378 1793 2484 1848 ruit
2514 1811 2527 1849 :
2556 1794 2711 1863 cujus
2742 1805 2898 1851 erunt
2924 1796 3025 1850 ista
3058 1796 3303 1852 talenta?

1984 1890 2038 1945 In
2071 1904 2318 1959 suprema
2349 1890 2482 1946 aedis
2513 1892 2709 1962 injusta
2739 1892 2883 1946 lucra
2915 1892 3222 1949 condendo.

1985 1985 2245 2055 Suggeret
2272 1999 2393 2039 cum
2423 1985 2649 2061 Domino
2677 1986 2963 2057 unicuique
2991 1989 3098 2042 vita
3125 1986 3342 2043 diurna.

1982 2082 2270 2150 Congestet
2300 2081 2437 2135 alius
2466 2098 2480 2134 :
2514 2091 2571 2136 ιιι
2602 2082 2739 2137 bene
2772 2086 2950 2138 vivere
2975 2097 3176 2153 quiere.

1984 2172 2051 2227 Et
2080 2173 2173 2229 Dei
2203 2189 2297 2228 cor
2320 2177 2591 2238 conscius,
2620 2190 2747 2245 ages
2774 2190 2938 2246 super
2963 2176 3143 2230 omnia
3176 2175 3363 2231 victor.

1903 2319 1906 2322 .
1984 2265 2094 2323 Nec
2122 2268 2264 2322 enim
2292 2268 2414 2324 dico
2437 2278 2494 2323 ut
2526 2279 2578 2325 te
2606 2271 2657 2323 in
2690 2270 3112 2335 triviotinnites,

1984 2365 2120 2419 Cum
2148 2379 2247 2436 pro
2276 2364 2365 2421 die
2396 2374 2488 2420 tuo
2518 2364 2728 2435 vigilas,
2760 2366 2875 2420 sine
2901 2364 3089 2420 fraude
3120 2363 3368 2421 vivendo.

1986 2456 2042 2512 In
2070 2473 2192 2513 esca
2223 2458 2357 2529 perit
2386 2459 2523 2525 avis,
2557 2468 2649 2512 aut
2678 2459 2845 2513 lueret
2869 2458 3167 2529 improvida
3197 2459 3368 2514 visco.

1986 2553 2264 2609 Arbitrare
2295 2553 2388 2609 tibi
2418 2553 2737 2625 simpliciter
2765 2551 2921 2607 valde
2948 2552 3264 2607 cavendum.

1986 2646 2261 2702 Excedant
2290 2646 2382 2702 alii
2411 2647 2568 2703 linem
2601 2665 2614 2701 :
2647 2656 2699 2701 tu
2718 2646 2965 2718 prospice
2985 2660 3219 2714 semper.

1563 2759 2125 2824 COMMENTARIUS.
2146 2773 2152 2781 ‘

351 2877 530 2947 Ipsius
549 2885 621 2929 est
645 2884 861 2946 tempus.
895 2873 1289 2947 Persecutiognis
1314 2883 1368 2947 et
1400 2876 1566 2942 pacis.
1600 2877 1720 2933 Rto.

352 2945 421 3006 Et
443 2966 536 3004 nos
560 2949 612 3000 in
634 2945 901 3016 utrumque
920 2956 1164 3017 gerentes.
1194 2945 1298 3017 Ipsi
1325 2945 1544 3002 Clu-isto
1565 2950 1866 3005 serviamus

273 3023 331 3078 in
359 3036 491 3089 pace
521 3030 576 3076 et
602 3018 761 3073 bello.
793 3019 912 3074 lttc.

351 3094 415 3149 Si
437 3093 625 3147 bellum
646 3090 803 3145 abest.
835 3089 889 3146 Si
926 3090 1229 3149 persecutio
1259 3099 1454 3145 cessat.
1479 3091 1600 3147 th.

349 3165 417 3220 In
466 3180 591 3228 pace
627 3172 872 3233 martyres
904 3160 1077 3233 ibunt.
1115 3160 1184 3218 Ut
1224 3177 1409 3229 supra,
1456 3162 1709 3232 Martyres
1761 3164 1872 3218 sine

272 3237 567 3306 sanguine:
609 3232 941 3306 quibusetsi
985 3232 1205 3306 deluere
1235 3242 1520 3292 tormenta.
1561 3235 1661 3288 etsi
1701 3234 1873 3290 deluit

275 3303 563 3381 tyrannus,
596 3303 899 3381 non_deluit
919 3304 1131 3359 animus
1159 3306 1420 3360 adversus
1459 3305 1713 3372 quaelibet
1758 3317 1869 3361 tor-

274 3376 463 3436 [Ilenlﬂ
491 3378 659 3432 Iorlis.
698 3376 817 3433 RIG.

357 3452 470 3521 Quo
500 3458 733 3503 manente
779 3450 911 3503 vine.
960 3449 1067 3505 nol.
1111 3448 1377 3521 Manente
1410 3447 1600 3519 lniquo
1651 3449 1873 3505 vincere

275 3519 493 3588 nolunt,
525 3520 815 3592 delicinnt,
859 3538 966 3574 non
1010 3530 1246 3592 perstant
1279 3519 1479 3586 inﬁde,
1509 3530 1829 3576 evertuntur
1850 3564 1866 3588 ,

274 3597 603 3664 dejiciuntnr
621 3591 689 3646 de
720 3591 841 3645 lide.
877 3593 995 3664 llic.

356 3662 673 3722 Obsidiando
700 3665 828 3732 perit
865 3662 1102 3735 Iniquus.
1130 3663 1422 3720 Oli-idione
1448 3664 1700 3719 diuturna
1726 3674 1869 3719 sata-

273 3755 377 3795 nas
402 3738 545 3793 circa
576 3736 922 3790 fortissimum
968 3737 1321 3792 christianum
1373 3736 1585 3790 tandem
1621 3735 1872 3806 fatigatur

271 3823 331 3866 et
356 3809 639 3874 lrangitur.
672 3807 787 3862 th.

355 3881 634 3951 Legitimus
672 3888 859 3951 autem.
896 3879 1267 3951 Fortissimus,
1292 3878 1659 3943 Christianus,
1716 3894 1874 3934 verus

272 3949 536 4019 atblc-tes,
576 3949 741 4018 probe
775 3951 966 4018 lidelis,
1002 3967 1106 4005 non
1134 3950 1383 4014 vincitur,
1430 3967 1534 4004 non
1566 3952 1729 4005 sentit
1760 3965 1872 4019 pae—

275 4042 378 4081 nas
408 4024 523 4093 ipsa
556 4031 817 4093 tormenta
841 4031 1075 4093 superat.
1107 4023 1228 4080 Ric.

352 4092 686 4168 Ejulatuque
714 4092 930 4147 zelantlo
958 4104 1086 4160 pecl.
1124 4113 1244 4165 pug.
1288 4095 1555 4168 pertunde.
1602 4092 1872 4168 Ejnlatunt

274 4164 438 4223 snnin
470 4165 751 4235 castigabit
775 4167 983 4235 pugnis,
1016 4178 1065 4220 et
1097 4164 1207 4226 ora:
1230 4166 1350 4220 zelo
1374 4177 1633 4219 clamore
1664 4164 1873 4219 Domini

274 4241 483 4296 zelabit
511 4247 755 4291 mortem.
792 4237 921 4308 Sap.
945 4279 959 4301 ,
988 4254 1026 4304 ι,
1059 4238 1146 4293 12.
1181 4238 1298 4294 Ilio.

350 4307 1023 4390 MartyriunnMartyrium
1054 4311 1277 4390 subiret
1295 4318 1587 4390 martyrem
1620 4307 1754 4363 lieri.
1785 4308 1875 4363 Sic

1972 2889 2027 2936 et
2050 2896 2186 2954 vere
2218 2890 2442 2954 martyr,
2474 2882 2566 2951 qui
2613 2881 2873 2954 extinguit
2901 2880 3131 2954 interius
3157 2879 3464 2954 incendium
3494 2881 3587 2936 in-

1971 2953 2131 3024 vidia:
2173 2951 2389 3024 propter
2436 2954 2721 3007 Dominum
2763 2953 2970 3007 .Iesutn.
3023 2972 3041 3003 ι
3094 2951 3161 3005 Ει
3202 2952 3366 3022 paulo
3414 2963 3578 3021 post:

1984 3044 2001 3073 ι
2036 3023 2341 3079 Certamina
2373 3025 2530 3093 igitur
2554 3024 2843 3078 cottidiana
2875 3031 3001 3076 sunt
3031 3024 3155 3084 ista,
3189 3038 3311 3093 qum
3340 3038 3440 3091 per
3467 3024 3586 3079 dies

1977 3106 2033 3150 et
2075 3106 2261 3150 noctes
2313 3108 2436 3151 sunt
2484 3095 2660 3151 nobis.
2718 3116 2738 3147 ι
2800 3094 3002 3150 Deinde
3047 3096 3284 3220 apponilt‘
3316 3095 3584 3166 exempla.

3290 3181 3364 3220 ιο.

3290 3181 3364 3221 IG.

2050 3237 2362 3309 Belligerare
2405 3240 2612 3310 quaeris.
2666 3238 2892 3294 Temere
2921 3250 2976 3295 et
3020 3239 3221 3295 l‘nriosc
3255 3238 3323 3292 ad
3377 3246 3586 3310 marty-

1978 3310 2115 3365 rium
2151 3313 2280 3371 ruis,
2328 3311 2595 3381 inquietus
2624 3322 2676 3366 et
2710 3311 2954 3365 turbidus
3000 3310 3121 3365 th.

2048 3380 2319 3443 Compesce
2347 3380 2594 3452 furorem.
2626 3382 2742 3437 Noli
2774 3397 2965 3437 contra
2999 3381 3207 3435 furiata:
3237 3381 3436 3435 mentis
3486 3380 3586 3434 ad-

1977 3454 2271 3509 versarium
2306 3453 2595 3518 reluriari;
2653 3470 2751 3508 nec
2796 3452 3141 3507 maledieemi
3173 3452 3583 3520 remaledicere,

1978 3540 2078 3580 nec
2108 3528 2420 3580 remordere
2452 3526 2812 3580 mordentem.
2847 3525 2965 3581 Illo-

2051 3598 2264 3652 Sincera
2291 3613 2398 3666 pm:
2420 3598 2549 3651 zelo.
2579 3596 2634 3651 In
2663 3612 2851 3667 apugr.
2882 3599 3076 3650 sincero
3101 3594 3344 3665 perseclo.
3381 3593 3502 3651 th.

2053 3667 2261 3723 Otiosus
2318 3667 2539 3724 Christo.
2603 3669 2702 3737 Qui
2757 3669 2918 3723 nullis
2964 3667 3218 3737 operibus
3268 3681 3429 3721 vaces
3467 3681 3589 3737 qua}

1978 3740 2245 3797 mandatis
2270 3740 2469 3794 CIII'ISII
2497 3746 2864 3795 continentur.
2897 3740 3014 3796 RIG.

2054 3812 2184 3866 Dum
2223 3812 2367 3865 illum
2423 3813 2710 3867 incumbere
2736 3814 2943 3883 (lateris.
2977 3811 3294 3867 lncumbcre
3326 3809 3377 3863 in
3407 3808 3579 3875 illum,

1980 3893 2251 3954 tamquam
2275 3885 2326 3937 in
2353 3886 2610 3953 prmdani.
2639 3884 2757 3939 lite.

2052 3956 2113 4009 Si
2144 3955 2340 4009 redeas.
2377 3955 2457 4008 Ad
2492 3965 2657 4009 temet
2685 3956 2880 4024 ipsum.
2924 3954 3047 4011 th.

2054 4026 2242 4091 Stulte,
2286 4029 2382 4079 hac
2428 4038 2572 4080 nocte
2599 4029 2816 4080 vocaris.
2842 4025 3017 4081 Luca.
3031 4042 3123 4091 χιι,
3152 4023 3223 4100 29
3255 4040 3269 4077 :
3305 4026 3587 4100 Tadrp___¢fz

1978 4105 2125 4156 νυκτὶ
2143 4103 2233 4157 τὴν
2255 4100 2437 4172 ψυχήν
2459 4120 2553 4154 σου
2577 4101 2887 4172 (Strategiith
2909 4100 3011 4172 ἀπὸ
3037 4104 3152 4152 σοῦ.
3172 4094 3471 4172 Cyprianus
3491 4094 3587 4150 Iib'.

1978 4174 2046 4227 de
2072 4173 2246 4241 Opere
2268 4166 2643 4224 'trt'Electnos.
2678 4188 2691 4221 :
2719 4166 2911 4241 Stulte,
2944 4168 3039 4221 Imc
3069 4166 3590 4241 ttoc‘terxpostulatur

1978 4238 2151 4297 animo
2182 4252 2272 4295 tua
2295 4259 2313 4296 :
2342 4257 2457 4311 qua:
2484 4257 2604 4310 ergo
2638 4240 2856 4310 parasti,
2887 4241 2965 4293 cui
2991 4238 3178 4293 erunt?
3206 4238 3464 4311 Martialis
3491 4253 3584 4311 vn,

1978 4315 2049 4370 44
2103 4331 2114 4368 :
2159 4311 2327 4383 Rape,
2355 4308 2610 4385 'cougere,
2640 4308 2836 4384 aufer,
2895 4313 3094 4380 posside
3137 4325 3156 4364 :
3196 4308 3588 4379 relinquendum

276 4379 743 4454 loquitur_versio
791 4379 977 4454 Latina
1030 4379 1456 4454 vcttts_Eusebii
1515 4379 1653 4454 Caas.
1715 4391 2075 4452 opus-D951,

272 4450 406 4511 culo
430 4455 500 4509 de
530 4452 790 4507 Resnrr.t
821 4470 834 4505 :
865 4450 931 4504 Ei
964 4453 1051 4522 qui
1079 4451 1348 4515 occiditur,
1393 4464 1441 4506 et
1484 4452 1530 4506 ei
1567 4453 1656 4519 qui
1683 4462 1878 4522 marty-

273 4530 415 4582 rium
447 4526 603 4580 tollit.
640 4523 759 4578 Illa.

350 4597 560 4652 Bellum
616 4592 983 4650 Cottidiannm.
1045 4594 1288 4650 Ilotninis
1335 4594 1469 4662 vita,
1534 4594 1721 4650 militia
1777 4604 1881 4648 est.

273 4674 648 4745 πειρατήριον..
685 4666 803 4745 Jubi
836 4683 927 4730 vn,
980 4666 1216 4745 I._ll_anc
1262 4681 1389 4720 vero
1417 4665 1737 4745 senteutiatn
1768 4664 1884 4720 fuse

273 4733 595 4807 exsequitur
620 4736 991 4813 Arrianusad
1024 4738 1344 4813 Epictetum.
1378 4753 1456 4803 nt,
1498 4754 1548 4791 c.
1573 4738 1642 4792 9.4
1676 4754 1691 4790 :
1723 4748 1883 4813 Στρα-

274 4817 395 4871 ﬂia
418 4814 495 4874 τίς
524 4813 664 4871 ἐστιν
694 4810 719 4865 ὁ
746 4810 1136 4886 βξρςᾼέζόςστου,Δ
1154 4814 1242 4886 καὶ
1288 4812 1418 4886 αι)τὴ
1444 4813 1620 4886 μίξιςρά
1647 4812 1733 4886 uoti
1758 4810 1879 4863 τέοι-

276 4886 420 4944 nam.
460 4896 592 4942 ete..
623 4881 753 4952 pag.
778 4882 901 4936 174.
937 4883 1060 4936 Iltec
1092 4881 1452 4951 philosophus
1475 4881 1562 4935 ille
1604 4881 1878 4950 profanus,

277 4960 378 5025 qui
409 4955 609 5008 litteras
641 4962 854 5025 nostras
893 4955 1157 5023 attigerat.
1195 4953 1288 5008 list
1322 4961 1505 5025 autem
1554 4953 1723 5025 multo
1754 4965 1879 5018 per-

277 5022 746 5096 feCtinrsapientia
765 5022 1151 5095 Cliristi,rapud
1176 5024 1486 5096 Eusebium,
1515 5024 1744 5093 septimo
1756 5036 1883 5090 opn-

278 5095 564 5154 scnlorum
586 5114 703 5167 qua:
732 5097 1047 5151 Sirtnondns
1078 5096 1241 5150 edidit
1292 5095 1474 5167 Latina
1506 5096 1881 5167 versionean-

279 5171 465 5245 liqua,
480 5166 691 5245 ﬁta-cis
715 5168 758 5221 si
792 5169 1026 5236 nonjam
1056 5168 1329 5245 interiere,
1361 5166 1534 5222 adhuc
1566 5166 1877 5245 latentibus,

276 5236 406 5312 pag.
438 5240 580 5296 εὗδε
606 5260 624 5291 ι
659 5243 887 5310 Semper
909 5241 1212 5309 persecutio
1238 5252 1340 5302 est,
1371 5254 1584 5305 semper
1606 5236 1878 5312 invisibile

278 5308 485 5368 bellum
516 5314 761 5371 habetur.
793 5308 1016 5379 semper
1044 5327 1268 5371 corona,
1315 5325 1529 5379 St‘mpt'l‘
1571 5308 1874 5378 abnegatio.

277 5385 461 5440 Vultis
492 5385 674 5438 videre
717 5387 1005 5437 certamina
1038 5381 1438 5452 religiositatis?
1466 5380 1877 5450 Nonnumquam

272 5457 532 5512 efferbuit
552 5456 671 5523 quis
703 5456 777 5507 ira
805 5454 1061 5508 adversos
1086 5455 1357 5508 subditum
1380 5452 1516 5516 sibi;
1548 5464 1878 5523 rememora—

271 5540 369 5584 tns
395 5522 578 5583 autem
600 5525 832 5585 Domini,
863 5526 1114 5592 deposuit
1138 5526 1482 5580 IICt‘I‘IJllﬂlelll
1515 5541 1526 5577 :
1558 5524 1709 5593 pejus
1731 5522 1877 5593 enim

269 5612 359 5656 est
390 5599 586 5653 [ει-νοινί
613 5597 962 5651 ἰηεθιιεωὶινιιι
986 5598 1257 5661 resistere,
1291 5612 1446 5664 quam
1479 5592 1710 5650 unum
1738 5592 1876 5662 ignis

269 5687 399 5742 quae
428 5686 457 5723 a
484 5668 613 5723 foris
652 5667 901 5742 habetur.
933 5669 1066 5734 Quia
1092 5669 1250 5742 igitur
1273 5678 1492 5742 martyr_
1521 5675 1605 5742 est
1630 5666 1717 5737 qui
1745 5680 1876 5734 pro-

270 5737 393 5814 pter
426 5743 593 5798 Deum
637 5739 703 5795 ad
735 5740 1063 5797 exteriorem
1093 5740 1364 5799 “animam
1388 5737 1621 5804 resistit;
1670 5746 1876 5808 martyr

2060 4458 2129 4512 In
2157 4473 2398 4528 suprema
2424 4457 2573 4528 tedis.
2606 4455 2737 4510 Luc.
2769 4456 2822 4508 in
2854 4455 3145 4528 apothecas.
3176 4453 3296 4528 Illo.

2061 4525 2313 4601 Suggeret
2337 4545 2453 4582 cum
2497 4527 3017 4601 Dontgino‘unicutque
3044 4527 3148 4601 uita
3175 4526 3381 4579 diurna.
3411 4525 3589 4601 Locus

1988 4602 2039 4655 in
2068 4598 2265 4656 tuendo
2289 4601 2468 4666 cubat,
2497 4599 2592 4654 sed
2615 4598 2767 4653 facile
2791 4607 2964 4667 potest
2984 4598 3037 4652 in
3061 4598 3327 4666 integrum
3350 4599 3585 4653 reStitui.

1987 4674 2117 4745 Leg.
2150 4690 2162 4725 ε

2110 4816 2364 4879 Suggeret
2386 4828 2494 4864 eum
2519 4814 2755 4863 Dominus
2779 4812 3044 4873 unicuique
3071 4814 3217 4864 vitam
3240 4811 3486 4862 diurnam.

1985 4944 2119 5000 Vide
2153 4943 2335 4997 Matth.
2376 4959 2445 5009 vr,
2477 4943 2567 5005 δίς
2615 4940 2745 4997 Luc.
2794 4957 2894 5003 xu,
2936 4940 3027 4996 9.9.
3094 4936 3269 4991 Vitam
3317 4955 3416 5010 pro
3460 4941 3593 4996 rictu

1985 5017 2166 5085 posuit
2196 5015 2636 5088 (illlllllllidlﬂlllls.
2661 5015 2931 5088 "Donatus
2974 5011 3038 5065 ad
3083 5010 3317 5088 Terentii
3366 5010 3583 5065 Phorm.

1983 5082 2107 5142 Act.
2133 5102 2170 5152 t,
2204 5087 2361 5142 Scen.
2397 5102 2471 5144 Ill.
2509 5087 2575 5140 l9.
2607 5104 2620 5139 :
2660 5084 2775 5137 Vita
2805 5094 2849 5138 et
2891 5098 3053 5135 mores
3081 5082 3363 5149 signiﬁcat,
3394 5096 3439 5137 et
3465 5088 3583 5137 ani-

1984 5175 2142 5225 mam,
2191 5170 2235 5212 et
2282 5159 2600 5225 alimentum,
2651 5167 2700 5212 et
2742 5155 2964 5225 spatium
3004 5151 3222 5225 vivendi.
3254 5165 3300 5208 et
3327 5158 3586 5225 fortunam

1982 5224 2293 5287 occidentem
2345 5231 2644 5284 viventibus.
2708 5224 2880 5282 Simili
2951 5224 3114 5279 modo
3167 5225 3277 5298 βίον
3328 5224 3587 5282 adhibent

1983 5300 2175 5357 Grmci.
2212 5302 2394 5355 DAVIS.
2896 5332 2915 5351 .

2058 5371 2126 5427 Ut
2157 5382 2202 5426 te
2231 5374 2285 5426 in
2315 5374 2464 5427 trivio
2509 5371 2733 5426 tinnites.
2764 5368 3057 5437 Captaudm
3090 5368 3385 5437 plebecula:
3412 5369 3585 5439 gratia

1981 5459 2101 5497 cum
2133 5445 2488 5499 tintinnabnlo
2519 5440 2753 5496 incedas.
2784 5440 3199 5497 1ἶιο.--[)ειριο
3245 5443 3586 5509 pronomine,

1979 5516 2263 5586 legendum
2302 5535 2314 5571 :
2349 5516 2415 5569 Ut
2465 5516 2516 5568 iu
2561 5515 2707 5568 trivio
2747 5513 2969 5568 tinuites.
3032 5511 3163 5566 Vide
3207 5512 3393 5634 Μίδαι.
3423 5526 3499 5574 vt,
3525 5512 3585 5565 ἓ.

3312 5595 3448 5634 AVIS.

3312 5595 3448 5634 AVIS.

2053 5657 2373 5730 Simpliciter
2411 5656 2566 5730 valde
2607 5657 2910 5730 cauendum.
2958 5654 3247 5730 Columba:
3284 5648 3599 5730 suppliciu-

1982 5741 2109 5801 tem,
2141 5721 2407 5804 serpentis
2435 5728 2720 5802 prudentia
2751 5738 3059 5802 temperare
3090 5723 3297 5782 debes.
3316 5721 3446 5776 “lli.
