4020 6072
292 207 407 267 9.55
518 212 593 288 (ν.
636 212 822 287 1085.)

292 323 492 383 Susum
529 327 892 399 intendentes,
922 347 1136 403 semper
1162 333 1273 390 Deo
1301 349 1513 391 summo
1539 335 1743 392 devoti.

292 420 432 475 Tuta
465 422 576 478 Deo
600 426 811 484 reddite
837 442 989 483 sacra
1015 427 1312 483 ministeria
1333 444 1465 496 arae,

294 514 483 572 Rebus
511 516 565 571 in
594 518 823 577 diversis
851 521 1153 593 exemplum
1178 521 1310 578 dare
1340 525 1533 594 parati.

292 604 558 665 lnclinate
583 622 746 679 caput
771 623 1007 669 vestrum
1033 612 1335 683 pastoribus
1366 615 1488 685 ipsi.

293 697 388 754 Sic
408 699 522 770 fiet,
552 713 613 761 ut
642 703 858 761 Christo
879 706 1099 777 possitis
1121 721 1244 762 esse
1271 708 1501 779 probati.

732 836 877 876 Lllx.
906 852 974 863 -—
995 838 1318 881 PASTORIBUS
1356 841 1467 882 DEI.

293 934 489 992 Pastor
508 936 557 992 si
587 937 867 994 confessus
895 938 1085 1018 fuerit,
1102 940 1399 1014 geminavit
1437 959 1687 1016 agonem.

291 1030 592 1100 Apostolus
618 1041 798 1087 autem
833 1033 968 1088 tales
991 1033 1143 1104 jubet
1168 1049 1290 1091 esse
1321 1037 1603 1107 magistros
1634 1056 1647 1092 :

296 1120 383 1177 Sit
417 1124 621 1192 patiens
652 1133 851 1191 rector,
882 1126 1019 1180 sciat
1049 1126 1136 1181 ubi
1167 1126 1312 1182 frena
1344 1129 1602 1183 remittat.

297 1215 527 1271 Terreat
555 1216 607 1271 in
641 1216 849 1285 primis,
879 1228 932 1272 et
960 1227 1142 1288 postea
1178 1219 1336 1276 melle
1363 1231 1645 1293 perungat.

296 1310 674 1382 Observetque
703 1313 849 1381 prius
867 1322 922 1365 ut
950 1311 1105 1368 faciat
1132 1314 1246 1383 ipse
1267 1330 1386 1386 (iure
1405 1315 1556 1371 dicit.

290 1405 563 1462 Redditur
584 1405 637 1461 in
664 1405 820 1475 culpa
844 1416 1027 1476 pastor
1046 1407 1329 1463 saecularia
1360 1423 1611 1477 servans,

291 1498 352 1555 ln
375 1498 569 1554 faciem
589 1500 741 1570 cujus
768 1499 844 1556 sis
866 1515 1028 1557 ausus
1045 1501 1229 1559 dicere
1244 1502 1559 1574 quidquam.

292 1590 462 1647 Bullit
490 1591 544 1646 in
570 1592 783 1648 inferno
813 1592 1121 1649 rumoribus
1150 1596 1263 1665 ipsa
1290 1595 1558 1666 gebenna.

294 1682 394 1738 Va:
422 1683 639 1740 miserae
660 1683 825 1754 plebi,
856 1684 1015 1740 dubia
1040 1700 1161 1757 quae
1188 1685 1365 1744 fronte
1388 1687 1621 1743 vacillat.

291 1775 353 1833 Si
382 1777 506 1833 talis
524 1777 699 1834 aderit
726 1788 930 1849 pastor,
964 1794 1123 1851 ptene
1148 1782 1354 1853 perdita
1382 1791 1521 1845 stat;

289 1869 537 1925 Devotus
559 1881 737 1927 autem
760 1872 1003 1929 continet
1022 1914 1038 1937 ,
1072 1884 1221 1929 recte
1246 1875 1575 1945 gubernans.

288 1961 683 2018 Exhilarantur
708 1964 957 2020 examina
985 1965 1203 2037 regibus
1231 1968 1393 2038 aptis.

288 2055 351 2110 In
385 2055 603 2126 talibus,
624 2071 753 2129 spes
782 2066 887 2125 est,
910 2067 967 2112 et
993 2059 1127 2116 vivit
1159 2060 1399 2117 Ecclesia
1427 2069 1561 2118 tota.

649 2192 772 2234 LXX.
803 2209 873 2220 —
898 2194 1184 2237 IAJORIBUS
1202 2194 1361 2236 RATIS
1384 2194 1525 2236 DICO.

288 2289 377 2347 Ife
398 2292 572 2348 solum
600 2291 847 2363 exposcit
872 2301 1083 2363 tempus
1108 2291 1262 2349 vobis
1288 2291 1471 2350 dicere
1506 2308 1716 2349 verum.

1463 218 1828 278 ADVERSUS
1865 215 2175 280 GENTIUM
2216 220 2409 283 DEOS.

3068 224 3146 307 (ν.
3188 224 3379 303 ΗΟΞ.)
3484 228 3591 289 254

1914 337 1968 399 Α
1996 337 2077 393 Ab
2100 354 2206 395 uno
2227 356 2373 412 saepe
2403 352 2668 413 monetur,
2693 351 2837 417 quod
2865 346 3020 403 multi
3050 347 3378 405 detrectant.

1998 428 2055 484 In
2080 446 2167 488 me
2194 434 2369 488 solum
2401 436 2524 492 volo
2554 437 2674 492 odia
2702 450 3020 496 convertere
3049 446 3253 508 vestra,

1998 524 2248 581 Omnium
2280 537 2337 584 ut
2367 538 2594 601 paveant
2617 533 2910 602 praecordia
2943 542 3286 590 tentatorem.

1998 615 2265 690 Respicite
2292 621 2521 691 dictum,
2547 624 2688 696 quod
2717 627 2917 681 veritas
2947 626 3067 682 odia
3096 625 3272 682 tollat.

1998 709 2115 767 Jam
2143 713 2362 784 praedixi
2392 716 2609 786 quidem
2644 717 2710 773 de
2744 733 2872 788 pace
2898 718 3123 775 subdola
3156 726 3377 790 quanta.

1998 804 2289 863 Blandiens
2317 809 2446 864 dum
2470 810 2623 867 vobis
2648 812 2941 883 subrepsit,
2958 811 3084 878 heu,
3116 813 3386 870 seductor.

2003 900 2112 957 Vos
2135 904 2257 972 quia
2275 904 2523 960 nescistis
2551 906 2770 976 laqueos
2800 905 3025 970 instare,
3059 905 3265 962 ruistis.

2001 997 2244 1055 Sorbetis
2270 1000 2491 1054 omnino
2517 1016 2697 1073 amara
2717 1044 2732 1068 ,
2762 999 2860 1056 sed
2890 1011 2973 1057 εει
3002 1000 3186 1057 εῑιιοιιιί
3218 1001 3415 1071 ipsum.

1999 1090 2115 1147 Non
2141 1092 2312 1162 gratis
2336 1093 2466 1162 agit,
2502 1108 2599 1162 pro
2619 1106 2726 1163 quo
2746 1090 3106 1158 interceditis,
3131 1092 3291 1148 ullus.

2000 1183 2085 1237 Ab
2112 1182 2235 1255 igne
2266 1182 2359 1255 qui
2386 1182 2602 1255 refugit,
2630 1185 2739 1255 agit
2769 1185 2819 1238 in
2846 1186 3122 1256 voragine,
3156 1193 3334 1240 vestro
3369 1205 3383 1240 :

2002 1278 2153 1335 Tunc
2179 1281 2310 1351 petit
2329 1279 2633 1350 Suppetium
2668 1281 2835 1336 miser
2860 1278 3160 1336 denudatus
3187 1294 3216 1333 a
3243 1279 3414 1351 vobis.

1999 1373 2106 1444 Ipsi
2121 1344 2233 1445 jain
2261 1344 2582 1429 horrescunt
2602 1371 2816 1444 judices
2847 1371 3149 1443 peculantia
3181 1344 3380 1428 vestra.

2003 1559 2082 1616 De
2109 1559 2347 1615 breviori
2376 1560 2532 1615 titulo
2560 1572 2665 1613 non
2698 1566 2773 1612 tot
2804 1559 3095 1623 inararem,

2002 1653 2274 1725 Inspiiltis
2301 1655 2561 1709 docentes
2583 1651 2780 1722 quibus
2806 1664 2901 1706 vos
2933 1651 3152 1707 tenditis
3185 1651 3328 1706 ultro
3362 1669 3376 1707 :

1926 1752 1973 1813 B
2002 1750 2135 1806 Cum
2166 1750 2297 1820 ipsis
2320 1754 2376 1803 et
2393 1746 2580 1818 epulas
2601 1746 2814 1818 capitis,
2844 1754 2899 1802 et
2920 1745 3139 1817 pascitis
3170 1746 3335 1816 ipsos.

1995 1842 2075 1899 0b
2100 1858 2163 1899 ea
2182 1842 2295 1916 jam
2331 1852 2489 1898 terrae
2511 1855 2672 1912 pmne
2701 1840 3051 1897 fundamenta
3082 1840 3316 1897 intratis.

2368 2038 2518 2081 LXXI.
2549 2053 2619 2063 --
2638 2036 2900 2081 INPIRIUI
2920 2036 3000 2078 SIC
3023 2036 3215 2083 YISITA.

2002 2202 2249 2259 Infirmus
2272 2200 2315 2258 si
2341 2200 2501 2258 fuerit
2523 2198 2714 2268 frater;
2734 2200 2801 2256 de
2822 2216 3059 2274 paupere
3081 2200 3204 2258 dico
3226 2219 3241 2269 ;

1648 2406 2209 2465 COMMENTARIUS.

294 2528 496 2585 Christi
518 2531 788 2603 plerisque
808 2533 863 2587 in
884 2533 1131 2589 ecclesiis
1153 2532 1375 2587 Diaconi
1401 2530 1721 2598 offerebant,
1749 2530 1895 2603 quod

292 2611 487 2672 postea
528 2604 750 2659 vetitum
796 2603 1004 2659 Concil.
1059 2604 1346 2660 arelatensi
1374 2620 1427 2667 ι,
1459 2619 1579 2671 cap.
1616 2603 1727 2658 l5:
1764 2622 1783 2655 ι
1822 2602 1896 2658 De

296 2674 546 2730 draconis
566 2690 703 2744 quos
719 2676 1067 2746 cognovimus
1093 2676 1275 2731 multis
1300 2676 1432 2730 locis
1455 2674 1671 2733 offerre.
1701 2674 1899 2743 placuit

298 2746 527 2801 minime
553 2746 669 2802 fieri
692 2747 912 2803 debere.
953 2767 975 2800 ι
1010 2749 1213 2803 Arelat.
1255 2763 1315 2810 ll,
1347 2748 1455 2803 15:
1492 2766 1510 2799 ι
1543 2746 1611 2803 Ut
1637 2747 1897 2801 diaconus

300 2817 359 2890 in
382 2818 675 2890 secretario
696 2821 832 2873 inter
847 2819 1201 2890 Presbyteros
1228 2836 1334 2873 non
1363 2819 1552 2873 sedeat
1578 2835 1592 2871 :
1622 2828 1672 2873 et
1699 2832 1899 2885 corpus

295 2886 501 2962 Christi
530 2900 796 2960 praesente
828 2886 1142 2962 presbytero
1170 2891 1381 2945 tradere
1414 2906 1517 2945 non
1550 2898 1890 2962 praesumat.»

2073 2531 2370 2589 Muonmus
2420 2547 2594 2589 NATIS.
2628 2532 2788 2588 Tales
2831 2537 2988 2588 erant
3033 2533 3330 2602 primores,
3361 2532 3595 2603 patroni,

1999 2603 2326 2731 Locuph‘a‘tes,
2357 2605 2447 2676 qui
2477 2605 2751 2660 tenuiores
2774 2605 2827 2659 in
2856 2604 3163 2659 clientelam
3191 2618 3345 2660 suam
3371 2606 3595 2677 recipie-

2039 2687 2151 2729 ant.
2237 2692 2305 2731 re.

2039 2687 2162 2801 aii;
2186 2687 2356 2801 lsiilciim
2382 2748 2521 2804 solus
2544 2757 2597 2801 ut
2621 2748 2790 2818 plures
2810 2748 2972 2804 altare
3004 2747 3214 2803 Domini
3245 2747 3592 2816 circumdabit,

2002 2819 2172 2888 inquit
2200 2818 2562 2875 Tertulliauus
2586 2819 2844 2885 adversus
2870 2820 3245 2889 psycbicorum
3267 2819 3595 2891 gloriosissi-

2002 2907 2143 2945 mam
2178 2891 2594 2954 multitudinem,
2628 2891 2720 2948 lib.
2750 2891 2817 2946 de
2847 2893 3028 2947 l’ndio.
3061 2891 3179 2947 Βία.

296 2958 461 3015 Unde
489 2958 731 3042 sequitur
761 2958 1005 3017 absente'
1037 2964 1380 3042 presbytero,
1431 2961 1737 3042 tradidisse,
1784 2958 1899 3013 Hoc
1926 2979 1970 3042 C
2023 3032 2034 3042 Δ
2076 2960 2151 3015 Ab
2169 2978 2271 3042 uno
2284 2963 2681 3042 swpc._ln_ha_uc
2702 2967 3023 3019 sententiam
3046 2963 3308 3018 fabulatur
3337 2962 3597 3020 Pbmdrus

295 3047 433 3104 vero
488 3034 803 3104 mysterium
853 3043 1001 3089 caste
1029 3031 1271 3088 exerceri
1298 3034 1409 3086 vult
1458 3031 1895 3104 Commodiauus.

294 3102 399 3157 ιὶιο
425 3102 635 3161 -—Vide
659 3106 915 3159 adnotata
941 3107 1189 3173 superius
1215 3106 1279 3159 ad
1298 3103 1459 3160 lustr.
1494 3119 1657 3166 xxxv,
1688 3103 1897 3173 vﬁiiS.

371 3174 569 3229 Susum
591 3177 928 3230 intendentes.
961 3170 1135 3232 Adisis
1161 3178 1294 3231 infra
1322 3175 1610 3244 liigaltium
1643 3174 1709 3227 ad
1739 3170 1898 3229 lustr.

296 3263 504 3310 Lxxvn,
541 3264 593 3300 v.
630 3249 789 3303 1204.

369 3317 543 3374 Rebus
589 3321 641 3373 in
689 3320 922 3375 diversis.
972 3319 1236 3372 Diversum
1266 3329 1458 3387 partem
1488 3332 1586 3389 pro
1630 3318 1896 3389 contraria

293 3390 502 3445 dixiSse
534 3400 764 3451 veteres,
817 3391 985 3461 probe
1009 3389 1227 3460 quidem
1260 3392 1374 3461 scio
1402 3408 1417 3445 :
1446 3387 1539 3461 sed
1570 3405 1648 3461 res
1678 3387 1899 3461 diuersas

292 3477 363 3514 υθ
391 3476 554 3516 sensu
586 3463 779 3533 legisse
820 3459 908 3516 ine
944 3459 1049 3515 non
1085 3462 1324 3516 memini.
1353 3460 1710 3533 Scribendum
1744 3475 1758 3513 :
1793 3459 1896 3515 Re-

292 3533 389 3586 bus
420 3535 473 3585 in
501 3531 726 3589 adversis
747 3536 1031 3603 exemptum
1058 3536 1181 3587 dare
1204 3534 1393 3604 parati.
1428 3531 1608 3588 DAVIS.

370 3604 563 3658 Pastor
586 3606 630 3660 si
657 3602 940 3677 confessus.
964 3604 1020 3660 Si
1048 3605 1115 3657 tle
1138 3602 1352 3677 nomine
1377 3602 1898 3677 interrogatusclare

290 3684 350 3729 et
375 3685 690 3730 constanter
726 3674 1101 3745 re~poudcrit:
1135 3679 1263 3729 Sum
1305 3675 1651 3730 christianos.
1690 3674 1746 3729 Si
1775 3674 1897 3730 thus

290 3761 504 3801 acerra:
555 3747 903 3816 profanorum
954 3749 1229 3815 imponere
1270 3747 1489 3812 jussus,
1533 3746 1744 3801 fortiter
1797 3747 1894 3800 nb-

290 3819 519 3873 nuendo
550 3820 859 3873 clamaverit
896 3837 909 3873 :
940 3818 1054 3872 Non
1083 3819 1239 3872 facio.
1270 3819 1391 3873 Ric.

364 3888 662 3944 chularia
684 3908 913 3945 servans.
939 3891 1037 3957 Qui
1071 3907 1127 3943 se
1150 3890 1326 3942 adhuc
1348 3887 1694 3945 saecularibus
1714 3889 1892 3944 immi-

220 3994 225 4001 ο
287 3973 466 4015 sceat.
488 3961 775 4016 Sil‘Cllliﬂ‘ltl
795 3960 1184 4029 dieitopi‘iosita
1205 3960 1442 4023 Christo,
1462 3960 1891 4014 antichristiana.

288 4032 578 4086 Contraria
631 4044 755 4085 sunt
794 4031 1044 4086 Christus
1075 4042 1123 4085 et
1159 4032 1413 4085 sa-culum
1441 4073 1456 4095 ,
1505 4031 1619 4085 sive
1645 4034 1892 4086 Satanas.

284 4102 541 4158 Christus
570 4119 829 4173 personas
854 4121 957 4158 non
978 4106 1216 4171 respicit;
1245 4103 1501 4157 sacculum
1533 4104 1647 4156 sive
1667 4106 1894 4159 Satanas

257 4175 537 4245 loquitur
585 4175 961 4241 nobilitatem,
1021 4176 1470 4244 generositatem,
1525 4177 1888 4245 magistratus.

284 4243 542 4300 Christus
568 4246 983 4316 simplicitatem,
1012 4243 1064 4299 et
1085 4254 1322 4301 sanctam
1354 4243 1722 4316 paupertaiem
1756 4264 1769 4300 :
1794 4260 1896 4300 sa:-

283 4317 471 4371 culum
526 4317 763 4373 divitias.
821 4318 1065 4373 Christus
1122 4318 1538 4387 benignitatem,
1589 4318 1895 4372 misericor-

2007 3032 2171 3103 Aug.,
2207 3034 2299 3086 lib.
2337 3049 2409 3100 tv,
2436 3035 2567 3091 Fab.
2591 3037 2624 3090 5
2659 3051 2672 3088 :

2216 3104 2334 3155 Plus
2358 3119 2469 3156 esse
2494 3108 2543 3155 in
2565 3118 2660 3155 uno
2678 3118 2829 3170 saepe,
2852 3120 2995 3169 quam
3019 3111 3066 3157 in
3092 3107 3251 3168 turba,
3271 3106 3403 3156 boni.

2079 3164 2192 3222 Hac
2256 3179 2434 3223 autem
2504 3164 3333 3235 instruetibue'Ctunmodianus
3405 3185 3591 3225 eorum

2003 3241 2091 3306 qui
2142 3241 2282 3293 inter
2324 3241 2424 3293 aevi
2476 3242 2555 3294 sui
2606 3240 2931 3295 christianos
2977 3244 3296 3296 auctoritate
3323 3241 3594 3310 pollebant

2003 3311 2127 3364 vitia
2155 3312 2345 3382 carpit.
2377 3311 2480 3368 Sed
2514 3321 2566 3365 et
2592 3322 2800 3366 CUttCllS
2830 3315 3023 3379 passim
3057 3314 3499 3369 iustruetionibus
3526 3315 3594 3369 de

2004 3382 2247 3451 neglecta
2278 3383 2559 3453 disciplina
2592 3392 2738 3437 tanto
2769 3384 2950 3438 cordis
2980 3383 3174 3440 affectu
3206 3385 3430 3454 zeloque
3478 3385 3592 3438 dis-

2002 3456 2163 3526 serit.
2197 3466 2252 3509 ut
2279 3456 2360 3509 sui
2393 3455 2574 3509 smcnli
2603 3455 2914 3510 cliristiauis
2941 3456 3374 3526 desperationem
3403 3455 3593 3511 salutis

2003 3525 2427 3582 incutiaLSensit
2443 3527 2643 3581 oraculi
2665 3528 2945 3583 veritatem
2962 3525 3295 3589 Gennadius,
3310 3528 3593 3596 episcopus

2001 3597 2375 3660 litassilicnsis,
2420 3616 2517 3652 nec
2556 3598 2809 3669 atnolitus
2849 3610 2931 3653 est
2969 3600 3175 3669 quidem
3203 3599 3441 3654 Vaticiuii
3482 3599 3593 3654 sive

2000 3669 2235 3740 querela:
2261 3671 2549 3730 tristitiam.
2575 3670 2670 3724 sed
2693 3668 3138 3727 Conuuodianum
3165 3672 3339 3740 ipsum
3363 3671 3591 3738 posteris

2002 3739 2238 3812 tradens,
2265 3741 2365 3795 hoc
2391 3740 2700 3804 discrimine
2746 3742 2869 3795 fecit
2898 3739 3389 3812 insignmn.Nequc
3414 3752 3590 3796 tamen

2000 3810 2100 3881 ista
2134 3811 2230 3867 fuit
2260 3813 2423 3866 solius
2463 3813 2836 3881 Conutmdiani
2869 3810 3109 3880 querela.
3138 3814 3269 3868 Nam
3306 3810 3363 3869 et
3406 3828 3590 3880 parem

2002 3880 2259 3955 Ecclesia:
2290 3882 2569 3939 subdolam
2618 3880 2776 3953 paulo
2816 3897 2942 3940 ante
2977 3885 3279 3955 Cyprianus
3330 3887 3591 3955 opusculo

2000 3967 2098 4026 suo
2138 3954 2206 4008 de
2259 3956 2444 4026 Lapsis
2498 3966 2751 4023 arguerat
2789 3974 2801 4007 :
2844 3968 2898 4011 et
2949 3954 3289 4026 postmodum
3319 3954 3591 4024 sulpicius

2000 4022 2235 4080 Severus
2256 4022 2503 4081 Historiae
2530 4022 2698 4082 sacra:
2726 4028 2890 4082 libros
2917 4022 3045 4082 suos
3072 4029 3171 4081 hac
3199 4037 3345 4081 certe
3370 4022 3591 4080 irrisera-

1999 4092 2092 4149 bili
2130 4096 2505 4169 deploratione
2540 4097 2847 4153 conclusit:
2888 4118 2906 4149 ι
2940 4099 3007 4153 Ει
3032 4113 3201 4160 nunc,
3237 4099 3434 4169 inquit,
3467 4112 3588 4153 cum

2000 4167 2233 4241 maxime
2279 4167 2563 4223 discordiis
2590 4170 2966 4241 episcoporqu
3010 4170 3211 4225 turbari
3255 4167 3347 4223 aut
3375 4170 3588 4224 misceri

1997 4240 2176 4314 oinnia
2207 4250 2590 4314 cernerentur;
2623 4240 2922 4314 cunctaque
2952 4259 3047 4314 per
3072 4257 3168 4297 eos
3194 4241 3320 4295 odio
3342 4251 3433 4295 aut
3460 4257 3589 4310 gra-

2001 4310 2067 4360 tia
2087 4350 2102 4370 .
2132 4318 2306 4377 metu,
2342 4312 2700 4366 inconstantia
2724 4355 2738 4375 ,
2773 4310 3005 4379 invidia,
3039 4314 3272 4367 factione
3294 4354 3307 4378 ,
3340 4314 3584 4379 libidine,

284 4388 453 4448 diam.
504 4388 756 4459 pietatem
789 4408 802 4442 :
838 4390 1065 4445 Satanas
1096 4382 1278 4456 regna,
1317 4388 1574 4448 ultiones,
1612 4388 1881 4456 perfidias,
1915 4385 1967 4446 D
1992 4382 2235 4443 avaritia,
2260 4384 2589 4459 arrogantia.
2610 4400 2821 4449 somno,
2845 4385 3249 4459 desidiaessent
3271 4386 3584 4459 depravata;

284 4458 526 4528 rapinas,
561 4461 832 4519 incendia.
874 4461 1193 4527 triumphos.
1226 4459 1378 4514 Plura
1408 4458 1474 4514 de
1501 4460 1617 4514 istis
1641 4460 1885 4516 ostendi-

284 4547 407 4604 mus
439 4534 694 4604 epistola,
715 4532 927 4604 prazlixa
956 4529 1178 4585 editioni
1225 4540 1424 4587 nostra:
1452 4530 1738 4601 Cypriani,
1767 4550 1887 4604 qme

283 4603 355 4655 ab
406 4603 609 4657 seculo
657 4603 1027 4674 Commodiani
1074 4619 1341 4657 sinnmum
1387 4606 1597 4674 cepisse
1635 4604 1887 4661 videntur

283 4683 707 4729 incrementum.
736 4673 857 4730 RIG.

356 4744 533 4812 Plebi,
558 4747 713 4800 dubia
735 4761 849 4813 qua:
866 4749 1033 4813 fronte
1052 4746 1204 4801 vacil.
1222 4746 1311 4801 Ait
1329 4744 1747 4801 Commodiauus
1764 4762 1885 4816 pas-

288 4826 436 4889 tores
457 4861 470 4878 ,
503 4818 789 4887 episeopos
814 4859 827 4879 ,
862 4818 1227 4889 presbyteros,
1280 4821 1509 4871 frontem
1552 4832 1673 4873 esse
1704 4819 1884 4887 pOpttli

288 4887 566 4943 christiani
602 4908 616 4943 :
651 4887 938 4958 itaque,rnt
984 4887 1038 4942 in
1066 4890 1180 4961 acie
1230 4890 1470 4961 militari,
1502 4889 1689 4961 primis
1735 4891 1882 4944 ordi-

288 4961 455 5013 nibus
491 4962 832 5015 eollocandos
874 4975 996 5015 esse
1047 4960 1243 5014 milites
1287 4960 1630 5023 fortissimos,
1657 4965 1746 5029 qui
1777 4962 1885 5018 sint

285 5031 544 5102 exemplo
562 5031 1173 5088 exteris.Tertullianus
1197 5031 1291 5085 lib.
1312 5031 1378 5085 de
1407 5030 1548 5102 Fuga
1578 5031 1882 5100 :Sedquum

282 5104 405 5177 ipsi;
418 5104 646 5177 ductores
665 5147 680 5171 ,
711 5104 764 5177 id
793 5114 861 5157 est
887 5103 989 5177 ipsi
1017 5104 1219 5156 diaconi
1237 5146 1252 5163 ,
1279 5101 1557 5177 presbyteri
1589 5113 1633 5177 et
1658 5108 1881 5177 episcopi

281 5174 527 5246 fugiunt;
549 5176 659 5246 quis
686 5175 749 5228 de
773 5175 1005 5245 gregario
1025 5191 1235 5228 numero
1257 5174 1537 5247 sustinebit,
1565 5175 1634 5228 ad
1662 5174 1881 5247 gradum

278 5245 334 5301 in
367 5251 482 5300 acie
507 5245 763 5317 ﬁgendum
791 5247 1077 5317 suadentes,
1104 5254 1209 5300 etc.
1254 5245 1376 5301 litt}.

354 5316 587 5371 Ductus
608 5328 796 5390 autem.
822 5316 1001 5390 [ianus
1021 5316 1109 5371 ille
1133 5328 1336 5388 pastor,
1364 5320 1449 5387 qui
1477 5319 1624 5390 ponit
1646 5320 1878 5375 animam

279 5406 437 5446 suam
467 5406 565 5459 pro
593 5389 801 5443 ovibus.
826 5388 947 5443 Rm.

357 5459 613 5534 Contingt.
643 5460 837 5514 Totum
857 5460 997 5515 ovile
1024 5462 1263 5516 continet
1286 5462 1336 5515 in
1362 5462 1585 5534 vestigio
1604 5462 1725 5518 fidei
1750 5477 1880 5517 cun-

278 5533 506 5589 stantis.
544 5532 663 5587 lita.

360 5600 618 5657 Examina
648 5603 847 5673 regibus
876 5605 1032 5675 aptis.
1067 5604 1279 5659 Etenim
1309 5605 1486 5676 apium
1523 5606 1769 5661 examina
1793 5622 1878 5662 re-

275 5694 431 5750 gem,
464 5677 577 5750 sive
598 5677 811 5750 ducem,
843 5690 1069 5748 quaeque
1097 5693 1252 5735 suum
1268 5675 1467 5733 habere
1490 5678 1758 5734 dicuntur.
1777 5676 1878 5750 Cy-

280 5745 461 5821 priau.
488 5748 585 5821 Ep.
610 5746 700 5806 09.
724 5745 876 5802 nnc;
985 5745 998 5746 ί
1418 5773 1426 5781 -

1995 4463 2266 4527 postremo
2294 4456 2476 4524 plures
2504 4458 2791 4512 adversum
2824 4473 3025 4527 paucos
3054 4458 3189 4512 bene
3238 4458 3587 4511 consulentes

1991 4525 2195 4579 insanis
2224 4527 2470 4583 consiliis
2506 4539 2560 4582 et
2591 4525 2959 4600 pertinacibus
2991 4528 3184 4584 studiis
3213 4527 3520 4652 ceiﬁtabant.
3559 4545 3577 4578 ι

3335 4614 3405 4652 IG.

3335 4614 3405 4652 IG.

2063 4665 2304 4723 Omnium
2333 4680 2716 4727 (uiatorem...
2764 4672 3038 4729 Satanam.
3085 4671 3216 4726 Heic
3246 4680 3391 4724 certe
3416 4668 3581 4722 Com-

1989 4737 2273 4814 modiauus
2300 4742 2931 4813 incutitdesperationem
2951 4745 3239 4814 episcopis.
3264 4742 3381 4796 llic.

2063 4811 2213 4876 Quod
2242 4815 2426 4869 veritas
2465 4811 2793 4870 odia'tollat.
2825 4811 3021 4881 Pariai,
3052 4811 3305 4870 conciliet
3334 4811 3458 4867 sibi.
3493 4811 3581 4869 Sic

1986 4879 2104 4949 ipse
2140 4883 2267 4939 alibi
2298 4886 2456 4951 dixit,
2491 4885 2803 4959 Martyrium
2829 4879 3026 4954 tollere,
3053 4886 3202 4959 quod
3227 4893 3310 4939 est
3340 4893 3579 4954 patrare,

1987 4966 2269 5040 rep-artare
2306 4956 2863 5040 martyriiﬁchristiani
2892 4959 3137 5028 gloriam.
3175 4956 3291 5012 ιῖιῦ.

2061 5024 2185 5151 Νοὲ
2207 5032 2367 5097 gratis
2388 5024 2513 5101 agit.
2539 5024 2916 5086 Patrocinium'
2934 5042 3171 5084 veStrum
3204 5027 3437 5084 venditis
3468 5044 3582 5082 ma-

2061 5112 2111 5150 υ.
2195 5115 2262 5151 lG.

2025 5112 2111 5150 120.
2146 5112 2262 5155 ﬂlG.

2025 5112 2111 5150 uo.
2146 5108 2205 5151 HI
2250 5141 2262 5153 .

1984 5108 2017 5167 8
2064 5115 2364 5226 Peculizntia
2404 5186 2584 5230 vestra.
2636 5172 2727 5229 Sic
2756 5174 2947 5240 legitur
2981 5172 3032 5227 in
3070 5170 3381 5242 apographo
3413 5189 3426 5224 :
3457 5186 3579 5240 qua:

1984 5241 2276 5316 scriptura,
2307 5246 2354 5316 si
2388 5262 2514 5302 vera
2553 5257 2657 5314 est,
2686 5244 2976 5316 peculautia
3018 5245 3217 5301 dixerit
3264 5241 3577 5314 peculatum,

1983 5308 2290 5388 διαθᾶταγήύ.
2328 5314 2447 5373 R16.

2086 5385 2122 5460 it
2154 5385 2369 5449 pascitis
2395 5390 2551 5460 ipsos.
2587 5389 2885 5445 Devoratis.
2920 5388 3040 5445 Rto.
3084 5445 3097 5451 ,

2053 5455 2229 5513 Terra:
2276 5455 2627 5531 fundamenta.
2677 5460 2900 5517 lnl'eros.
2934 5461 3110 5517 Locus
3144 5459 3338 5531 Esaiae,
3371 5477 3420 5512 ρ.
3465 5472 3577 5531 xiv,

1983 5527 2075 5589 15.
2117 5527 2414 5605 secundum
2465 5532 2718 5603 Septuag.
2776 5533 2855 5587 sic
2904 5534 3100 5605 habet:
3148 5538 3247 5605 nos
3275 5528 3427 5605 6é__si;

1982 5601 2257 5679 uarat-$75611
2279 5606 2371 5679 uati
2388 5605 2458 5679 εἰς
2474 5605 2544 5679 Δ’τόι
2570 5601 2770 5679 θεμέλιᾳ
2787 5616 2879 5667 τῆς
2904 5615 3010 5679 γῆς.
3034 5603 3227 5668 Aquila
3256 5601 3596 5679 ct_Thei'u|0-

1986 5671 2060 5724 tio
2090 5673 2299 5739 dixere,
2330 5675 2400 5735 εἰς
2429 5671 2631 5730 λάκκον.
2662 5677 2847 5732 Lnlina
2877 5671 3051 5731 εἰει-δίο
3080 5683 3240 5726 vetus
3269 5687 3282 5721 ι
3312 5671 3369 5725 in
3396 5678 3606 5742 {utina-

1987 5752 2159 5801 menta
2191 5746 2309 5803 laci.
2356 5746 2565 5803 Glossa:
2591 5758 2807 5806 veteres
2838 5766 2852 5806 :
2884 5748 3111 5812 Λάκκος,
3152 5742 3383 5812 Lacuna,
3427 5742 3618 5800 locus.
