4020 6072
419 274 529 333 9.55
635 275 714 347 (ν.
745 274 935 347 1120.)

419 389 598 447 Nolite
627 391 779 448 vacui
807 391 968 447 talem
1010 391 1226 447 visitare
1252 389 1539 461 jacentem.

419 486 528 540 Fac
550 484 651 541 sub
678 486 791 541 Deo
818 483 1017 540 bonum
1036 526 1051 550 ,
1107 484 1364 557 obsequia
1397 484 1563 542 redde
1594 500 1690 556 per
1715 501 2013 542 nummum.

416 577 549 634 Inde
580 578 898 646 revalescit,
931 577 1039 643 vel,
1072 578 1118 634 si
1148 578 1446 635 conciderit
1477 580 1588 645 ille,

420 670 749 727 Refoveatur
777 670 940 725 homo
967 686 1189 743 pauper,
1214 673 1305 742 qui
1335 689 1440 727 non
1473 673 1633 729 habet
1662 672 1804 729 unde

425 761 725 818 Mercedem
753 762 867 829 tibi,
903 777 999 833 pro
1030 763 1123 817 illo
1153 764 1247 818 sed
1275 764 1525 820 conditor
1554 767 1700 822 orbis
1727 777 1780 822 et
1807 776 2014 823 auctor.

422 857 519 912 Vel
549 858 592 911 si
621 859 828 928 pigeret
855 858 931 912 ire
958 856 1024 913 ad
1055 873 1367 928 pauperem,
1398 875 1613 929 semper
1638 861 1885 926 ahosutn,

421 948 573 1004 Mitte
602 963 873 1015 nummos,
902 957 958 1004 et
986 948 1127 1005 unde
1156 966 1215 1005 se
1244 967 1523 1007 resumere
1542 953 1731 1021 possit.

422 1039 786 1111 Similiterque
812 1056 969 1096 soror
994 1042 1037 1096 si
1058 1057 1291 1114 paupera
1318 1043 1459 1099 lecto
1482 1044 1777 1112 decumbit,

424 1134 684 1199 Incipiant
711 1142 902 1190 vestra:
928 1143 1187 1190 matrona:
1216 1135 1467 1191 victualia
1498 1135 1659 1192 ferre.

422 1226 634 1283 Clamat
664 1227 779 1298 ipse
807 1227 948 1283 Deus
982 1246 995 1281 :
1028 1228 1239 1301 Frange
1268 1238 1416 1284 tuum
1448 1246 1640 1299 panem
1668 1246 1863 1303 egeno.

426 1319 623 1376 Verbis
650 1335 787 1391 opus
815 1338 921 1375 tton
949 1332 1033 1376 est
1052 1321 1293 1388 visitare,
1321 1323 1414 1377 sed
1446 1322 1762 1383 benefactis.

424 1410 671 1483 Iniquum
695 1422 800 1478 est,
832 1412 999 1469 frater
1020 1413 1199 1485 inopia
1224 1415 1399 1471 victus
1423 1424 1665 1488 aegrotet.

426 1507 686 1577 Satagite,
717 1521 822 1561 non
848 1509 1046 1573 verbis,
1072 1524 1222 1564 esum
1248 1520 1540 1583 potumque
1570 1512 1814 1584 requirit.

425 1597 677 1669 Inspicite
704 1599 859 1663 tales,
893 1601 988 1656 sed
1019 1611 1168 1658 certe
1193 1603 1519 1670 debilitatos,

422 1690 747 1765 Transigere
773 1707 895 1749 sese
914 1696 1008 1765 qui
1032 1712 1137 1751 non
1168 1707 1417 1767 possunt,
1445 1698 1568 1755 date
1592 1700 1841 1756 subinde.

427 1786 472 1843 Α
513 1786 741 1844 Domino
763 1789 916 1845 vobis
945 1790 1189 1861 spondeo
1210 1789 1324 1847 dari
1352 1793 1735 1865 quadruplum.

808 1918 971 1959 LXXII.
1007 1932 1082 1947 υ·-
1110 1921 1435 1963 ΡΑυνειιιιιυε
1473 1924 1640 1965 ειιιιιε.

432 2013 724 2086 Pauperies
748 2030 878 2073 sana
920 2018 1067 2089 quid,
1104 2020 1204 2098 nisi
1227 2020 1429 2077 divitia:
1456 2021 1669 2078 adsint?

426 2109 532 2164 Ars
561 2119 709 2164 certe
729 2111 773 2165 si
805 2110 981 2178 fuerit,
1003 2115 1116 2182 jam
1143 2124 1198 2170 et
1226 2124 1282 2170 tu
1306 2118 1645 2172 communica
1666 2116 1840 2175 fratri.

436 2198 608 2255 Unum
632 2212 825 2272 praesta
851 2204 968 2271 tibi,
994 2222 1060 2261 ne
1090 2209 1356 2279 superbus
1377 2225 1500 2266 esse
1518 2210 1734 2267 dicaris.

427 2294 714 2365 Polliceor,
748 2301 1001 2371 quoniam
1043 2304 1286 2359 securior
1322 2304 1488 2361 divite
1517 2305 1648 2361 vivis
1679 2326 1691 2360 :

428 2388 635 2461 Excipe
655 2391 954 2451 doctrinam
988 2399 1164 2468 magni
1198 2397 1504 2455 Salomonis
1532 2400 1585 2455 in
1607 2417 1789 2458 aures.

425 2480 824 2552 Responsorem
856 2489 908 2542 in
942 2488 1053 2543 alto
1082 2489 1196 2545 odit
1224 2490 1365 2547 Deus
1392 2507 1681 2564 pauperem
1710 2509 1830 2551 esse
1859 2514 1873 2549 :

424 2572 631 2632 Idcirco
652 2585 704 2634 te
731 2577 923 2647 subde,
953 2591 1009 2637 et
1030 2580 1293 2640 honorem
1321 2584 1485 2642 redde
1505 2587 1728 2658 potenti.

1550 271 1978 332 COMMODIANI
2017 272 2557 332 INSTHUCTIONES

2031 389 2081 475 ᾼ
2113 389 2346 445 Blandus
2374 392 2518 446 enim
2547 404 2748 459 sermo,
2786 390 3125 460 proverbium
3160 393 3317 458 nosti,
3352 392 3585 463 deriget.

3178 279 3254 350 (ν.
3302 278 3490 353 tua.)
3597 276 3710 335 9.56

2125 484 2365 540 Vincitur
2391 484 2567 540 ollieio
2590 486 2690 541 etsi
2722 486 2882 541 fuerit
2910 487 2987 541 ira
3016 496 3248 543 vetusta.

2125 578 2179 631 Si
2208 578 2381 648 lingua
2412 588 2606 644 taceat,
2633 578 2705 633 nil
2725 578 2916 634 melius
2939 579 3212 635 invenisti.

2124 670 2265 725 Sane
2288 671 2332 723 si
2357 686 2461 725 non
2482 669 2638 725 fuerit
2666 685 2755 725 ars
2778 670 2923 727 unde
2947 672 3053 726 vita
3080 681 3319 743 regatur,

2124 761 2233 817 Aut
2258 776 2473 832 operam
2501 764 2704 834 praebe,
2737 773 2827 819 aut
2852 779 3089 827 cursum.
3113 764 3267 836 jussu
3300 767 3570 836 potentis:

2195 857 2311 913 Non
2343 858 2539 930 pudeat
2566 876 2741 928 neque
2771 860 2948 931 pigeat
2975 875 3297 931 procurrere
3322 876 3535 920 sanum.

2125 951 2182 1006 In
2205 965 2338 1021 gazo
2358 961 2617 1025 prteterea
2648 952 2715 1008 de
2743 952 2927 1007 labore
2951 954 3168 1009 mittere
3194 953 3394 1019 debes;

2127 1044 2274 1098 Sicut
2301 1044 2588 1117 singularis
2617 1045 2728 1112 illa,
2766 1062 2925 1117 quam
2957 1048 3189 1116 praetulit
3211 1057 3421 1104 unctus.

2442 1183 2628 1223 LXXIII.
2655 1199 2726 1208 —
2751 1184 2917 1225 FILIOS
2955 1184 3058 1225 NON
3098 1183 3392 1226 LUGENDOS.

2129 1283 2389 1339 Filiorum
2421 1299 2577 1339 casus
2608 1285 2732 1339 licet
2760 1297 2813 1340 et
2844 1285 3045 1339 dolium
3074 1284 3253 1341 cordis
3284 1283 3573 1355 relinquat,

2125 1377 2183 1433 In
2213 1377 2378 1446 nigris
2411 1376 2561 1433 exire
2589 1389 2766 1433 tamen
2795 1393 2892 1433 nec
2920 1378 3173 1449 plangere
3193 1376 3271 1431 tas
3300 1385 3402 1433 est.

2126 1469 2237 1523 Lex
2274 1468 2566 1539 prudenter
2595 1469 2699 1537 ait,
2729 1469 2909 1524 animo
2939 1485 3037 1524 nec
3060 1484 3276 1540 pompa,
3306 1468 3514 1533 dolere,

2128 1563 2183 1618 Itt
2216 1562 2591 1619 Salomoniaco
2620 1563 2757 1619 libro
2778 1565 3074 1635 septimana
3100 1564 3269 1619 finita.

2128 1656 2306 1710 Oblita
2340 1656 2621 1711 Dominum
2654 1658 2722 1712 de
2749 1658 3150 1713 resurrectione
3181 1660 3468 1729 promissa,

2127 1747 2185 1804 Si
2218 1759 2483 1822 martyras
2506 1749 2699 1805 feceris
2725 1750 2888 1817 ﬁlios,
2914 1749 2991 1806 sic
3017 1766 3151 1807 voce
3174 1749 3438 1807 deﬂebis?

2062 1826 2106 1885 Β
2133 1840 2249 1896 Non
2273 1843 2435 1913 pudet
2463 1842 2727 1899 infrenem
2752 1843 3022 1913 gentiliter
3046 1844 3297 1915 plangere
3320 1844 3511 1899 natos?

2128 1935 2202 1990 Os
2226 1935 2452 2002 laceras,
2486 1935 2664 1990 tundis
2687 1946 2897 2006 pectus,
2931 1936 3250 1992 vestimenta
3281 1935 3523 2002 deducis,

2130 2028 2238 2084 Nec
2261 2029 2456 2084 metuis
2488 2029 2769 2084 Dominum
2795 2033 2951 2101 cujus
2967 2038 3123 2100 optas
3147 2045 3369 2101 regnum
3397 2028 3619 2085 videre?

2128 2124 2274 2194 Luge
2300 2123 2442 2194 quod
2468 2122 2550 2185 fas
2572 2134 2657 2179 est
2682 2145 2696 2178 :
2728 2124 2835 2179 noli
2879 2134 3057 2180 tamen
3082 2140 3266 2180 errare
3290 2140 3387 2195 pro
3416 2124 3540 2180 illis.

2128 2215 2237 2272 Vos
2268 2216 2387 2271 ideo
2414 2216 2569 2280 tales,
2603 2216 2743 2287 quod
2773 2217 2950 2271 minus
2971 2232 3128 2288 quam
3156 2226 3344 2288 gentes
3368 2217 3498 2272 estis
3528 2234 3541 2270 ε

2125 2307 2379 2364 Germine
2407 2309 2650 2365 zabolico
2679 2308 2855 2365 facitis
2878 2318 2939 2365 ut
2964 2311 3133 2365 turba:
3163 2319 3438 2381 pronataa;

2125 2401 2404 2457 Estinctos
2423 2403 2667 2457 clatnatis
2700 2420 2841 2474 :qua
2864 2404 3071 2479 gratia?
3102 2404 3270 2472 false,
3302 2404 3507 2475 peristi.

2122 2493 2230 2548 Nec
2259 2492 2446 2548 dolore
2475 2493 2627 2547 duxit
2651 2504 2801 2564 pater
2827 2493 2993 2548 tilium
3026 2493 3367 2549 mactandum
3392 2494 3457 2549 ad
3488 2509 3635 2549 aram
3669 2510 3683 2560 ;

2119 2588 2316 2643 Dolore
2342 2603 2444 2644 nec
2473 2598 2622 2643 vates
2646 2588 2812 2644 liliutn
2841 2589 2979 2644 luxit
3001 2587 3312 2646 defunctum
3345 2607 3359 2644 :

1793 2702 2358 2761 COMMENTARIUS.

426 2816 660 2872 cisterna.
698 2818 827 2876 Item
868 2839 883 2876 :
921 2821 1115 2885 Lantre,
1144 2822 1393 2885 πηλώδεις
1430 2825 1597 2879 τόποι.
1649 2825 2014 2881 Tertullianus

425 2889 843 2965 dixit,_stagnum
868 2893 1002 2965 ignis
1025 2904 1068 2948 et
1094 2894 1378 2963 sulphuris,
1404 2896 1497 2948 lib.
1527 2895 1593 2949 de
1622 2896 1756 2963 Fttg.
1783 2896 1904 2952 ηις.

429 3029 473 3084 R
501 2958 909 3018 Talem'oisitaré
939 2958 1214 3037 jacenteni.
1259 2958 1546 3032 Clinicutn,
1580 2958 2011 3024 Grabbatarium.

480 3046 529 3084 IG
1866 3056 1869 3059 π

480 3046 529 3088 ιο
1866 3056 1869 3059 ‘

504 3103 788 3179 Pauperem
808 3149 823 3172 ,
853 3123 1049 3177 semper
1076 3110 1300 3163 abosum.
1333 3109 1630 3179 Importuni
1660 3111 1939 3174 divitibus.
1968 3122 2022 3167 et

426 3174 596 3251 odiosi
622 3174 805 3233 solent
824 3193 944 3233 esse
962 3174 1257 3250 pauperes,
1280 3182 1373 3237 sed
1401 3174 1455 3237 et
1497 3185 1753 3251 proximis
1782 3185 1942 3238 etiam
1968 3197 2024 3237 et

427 3247 635 3303 amicis.
673 3247 1093 3324 φίλοιμισῆσουσιξ
1110 3254 1279 3327 φίλους
1297 3247 1570 3328 πτωχοὺς.
1594 3255 1782 3379 Ριῇιν.⁹
1805 3272 1910 3322 λιν,
1928 3256 2020 3309 9.0.

1699 3342 1768 3379 IG.

1668 3327 1768 3383 ita.

504 3389 653 3445 Unde
669 3409 723 3448 se
742 3410 995 3449 resumere
1015 3396 1191 3464 possit.
1218 3396 1370 3452 Unde
1391 3397 1457 3451 ad
1492 3397 1878 3455 sublevandam
1904 3398 2021 3451 ino-

429 3462 570 3532 piam
600 3480 751 3519 suam
780 3481 1001 3537 sumere
1016 3462 1225 3536 aliquid
1244 3468 1431 3537 possit,
1452 3482 1505 3524 et
1531 3470 1914 3536 sutnpticulum
1948 3469 2028 3523 fa-

429 3548 556 3589 cere
588 3536 841 3603 parandis
870 3537 969 3591 sibi
1015 3536 1355 3603 necesSariis,
1399 3541 1595 3608 quibus
1622 3542 1803 3595 doleat
1835 3551 2023 3594 natura

435 3608 678 3675 negatis;
707 3623 770 3663 ac
797 3608 1011 3664 tandem
1037 3610 1177 3665 vires
1200 3620 1440 3666 resumet
1463 3628 1608 3666 suas.
1639 3615 1755 3666 the.
1779 3642 1851 3651 —-
1879 3610 2026 3666 Unde

429 3692 483 3748 se
501 3694 766 3742 resumere,
802 3690 878 3733 etc
911 3680 1062 3735 Vires
1079 3697 1203 3735 suas
1236 3697 1575 3748 recuperare.
1609 3683 1868 3739 Similiter
1886 3684 2025 3739 Galli

436 3747 620 3802 dicunt
648 3766 705 3804 se
732 3753 1028 3823 reprendre.
1050 3752 1183 3808 Vide
1207 3753 1332 3808 Car.
1369 3753 1631 3809 Dufresuii
1664 3754 2020 3810 Glossarium.

1549 3827 1732 3882 strs.

516 3890 770 3970 Victuulia
785 3893 939 3964 ferre.
965 3895 1256 3967 lpselnstr.
1274 3897 1370 3952 ult.
1387 3897 1596 3954 dicet...
1616 3908 1817 3970 partent
1834 3899 2028 3955 victua-

434 3963 506 4017 lia
528 3963 682 4021 collo.

505 4034 841 4110 maneamus
882 4055 1047 4096 sums.
1100 4041 1458 4098 Iustrnctione
1499 4042 1820 4110 prmcedenti
1868 4042 2023 4109 dixit,

432 4106 761 4182 deiufirtnis
785 4120 839 4166 et
863 4111 1167 4180 jacentibus
1197 4132 1209 4166 :
1234 4113 1343 4182 jam
1366 4116 1434 4168 de
1458 4106 1755 4176 valentibus
1779 4123 1834 4168 ct
1857 4106 2023 4177 sanis,

432 4177 528 4232 sed
557 4182 770 4247 egenis:
810 4177 909 4255 rqiti
936 4193 1112 4237 tamen
1145 4177 1279 4238 artis
1305 4200 1417 4239 sua:
1448 4195 1656 4255 quaestu
1687 4200 1877 4254 parare
1924 4187 2027 4249 sthi

438 4263 685 4324 possunt,
713 4254 855 4307 unde
881 4271 939 4308 se
965 4258 1277 4311 exhibeant.
1306 4257 1371 4310 Et
1392 4254 1490 4309 hos
1512 4255 2028 4324 quidetualiqttitldc

433 4321 675 4375 subsidio
691 4325 825 4379 artis
841 4340 953 4379 sine
974 4328 1225 4382 conferre
1241 4329 1351 4382 vult
1369 4321 1620 4382 tratribn~
1638 4321 1881 4382 inﬁrmis.
1904 4327 2020 4382 Βια.

509 4391 815 4474 ΡςιιιρενὶιιεΔ
836 4413 984 4452 sana.
1018 4398 1189 4465 Eccl.,
1243 4414 1368 4464 xxx,
1405 4398 1491 4453 14.
1526 4402 1741 4473 πτωχὸς
1768 4400 1912 4474 ὑγιὴς
1942 4405 2028 4454 καὶ

434 4466 640 4541 ἰσχρων
756 4466 878 4534 ἕξει.

558 4553 881 4613 esponsorem
925 4541 979 4593 in
1020 4541 1146 4595 alto.
1180 4542 1281 4608 Qui
1311 4542 1388 4596 sic
1428 4542 1707 4610 respondit
1748 4544 1900 4613 quasi
1928 4542 2027 4598 de-

435 4609 643 4677 spiciat.
678 4610 860 4676 Prov.,
894 4627 1043 4679 xvttt,
1069 4613 1178 4669 25:
1207 4614 1335 4671 Cum
1363 4609 2030 4687 obsecratimtibusjoquitur

436 4695 653 4750 pauper.

508 4750 744 4827 Blandus
791 4755 925 4809 enim
966 4772 1149 4810 sermo.
1203 4757 1441 4812 Blandus
1484 4773 1663 4813 sermo
1693 4772 1837 4827 satpe
1882 4759 2026 4824 apud

437 4821 601 4901 iratos
627 4825 911 4901 plurimum
938 4828 1101 4901 valet,
1124 4838 1177 4883 et
1197 4831 1364 4901 gratia
1395 4847 1487 4882 sua
1519 4831 1643 4884 facit
1670 4841 1728 4883 ut
1748 4821 2030 4883 subsidant

436 4895 695 4952 iracundo
712 4900 909 4962 crista',
938 4909 992 4952 ιιι
1011 4895 1510 4965 ΐθι-νιιτίιυιιιιιιρτιις
1535 4902 2026 4956 cunl'utatanimum

437 4965 679 5021 iracundi
718 4968 1000 5024 fervidum.
1047 4971 1133 5026 Sic
1179 4970 1414 5026 Lucilius
1453 4973 1630 5025 dixit:
1670 4971 1871 5042 Cat/nus
1897 4974 2023 5025 ulte-

437 5051 558 5115 num
589 5052 707 5115 cum
734 5042 899 5115 (quit,
929 5043 1085 5109 paula
1108 5048 1337 5115 confutat
1368 5053 1521 5115 trua.
1541 5043 1638 5099 th

509 5105 742 5179 Deriget.
765 5105 1012 5182 Rigoretn
1041 5105 1220 5180 solvit,
1251 5115 1472 5177 emollit,
1506 5114 1697 5169 fundit.
1731 5112 2021 5182 liqttcfacit.

435 5177 655 5235 Plautus
694 5177 888 5254 eodem
917 5200 1077 5239 sensu
1109 5177 1241 5241 dixit
1275 5203 1289 5238 :
1323 5186 1558 5254 dirigere.
1588 5187 1638 5239 in
1671 5177 1885 5240 Curcttl.
1914 5186 2027 5242 Cli-

437 5263 640 5327 peritus
652 5252 978 5327 elephantum
1020 5258 1106 5311 ubi
1130 5261 1386 5312 machara
1424 5252 1634 5327 dirigit,
1669 5255 1773 5311 hoc
1816 5268 1916 5313 est.
1952 5260 2025 5314 ita

435 5321 688 5399 discindit
709 5336 798 5377 attt
827 5331 1248 5397 transverberat,
1280 5341 1335 5383 ιιι
1357 5321 1813 5398 είΐυδοέιιιιειιίιιθ
1842 5329 2026 5399 pra-ri-

434 5394 555 5463 gida
589 5394 779 5471 bellua:
806 5399 974 5450 moles
1004 5394 1356 5465 dissolvatur,
1385 5411 1475 5456 aut
1500 5394 1681 5454 divisa
1718 5394 2024 5471 prttslertta-

435 5476 538 5545 Lor.
584 5466 793 5545 Closszc
825 5486 837 5522 :
868 5471 1168 5545 ἀπειρρύνω,
1235 5473 1441 5545 Dei-iga.
1508 5472 1621 5529 lito.
1670 5466 1741 5511 -ἓ
1790 5471 2027 5543 Respicit

433 5534 855 5593 Commodianus
881 5544 945 5595 ad
978 5540 1129 5594 Prov.
1156 5534 1253 5608 κν,
1288 5546 1336 5599 l.

506 5609 839 5735 gravemini»
864 5615 1018 5669 nosti.
1041 5612 1247 5669 Glossa:
1260 5628 1469 5673 veteres
1495 5635 1507 5672 :
1530 5618 1772 5693 θεολογία.
1795 5613 1887 5670 Dei
1904 5632 2029 5686 pro-

506 5700 514 5709 ·
549 5699 621 5734 ta.

430 5696 621 5734 verum.

499 5750 566 5805 In
592 5769 720 5821 gaza
748 5764 1013 5821 praeterea.
1045 5759 1242 5825 Supra.
1261 5758 1516 5815 Instruct.
1543 5778 1593 5815 tv
1620 5779 1632 5815 :
1664 5760 1786 5816 Non
1821 5761 2030 5815 domum

418 5838 547 5886 gaza
566 5826 1001 5894 pamtt'hGlossa;
1021 5853 1036 5890 :
1054 5830 1223 5900 Gaza,
1244 5837 1519 5909 χρήματα,
1538 5832 1747 5909 περσίδι
1766 5832 2026 5890 διαλέκτω.

2115 2823 2415 2893 Cyprianus
2436 2840 2449 2876 :
2476 2822 2537 2875 Et
2554 2808 2862 2877 dominicum
2883 2821 3138 2893 celebrare
3152 2832 3200 2875 te
3215 2822 3402 2883 credis,
3421 2827 3507 2892 qui
3527 2821 3726 2879 (Iarban

2120 2892 2221 2949 nan
2248 2894 2487 2964 respicis?
2507 2894 2787 2949 Coutmod.
2811 2910 2897 2950 LXI
2925 2911 2937 2947 :
2959 2892 3037 2948 De
3053 2895 3135 2948 die
3155 2894 3411 2947 dominica
3426 2896 3546 2964 quia
3563 2896 3729 2949 dicis?

2123 2976 2231 3022 CIC.

3315 2965 3432 3022 Rto.

2200 3038 2494 3109 Singularis
2516 3039 2627 3094 illa.
2660 3037 2853 3101 Vidua,
2886 3039 3149 3093 solitaria.

2204 3109 2417 3165 Unctns.
2450 3111 2719 3164 Christus.
2755 3111 3139 3171 'I'ertulliauus.
3173 3110 3430 3179 Apolog.,
3483 3126 3604 3181 cap.
3647 3112 3681 3165 5
3710 3127 3726 3165 :

2128 3181 2468 3246 Christianus,
2486 3192 2729 3253 quantum
2753 3184 3102 3252 interpretatio
3118 3192 3212 3246 est,
3234 3181 3295 3233 de
3316 3182 3552 3236 unctione
3568 3183 3730 3235 dedu-

2127 3255 2280 3309 citur.
2303 3254 2509 3308 Nomen
2525 3255 2590 3310 de
2606 3255 2870 3309 suavitate
2898 3253 2983 3308 vel
3003 3254 3325 3324 benignitate
3345 3255 3726 3378 οιιιέιιιιοδίιυιιι.

3433 3341 3503 3378 IG.

3406 3329 3503 3379 lic.

2206 3397 2268 3450 In
2291 3398 2449 3468 nigris
2477 3398 2635 3451 exire.
2662 3397 2729 3452 Ut
2756 3412 2876 3450 mox
2903 3406 3018 3452 erat
3048 3397 3285 3468 gentium
3327 3397 3548 3451 minime
3578 3396 3727 3452 chri-

2129 3470 2447 3523 stianartttu.
2494 3469 2669 3523 Julius
2706 3469 2923 3533 Paulus,
2956 3469 3358 3523 Sententiarum
3410 3469 3503 3523 lib.
3552 3485 3587 3531 t,
3644 3472 3727 3522 tit.

2128 3541 2195 3594 tle.
2223 3542 2498 3608 Sepulcris
2523 3551 2577 3595 et
2613 3540 2916 3603 Lngendis:
2950 3540 3049 3605 Qui
3077 3540 3235 3607 luget,
3260 3541 3508 3593 abstinere
3532 3542 3674 3594 debet
3697 3558 3729 3593 a

2128 3614 2386 3677 conviriis,
2414 3614 2742 3673 ornamentis,
2769 3629 2997 3682 purpura
3017 3623 3065 3665 et
3092 3614 3209 3665 alba
3232 3623 3380 3665 veste.
3404 3615 3534 3666 Atra
3563 3615 3731 3667 vestis

2128 3686 2458 3739 conveniens
2481 3684 2642 3738 Ιιιι·ιυι
2676 3684 2846 3747 color,
2881 3684 3085 3738 tristior
3108 3684 3343 3748 habitus;
3364 3697 3514 3751 Spem
3545 3700 3728 3739 resur-

2130 3756 2385 3810 rectionis
2416 3771 2521 3809 non
2556 3756 2856 3821 habebant,
2905 3767 3148 3808 mortuos
3194 3769 3322 3809 suos
3369 3755 3626 3824 lugebant
3672 3765 3725 3808 ιιι

2132 3828 2370 3895 perditos
2396 3868 2411 3891 ,
2459 3836 2516 3880 ιιι
2581 3827 2691 3895 jam
2752 3833 2946 3880 nullos.
2992 3827 3060 3881 At
3097 3826 3397 3888 christiani,
3428 3828 3516 3896 qui
3546 3826 3731 3882 ﬁdeles

2130 3898 2431 3967 fratresque
2482 3914 2610 3952 suos
2632 3898 2698 3950 ad
2723 3899 2885 3951 vitam
2905 3910 3161 3952 astet-nam
3195 3898 3472 3967 migrasse,
3503 3897 3726 3959 abiisse,

2134 3973 2476 4047 pt‘iecessisse
2501 3970 2785 4047 ‘tlicehant,
2821 3987 2925 4022 non
2968 3970 3186 4023 exibant
3226 3969 3279 4022 in
3314 3969 3499 4037 nigris,
3541 3971 3599 4047 ῖὸ
3627 3973 3728 4047 γάρ

2132 4040 2790 4113 μέλανθανατῶδεςλῑηψιε
2804 4044 3191 4095 averSabantur
3204 4044 3382 4094 omnia
3400 4042 3586 4113 mortis
3602 4040 3731 4111 pm?-

2133 4111 2299 4183 sagta.
2326 4113 2456 4167 Nam
2490 4113 2769 4182 etnigrunt
2796 4113 2923 4166 illud
2947 4122 2999 4165 ct
3030 4114 3192 4168 ferale
3226 4114 3274 4165 in
3302 4111 3727 4173 tutnulis'l'heta,

2131 4195 2186 4239 el
2214 4187 2359 4252 nigra
2406 4187 2455 4237 in
2486 4199 2550 4239 ve
2585 4195 2635 4239 te
2664 4198 2947 4238 senescere
2968 4225 2982 4244 ,
3013 4186 3079 4237 ad
3108 4183 3433 4238 christianos
3462 4184 3729 4252 pertinere

2134 4259 2420 4326 negabant,
2452 4256 2520 4312 tle
2549 4258 2652 4309 vita
2685 4265 2805 4323 post
2839 4272 3120 4309 excessum
3154 4265 3354 4308 :eterna
3382 4266 3581 4309 certos.
3605 4254 3726 4309 Ilio.

2212 4328 2276 4381 In
2310 4327 2670 4383 Salamoniaco
2698 4328 2847 4381 libro.
2878 4326 3036 4382 Liber
3067 4326 3374 4380 inscribitur
3401 4325 3726 4380 Ecclesiasti-

2137 4415 2246 4464 cus,
2277 4399 2544 4463 Sapientia
2570 4399 2694 4452 Jesu
2723 4398 2815 4452 tilti
2834 4400 3040 4453 Strach.
3069 4400 3502 4454 Salotntmiacunt
3529 4398 3724 4451 librum

2054 4475 2109 4534 1)
2137 4480 2296 4524 vocat
2325 4470 2787 4534 Contmodtanus,
2835 4472 2956 4540 quia
2997 4486 3221 4539 gnotnas
3267 4470 3385 4524 sive
3425 4470 3728 4524 sententias

2134 4543 2373 4597 continet
2394 4544 2459 4596 ad
2482 4542 2787 4606 exemplum
2816 4541 3145 4595 Salomonis.
3178 4540 3295 4596 llic.

2208 4615 2508 4683 Septimana
2555 4614 2721 4678 ﬁnita.
2778 4613 3163 4674 lﬂcclcsiztstici,
3209 4629 3335 4677 χχιι,
3397 4612 3465 4666 i5
3498 4612 3728 4665 :Lurtus

2134 4688 2321 4739 mortui
2344 4695 2530 4755 septem
2548 4685 2673 4738 dies.
2697 4686 2892 4738 Morem
2924 4683 3086 4739 fuisse
3107 4684 3539 4751 antiquissimum
3563 4683 3727 4736 disci-

2134 4775 2251 4812 tntts
2292 4774 2355 4811 ex
2389 4759 2605 4811 historia
2650 4756 2855 4819 Jacobi,
2907 4755 3132 4815 Cenes.
3167 4772 3181 4809 ι
3217 4758 3302 4817 lt),
3334 4765 3389 4809 et
3418 4771 3481 4808 ex
3513 4755 3577 4807 iis
3605 4769 3727 4821 qua:

2131 4841 2257 4883 sunt
2296 4831 2361 4883 ad
2407 4845 2528 4883 cum
2565 4829 2760 4891 locum,
2790 4838 2843 4881 ct
2879 4828 2941 4880 atl
2976 4827 3269 4881 Siracidetn
3298 4827 3566 4880 abductis
3595 4825 3727 4882 viris

2132 4911 2312 4955 notata
2336 4917 2399 4954 ex
2433 4900 2657 4954 Philone
2684 4912 2735 4953 et
2757 4899 3043 4955 Attttttiano
3063 4900 3389 4953 Marcellino.
3421 4898 3540 4951 lito.

2203 4971 2468 5027 Genti/iter
2494 4971 2751 5040 plangere.
2786 4970 2931 5024 More
2952 4975 3214 5039 gentium.
3241 4970 3441 5025 Paulus
3460 4968 3526 5022 ad
3549 4967 3725 5022 Thcs-

2128 5044 2256 5111 sal.,
2283 5048 2483 5105 ικαθώξ
2505 5045 2656 5115 καὶκοὶ
2682 5043 2866 5106 λοιποὶ,
2895 5044 2940 5095 οἱ
2960 5049 3027 5115 μὴ
3053 5044 3246 5108 ἕξοντες
3266 5041 3462 5097 ἐλπίδα.
3505 5040 3725 5096 Scilicet

2130 5115 2561 5171 resurrectionis.
2593 5114 2711 5168 litt}.

2205 5187 2356 5252 Quod
2406 5188 2574 5240 minus
2601 5203 2752 5249 qtttmt
2797 5194 2969 5255 gentes
3009 5186 3144 5240 estis.
3182 5183 3494 5257 chendum
3537 5202 3551 5240 :
3584 5183 3723 5251 Quid

2129 5259 2295 5330 minus
2311 5276 2459 5330 quam
2486 5268 2655 5328 gentes
2678 5259 2817 5330 estis.
2856 5262 3033 5311 llM'IS.

2204 5327 2468 5384 Extinctos
2490 5327 2742 5381 claritatis.
2778 5328 2842 5383 Ut
2870 5345 3030 5399 supra
3060 5328 3218 5382 Instt‘.
3266 5345 3393 5392 xxx,
3436 5327 3592 5391 Vixit,
3638 5336 3718 5392 et,

2132 5400 2363 5463 Extinxi,
2401 5401 2680 5455 Extinctus
2706 5400 2908 5453 ethnici
2931 5401 3180 5453 dicebant
3204 5400 3488 5454 defunctos
3521 5417 3533 5452 :
3563 5399 3719 5454 Chri-

2129 5474 2309 5537 stiani,
2344 5473 2651 5542 praunissos
2673 5514 2687 5535 ,
2721 5472 2785 5525 ad
2822 5472 2985 5525 Deum
3035 5471 3357 5537 translatos,
3387 5482 3641 5526 evocatos
3690 5488 3721 5527 a

2131 5544 2379 5599 Domino.
2409 5545 2526 5600 th.

2205 5614 2319 5669 Nec
2356 5616 2531 5669 dolore
2572 5614 2717 5668 duxit
2748 5624 2911 5683 pater.
2944 5613 3069 5669 "tl'c
3100 5614 3389 5670 Abrahatni
3421 5624 3475 5668 et
3508 5614 3725 5669 Ilavidis

2133 5688 2376 5758 exempla
2418 5688 2483 5740 ad
2514 5700 2854 5758 coounuttent
2887 5687 3027 5740 ltttnc
3060 5687 3127 5741 de
3169 5686 3290 5758 “his
3332 5684 3727 5758 noningendis

2137 5755 2309 5814 locum
2338 5760 2525 5813 citavit
2567 5757 2841 5812 linnodius
2871 5761 3156 5827 episcopus
3200 5755 3503 5811 Ticinensis
3549 5759 3723 5827 Epist.

2135 5834 2159 5888 I
2194 5832 2287 5887 lib.
2314 5848 2370 5896 ιι,
2396 5832 2482 5886 tthi
2519 5830 2838 5886 Sirmondus
2858 5833 3020 5884 hosce
3039 5828 3410 5885 Contmodiani
3430 5829 3730 5884 versiculos
