4020 6072
442 215 548 271 259
661 213 735 288 (ν.
781 204 971 286 me.)

443 331 682 388 Bibendo
706 332 975 404 superbis,
1007 332 1233 389 interior
1255 346 1284 386 a
1315 339 1496 387 mente
1523 329 1747 396 recedis,

440 424 695 495 ltegentis
718 425 1001 495 imperium
1032 434 1223 479 tenens
1251 422 1416 493 apud,
1448 422 1634 488 stulte,
1657 420 1959 493 Cyclopas:

437 515 569 572 Inde
593 518 647 573 in
678 517 917 573 historiis
946 535 958 572 :
990 517 1123 575 Dum
1147 524 1392 572 mortuus
1412 531 1518 572 non
1541 514 1688 580 bibo.
1713 512 1873 571 dicis.

437 608 650 679 Optima
674 609 807 663 mihi
840 608 1047 677 bibere,
1073 617 1129 664 et
1156 607 1320 664 corda
1350 621 1563 680 sapere.

438 699 798 756 Subministra
818 700 990 773 magis
1019 700 1170 773 (quid
1193 700 1425 772 amplius
1447 699 1645 772 quaeris
1665 699 1872 772 abuti?)

435 792 626 850 Iuﬂmo
647 794 957 866 pauperclo,
987 802 1042 850 et
1071 796 1223 850 eritis
1251 794 1412 850 ambo
1441 794 1654 852 refecti.

433 885 488 940 Si
514 883 679 941 facias
700 885 825 955 ista,
858 888 1129 958 extinguls
1156 886 1249 942 tibi
1276 887 1601 959 gehennam.

945 1015 1010 1056 ιι
1020 1015 1244 1056 ιν111.-
1280 1016 1521 1059 1118⁸10111.

429 1117 660 1177 Pascere
685 1120 777 1192 qui
810 1122 1029 1190 quaeris,
1056 1130 1112 1176 et
1135 1118 1276 1192 quod
1300 1120 1515 1190 potuisti
1541 1118 1779 1193 parasti;

431 1212 661 1269 Assidue
684 1212 954 1283 pascendo
983 1223 1132 1270 recte
1162 1213 1355 1270 fecisti.

427 1307 532 1363 Sed
567 1318 743 1364 tamen
772 1309 946 1366 invise
966 1322 1258 1381 pauperem
1280 1309 1371 1381 qui
1398 1316 1451 1365 te
1478 1323 1586 1364 non
1616 1315 1883 1379 repascat.

426 1400 579 1457 Tunc
598 1402 702 1457 erit
729 1417 915 1458 mensa
946 1412 1034 1457 tua
1059 1418 1155 1474 per
1177 1418 1341 1458 unum
1370 1403 1539 1459 Deum
1569 1403 1814 1474 probata.

424 1495 778 1566 Omnipotens
806 1494 942 1552 tales
967 1495 1051 1551 vel
1079 1497 1312 1552 maxime
1342 1497 1487 1568 pasci
1517 1497 1794 1568 prmcepit.

425 1588 656 1660 Respice
680 1605 803 1645 cum
833 1590 1009 1661 pascis
1040 1590 1307 1658 iullrmos,
1335 1601 1389 1647 et
1419 1590 1634 1647 feneras
1665 1591 1808 1646 Alto.

424 1681 481 1737 In
515 1681 605 1739 illo
633 1697 731 1740 vos
759 1683 1016 1738 Dominus
1046 1682 1218 1738 voluit
1245 1681 1497 1753 probatos
1527 1682 1741 1740 adesse.

958 1816 1140 1857 LXXIV.
1162 1829 1236 1841 ·-·
1272 1814 1487 1857 01111111.

422 1916 677 1971 Orantem
705 1916 748 1971 si
774 1914 960 1988 cupias
981 1912 1227 1971 exaudiri
1254 1913 1323 1971 de
1353 1913 1516 1978 caelo.

422 2008 634 2078 Rumpe
663 2006 732 2062 de
755 2007 997 2063 latibulis
1019 2007 1272 2079 nequitia.-
1296 2006 1531 2063 vincula.

420 2101 527 2156 Aut
549 2100 595 2154 si
618 2099 913 2156 benefactis
936 2116 1060 2155 ores
1088 2100 1377 2155 miseratus
1401 2099 1609 2171 egenis,

420 2192 497 2248 Ne
523 2192 736 2247 dubites
758 2192 882 2263 quin
913 2191 1060 2264 quod
1091 2193 1309 2262 petieris
1334 2184 1493 2249 detur
1517 2193 1717 2247 oranti.

421 2287 501 2341 'l‘u
532 2303 666 2343 sane
689 2287 733 2342 si
757 2288 930 2342 nudus
956 2284 1249 2343 benefactis
1284 2286 1450 2343 Deum
1476 2286 1688 2354 adores,

421 2381 477 2437 lu
511 2390 678 2437 totum
704 2396 771 2436 ne
798 2380 966 2436 facias
996 2380 1075 2436 sic
1100 2382 1373 2436 orationes
1399 2380 1602 2453 inepte.

1544 201 1969 267 COMSIODIANI
2009 204 2549 271 INSTRUCTIONES

2061 328 2112 389 A

3209 212 3289 285 (ν.
3331 213 3519 286 rasa.)
3627 213 3737 270 9.50

2594 345 2839 388 lJXXr—
2874 343 3055 387 NOII-IN
3094 346 3285 388 ΩΑΖᾹΞΙ.

2135 516 2331 571 Incolae
2356 515 2618 573 caelorum
2649 514 2811 572 futuri
2839 530 2962 572 cum
2993 515 3105 572 Deo
3131 514 3349 571 Christo

2137 608 2377 664 Tenente
2405 608 2747 679 principium,
2772 607 2988 665 vidente
3014 616 3205 664 cuncta
3230 606 3299 663 de
3324 608 3484 664 caelo.

2137 698 2487 770 Simplicitas,
2514 682 2755 765 bonitas;
2777 699 2987 755 habitet
3011 699 3064 755 iu
3091 713 3320 768 corpore
3344 708 3545 755 vestro.

2136 791 2297 847 Irasci
2326 791 2492 846 nolite
2521 792 2638 848 sine
2668 806 2828 849 causa
2850 790 3002 848 fratri
3028 791 3223 848 devoto
3254 809 3269 845 :

2135 886 2426 955 liecipietis
2447 887 2590 942 enim
2610 884 2871 958 quidquid
2894 885 3129 943 feceritis
3152 887 3220 942 ab
3251 887 3367 941 illo.

2135 979 2249 1035 Hoc
2275 979 2472 1050 placuit
2501 979 2735 1047 Chrism,
2766 995 3048 1052 resurgere
3077 990 3339 1046 mortuos,
3372 981 3500 1043 imo.

2136 1070 2269 1127 Cum
2295 1072 2408 1127 suis
2433 1072 2771 1144 corporibus.
2802 1080 2858 1128 et
2880 1087 3015 1141 quos
3044 1072 3182 1144 ignis
3205 1074 3343 1128 ussit
3367 1071 3418 1127 in
3446 1087 3589 1139 aevo,

2136 1167 2244 1223 Sex
2270 1167 2511 1223 millibus
2535 1167 2694 1223 annis
2718 1166 3003 1238 completis
3027 1166 3229 1223 mundo
3257 1165 3429 1222 ﬁnito.

2134 1261 2376 1319 Vertitur
2402 1263 2606 1318 interea
2634 1261 2830 1319 emtum
2857 1269 3045 1317 tenore
3070 1270 3307 1316 mutato:

2136 1352 2540 1411 Comburuntur
2564 1356 2708 1411 enim
2737 1355 2886 1425 impii
2918 1364 3044 1411 tunc
3071 1355 3194 1426 igne
3220 1353 3425 1410 divino.

2134 1446 2218 1501 Ira
2249 1448 2338 1502 Dei
2368 1446 2563 1503 summi
2592 1445 2747 1502 ardet
2771 1454 3018 1502 creatura
3050 1444 3341 1517 gemendo.

2137 1538 2451 1608 Digniores,
2480 1547 2768 1595 stemmate
2794 1549 2850 1595 et
2874 1538 3118 1611 generati
3152 1537 3449 1607 praeclaro,

2134 1631 2460 1703 Nobilesque
2481 1632 2581 1686 viri
2608 1631 2708 1687 sub
2730 1630 3067 1687 Autichristo
3087 1630 3336 1687 devicto:

2136 1727 2214 1782 Ex
2244 1737 2516 1798 praecepto
2542 1728 2637 1784 Dei
2660 1741 2874 1783 rursum
2904 1726 3155 1783 viventes
3182 1727 3236 1783 in
3262 1741 3419 1792 aevo,

2132 1823 2278 1879 Mille
2303 1822 2518 1894 quidem
2544 1822 2702 1878 anuis
2729 1831 2787 1878 ut
2811 1822 3053 1878 serviant
3076 1821 3279 1877 sanctis
3304 1831 3361 1876 et
3387 1820 3540 1887 Alto,

2136 1915 2249 1973 Sub
2270 1915 2400 1986 jugo
2424 1914 2639 1982 servili,
2668 1923 2727 1970 ut
2750 1923 2967 1987 portent
2993 1914 3242 1969 victualia
3271 1914 3447 1980 collo;

2138 2007 2209 2064 Ut
2238 2008 2429 2063 iterum
2459 2016 2640 2063 autem
2664 2005 2978 2078 iudicentur
3004 2021 3174 2078 regno
3203 2006 3381 2062 finito.

2134 2101 2511 2157 Nullilicantes
2538 2101 2706 2157 Deum
2725 2146 2739 2170 ,
2771 2101 3042 2173 completo
3072 2101 3361 2156 millesimo
3387 2116 3555 2169 anno,

2132 2194 2215 2249 Ab
2247 2195 2368 2266 igne
2397 2195 2679 2267 peribunt,
2709 2209 2833 2250 cum
2864 2193 3137 2249 montibus
3168 2194 3268 2264 ipsi
3300 2194 3590 2266 loquendo.

2132 2289 2189 2342 In
2219 2288 2390 2344 bustis
2416 2298 2474 2344 et
2498 2288 2718 2343 tumulis
2744 2289 2919 2343 omnis
2944 2303 3073 2343 caro
3100 2287 3347 2344 redditur
3366 2298 3519 2358 acto,

2134 2380 2526 2453 Demerguntur
2548 2381 2789 2451 inferno,
2819 2380 3040 2436 trahunt
3070 2396 3259 2453 ptenas
3288 2383 3340 2437 in
3369 2398 3509 2440 atro.

1779 2470 2348 2532 COMMENTARIUS.

420 2574 693 2630 obtulerat.
730 2573 1035 2629 emendatio
1065 2590 1079 2627 :
1117 2570 1331 2627 Ebrioso
1374 2571 1581 2626 modum
1611 2587 1714 2625 non
1742 2586 1895 2640 pono,
1935 2567 2025 2622 sed

419 2647 585 2728 bellua
614 2647 800 2728 ntajor.
830 2644 1328 2728 _Uude.apparebat
1363 2643 1466 2728 iste
1505 2657 1698 2698 sensus
1731 2660 1745 2695 :
1793 2642 2018 2699 Deditus

420 2718 686 2777 ebrietati.
722 2716 938 2771 modum
985 2715 1087 2770 sibi
1125 2733 1229 2769 non
1280 2715 1461 2782 ponit:
1510 2730 1609 2768 nec
1653 2728 1856 2782 ponere
1897 2731 2017 2766 11111-

420 2802 634 2844 nentetn
660 2790 837 2853 audit;
860 2788 955 2843 sed
984 2787 1154 2858 major
1176 2787 1373 2844 bellua.
1400 2787 1571 2853 major
1592 2785 1771 2840 helluo
1799 2786 2016 2841 modum

418 2862 561 2929 P‘lllii
612 2861 917 2914 combiboni
961 2875 1079 2924 suo,
1112 2874 1271 2929 quem
1315 2858 1523 2911 turbata
1571 2867 1753 2912 mente
1795 2858 2015 2926 crapula

418 2932 756 3000 eouSOpitutn
783 2932 1107 3003 prostrati“;

1163 2946 1247 2983 aut
1278 2944 1385 2986 non
1411 2928 1628 2993 utentis,
1655 2944 1763 2983 non
1792 2931 2019 2986 rationis

418 2946 756 3000 1τ11ιιςοι11111111
783 2946 1107 3003 proStravu;
1136 2946 1247 3055 Laut
1278 2946 1385 2986 non
1411 2946 1628 2993 mentis,
1655 2946 1763 2983 nou
1792 2946 2015 2986 rationis

416 3011 756 3073 compotem;
789 3019 853 3059 ac
880 3018 975 3072 per
1006 3000 1108 3073 hoc
1172 3002 1391 3057 elloam.
1418 3000 1530 3073 Sed
1556 3000 1823 3073 haacrsunt
1845 3016 2015 3073 expo-

2195 2570 2265 2625 Et
2310 2586 2437 2643 quos
2468 2569 2601 2641 ignis
2647 2570 2789 2643 assit
2823 2571 2877 2625 in
2923 2584 3051 2625 wt'O.
3079 2569 3313 2643 Legibus
3351 2569 3624 2627 Caesarum
3667 2571 3737 2629 de

2121 2641 2331 2714 pmnis,
2371 2658 2581 2697 summa
2634 2641 2732 2696 fuit
2778 2642 2982 2714 iunium
3037 2657 3217 2711 poena.
3247 2642 3538 2699 Christiani
3580 2660 3735 2711 vero,

2121 2713 2282 2770 etiam
2335 2716 2385 2768 in
2434 2714 2752 2781 corporibus
2816 2713 3217 2785 defunctorum,
3270 2731 3429 2785 rogos
3477 2724 3532 2770 et
3581 2716 3737 2771 busta

2122 2785 2605 2850 exhorrescebant,
2630 2801 2867 2855 praesaga
2894 2784 3188 2840 formidine
3208 2784 3506 2856 ignisillius
3523 2789 3736 2845 aeterni.

2122 2857 2237 2913 Hoc
2278 2859 2437 2927 igitur
2480 2859 2530 2911 in
2572 2856 2759 2930 primis
2804 2858 3086 2930 curabant,
3121 2865 3178 2911 ut.
3219 2860 3481 2930 martyrio
3525 2859 3736 2930 devotis
3770 2898 3779 2905 υ

2122 2930 2545 2983 ohllrmareutttr
2573 2929 2737 2999 animi
2776 2928 3033 2999 adverSus
3064 2929 3265 2999 ignium
3308 2928 3598 2985 tormenta.
3630 2929 3737 2985 Pe-

2126 3009 2242 3055 trus
2269 2999 2311 3067 l,
2357 2999 2552 3069 Epist.,
2577 3013 2653 3061 tv,
2683 2998 2772 3062 12,
2806 2998 3055 3053 hortatur
3091 2999 3422 3057 christianos
3466 3018 3533 3055 tte
3563 3016 3736 3071 expa-

416 3076 515 3127 sita
530 3050 583 3128 et
599 3050 780 3130 eoact’a
806 3050 984 3130 nimis.
1011 3064 1195 3143 itaque
1217 3073 1393 3143 placet
1415 3072 1513 3144 ista
1537 3072 1836 3141 simplicior
1851 3050 2021 3142 sciip-
2047 3050 2093 3113 Ο
2127 3050 2353 3127 vescant
2382 3050 2700 3144 uiarty‘riu'm
2725 3050 2772 3124 si
2801 3086 2898 3138 per
2925 3072 3076 3141 ignes
3102 3083 3158 3127 et
3188 3076 3454 3128 ustionem
3485 3050 3736 3143 corporis

418 3156 531 3200 tura
553 3165 564 3199 :
584 3146 803 3202 Ebrioso
826 3149 1032 3201 modum
1049 3158 1157 3199 non
1183 3160 1337 3212 pono,
1366 3144 1457 3199 sed
1476 3143 1701 3198 belluam
1718 3145 1867 3198 malo.
1896 3145 2014 3202 Btc.

487 3214 714 3273 Bibenda
753 3218 1004 3287 superbis.
1045 3216 1103 3273 111
1153 3216 1468 3288 apograpbo
1515 3214 1713 3285 legitur
1743 3233 1757 3269 :
1786 3220 2021 3285 supernis

417 3291 499 3343 vel
533 3292 788 3359 superius.
832 3290 953 3346 Bia.

420 3432 435 3486 1
494 3357 1025 3487 Ιξρῃέιὲιὶἷζὺημενὶηηι
1047 3368 1218 3416 tenens
1246 3360 1407 3429 apud,
1438 3357 1593 3417 stulte
1617 3358 1890 3431 Cyclopas.
1912 3360 2017 3417 Pco

442 3447 511 3487 vn
536 3448 635 3487 tem
668 3472 682 3485 .
763 3449 834 3487 te.

536 3448 682 3487 temt.
714 3448 834 3490 lilG.

442 3447 976 3560 ygltiil'dninlitigioriis.
1014 3502 1071 3558 111
1102 3502 1328 3575 fabulis,
1364 3505 1425 3575 iu
1455 3503 1718 3575 Odyssea.
1760 3504 1967 3561 Glossa:
2002 3527 2015 3563 :

417 3576 679 3654 'laropiat,
704 3578 1032 3654 monimenta.
1072 3574 1325 3654 flesycb_._:
1359 3574 1601 3653 ⁸1στορέῖ,
1630 3578 1855 3649 (meum,
1884 3579 2019 3635 ἕστο·

415 3651 527 3729 ρίοεἶ
552 3647 950 3729 papa-ripae,
970 3651 1036 3706 τὰ
1065 3647 1241 3729 iunia.
1276 3648 1391 3704 litt}.

487 3719 695 3789 Opth'na
723 3719 845 3773 inihi
883 3720 1067 3774 bibere.
1096 3719 1227 3774 Hoc
1261 3734 1325 3773 ex
1356 3733 1587 3784 persona
1628 3734 1720 3773 sna
1763 3720 2019 3777 Commo-

417 3790 610 3845 tlianns
637 3792 856 3859 apponit
885 3810 897 3845 :
931 3791 1177 3859 intelligit
1211 3801 1391 3845 autem
1426 3790 1612 3846 bibere
1642 3792 1805 3846 vitam
1851 3802 2015 3848 ater-

417 3879 539 3934 nnnt
562 3878 656 3931 per
675 3862 986 3927 Evangelia,
1008 3872 1272 3934 praecepta
1294 3872 1349 3917 et
1373 3864 1618 3926 exctnpla
1643 3864 1865 3919 Christi.
1895 3867 2013 3924 llic.

491 3933 763 4005 Extinguis
787 3936 874 3988 tibi
892 3936 1194 4005 gehennam.
1217 3934 1420 3989 Alludit
1442 3933 1506 3987 ad
1536 3934 1815 3990 historiam
1835 3936 2015 3993 divitis

416 4009 715 4075 purpurati.
748 4006 903 4077 cujus
931 4006 1109 4077 lingua
1140 4006 1279 4076 apud
1305 4008 1510 4061 inferos
1533 4017 1639 4060 tam
1661 4009 1873 4064 ardenti
1895 4026 2018 4064 cru-

414 4080 863 4152 ciatunurebatur,
883 4088 939 4131 ttt
963 4078 1031 4134 de
1059 4076 1247 4152 Lauri
1277 4078 1444 4149 digito
1471 4078 1723 4152 instillari
1738 4082 1837 4135 sibi
1863 4097 2016 4152 aqua!

415 4150 678 4205 tantillum
716 4164 812 4220 pro
838 4166 1048 4205 summo
1078 4151 1342 4205 levamine
1372 4160 1670 4216 exoptaret.
1703 4151 1858 4219 Luc.,
1884 4150 2010 4208 x'vu.

487 4219 740 4300 [:ssront.
771 4219 1135 4300 Conviratori,
1165 4223 1445 4300 ἑστιάτορι.
1477 4222 1598 4300 lito.

488 4290 777 4364 [imperem
802 4294 889 4363 qui
911 4304 958 4347 te
983 4309 1085 4346 non
1113 4310 1221 4364 rep.
1254 4290 1416 4350 lustr.
1449 4309 1556 4350 ut.
1584 4294 1704 4350 th.

490 4361 715 4418 Fcnems
755 4361 1236 4436 .{tl‘tortiypriau'us
1263 4366 1356 4420 lib.
1385 4368 1454 4421 de
1482 4366 1695 4434 discipl.
1748 4367 2013 4422 Patrimo-

415 4436 556 4511 nium
582 4444 724 4490 tuum
754 4433 1089 4511 Qeogfenera,
1118 4433 1377 4511 Christum
1400 4437 1529 4491 cibo.
1558 4433 2011 4511 ﬁta—Salomon
2040 4450 2094 4511 D

416 4506 574 4561 Prov.
604 4524 714 4572 tux,
746 4509 832 4563 l7:
862 4508 962 4576 Qui
991 4509 1206 4578 pauperi
1236 4512 1523 4574 miseretur,
1554 4508 1664 4563 Deo
1688 4512 1885 4578 [enerat
1908 4526 1928 4566 :
1962 4522 2018 4564 ttt

416 4578 778 4653 habetﬂvetus
825 4581 1103 4653 interpres
1137 4582 1278 4650 apud
1327 4579 1654 4653 Cyprianum
1704 4581 1912 4638 Testim.
1950 4583 2019 4636 ad

422 4652 567 4716 Quir.
599 4651 694 4707 lib.
730 4667 804 4711 111.
836 4648 1040 4721 ρθμξι.
1076 4648 1242 4707 Duas

473 4722 567 4777 -οε
593 4724 839 4777 latibulis.
874 4724 947 4777 De
964 4722 1162 4798 intimo
1190 4740 1412 4781 recessu
1436 4724 1653 4793 cordis;
1677 4725 1746 4782 de
1768 4736 2019 4798 penetra-

418 4795 557 4849 libus
584 4799 781 4852 mentis
804 4803 927 4850 tum.
963 4794 1191 4851 litatur.

494 4866 619 4922 Ores
646 4869 911 4921 miseratus
932 4870 1120 4937 egenis.
1148 4867 1420 4932 Paulinus,
1444 4871 1602 4935 epist.
1630 4886 1791 4925 xxxiv
1822 4889 1834 4922 :
1863 4869 2019 4923 Aliud

419 4946 512 5013 est,
539 4940 741 5013 quando
765 4948 818 4993 tu
838 4939 1117 5013 solusﬂoras
1138 4957 1231 5010 pro
1261 4951 1350 5013 te:
1373 4941 1614 5013 etAalind,
1645 4942 1852 5013 quando
1880 4942 2018 4995 mut-

421 5009 585 5063 titun’o
608 5028 698 5079 pro
728 5019 773 5064 te
800 5011 940 5081 apud
960 5008 1122 5064 Deum
1140 5008 1386 5081 trepidat.
1422 5011 1550 5068 RIG.

493 5102 679 5159 NDIEN
702 5104 905 5161 Cum.
932 5104 986 5160 ld
1009 5116 1092 5161 est
1110 5104 1465 5159 Commodiani
1479 5120 1499 5171 ξ
1520 5121 1547 5159 a
1574 5106 1739 5172 Gaza,
1761 5105 1976 5161 Gazrens
1999 5123 2018 5161 :

419 5192 448 5230 a
496 5174 830 5241 Commodis,
882 5175 1301 5231 Counnodianus.
1358 5178 1649 5231 Commoda
1708 5186 1884 5233 autem
1940 5179 2020 5232 di-

419 5258 613 5302 cuntur
648 5261 798 5316 opes,
845 5247 1065 5313 dinii:l‘.,
1109 5264 1261 5317 gaza.
1309 5246 1515 5303 Glossa:
1556 5259 1816 5305 veteres:
1849 5250 2014 5305 Com-

420 5319 598 5383 moda,
624 5320 878 5384 λυσιτελῆ,
905 5325 1179 5395 χρήματα.
1209 5320 1327 5377 Βιῦ.

498 5407 679 5482 Tenere
698 5411 1029 5481 principium.
1046 5411 1233 5467 Nullus
1254 5412 1441 5468 dubito
1461 5412 1589 5482 quin
1614 5411 1680 5467 ad
1707 5412 1834 5469 illud
1858 5413 2018 5469 Davi-

421 5483 571 5538 diutn
593 5481 682 5537 Ps.
712 5498 821 5547 etx,
856 5492 908 5547 4,
942 5486 1452 5553 respexeritanetor
1476 5481 1696 5540 :Tecunt
1709 5485 2020 5554 principium

384 5556 393 5561 ’
421 5558 475 5608 in
495 5554 578 5609 die
591 5556 793 5635 virtmis
809 5564 931 5635 ture;
943 5553 1204 5632 Nimirum
1224 5553 2017 5635 ttrincipium,_ii:pxri,principaf

423 5638 531 5681 tus:
548 5628 690 5698 quod
713 5629 875 5683 etiam
898 5626 1193 5698 Suetonius
1215 5626 1519 5698 principium
1540 5626 1696 5695 diiit',
1715 5637 1771 5682 ut
1787 5629 1852 5683 ad
1871 5626 2017 5683 citati

421 5696 618 5750 Psatmi
650 5698 830 5754 locum
889 5698 1100 5755 monuit
1127 5695 1470 5757 doctissimus
1501 5700 1852 5759 Heldensium
1880 5705 2019 5758 anti-

416 5778 530 5823 stes
558 5762 896 5827 Bessuetius.

2124 3144 2367 3205 accidat,
2402 3159 2502 3198 nec
2543 3147 2872 3199 exhorreant
2908 3152 3106 3197 utrem
3139 3159 3332 3199 novam
3354 3187 3367 3205 .
3403 3144 3732 3213 inauditam,

2124 3216 2432 3294 inusitatam
2453 3257 2467 3279 ,
2497 3213 2848 3294 aitt_alienam
2877 3216 3576 3294 christianiszpzigratiﬁcer
3593 3227 3662 3294 frgi
3683 3220 3736 3273 ἕν

2124 3288 2243 3363 ἡμῖν
2279 3290 2535 3363 πυρώσει.
2575 3287 2874 3363 Cyprianus
2907 3285 3005 3363 Ep.
3040 3301 3127 3363 Lyt
3154 3304 3167 3338 :
3197 3285 3382 3363 Nolite
3426 3290 3604 3342 mirari
3638 3285 3728 3341 "ar—

2123 3357 2300 3413 dorem
2344 3357 2659 3412 occidentem
2700 3357 2865 3421 vobis,
2901 3361 2987 3428 qui
3025 3358 3093 3411 ad
3140 3360 3469 3414 tentationem
3512 3371 3734 3414 vestram

2144 3432 2203 3496 it,
2251 3439 2381 3493 ete.,
2431 3430 2529 3503 ubi
2570 3430 2731 3503 etiam
2776 3428 3183 3503 obsertjat'imus
3238 3431 3502 3486 nonnihil.
3552 3430 3732 3503 Atque

2161 3516 2239 3557 :ec
2278 3501 2496 3572 parodia
2537 3501 2616 3555 sic
2656 3498 2821 3555 fuerit
2857 3501 3184 3557 christiana:

2309 3571 2351 3623 Ο
2375 3578 2585 3634 quantos
2604 3578 2770 3629 aestus,
2796 3579 3005 3634 quantos
3030 3572 3223 3633 patiere
3241 3571 3465 3625 labores!

2308 3636 2361 3685 Si
2382 3635 2565 3686 fuerint
2588 3637 2734 3698 ignes
2758 3648 2842 3683 res
2864 3635 3131 3697 peregrina
3154 3636 3263 3685 tibi.

2194 3697 2300 3772 Sea;
2364 3698 2591 3772 millibus
2618 3697 2826 3772 λαηιςὶε-
2862 3699 3167 3772 completis:
3204 3698 3450 3755 Justinus
3505 3699 3726 3772 Martyr.

2122 3769 2260 3825 Dial.
2310 3786 2429 3825 cum
2465 3769 2682 3841 .Tryph.
2724 3768 2874 3841 Jud.,
2911 3784 3030 3839 pag.
3064 3769 3191 3832 307,
3223 3772 3325 3825 hoc
3351 3785 3410 3823 se
3449 3788 3571 3826 cum
3617 3768 3731 3841 ple-

2120 3843 2303 3908 risque
2342 3841 2461 3895 aliis
2508 3840 2651 3896 recte
2702 3840 3063 3895 sentientibus
3108 3842 3332 3897 credere
3377 3840 3663 3911 profitetur
3711 3860 3726 3896 :

2117 3912 2240 3987 Ἐ’γώ
2278 3911 2351 3974 δὲ.
2396 3914 2569 4002 animi
2612 3914 2743 3974 τινές
2787 3914 2911 3967 εἰσιν
2954 3914 3327 4003 ῥρθοςίνὼξιογες
3372 3917 3507 4003 κατᾴ
3558 3917 3733 3972 πάντα

2119 3984 2446 4063 χριστιανοὶ,
2478 3985 2757 4063 ἀνάστασιν
2784 3987 2870 4038 καὶ
2889 3984 3036 4056 χίλία
3063 3984 3149 4043 ἔτη
3172 3984 3592 4063 ἔν-ξ1ερουσαλήμ,
3624 3997 3730 4043 etc.

2121 4056 2354 4124 Il'ujusce
2386 4057 2680 4125 temporis,
2725 4070 2987 4109 annorqu
3023 4072 3116 4112 sex
3161 4056 3340 4113 inille".
3379 4056 3729 4112 consumma-

2121 4128 2319 4183 tionem
2359 4127 2436 4182 sic
2465 4125 2684 4197 putabat
2714 4131 2859 4197 circa
2888 4142 2977 4178 an.
3008 4126 3139 4180 Chr.
3172 4128 3296 4183 569.
3326 4129 3392 4194 ρ.
3425 4126 3599 4184 Julius
3631 4128 3729 4183 Hi-

2118 4198 2270 4265 lario,
2290 4214 2447 4269 quem
2467 4195 2828 4253 Sarcinatiires
2845 4195 3193 4253 Βὶ11110111ροςυ
3208 4197 3427 4255 Patrum
3444 4200 3735 4257 ediderunt

2119 4286 2182 4325 ex
2233 4270 2556 4324 bibliotheca
2610 4270 2752 4325 Petri
2795 4269 2988 4325 Pithmi
3025 4287 3037 4323 :
3076 4288 3094 4321 1
3130 4269 3178 4326 Α
3209 4272 3458 4336 passioiie
3515 4272 3728 4327 Domini

2117 4342 2339 4404 Christi,
2367 4357 2435 4396 ex
2456 4357 2563 4412 quo
2593 4352 2831 4410 tempore
2860 4340 2963 4412 fide
2992 4340 3044 4394 in
3078 4359 3136 4397 se
3158 4340 3509 4397 credentibus
3538 4359 3729 4398 resur-

2121 4414 2417 4469 rectionem
2468 4411 2737 4483 pollicitus
2793 4412 2885 4468 Dei
2914 4411 3112 4476 Filius.
3168 4414 3292 4466 anui
3349 4416 3729 4484 compleantur

2127 4500 2348 4538 necesse
2379 4493 2462 4538 est
2491 4486 2865 4553 quadringenti
2909 4494 2963 4539 et
3008 4493 3348 4555 St'plttagtllla
3369 4527 3384 4551 ,
3419 4498 3475 4539 ttt
3506 4487 3728 4541 conclu-

2122 4558 2280 4612 datur
2303 4570 2514 4609 summa
2550 4573 2643 4611 sex
2674 4558 2897 4611 tuilliutn
2926 4570 3214 4610 annorum.
3257 4557 3498 4627 Septimo
3542 4557 3725 4613 mille-

2123 4629 2263 4683 simo
2300 4628 2617 4697 incipiente,
2657 4626 2763 4682 ﬁde
2790 4642 2913 4682 vera
2959 4630 3245 4690 credentes
3291 4626 3664 4684 liberabuntur
3695 4645 3729 4686 e

2123 4700 2344 4754 mundo.
2370 4698 2523 4755 Tunc
2545 4701 2685 4754 enim
2710 4699 2810 4753 erit
2836 4699 3162 4753 resurrectio
3193 4700 3361 4767 prima
3383 4709 3719 4757 sant-torum.

2127 4771 2200 4826 De
2244 4771 2651 4842 quadringentis
2696 4785 2823 4825 vero
2867 4779 2921 4823 et
2969 4773 3307 4842 septuaginta
3347 4769 3505 4826 annis
3534 4789 3562 4825 a
3595 4787 3725 4842 pas-

2124 4841 2277 4897 sione
2329 4844 2538 4897 Doutini
2572 4845 2623 4897 in
2652 4843 2995 4899 consulatum
3038 4841 3271 4895 Caesaris
3300 4852 3354 4895 et
3391 4841 3601 4908 Attici,
3633 4845 3727 4901 die

2125 4930 2268 4969 nono
2298 4913 2415 4969 Kal.
2450 4916 2621 4984 April,
2654 4915 2776 4968 anni
2809 4914 3138 4967 transierunt
3180 4913 3407 4968 trecenti
3441 4915 3724 4985 sexaginta

2124 5001 2338 5042 novem.
2374 4986 2597 5041 Restant
2628 4987 2804 5053 itaque
2832 4985 2953 5038 anni
2982 4995 3196 5039 centum
3227 4997 3279 5039 et
3311 5001 3471 5052 unus,
3507 4997 3566 5042 ut
3585 5002 3721 5043 cou-

2123 5070 2460 5114 summeutur
2486 5059 2610 5112 anni
2641 5074 2732 5113 sex
2760 5058 2929 5122 'mi1le,
2960 5068 3064 5111 etc.
3105 5076 3122 5107 1
3154 5055 3274 5113 th.

2196 5131 2459 5201 Cornplcto
2498 5128 2767 5185 titillesimo
2810 5143 2962 5182 mmo.
3012 5128 3279 5201 Epistula,
3313 5143 3433 5198 qua}
3467 5130 3722 5187 tribuitur

2124 5198 2403 5278 Barnaliuj,
2423 5202 2629 5273 pag.“
2651 5203 3092 5278 εΟὐκοῦνκτέιςνᾳ.
3121 5202 3171 5255 ἐν
3201 5198 3253 5265 ἓξ
3276 5202 3721 5278 *ἡμέραιςὰχτοῐς

2122 5274 2488 5347 ἑξακισχιλίοις
2510 5281 2667 5347 κετεσι
2687 5317 2701 5339 ,
2724 5273 3198 5347 Αᾳυντελεσθήσεῖσιι
3227 5275 3295 5327 τὰ
3338 5273 3527 5331 πάντα.
3554 5274 3721 5329 Vetas

2122 5343 2385 5415 interpres
2431 5346 2663 5401 latinus:
2721 5344 2870 5401 Unde
2922 5347 3053 5397 scire
3101 5343 3328 5411 debetis,
3378 5349 3497 5414 quin
3537 5347 3589 5400 in
3629 5363 3722 5401 sca:

2123 5417 2287 5471 mith’a
2321 5432 2570 5471 annorum
2606 5415 3089 5472 consumntabuutur
3121 5416 3313 5469 omnia.
3349 5416 3466 5473 th.

2194 5489 2321 5543 Cum
2348 5491 2602 5544 montibus
2628 5490 2725 5558 ipsi
2751 5487 3019 5558 loquendo.
3048 5485 3179 5541 an.
3206 5503 3383 5541 χχχιιι
3401 5528 3415 5551 ,
3443 5489 3544 5545 50:
3577 5488 3723 5544 Tunc

2122 5560 2364 5631 incipient
2394 5560 2559 5614 dicere
2588 5557 2875 5615 mentibus:
2905 5557 3086 5615 Cadite
3122 5575 3276 5631 super
3315 5574 3440 5622 nos;
3483 5570 3528 5614 et
3572 5563 3723 5616 colli-

2123 5629 2263 5757 bus};
2272 5632 2493 5758 60);)63'12
2510 5650 2621 5688 nos.
2644 5631 2794 5701 Quod
2813 5632 2980 5689 Oseas
3001 5629 3338 5703 pra-dixerat,
3366 5646 3423 5696 ι,
3446 5631 3480 5687 8
3504 5632 3719 5705 (Apoc.,

2126 5719 2177 5757 vr
2195 5745 2209 5758 .
2351 5745 2364 5757 .
2448 5719 2515 5758 IG.

2126 5719 2209 5765 vi.
2243 5706 2364 5773 l6).
2396 5706 2515 5763 Btc.

2199 5772 2377 5831 Omnis
2416 5791 2535 5833 caro
2574 5776 2805 5835 redditur
2832 5788 2967 5836 acto.
3010 5772 3271 5833 Redditur
3317 5781 3373 5831 et
3415 5774 3720 5836 restituitur
