4020 6072
291 199 402 260 277
519 204 596 279 (ν.
624 203 774 278 iss.)

1595 202 1960 263 ADVERSUS
1997 202 2293 262 GENTES.

3117 205 3195 278 (v.
3219 202 3373 278 159.)
3484 202 3598 293 278.

289 321 549 380 Stercore
593 331 721 379 tunc
757 323 1013 390 mittunt,
1041 323 1218 396 ipsum
1265 337 1362 395 pro
1392 328 1634 379 stercore
1658 320 1888 391 iactant.
1920 322 1969 382 Α
1996 318 2197 374 Rector
2217 318 2361 374 enim
2402 328 2589 375 noster
2617 319 2701 374 sic
2726 317 2964 389 undique
2994 325 3188 374 cuncta
3216 318 3516 389 gubernat;
3592 369 3596 385 ,

286 415 483 473 Omnia
512 418 558 472 sl
586 425 820 488 quaeras,
839 418 1008 488 magis
1027 427 1083 473 et
1104 416 1327 473 ridenda
1342 415 1613 472 videntur.

285 508 521 565 Additur
544 508 667 563 heic
692 508 837 563 aliud
875 526 889 562 :
927 509 1099 564 Vesta:
1126 524 1261 580 quas
1278 508 1525 579 Virgines
1559 509 1709 564 aiunt

286 601 680 671 Quinque-nues
705 602 895 672 epulas
913 602 1067 656 audis
1102 612 1319 671 portare
1348 603 1600 668 Draconi,
1781 662 1789 668 ,

287 693 395 763 Qui
428 704 604 749 tamen
632 704 726 748 aut
753 710 860 749 non
885 704 987 762 est,
1019 704 1109 750 aut
1130 697 1175 751 si
1206 705 1310 759 est,
1343 695 1592 751 diabolus
1614 697 1729 766 ipse
1759 705 1882 765 est,

283 785 517 842 Humani
540 787 754 856 generis
779 788 1083 843 contrarius
1112 799 1271 844 antea
1293 803 1502 844 suasor.

281 880 356 936 Et
381 890 709 936 venerantur
736 896 884 947 eum,
912 884 1002 953 qui
1038 897 1183 937 nunc
1208 883 1259 936 in
1294 884 1510 938 nomine
1530 881 1729 938 Christi

280 972 355 1027 Et
380 973 581 1039 tremit,
612 982 665 1027 et
693 975 911 1043 pendet,
943 988 1148 1047 suaque
1171 976 1349 1030 omnia
1379 973 1515 1030 facta
1547 975 1761 1030 fatetur.

278 1063 417 1133 Qua:
445 1078 597 1121 meus
628 1053 710 1119 est
730 1064 1031 1130 hominum,
1066 1077 1119 1120 ιιι
1140 1082 1235 1135 pro
1261 1066 1400 1122 veris
1419 1066 1550 1121 falsa
1575 1068 1878 1137 loquantur,

276 1158 386 1227 Qui
409 1157 694 1229 linquenda
723 1159 931 1219 colunt.
954 1169 1252 1230 contraque
1279 1161 1505 1215 colenda
1530 1160 1883 1232 relinquunt?

275 1247 400 1304 Jam
434 1261 518 1305 sat
545 1252 649 1307 erit
673 1252 828 1307 nobis
854 1254 1024 1307 vanos
1053 1267 1271 1307 narrare
1306 1253 1551 1309 timores.

275 1342 408 1402 llaec
435 1361 535 1415 ego
564 1354 754 1401 cuncta
785 1350 932 1415 prius
957 1386 971 1410 ,
1000 1347 1205 1401 clarum
1236 1358 1360 1402 cum
1390 1348 1571 1401 lumen
1604 1346 1831 1429 adeptus
1859 1382 1875 1413 ,

273 1440 465 1511 Neque
490 1441 579 1495 diu
603 1441 892 1508 incertum,
927 1450 980 1495 et
1010 1450 1087 1495 tot
1118 1441 1525 1512 tempestatibus
1550 1426 1729 1494 actum

273 1533 475 1591 Sancta
496 1535 719 1589 salutari
750 1536 985 1606 suscepit
1005 1536 1243 1590 Ecclesia
1278 1546 1431 1606 portu
1453 1579 1467 1603 ,

271 1626 517 1699 Postque
547 1644 713 1700 vagos
742 1622 938 1686 ﬂuctus
966 1630 1250 1702 tranquilla
1280 1626 1410 1687 sede
1439 1622 1639 1688 locavit
1669 1651 1683 1688 :

272 1718 345 1776 Ut
376 1722 509 1775 mihi
535 1722 643 1792 jam
674 1722 852 1789 liceat,
883 1722 1096 1780 detersa
1121 1725 1262 1779 nube
1285 1727 1550 1778 malorum

270 1808 549 1882 Tempore
578 1813 841 1884 promisso
865 1815 1037 1870 lucem
1070 1828 1291 1887 sperari:
1313 1826 1582 1873 serenam.

1995 413 2061 470 Ut
2090 413 2251 467 modo
2280 413 2371 485 qui
2401 414 2554 469 nobis
2582 429 2822 470 errorem
2857 412 3050 468 mentis
3080 412 3284 469 ademit
3309 454 3324 480 ,

1991 505 2089 560 Hic
2114 506 2336 562 meliore
2371 506 2452 560 via
2485 506 2715 575 paradisi
2746 505 2945 560 lumina
2974 504 3193 577 pandat.

1990 597 2141 653 Felix
2170 608 2348 653 nostra
2375 597 2536 654 Fides
2566 600 2950 667 uni,certoque
2981 598 3177 654 dicata.

1990 690 2140 748 Unus
2167 689 2308 745 enim
2333 691 2474 746 Deus
2502 700 2604 757 cst,
2631 690 2928 746 substantia
2959 690 3125 747 Filius
3157 707 3258 747 una
3280 733 3296 760 ,

1992 782 2139 840 Unus
2173 784 2224 838 in
2246 793 2470 853 utroque
2495 794 2577 838 est
2610 800 2743 838 unus
2763 785 2933 855 vigor,
2965 799 3066 838 una
3098 795 3362 856 potestas.

1988 877 2233 949 Namque
2265 878 2357 933 Dei
2387 878 2622 934 Verbum
2654 879 2825 949 patrio
2853 878 2920 932 de
2951 889 3167 949 pectore
3195 877 3443 937 Christus

1986 972 2252 1040 Emicuit,
2287 989 2607 1044 semperque
2638 973 2751 1038 ftiit,
2782 973 2871 1043 qui
2895 989 2999 1027 non
3028 974 3180 1044 quasi
3208 987 3364 1030 natus
3388 1018 3404 1042 ,

1986 1068 2093 1123 Ore
2120 1068 2215 1123 Sed
2244 1084 2516 1138 egressus,
2551 1068 2714 1122 chaos
2743 1068 2870 1122 illud
2901 1067 3061 1122 inane
3089 1068 3315 1123 removit
3340 1110 3357 1136 ,

1984 1161 2051 1216 Et
2078 1163 2198 1215 tulit
2224 1161 2505 1216 informem
2534 1171 2798 1216 contextu
2831 1161 3005 1215 noctis
3028 1160 3226 1215 hiatum
3262 1180 3275 1215 :
3354 1200 3362 1213 .

1984 1254 2368 1325 Distribuitque
2396 1255 2531 1310 locis
2560 1270 2728 1319 mare,
2760 1265 2953 1319 terras,
2987 1269 3134 1321 aera,
3167 1253 3385 1310 caelum.

1982 1347 2185 1415 Hisque
2215 1347 2364 1401 dedit
2392 1349 2661 1419 geminam
2691 1347 2841 1418 pulsa
2871 1348 3101 1418 caligine
3132 1347 3329 1402 lucem.

1982 1443 2079 1497 Ast
2108 1442 2195 1496 tibi
2225 1450 2416 1496 cuncta
2447 1457 2643 1496 novum
2673 1450 3238 1511 stupueruntsurgere
3265 1439 3433 1495 solem
3459 1482 3473 1504 .

1980 1530 2221 1605 Quatuor
2250 1536 2363 1590 hzec
2382 1534 2558 1590 hausit
2587 1536 2747 1590 variis
2770 1535 2987 1590 exordia
3022 1535 3204 1590 rebus.

1980 1627 2115 1685 Sunt
2137 1627 2382 1683 homines
2412 1629 2590 1695 terris,
2612 1638 2738 1683 sunt
2768 1628 2952 1682 addita
2978 1627 3157 1683 sidera
3184 1628 3347 1696 ctelo,

1976 1720 2120 1776 Aere
2148 1719 2349 1791 pendet
2376 1720 2509 1783 avis,
2540 1718 2745 1791 liquido
2771 1728 2918 1774 natat
2947 1735 3166 1790 aequore
3193 1720 3375 1791 piscis.

1980 1813 2068 1870 Sic
2088 1815 2356 1870 elementa
2386 1815 2499 1869 suis
2526 1813 2805 1871 decoravit
2832 1814 3037 1884 singula
3064 1813 3252 1870 formis
3277 1856 3292 1879 ,

265 1904 391 1961 Jam
416 1876 673 1975 prior-illa
704 1909 873 1968 salus.
905 1910 1063 1979 quam
1100 1876 1331 1978 perdidit
1362 1909 1648 1966 immemor
1674 1906 1868 1978 Adam,
1900 1876 1948 1937 ﬂ
1977 1909 2172 1966 Nexuit
2201 1909 2557 1964 ltalc'diversa
2590 1910 2732 1976 licet,
2760 1908 3102 1979 discretaque
3129 1910 3325 1979 junxit,

266 1996 425 2053 Tunc
449 2013 576 2053 vero
600 1999 862 2055 suadente
888 1999 1050 2067 malo,
1084 2016 1229 2055 nunc
1258 2001 1462 2072 remige
1491 2001 1733 2068 Christo,

264 2088 438 2145 Eruta
461 2091 531 2147 de
558 2094 795 2163 scopulis
825 2108 1042 2165 semper
1070 2108 1321 2150 inausura
1350 2103 1617 2167 resurget.

1978 2003 2280 2075 Iunctaque
2310 2004 2586 2069 discrevit,
2619 2019 2739 2073 qua:
2757 2018 2899 2058 nunc
2931 2003 3099 2057 divisa
3130 2002 3429 2058 cohaerent.

1979 2095 2193 2152 Claudit
2222 2098 2367 2153 enim
2402 2112 2638 2154 oceanus
2670 2108 2866 2153 terram
2893 2138 2909 2163 ,
2934 2111 3084 2153 mare
3112 2094 3397 2163 clauditur,
3428 2096 3545 2169 ipse

1582 2188 2145 2248 COMMENTARIUS.

263 2283 563 2353 peregrinos
614 2284 692 2337 uel
735 2294 1013 2339 stercoreus
1041 2324 1053 2347 ,
1087 2283 1191 2341 Sed
1236 2301 1333 2340 cur
1370 2284 1575 2340 Adonis
1626 2296 1865 2353 stercora

260 2350 613 2425 patiebatur?
659 2352 889 2409 Causam
916 2357 1188 2411 ἰιινοιιίεςθ
1211 2358 1339 2410 mihi
1370 2356 1577 2411 videor.
1609 2350 1866 2412 Nonnulli

261 2426 568 2481 Adonidetu
605 2442 789 2480 semen
823 2427 981 2482 tritici
1013 2442 1134 2482 esse
1179 2437 1518 2487 statuerunt.
1570 2430 1709 2483 inter
1734 2442 1869 2485 tllIOS

260 2496 538 2574 Theocriti
588 2498 1016 2574 Sclmliastesita
1058 2501 1265 2553 loculus
1298 2510 1401 2554 est.
1452 2498 1685 2574 Ἀδωνιςν,
1712 2501 1867 2574 ἤγουν

260 2569 290 2624 ὁ
318 2577 484 2635 σῖτος,
512 2568 539 2624 ὁ
564 2571 899 2647 σπειρόμενος
927 2572 1168 2647 diuisor;
1204 2575 1253 2626 ἐν
1292 2581 1354 2647 τῇ
1381 2580 1445 2644 ’γῇ
1488 2580 1623 2627 ποιεῖ
1648 2568 1868 2634 snake;

260 2647 492 2703 σπορᾶς.
509 2655 615 2695 etc.
631 2644 850 2714 Adonis,
866 2644 1092 2695 videlicet
1108 2644 1416 2714 frumentum
1434 2655 1597 2696 sutum
1615 2660 1705 2696 sea:
1720 2660 1866 2696 men-

254 2728 339 2765 ses
377 2713 518 2764 [turni
556 2713 648 2766 sub
692 2714 888 2767 satione
926 2713 1083 2783 degit.
1110 2712 1245 2767 Tam
1281 2716 1415 2768 bene
1456 2715 1616 2776 igitur
1635 2714 1864 2768 Adonidi

257 2795 505 2838 stercora
523 2795 794 2852 aptantur.
814 2801 971 2850 quam
991 2787 1188 2839 tritico.
1208 2786 1338 2853 Quia
1358 2802 1488 2840 vero
1514 2788 1651 2840 inter
1672 2784 1858 2839 Vulca-

258 2868 413 2919 num,
445 2853 771 2922 Venerisuue
810 2858 1043 2910 amasios
1079 2858 1369 2911 ἰηὶιῐιιρίιίητ
1409 2854 1851 2922 intercedebant;

257 2924 386 2980 hinc
409 2926 611 2997 Adonis
643 2927 781 2981 male
810 2926 1044 2992 habitus,
1077 2944 1241 2996 quum
1274 2927 1493 2982 Vulcani
1528 2945 1677 2982 Sacra
1700 2943 1852 2997 pera—

251 2998 543 3066 gebantur.
588 2996 691 3052 llas
739 3013 869 3067 ergo
915 3001 1190 3066 ριόμὶονυδ
1231 3014 1422 3053 causas
1448 2996 1726 3064 arbitror,
1758 3016 1855 3054 cur
1881 2998 1925 3062 C

253 3068 398 3124 adeo
440 3071 609 3139 turpia
652 3071 741 3125 ille
767 3071 819 3125 iu
852 3067 1235 3126 Vulcanalibus
1264 3070 1447 3126 subire
1474 3078 1779 3142 Cogerelur.

1529 3143 1673 3198 Men.

329 3210 515 3286 Ipsum
557 3224 910 3286 pro‘stercore
932 3213 1150 3286 iactant.
1196 3213 1326 3284 Leg.
1354 3215 1521 3286 ipsum
1551 3232 1642 3284 pro
1669 3210 1691 3267 .’
1717 3224 1853 3286 stero

251 3298 382 3340 core
409 3283 631 3354 iactant.
666 3283 795 3338 Heio
821 3286 946 3337 eniti
976 3285 1074 3340 loci
1108 3303 1200 3353 pro
1222 3283 1298 3342 rei
1326 3283 1743 3356 indignationem
1764 3284 1849 3338 in-

251 3357 401 3411 dicat
422 3397 438 3419 ,
486 3372 583 3411 nec
610 3358 1009 3426 pra-positionis
1035 3356 1150 3413 rice
1184 3358 1443 3428 fungitur,
1473 3357 1566 3414 sed
1599 3356 1852 3426 interjec-

254 3428 442 3483 tionis.
476 3428 675 3484 Voaca.

328 3499 690 3568 Quinquennes
716 3500 913 3568 epulas.
944 3500 1116 3568 Quum
1154 3502 1282 3557 mihi
1332 3501 1519 3556 horum
1547 3502 1845 3556 carminum

249 3582 509 3642 germana
540 3572 825 3639 explicatio
857 3572 1064 3637 lateret,
1092 3576 1295 3627 montiit
1314 3590 1397 3628 me
1416 3573 1652 3628 Joannes
1666 3570 1845 3627 Ciam-

249 3647 411 3713 pinus
442 3644 523 3697 vir
545 3646 722 3697 clarus
746 3644 800 3697 et
827 3646 1112 3698 niaximum
1138 3644 1293 3701 Urbis
1310 3646 1496 3708 decus.
1520 3646 1846 3713 solutionem

245 3708 278 3769 Es
326 3713 511 3784 Lipsin
555 3714 834 3782 petendam
875 3729 994 3782 cap.
1028 3732 1056 3769 χ
1084 3716 1152 3770 de
1177 3716 1358 3783 Vesta,
1379 3730 1431 3772 et
1461 3717 1662 3772 Vestal.
1691 3708 1845 3773 Hunc

245 3788 502 3853 equidem
530 3796 801 3841 auctorem
825 3797 947 3839 ante
987 3791 1360 3843 coiisulneram
1394 3830 1408 3851 .
1454 3790 1547 3844 scd
1574 3792 1843 3843 incurioso

243 3857 513 3928 eﬂ'ngerat
539 3856 651 3911 haec
679 3857 929 3911 eruditio.
962 3857 1136 3924 inquit
1165 3872 1340 3914 autem
1368 3862 1413 3915 is
1449 3902 1459 3913 .
1496 3881 1513 3911 ε
1548 3862 1602 3915 ln
1619 3860 1842 3928 ambage

242 3931 331 3986 vel
391 3929 532 3983 nube
555 3938 659 3996 est,
707 3930 847 3997 quod
878 3930 927 3982 iu
970 3931 1215 3985 Silvestri
1241 3932 1723 4001 Actisqnihnsdam
1760 3932 1839 3985 le-

242 4003 392 4072 gitur
436 4019 451 4057 :
490 4001 747 4055 Draconis
773 4017 894 4054 cum
936 4018 1046 4073 ora
1072 4005 1352 4069 clausisse,
1383 4017 1435 4058 et
1468 4014 1726 4073 perpetuo
1754 4020 1838 4057 er—

241 4073 462 4144 gastulo
490 4076 846 4141 inancipaSse,
879 4072 963 4127 Cui
1008 4071 1262 4128 Kalendis
1295 4071 1519 4143 singulis
1547 4071 1579 4128 a
1612 4074 1839 4139 Virgini-

242 4142 346 4200 bus
379 4142 559 4197 Vesta:
585 4144 909 4214 suppeditari
933 4144 1085 4198 Solita
1105 4158 1227 4199 sunt
1250 4142 1523 4201 alimenta.
1573 4147 1704 4199 Nam
1718 4146 1837 4215 quis

240 4228 489 4271 veterum
521 4215 622 4268 tale
649 4218 889 4287 aliquid?
916 4232 1089 4285 eoque
1116 4220 1292 4285 sperni
1335 4229 1423 4270 aut
1463 4218 1619 4287 abjici
1664 4236 1691 4270 a
1718 4234 1836 4287 ima-

241 4290 363 4357 guis
395 4289 525 4341 viris
558 4297 613 4339 ut
642 4286 769 4340 falSa
792 4330 806 4354 ,
837 4288 1013 4341 video.
1046 4286 1127 4342 Me
1157 4297 1441 4344 cum-tante
1469 4286 1539 4341 an
1568 4304 1670 4342 non
1703 4286 1836 4343 Ter-

241 4360 502 4413 tullianus
534 4357 635 4411 huc
660 4359 970 4422 adspexerit
1008 4359 1073 4412 ad
1116 4360 1277 4415 Uxor.
1308 4374 1426 4429 cap.
1464 4362 1515 4415 ϐ.
1546 4361 1690 4415 hisce
1715 4374 1834 4414 ver-

241 4431 360 4485 bis:
389 4429 579 4484 Ruina:
623 4428 844 4497 quidem
883 4447 1003 4498 qua:
1051 4431 1189 4500 ignis
1238 4428 1385 4486 illius
1415 4431 1834 4501 inextinguibilis

238 4502 528 4572 imaginem
552 4503 1070 4572 tractantraiopiria
1100 4518 1262 4570 pa-nm
1283 4520 1392 4556 sum
1410 4520 1528 4557 cum
1554 4505 1670 4563 ipso
1704 4503 1833 4556 lira-

236 4571 376 4628 coné
401 4582 656 4643 cumules
697 4573 766 4625 de
809 4571 1121 4641 Virgmitztte
1150 4588 1456 4628 censentur.
1501 4586 1520 4626 ι
1556 4573 1595 4627 ll
1618 4590 1678 4628 rc
1707 4574 1832 4643 Lip—

236 4646 373 4699 sius.
408 4640 487 4697 Tn
528 4657 659 4714 vero
685 4643 842 4714 sodes
885 4640 1091 4698 intuere
1118 4653 1374 4713 quantum
1404 4648 1657 4714 ponderis
1687 4640 1832 4701 liisi-e

236 4714 491 4770 omnibus
526 4731 555 4768 a
615 4712 833 4768 Paulino
894 4712 1147 4787 accedat.
1189 4712 1470 4785 Quomodo
1517 4724 1647 4771 vero
1684 4718 1830 4787 quin-

236 4800 461 4853 quennes
488 4786 668 4857 opulus
714 4797 888 4851 vocet,
936 4785 1106 4839 fati-or
1134 4802 1218 4841 me
1238 4791 1473 4842 nonduin
1505 4785 1825 4858 percepisse.

242 4858 480 4912 Ilaltetur
529 4860 743 4925 quidem
788 4860 838 4911 in
892 4858 1079 4913 codice
1126 4872 1309 4913 ttuStt‘n
1363 4860 1617 4929 scriptum
1672 4878 1829 4930 qucu-

235 4945 475 5000 quenms,
500 4942 552 4982 at
582 4945 756 4997 neque
781 4943 1033 4996 metrum,
1064 4944 1236 5000 neque
1261 4946 1452 4986 sensus
1483 4932 1617 4985 hanc
1637 4934 1827 4987 lectio-

234 5016 367 5056 nem
400 5002 685 5074 patiuntur,
718 5003 1084 5074 scriptumque
1102 5018 1199 5074 pro
1230 5005 1611 5072 quinqnenneis.
1634 5003 1772 5059 th.

318 5073 424 5139 Qui
454 5072 743 5140 linquenda.
787 5072 990 5126 Similis
1043 5072 1189 5128 locus
1258 5074 1558 5129 Minuciano
1589 5092 1608 5129 :
1643 5075 1827 5130 Nonne

228 5144 520 5218 ridiculum
556 5157 630 5199 est
663 5185 678 5209 ,
735 5144 814 5198 rel
842 5146 1015 5217 lugere
1039 5146 1176 5215 quod
1211 5146 1371 5211 colus,
1406 5149 1481 5202 vel
1508 5145 1670 5202 colere
1689 5150 1825 5218 quod

230 5216 453 5289 lugeas?
478 5216 613 5271 Mua.

306 5287 421 5359 Ego
466 5288 856 5360 cunctaprius.
897 5285 1025 5342 llcic
1073 5303 1290 5343 versum
1342 5298 1527 5354 nhn‘m,
1577 5291 1824 5360 pluresve

227 5358 427 5414 deesse
458 5374 617 5415 nemo
644 5358 994 5434 diffitebitur;
1025 5374 1222 5431 quippe
1247 5363 1406 5417 verba
1440 5358 1613 5434 priora
1654 5363 1706 5416 in
1738 5364 1821 5418 in—

225 5445 312 5484 cei
329 5441 384 5485 to
410 5441 638 5502 manent
685 5427 1026 5497 similemque
1044 5427 1272 5487 'settstuu
1292 5475 1306 5491 .
1330 5445 1386 5487 ut
1413 5427 1785 5502 compleantur
1804 5478 1818 5501 ,

225 5503 514 5563 requirunt
544 5520 555 5552 :
596 5499 721 5555 Ilwc
774 5516 865 5572 ego
909 5512 1089 5556 cuncta
1118 5505 1258 5571 prius
1288 5504 1441 5558 dubia
1472 5499 1634 5558 mente
1657 5499 1824 5561 volve?

225 5575 373 5635 bum,
406 5582 453 5627 et
474 5574 687 5646 probare
713 5575 1013 5646 nesciebant,
1045 5575 1242 5628 clarum
1271 5593 1383 5629 cum
1415 5579 1581 5629 lunten
1610 5578 1823 5646 adeptus

222 5661 370 5707 sum,
423 5658 522 5699 etc.
562 5643 702 5699 Mm.
738 5672 820 5715 :-
854 5644 1208 5698 l‘lxistimabat
1226 5648 1269 5699 cl
1320 5648 1662 5715 Mttt'atorins,
1702 5643 1820 5707 lteic

222 5716 435 5787 aliquid
477 5710 996 5795 deessquruditus
1048 5714 1319 5779 Vonckius
1363 5719 1595 5791 legebat,
1649 5710 1821 5798 clarus

1971 2300 2096 2358 sum
2116 2286 2285 2338 lumen
2311 2285 2527 2352 adeptus
2546 2327 2561 2351 ,
2590 2294 2682 2340 aut
2702 2284 2899 2358 clarum
2930 2301 3046 2358 cum
3066 2357 3069 2358 ν
3088 2285 3260 2340 lumen
3304 2286 3571 2358 adeptnm.

1972 2354 2099 2428 Mihi
2133 2366 2310 2428 tamen
2353 2359 2518 2425 magis
2546 2358 2806 2428 probatur
2833 2356 3105 2425 lipsiensis
3149 2354 3416 2428 Anonymi
3444 2374 3575 2413 con-

1964 2426 2197 2495 jectura.
2231 2446 2249 2478 ‹
2284 2427 2443 2494 Quid.
2475 2428 2666 2495 inquit,
2696 2427 2739 2482 si
2759 2428 2968 2497 legeres
2998 2429 3200 2482 clarum
3230 2426 3374 2493 ρωιιι
3403 2428 3571 2484 lumen

1970 2499 2187 2567 adeptus
2210 2498 2235 2550 ?
2279 2497 2368 2553 Sic
2407 2500 2584 2552 omnia
2616 2499 2754 2554 bene
2778 2499 3026 2554 fluerent.
3071 2500 3206 2554 Dicit
3252 2501 3521 2555 Antonius
3550 2518 3565 2556 :

1968 2567 2095 2622 llarc
2118 2584 2217 2639 ego
2247 2578 2437 2625 cuncta
2472 2571 2621 2636 prius
2658 2571 2886 2640 cogitavi
2914 2612 2929 2634 ,
2971 2586 3130 2638 quam
3161 2572 3365 2626 clarum
3386 2573 3568 2628 lumen

1968 2640 2196 2711 adeptus
2221 2657 2391 2707 eram,
2420 2649 2715 2712 sanctaque
2745 2642 2985 2696 Ecclesia
3013 2656 3099 2698 me
3126 2643 3435 2768 recipiebat.
3468 2662 3489 2695 ι

3261 2729 3384 2767 ALL.

3261 2729 3384 2767 ALL.

2036 2778 2290 2839 Ecclesia.
2319 2784 2392 2838 Ita
2417 2783 2572 2839 effert
2601 2782 2733 2839 alibi
2761 2783 3019 2840 Paulinus
3046 2784 3148 2839 hoc
3178 2800 3375 2840 nomen
3404 2785 3565 2840 metri

1960 2858 2153 2926 gratia.
2190 2854 2249 2911 ln
2283 2855 2520 2926 Epithal.

2055 2967 2253 3031 grande
2278 2976 2656 3025 sacramentum,
2680 2982 2779 3031 quo
2802 2969 2943 3017 nubit
2978 2966 3201 3017 Ecclesia
3225 2966 3435 3019 Christo.

2051 3029 2143 3079 Hic
2168 3042 2254 3080 vos
2269 3030 2439 3081 nectat
2458 3042 2613 3093 amor,
2641 3029 2739 3094 quo
2758 3032 2957 3093 stringit
2974 3031 3196 3081 Ecclesia
3217 3030 3479 3082 Cbristnm.

1957 3136 2014 3190 lu
2064 3136 2183 3191 Nat.
2216 3154 2268 3192 1v
2318 3154 2528 3208 quoque
2554 3130 2778 3208 etralibi.
2814 3137 2887 3192 lta
2917 3138 3076 3192 etiam
3112 3138 3386 3205 usurpavit
3413 3141 3561 3194 Ano-

1959 3223 2176 3282 iiyinus,
2206 3209 2296 3264 lib.
2322 3207 2372 3282 1.
2394 3207 2581 3263 contra
2603 3207 2951 3274 Marcionem,
2982 3209 3046 3265 iis
3066 3209 3415 3278 carminibus,
3436 3212 3556 3282 quae

1957 3278 2286 3335 'l‘ertulliano
2313 3281 2693 3336 adscribuntur
2726 3298 2740 3334 :

2047 3394 2129 3445 Sic
2153 3398 2205 3445 et
2222 3395 2280 3458 Αι
2300 3396 2501 3446 ostolico
2523 3394 2987 3479 decurrigEcciesla
3005 3396 3181 3447 verbo.
3206 3396 3338 3449 Mus.

2029 3499 2097 3574 Ut
2120 3503 2287 3556 modo.
2314 3501 2548 3566 Tempus
2571 3502 2845 3567 designat,
2876 3518 2983 3571 quo
3010 3501 3126 3574 hinc
3154 3504 3367 3574 scriptis
3396 3519 3553 3560 man-

1952 3568 2134 3635 dabat,
2180 3588 2371 3641 ucmpe
2397 3587 2596 3626 annum
2630 3574 2754 3631 595.
2776 3587 2836 3627 se
2859 3568 2997 3627 enim
3023 3573 3208 3627 Nolam
3231 3568 3403 3641 nuper
3422 3591 3554 3630 ron-

1953 3643 2144 3697 tulerat
2174 3642 2456 3707 Paulinus,
2488 3654 2539 3697 ut
2568 3644 2640 3698 ibi
2672 3646 2925 3713 religioso
2959 3646 3156 3714 pioque
3194 3646 3407 3701 vivendi
3434 3647 3550 3702 ins-

1951 3716 2106 3787 tituto
2151 3716 2303 3787 daret
2349 3714 2765 3787 operaniavnle
2795 3731 2916 3787 qu
2957 3716 3190 3772 disserui
3239 3717 3291 3772 in
3341 3717 3545 3773 Praefa~

1950 3786 2093 3839 tione
2121 3785 2186 3839 ad
2218 3788 2317 3841 hoc
2348 3785 2564 3840 Poctna.
2596 3786 2737 3841 Men.

2021 3856 2123 3911 Hic
2160 3857 2369 3911 metiore
2402 3859 2503 3917 via.
2538 3864 2645 3912 etc.
2674 3858 2997 3913 Mnratorius
3024 3859 3104 3914 sic
3134 3858 3497 3932 distinguebat
3530 3881 3543 3917 :

2039 3968 2131 4035 ilic
2153 3970 2363 4035 meliore
2388 3973 2463 4035 via
2488 3972 2696 4035 paradisi
2718 3971 2884 4020 limina
2904 3973 3083 4035 pandat

2038 4032 2200 4083 Felix.
2226 4033 2402 4084 Nostra
2425 4032 2549 4083 fides
2573 4036 2657 4084 uni
2683 4032 2925 4096 certoque
2946 4033 3124 4084 dicata.

1943 4136 2048 4193 Sed
2079 4154 2200 4193 cum
2241 4140 2368 4193 viris
2399 4137 2626 4193 eruditis
2656 4138 2726 4192 ita
2775 4138 3183 4207 distinguendus
3228 4119 3315 4197 hic
3348 4142 3497 4198 locus
3525 4160 3540 4206 ;

1943 4224 2049 4279 non
2071 4220 2127 4264 nt
2155 4212 2513 4279 interpunrtio
2533 4211 2604 4264 sit
2629 4217 2747 4275 post
2776 4225 2970 4264 nomen
3004 4210 3174 4271 Felix.
3208 4229 3271 4268 ac
3295 4214 3539 4270 illiusve-

1943 4278 2020 4334 litt
2041 4281 2287 4406 Mar‘llyris
2321 4281 2544 4336 Paulino
2576 4280 2832 4337 celebrati
2857 4297 3053 4337 nomen
3086 4283 3151 4338 ad
3186 4286 3369 4357 priora
3396 4285 3537 4342 refe—

1943 4364 2108 4406 ratur.
2190 4369 2348 4406 ones.

1943 4364 2108 4407 ratur.
2148 4364 2348 4410 Voxcn.

1858 4397 1913 4457 Ῑ)
2419 4424 2555 4499 locis
2588 4424 2790 4499 ctutum.
2829 4423 2937 4478 lies
2966 4423 3339 4495 disquisitione
3377 4426 3538 4499 digna

1936 4496 2151 4550 videtur
2176 4496 2488 4556 Muratorio.
2510 4496 2652 4563 quod
2687 4511 2856 4557 mare.
2891 4505 3082 4557 terras.
3110 4511 3236 4551 aera
3264 4507 3317 4552 et
3338 4496 3530 4554 caelum

1939 4568 2332 4639 elementorum
2358 4570 2577 4639 nomine
2600 4566 3124 4639 distittguasanctor,
3163 4585 3335 4639 neque
3364 4571 3534 4625 hilum

1936 4638 2003 4691 de
2032 4640 2149 4707 igne
2177 4640 2395 4708 cogitet.
2460 4636 2531 4692 At
2573 4636 2950 4706 philosophum
3002 4637 3119 4692 heic
3149 4636 3324 4707 egisse
3367 4642 3536 4695 Anto-

1937 4708 2083 4761 nium
2146 4707 2265 4762 non,
2311 4722 2491 4777 putem
2547 4726 2559 4761 :
2612 4709 2850 4764 imitatus
2896 4707 3129 4763 fortasse
3185 4710 3347 4765 verba
3394 4714 3534 4769 sacri

1932 4782 2213 4847 scriptoris
2262 4778 2392 4834 Gen.
2442 4782 2463 4832 l
2524 4779 2614 4833 ubi
2660 4795 2761 4834 nec
2818 4780 2924 4833 tilla
2971 4781 3102 4848 ignis
3129 4782 3348 4834 mentio.
3392 4782 3531 4839 Pru-

1933 4848 2149 4905 dentius
2178 4851 2336 4905 etiam
2366 4852 2533 4921 ignem
2568 4866 2675 4906 non
2708 4854 2952 4923 agnoscit
2982 4861 3252 4919 tamquam
3292 4853 3534 4909 elemen-

1935 4931 2045 4996 tum
2080 4938 2173 4996 per
2200 4938 2258 4976 se
2284 4926 2623 4996 consistens._
2644 4925 2738 4978 sed
2768 4922 2911 4994 quod
2935 4937 2998 4977 ex
3023 4923 3128 4975 alio
3158 4924 3524 4996 progignitur,

1931 4991 2025 5048 lib.
2053 5010 2088 5047 ι.
2120 4994 2451 5066 Symmach.,
2483 5010 2533 5050 v.
2564 4994 2691 5052 595.

2025 5127 2269 5195 Quidquid
2286 5128 2480 5191 humus,
2506 5129 2729 5195 pelagus,
2751 5127 2927 5195 ciuium
2952 5125 3178 5195 mirabile
3199 5131 3379 5195 gignit,

2023 5190 2077 5240 1d
2099 5192 2294 5242 duxere
2315 5195 2455 5252 deos,
2466 5190 2644 5255 colles;
2670 5192 2813 5252 freta,
2842 5190 3059 5251 numina,
3084 5190 3320 5245 ﬂammas.

2003 5296 2236 5362 Quatuor
2276 5298 2382 5354 Isaac
2410 5299 2597 5353 hausit.
2622 5313 2711 5351 var
2745 5311 2829 5352 ex.
2875 5294 2983 5351 reb.
3006 5294 3139 5368 Leg.
3178 5299 3326 5355 auxit
3357 5317 3371 5356 :
3397 5314 3527 5358 nan.

1928 5369 2098 5423 hausit
2120 5384 2338 5437 prorsus
2357 5371 2525 5424 nihili.
2553 5368 2758 5424 Voucx.

2003 5440 2093 5494 Sic
2120 5441 2387 5494 elementa.
2409 5441 2504 5494 Vix
2535 5442 2638 5493 erit
2658 5445 2943 5511 quisquam
2966 5482 2982 5503 ,
3030 5441 3118 5496 cui
3145 5456 3285 5497 nova
3308 5458 3415 5499 non
3441 5444 3527 5497 vi-

1928 5510 2121 5566 deatur
2151 5513 2360 5567 Paulini
2392 5510 2683 5565 sententia.
2714 5510 3002 5581 En'aperte
3029 5529 3191 5577 mare,
3223 5524 3408 5582 terras,
3437 5529 3529 5566 ae-

1929 5599 1987 5635 ru
2017 5584 2198 5637 caelum
2227 5585 2613 5637 elementorum
2646 5584 2862 5639 nomine
2884 5582 3204 5652 distinguit.
3236 5597 3413 5651 neque
3446 5582 3541 5635 bi—

1931 5654 2041 5728 lnm
2089 5655 2156 5711 de
2201 5657 2321 5723 igne
2371 5652 2589 5723 cogitat.
2620 5652 2731 5713 Res
2764 5655 3008 5728 pulchra,
3062 5649 3124 5711 et
3157 5649 3562 5723 disquisitione

1931 5724 2111 5794 (ligno.
