4020 6072
434 289 546 347 979
658 286 893 361 (v.l79.)

427 408 545 464 Axe
568 406 667 462 sub
691 407 930 460 :etliereo
956 398 1165 456 medius
1187 395 1527 453 concluditur
1550 409 1664 450 aer.

429 499 544 555 lloc
566 499 728 554 etiam
753 495 967 559 caelum,
1000 491 1143 562 quod
1172 506 1271 547 nos
1300 490 1529 547 sublime
1550 487 1794 542 videmus
1811 528 1825 550 ,

423 592 529 651 Sex
557 589 675 650 aliis
703 589 840 645 infra
873 598 956 643 est
981 588 1156 656 spatio
1180 583 1716 651 snrgentibttsa'quo,

420 686 656 756 Postque
680 687 903 738 thronos
922 690 1152 750 Septem,
1182 687 1305 749 post
1330 685 1408 730 tot
1427 672 1669 731 ccelestia
1698 685 1859 743 regna

422 778 636 834 Caetera
666 790 791 847 pars
814 775 1014 843 omnis,
1045 788 1164 841 qua:
1180 770 1389 826 cunctis
1408 770 1608 825 eminet
1637 767 1803 828 ultra,

424 874 557 943 Quae
587 887 751 942 super
789 870 1022 934 excedit,
1058 881 1179 937 quae
1209 865 1409 936 passim
1442 863 1614 917 tendit
1635 859 1687 915 in
1716 859 1904 924 altum,

421 970 555 1036 Qua:
579 965 694 1020 ~ine
726 964 832 1019 ﬁne
855 971 1024 1031 patet,
1047 975 1206 1030 quam
1239 973 1341 1015 nec
1372 970 1527 1011 mens
1547 951 1751 1023 colligit
1781 950 1891 1005 ulla
1911 990 1929 1015 ,

422 1063 583 1120 Lucis
614 1063 903 1115 inaccessa-
932 1057 1126 1111 domus
1151 1064 1265 1117 est,
1294 1050 1561 1120 sedesque
1590 1045 1825 1117 potentis

423 1157 621 1213 Sancta
652 1152 744 1208 Dci
769 1151 910 1206 unde
942 1148 1148 1219 procul,
1175 1161 1293 1216 qua:
1322 1142 1452 1199 fecit
1481 1140 1693 1194 subdita
1713 1136 1908 1192 cernit.

422 1250 609 1306 Omnia
638 1247 717 1301 sic
744 1251 995 1299 constant
1019 1283 1034 1307 ,
1078 1240 1205 1295 dum
1232 1236 1454 1300 Spiritus
1483 1234 1661 1289 omnia
1687 1230 1875 1301 cingit.

423 1344 549 1399 llaec
579 1341 767 1397 eadem
797 1353 1025 1411 qnormu
1054 1335 1208 1389 nobis
1239 1330 1555 1388 conceditur
1578 1343 1704 1382 usus
1730 1369 1745 1393 ,

421 1434 552 1506 Quae
579 1434 734 1507 polus
765 1429 991 1486 inferior
1011 1440 1205 1498 magna
1236 1422 1612 1494 complectitur
1638 1418 1782 1476 Urbe
1802 1460 1819 1482 ,

1424 275 1702 335 amona
1724 271 2020 330 cannon
2059 266 2432 330 aovsnsus
2467 233 2761 327 esurias.

2044 401 2097 461 Α
2122 384 2328 443 Cuncta
2359 387 2480 443 licet
2503 385 2705 442 distent
2723 422 2737 446 ,
2764 394 2870 436 una
2896 391 3019 434 cum
3040 389 3174 448 pace
3200 381 3471 429 tenentur.

3266 252 3500 329 (v.l9l.)
3609 250 3719 310 280

2121 480 2361 551 Denique
2385 494 2581 545 nomen
2605 476 3009 537 habentuuum,
3040 480 3166 525 sunt
3195 467 3377 523 omnia
3402 463 3652 522 Mundus.

2118 574 2273 631 Hunc
2297 577 2459 630 etiam
2482 572 2654 631 Gfthi
2677 572 2912 627 Cosinon
2940 567 3126 622 dixere
3150 570 3362 636 priores
3395 577 3411 615 :

2120 667 2255 722 Hinc
2284 668 2354 721 ita
2385 666 2745 736 compositum
2778 662 3122 731 distinguens
3152 666 3379 726 utraque
3402 654 3581 726 lingua

2118 759 2353 817 Cosmon
2383 758 2451 813 ab
2476 767 2693 821 ornatu,
2722 754 2976 810 Mundutn
3006 752 3073 807 de
3101 750 3301 805 lumine
3325 746 3482 803 dixit.

2121 853 2252 909 Nam
2284 868 2392 920 quo
2421 852 2500 906 sol
2539 851 2690 909 uitet.
2709 849 2813 904 hoc
2835 858 3005 903 tomm
3035 843 3290 900 sordebat
3317 845 3368 897 in
3398 840 3618 908 umbra,

2122 948 2188 1003 Et
2216 954 2398 1001 manet
2435 944 2764 1013 exemplum,
2796 940 3047 1013 quotiens
3073 953 3178 994 nox
3207 936 3385 992 omnia
3419 935 3604 1004 findat,

2124 1038 2193 1094 Et
2213 1038 2372 1093 docet
2388 1052 2453 1092 ex
2484 1035 2743 1099 tenebris,
2772 1048 2893 1104 qua:
2918 1032 2987 1087 sit
3012 1030 3134 1086 data
3162 1029 3330 1102 gratia
3365 1028 3519 1084 lucis.

2128 1130 2231 1187 Tot
2261 1131 2399 1186 bona
2427 1132 2517 1201 qui
2549 1130 2695 1195 iecit,
2723 1127 2815 1198 qni
2840 1127 2919 1181 sic
2943 1133 3199 1196 Operatus
3228 1122 3425 1192 ubique
3454 1129 3574 1190 est,

2122 1225 2221 1282 Hic
2248 1228 2390 1282 Deus
2418 1224 2489 1280 de
2507 1228 2673 1279 corde
2705 1222 2820 1287 Dei,
2855 1222 2940 1276 hic
2966 1220 3197 1288 Spiritus
3225 1217 3356 1281 oris,

2121 1318 2303 1374 Sancti
2330 1331 2511 1372 sermo
2533 1315 2727 1378 Patris,
2754 1321 3025 1368 tantarum
3055 1309 3257 1365 fabrica
3283 1323 3462 1366 rerum
3497 1324 3513 1364 :

2122 1411 2231 1468 Nec
2258 1427 2317 1467 se
2338 1411 2582 1483 Paganus
2610 1407 2812 1475 laudet,
2836 1407 2881 1462 si
2909 1407 3039 1462 vitat
3068 1403 3208 1460 idola
3227 1444 3245 1470 ,

1758 1525 2319 1591 COMMENTARIUS.

498 1667 700 1723 Medius
720 1660 1039 1718 concluditur
1059 1671 1170 1711 aer.
1188 1654 1359 1716 Absit,
1389 1658 1449 1706 ut
1468 1647 1839 1720 imaginariam
1861 1646 2010 1701 illam
2045 1650 2090 1710 Β

425 1741 564 1811 ignis
591 1738 890 1807 sphaeram,
917 1746 1076 1802 quam
1107 1725 1424 1809 Aristoteles
1451 1725 2015 1811 ejusque-sectatores

623 1789 1040 1882 rescoggitaiu'ntn
1072 1817 1134 1856 ac.
1152 1800 1446 1853 etiamnum
1480 1789 1725 1863 probant.
1759 1789 2015 1882 Plit-liliﬂtls

424 1860 608 1939 inin};
632 1860 931 1934 admiserit.
964 1874 1097 1928 Hinc
1126 1886 1307 1924 aerem
1341 1882 1447 1921 non
1477 1860 1503 1916 ἐι
1532 1860 2013 1939 (ιυιιιμιιθιιιίιίἰξηίι-

426 1929 795 2014 nisi,"
815 1929 910 2003 sed
945 1946 1013 2001 ab
1042 1946 1246 1999 aethere
1274 1939 1477 1995 cmlove
1515 1936 1828 1990 conclusum
1859 1929 2014 1986 aflir-

424 2037 555 2082 mat.
590 2024 731 2080 Men.

501 2074 728 2168 Desit-(pie
754 2095 963 2147 thronos
990 2099 1200 2160 septem.
1220 2084 1341 2168 .Nou
1373 2089 1581 2168 septem
1614 2087 1826 2168 tantum
1839 2118 1868 2168 ζ
1894 2074 2015 2168 ‘sed

426 2150 620 2226 novem
641 2150 747 2222 'sub
774 2150 1383 2235 empyreoconstitutos
1404 2153 1575 2235 luisse.
1604 2150 1772 2235 cados
1799 2150 2023 2235 omnino

424 2223 723 2297 linendum.
764 2223 981 2306 Septem
1010 2248 1075 2288 ex
1114 2233 1178 2286 iis
1215 2226 1451 2283 errantia
1488 2223 1669 2279 sidera
1698 2229 1923 2285 tenent,
1966 2228 2024 2273 ut

420 2313 584 2371 habet
612 2310 907 2367 versiculus
943 2324 958 2362 :

519 2430 739 2495 Cynthia,
763 2426 1054 2479 Mercurius.
1078 2422 1267 2482 Venus,
1289 2426 1342 2471 et
1361 2417 1464 2477 Sol,
1487 2416 1632 2475 Mars,
1657 2413 1801 2472 Jove,
1821 2410 1988 2461 Satur.

426 2537 686 2593 Octavum
732 2550 762 2590 a
808 2534 926 2588 lixis
961 2531 1229 2587 sideribus
1275 2535 1605 2595 occupatur;
1641 2533 2027 2595 nouittm__vero

428 2590 661 2677 primum
687 2606 882 2660 mobile
923 2614 1003 2659 est
1026 2646 1040 2667 ,
1075 2602 1159 2656 eui
1185 2590 1428 2654 succedit
1454 2608 1794 2667 cmpyreum.
1822 2590 2030 2677 Qihilo-

427 2663 607 2735 ininus
631 2688 839 2747 Septem
866 2663 1036 2731 troilus
1063 2685 1189 2728 ante
1225 2684 1539 2747 empyreutn
1554 2663 1785 2747 “cistam!
1825 2663 2030 2747 discrt-e

428 2734 913 2808 Paulimis'smitit.
962 2749 1075 2815 Qua
1106 2734 1818 2815 rationequmris?.Pontiea
1864 2734 2032 2815 facul-

428 2833 540 2879 tate
562 2820 863 2891 rcspoudeo
888 2837 903 2882 ;
938 2807 1357 2891 siiptidemapnd
1384 2809 1637 2891 poetasin
1664 2814 1854 2891 octavo
1866 2807 2031 2891 C(BlO,

431 2876 681 2950 videlicet
705 2895 755 2946 in
781 2876 1190 2946 sidc'reo'cmlo.
1221 2876 1310 2939 lini
1339 2876 1536 2938 summi
1558 2876 1892 2936 domicilium
1924 2888 2032 2933 sta-

425 2969 611 3021 tuitur.
647 2964 896 3031 Virgilius
922 2962 1015 3017 lib.
1046 2963 1127 3015 l0.
1160 2956 1377 3014 IEneid.
1416 3000 1423 3011 .

526 3075 896 3135 Conciliumque
918 3082 1057 3125 vocat
1077 3073 1244 3122 divum
1263 3078 1425 3135 pater,
1439 3078 1590 3136 atque
1610 3070 1864 3120 hominum
1880 3080 1973 3119 rex

528 3139 785 3193 Sidereatn
806 3140 856 3189 in
880 3137 1112 3189 sedem...

438 3243 626 3370 Siltlon.
663 3243 898 3314 Apollin.
950 3243 1001 3297 in
1051 3241 1312 3313 Panegyr.
1353 3240 1491 3295 Aviti
1536 3238 1603 3294 de
1636 3237 1860 3293 deorum
1903 3250 2036 3292 eon-

438 3332 484 3369 ει
513 3332 564 3370 ιο
594 3336 606 3370 :

437 3332 564 3372 CIIIO
594 3336 606 3370 Ζ

534 3431 648 3484 inse
668 3431 998 3493 pavimentum
1015 3435 1123 3493 sunt
1150 3426 1333 3493 sidera,
1354 3426 1453 3488 jam
1476 3425 1627 3475 Pater
1645 3437 1800 3473 aureo

534 3491 849 3558 Tranquillus
871 3506 987 3541 sese
1003 3491 1127 3540 solio
1150 3491 1339 3539 locat...

443 3597 725 3662 Euripides
766 3597 841 3670 in,
872 3596 1004 3670 June
1042 3597 1151 3656 Διὸς
1181 3591 1675 3670 minque-79093899
1714 3592 1861 3670 {ovis
1899 3594 2042 3662 pavi-

443 3679 667 3723 mentum
699 3668 1117 3732 multisidercum,
1148 3662 1526 3735 appellatfcui
1555 3665 1692 3719 adde
1706 3662 1987 3735 ChryStisl.
2023 3706 2037 3728 ,

443 3740 591 3795 Orat.
624 3738 659 3793 2
709 3740 778 3793 de
827 3740 915 3793 Dci
965 3749 1075 3791 nat.
1106 3738 1370 3805 aliosque.
1405 3736 1528 3791 Fuit
1557 3737 1672 3790 lucc
1704 3752 1917 3806 quoque
1950 3752 2042 3791 ve-

445 3822 619 3866 terum
648 3812 1065 3865 Christianorum
1094 3809 1380 3863 sententia.
1419 3807 2044 3862 Decwlorumdiversitate

445 3881 771 3939 Philastrius
804 3882 1092 3938 brixtensis
1134 3882 1421 3950 episcopus
1451 3879 1821 3949 imaginariam
1871 3877 2039 3934 Incre-

446 3954 549 4009 sim
580 3963 823 4008 recenset
852 3969 972 4022 eap.
1004 3953 1094 4016 46,
1127 3953 1308 4021 aitque
1340 3969 1352 4004 :
1390 3969 1408 4001 ‹
1446 3953 1573 4008 Sive
1595 3966 1724 4017 ergo
1753 3964 1846 4003 seu
1876 3951 2043 4005 ccelos

446 4024 738 4080 secundum
786 4025 970 4085 David.
997 4037 1046 4079 et
1089 4024 1373 4092 septimum
1408 4024 1506 4077 hoc
1536 4026 1928 4076 firmamentum
1955 4036 2045 4077 ac-

450 4096 631 4163 cipere
659 4099 776 4162 quis
821 4097 1074 4155 voluerit.
1110 4112 1216 4150 non
1258 4106 1398 4149 errat
1435 4110 1595 4148 :natn
1632 4094 1888 4147 Salomon
1932 4105 2044 4148 tres

454 4169 623 4224 eteius
649 4169 803 4233 dicis,
837 4170 905 4223 ita
933 4167 1155 4229 t'tBlttm,
1190 4179 1237 4221 et
1268 4166 1467 4222 ccelum
1490 4165 1634 4222 cudi.
1665 4165 1863 4219 Paulus
1891 4180 2045 4235 a-que

451 4241 746 4306 Apostolus
792 4256 959 4311 usque
987 4239 1054 4293 ad
1087 4240 1300 4311 tertium
1328 4240 1529 4311 coelum
1554 4253 1615 4293 se
1645 4247 1857 4311 raptum
1906 4236 2043 4311 fate-

453 4321 562 4365 tur.
592 4312 717 4367 Site
745 4307 885 4377 ergu'
899 4322 1105 4379 septem
1135 4310 1257 4376 quis
1286 4309 1579 4378 acet-perit.
1610 4320 1666 4363 ut
1694 4307 1884 4374 David,
1927 4310 2045 4365 sive

456 4391 587 4445 tres,
619 4383 729 4436 sive
757 4381 913 4449 duos,
946 4398 1051 4434 non
1077 4390 1240 4437 errat.
1273 4399 1293 4432 ι
1332 4381 1471 4436 Mun.

533 4452 682 4509 Unde
709 4453 908 4522 procul.
944 4453 1216 4522 Virgilium
1240 4452 1516 4519 imitatur,
1549 4452 1618 4507 ita
1646 4451 1740 4507 lib.

457 4537 736 4582 canentem
763 4542 777 4578 ζ
916 4531 921 4537 ’

551 4639 915 4702 Conciliumque
940 4643 1079 4690 vocat
1101 4640 1266 4690 divum
1284 4642 1604 4702 pater,atque
1620 4636 1872 4686 hominum
1894 4648 1988 4687 rex

552 4703 811 4753 Sideream
837 4701 886 4752 in
907 4704 1099 4759 sedem,
1122 4710 1283 4751 terras
1305 4701 1437 4751 unde
1460 4702 1643 4750 arduus
1663 4712 1837 4749 omnes

552 4765 818 4829 Castraque
838 4764 1166 4815 Dardanidum
1183 4770 1473 4829 spectat.....

463 4872 877 4945 Liceatqnoque
925 4871 1228 4945 italicornm
1253 4879 1432 4945 vatum
1466 4871 1761 4945 principem
1792 4869 1912 4927 beic
1958 4884 2053 4926 au-

464 4943 581 4997 dire
608 4943 700 4999 lib.
726 4959 765 4998 ι.
797 4944 1181 5016 Hierosolyma:
1209 4942 1492 4999 Liberatus.

560 5056 765 5116 Quando
784 5058 895 5119 dall’
918 5058 1018 5108 alto
1040 5056 1195 5116 snino
1221 5058 1252 5107 il
1274 5058 1435 5108 Padre
1461 5066 1652 5119 eteruo,

559 5120 644 5184 Ch‘
667 5121 697 5170 ὲ
723 5118 851 5170 nella
878 5131 1015 5184 parte
1041 5123 1124 5184 piit
1144 5121 1227 5170 dcl
1248 5121 1350 5172 Ciel
1376 5124 1589 5184 sincera,

562 5182 638 5232 Gli
657 5185 792 5244 occhj
817 5182 974 5245 iu‘gih
997 5182 1152 5233 celse.
1179 5197 1209 5233 e
1236 5184 1286 5232 in
1312 5197 1374 5231 nn
1397 5183 1469 5233 sol
1497 5191 1661 5244 punto,
1689 5194 1718 5232 e
1742 5183 1793 5232 in
1815 5197 1911 5233 una

559 5245 697 5295 Vista
722 5246 843 5295 miro
864 5246 941 5295 cio
963 5247 1040 5296 ch'
1069 5249 1117 5296 in
1141 5261 1199 5296 se
1226 5245 1255 5293 Ἰ
1282 5245 1461 5294 mondo
1484 5245 1661 5295 aduna.

521 5351 884 5419 Complectitur
907 5352 1061 5405 Urbe.
1093 5353 1319 5407 Romani
1354 5351 1562 5419 imperii
1596 5350 1729 5407 lines
1750 5352 1970 5408 eosdem
2000 5368 2063 5411 ac

470 5424 617 5551 olrbis
651 5436 914 5480 terrarum
943 5424 1120 5479 Poeta:
1157 5434 1476 5479 statuerunt.
1507 5422 1672 5479 Rutil.
1693 5465 1708 5491 ,
1740 5424 1793 5479 in
1827 5424 2007 5482 Itiner.
2043 5470 2060 5495 ,

470 5510 502 5551 e
526 5510 746 5551 eaanter
774 5515 789 5551 ε

470 5510 746 5568 eleganter
774 5515 789 5551 ε

562 5611 793 5688 Dumque
812 5610 963 5688 olfers
976 5610 1125 5688 victis
1141 5612 1319 5688 proprii
1342 5611 1583 5688 consortia
1594 5607 1726 5688 juris

692 5674 874 5725 Urbem
896 5674 1076 5726 iecisti.
1094 5675 1175 5736 qui
1193 5674 1327 5736 prius
1350 5675 1483 5723 orbis
1507 5681 1629 5723 erat.

472 5757 756 5813 Scholiast.
787 5762 840 5813 in
886 5759 1102 5814 Ilionvs.
1136 5758 1204 5812 de
1245 5758 1348 5810 situ
1396 5757 1513 5812 orb.
1560 5755 1686 5820 ὅπερ
1713 5756 1768 5814 δέ
1790 5759 1936 5820 πόλις
1961 5765 2069 5819 τοῖς

474 5778 756 5813 δυηθιιειςι.
788 5778 840 5813 ιη
886 5778 1102 5814 monvs.
1136 5778 1204 5812 ut:
1245 5778 1348 5810 snu
1396 5778 1513 5812 oru.
1560 5779 1652 5813 om
1713 5778 1768 5814 os
1790 5778 1936 5820 πολις
1961 5779 2066 5819 τοις

466 5831 627 5891 αὐτῆς
674 5831 829 5906 ὁρίοις
874 5834 961 5884 καὶ
1003 5834 1207 5906 χώραις
1251 5832 1384 5894 ἐστὶ,
1414 5835 1567 5883 τοῦτο
1731 5832 1762 5887 ἡ
1789 5831 1935 5889 mih;
1978 5839 2066 5890 τῆς

2116 1640 2330 1717 exequ
2360 1642 2674 1717 oixoutss'rric,
2709 1641 2889 1717 ᾧσπιρ
2933 1642 3317 1717 αὐτῆς-κῴρᾳς
3368 1633 3507 1693 ἄστυ
3559 1655 3721 1717 nouos

2119 1708 2534 1786 ἀποδεδειγμένῆ.
2572 1710 2721 1786 Quod
2740 1708 2915 1786 gute'm
2943 1721 3017 1766 est
3043 1708 3363 1786 suis'ﬁiribus
3402 1719 3448 1762 et
3494 1708 3722 1786 regioni-

2120 1786 2214 1839 bus
2233 1787 2349 1838 urbs
2368 1780 2572 1852 aliqua,
2607 1784 2702 1838 hoc
2734 1782 2912 1837 Rome
2937 1792 3008 1837 est
3058 1782 3210 1837 totius
3243 1780 3376 1834 orbis
3403 1780 3677 1852 provinciis
3698 1821 3715 1844 ,

2162 1857 2266 1911 ιιιιή
2313 1850 2579 1909 commune
2622 1855 2776 1908 totius
2820 1853 3109 1908 habitabilis
3130 1866 3278 1907 terrm
3296 1852 3545 1921 oppidum
3589 1850 3725 1906 liiuc

2173 1943 2293 1982 oma
2324 1926 2623 1998 Claudiano
2647 1926 2847 1981 dicitur
2866 1968 2880 1991 ,
2907 1942 3022 1998 quae
3050 1925 3218 1998 fundit
3246 1925 3300 1978 iu
3326 1939 3523 1998 _omnes
3563 1923 3725 1993 impe-

2124 2000 2277 2054 rium.
2337 1998 2428 2054 Sic
2477 1997 2597 2052 Plin
2630 2041 2645 2065 ,
2689 2012 2814 2066 cap.
2866 1994 2940 2065 5,
2973 1994 3066 2052 lib;
3092 2011 3229 2051 XXXV
3259 2038 3273 2058 ,
3325 1994 3549 2051 liomam
3584 2008 3727 2066 esse

2125 2087 2279 2125 unum
2335 2081 2635 2125 cunctarum
2686 2064 3005 2139 gentium’m
3038 2079 3141 2123 toto
3166 2066 3530 2139 orbeApatriant
3544 2064 3723 2139 dixit.

2125 2143 2289 2197 Plura
2346 2152 2467 2211 pete
2506 2158 2536 2195 a
2585 2137 2888 2211 Bulengero
2916 2184 2932 2210 ,
2975 2140 3042 2197 de
3098 2141 3231 2210 lmp.
3284 2137 3438 2194 Rom.
3468 2179 3485 2206 ,
3518 2137 3613 2193 lib.
3663 2153 3722 2205 Il,

2125 2228 2245 2283 Cap.
2279 2215 2331 2268 5.
2366 2213 2508 2268 MUB.

2204 2285 2340 2340 Hinc
2364 2285 2455 2338 itu.
2485 2283 2761 2340 Arrideret
2797 2302 2811 2340 :
2844 2284 2995 2339 Hunc
3021 2286 3110 2339 ita.
3147 2283 3288 2339 Moti.

2200 2356 2419 2431 Cosmon
2436 2357 2498 2431 ab
2518 2366 2723 2431 ornatu.
2752 2358 2954 2431 Κόσμος
2976 2355 3293 2431 Craicisest
3321 2363 3722 2431 ornamentum.

2130 2430 2212 2485 Ab
2242 2431 2342 2483 hac
2362 2428 2751 2499 signiﬁcatione
2775 2471 2790 2494 ,
2826 2425 3011 2483 mundi
3055 2428 3145 2499 qui
3185 2425 3390 2482 Grmcis
3417 2428 3617 2497 κόσμος
3646 2425 3729 2478 di-

2130 2503 2294 2567 citur,
2328 2514 2522 2554 nomen
2553 2498 3055 2555 derivannueenset
3078 2498 3499 2568 Paulinus,quia
3520 2515 3576 2551 ro-
3597 2510 3727 2550 vera

2132 2583 2215 2628 εει
2267 2571 2499 2624 mundus
2551 2582 2774 2626 venusta
2811 2580 3249 2625 ornamentorum
3279 2572 3467 2625 series.
3495 2568 3595 2623 Alii
3628 2569 3730 2624 ἀπὸ

2132 2646 2359 2718 κόσμου,
2386 2645 2587 2718 quiest
2613 2642 2760 2709 ordo,
2797 2658 2891 2698 seu
2935 2642 3138 2707 modus,
3165 2641 3396 2718 nominis
3424 2641 3729 2718 ltnjus_ety:

2136 2711 2423 2785 Inoiogiani
2459 2715 2772 2779 deducunt,
2818 2730 2983 2785 quum
3059 2714 3289 2768 mundus
3337 2711 3728 2785 rernm_simt_tl

2135 2782 2395 2842 noxarum
2436 2794 2596 2856 atque
2623 2782 2987 2840 ordinaturum
3022 2801 3146 2841 vere
3174 2785 3245 2840 sit
3274 2794 3465 2839 status.
3512 2782 3731 2838 Tertul-

2137 2859 2335 2920 lianns,
2360 2855 2619 2912 adversus
2658 2856 2940 2922 Marcium,
2966 2858 3060 2912 lib.
3082 2873 3098 2912 ι
3117 2898 3131 2919 ,
3162 2869 3332 2927 poetae
3360 2866 3543 2910 nostro
3571 2855 3731 2927 subs:

2138 2932 2299 2987 cribit
2333 2948 2347 2984 :
2382 2947 2400 2980 ι
2432 2927 2668 2998 Utergo,
2705 2948 2725 2979 ι
2762 2931 2857 2989 ait,
2886 2947 2906 2979 ε
2939 2928 3138 2999 aliquid
3155 2924 3344 2983 deistn
3373 2927 3529 2995 hujus
3550 2924 3735 2999 mundi

2059 3018 2106 3080 ρ
2139 3001 2357 3072 indigno
2389 2996 2599 3080 loquar,
2621 3001 2705 3054 cui
2732 3011 2787 3055 et
2805 3001 2945 3068 apud
2972 2996 3192 3080 Graecos
3218 3001 3520 3054 ornamenti
3549 3007 3603 3053 et
3620 2996 3736 3053 eul-

2144 3082 2250 3139 tu~,
2281 3088 2385 3126 nun
2416 3072 2654 3126 sordium
2677 3086 2871 3126 nomen
2904 3082 3003 3127 est.
3042 3092 3061 3123 ι
3095 3072 3237 3127 Mun.

2217 3138 2467 3199 Mandant
2503 3144 2566 3197 de
2603 3142 2814 3199 lumine.
2868 3143 3070 3199 Ilunor.
3113 3141 3490 3210 Augustodun.
3525 3141 3621 3196 lib.
3667 3138 3738 3195 de

2140 3216 2310 3285 Imag.
2340 3214 2515 3268 Mundi
2538 3231 2657 3283 cap.
2684 3230 2722 3279 ι,
2746 3213 2964 3281 lsidur.,
2991 3216 3086 3270 lib.
3114 3231 3189 3269 ιιι.
3218 3212 3347 3284 Orig
3375 3256 3390 3279 ,
3424 3230 3545 3284 cap.
3575 3211 3646 3268 28
3684 3221 3738 3285 et

2141 3289 2236 3343 lib.
2266 3284 2391 3343 xm.
2434 3301 2553 3355 cap.
2610 3287 2659 3339 l.
2703 3285 2955 3341 Mundam
2982 3286 3135 3358 qua~i
3181 3285 3649 3358 mouendumtquiu
3684 3284 3738 3337 in

2142 3359 2484 3431 perpetuo_sit
2509 3367 2668 3431 motu,
2700 3358 2901 3431 dictum
2931 3370 3137 3431 putant,
3165 3357 3272 3431 sed
3305 3361 3502 3431 reetius
3516 3357 3736 3431 Vario,

2142 3425 2353 3491 Cicero.
2387 3427 2612 3490 Plinius.
2638 3429 2834 3489 Paulus
2865 3430 2904 3484 Ι.
2933 3428 2996 3485 C.
3015 3442 3069 3484 et
3090 3429 3202 3491 alii.
3223 3445 3255 3482 a
3278 3429 3524 3481 munditis
3549 3425 3738 3497 appel-

2143 3503 2309 3557 latum
2332 3501 2536 3555 volunt.
2572 3500 2702 3573 Huic
2719 3511 2811 3573 et)
2825 3501 3071 3573 mologiae
3101 3501 3354 3555 Paulinus
3371 3499 3739 3565 accedit,duin

2144 3592 2176 3628 rt
2203 3573 2396 3628 lumine
2422 3572 2668 3626 mundum
2697 3572 2801 3627 dici
2824 3574 2921 3627 ait.

2220 3645 2322 3699 Hic
2375 3643 2507 3698 Deus
2553 3654 2643 3698 est.
2680 3643 2792 3699 Hoc
2832 3656 2913 3699 est
2961 3644 3199 3700 divinum
3252 3643 3504 3703 Verbum.
3544 3640 3742 3712 Deique

2144 3717 2336 3781 Filius,
2362 3731 2457 3787 per
2476 3731 2636 3784 quem
2668 3727 2724 3769 ut
2750 3731 2910 3786 supra
2933 3717 3121 3771 cecinit
3153 3757 3169 3779 ,
3199 3716 3369 3769 omnia
3394 3716 3535 3787 facta
3557 3722 3739 3787 suntet

2144 3791 2255 3843 sine
2278 3783 2568 3870 cape-tum
2610 3796 2680 3870 elst
2711 3783 2861 3870 nihil,
2890 3789 3026 3870 quod
3053 3792 3243 3870 factum
3258 3797 3358 3870 est.
3391 3783 3447 3840 ln
3482 3783 3582 3870 Ms:
3607 3784 3743 3870 dici-

2147 3870 2234 3915 tur
2267 3878 2281 3915 :
2313 3855 2411 3913 Hic
2442 3856 2582 3911 Deus
2608 3859 2672 3913 de
2689 3860 2860 3913 corde.
2894 3855 3130 3929 Apposui
3159 3859 3379 3913 verbum
3413 3867 3508 3911 est.
3554 3855 3743 3929 Adhuc

2147 3941 2326 4002 tamen
2370 3930 2640 4002 claudicat
2678 3943 2866 3986 versus
2901 3952 2915 3987 :
2946 3928 3157 4002 pn5sem
3184 3932 3413 4002 alterum
3445 3939 3519 3983 est
3543 3928 3744 4002 adjice-

2148 4018 2206 4058 re
2230 4021 2245 4058 :
2280 4001 2378 4056 Hic
2406 4014 2475 4056 est
2515 4000 2743 4071 Spiritus
2771 4002 2872 4057 oris
2926 4000 3065 4057 Ilua.
3096 4031 3170 4042 -—-
3194 4001 3511 4055 Muratorins
3539 4000 3609 4052 ob
3633 4013 3743 4053 Cte-

2147 4090 2326 4130 suram
2359 4076 2564 4144 supplet
2604 4093 2616 4128 :
2646 4072 2744 4127 Hic
2771 4074 2905 4128 Deus
2936 4089 3031 4128 esr
3062 4073 3125 4127 de
3146 4074 3299 4127 corde
3333 4072 3444 4125 Dei.
3476 4071 3543 4126 Et
3562 4072 3640 4124 sic
3660 4085 3735 4144 sa-

2150 4148 2217 4200 tis
2248 4142 2438 4202 recteﬁ
2461 4142 2725 4202 Caeterum
2749 4156 2802 4203 et
2833 4146 3079 4216 Virgilius
3098 4155 3223 4200 ante
3259 4144 3337 4198 hic
3366 4144 3521 4200 elisin
3546 4142 3748 4214 sprevit

2148 4218 2241 4279 lib.
2272 4227 2316 4274 Ι.
2350 4218 2508 4286 Αἰηη
2543 4235 2593 4273 v.
2621 4217 2730 4272 ‘20:

2241 4311 2523 4362 Posthabito
2545 4309 2757 4360 coluisse
2773 4309 2937 4361 Samo.
2961 4309 3054 4360 Hic
3073 4308 3208 4360 illius
3221 4319 3374 4358 arma.

1771 4467 1802 4506 Χ
1830 4448 2046 4508 Eneid.
2070 4424 2125 4485 Ῑ)
2149 4406 2410 4508 Similiter
2435 4420 2598 4476 supra
2626 4420 2679 4459 v.
2831 4420 2934 4508 ms,
2965 4403 3197 4460 habebat
3228 4418 3244 4456 ε

2234 4504 2328 4556 His
2346 4505 2489 4567 deus,
2509 4517 2737 4570 uxorque
2752 4504 2854 4568 dei,
2873 4507 3131 4571 ipsamque
3152 4516 3395 4554 sororem.

2228 4612 2329 4670 Ubi
2356 4613 2540 4670 itidem
2566 4614 2635 4670 cl.
2660 4612 2833 4669 editor
2859 4611 3007 4668 addit
3022 4610 3203 4666 binum
3229 4620 3304 4665 est
3331 4627 3345 4664 :
3373 4607 3474 4664 Hic
3502 4609 3628 4664 deus
3653 4618 3746 4673 est,

2156 4702 2386 4756 uxorque
2425 4687 2505 4740 dei
2535 4685 2910 4754 est.Quouiam
2958 4692 3136 4756 autem
3180 4688 3232 4736 in
3262 4681 3363 4737 hoc
3406 4681 3644 4756 carmine
3672 4690 3752 4735 tot

2157 4752 2446 4814 occurrunt
2478 4758 2617 4824 loca,
2650 4752 2702 4812 in
2729 4758 2923 4827 quibus
2947 4755 2992 4809 si
3035 4753 3276 4809 codicem
3318 4752 3745 4827 nts.__consulas_,

2161 4829 2241 4903 (at
2263 4846 2424 4900 quem
2453 4823 2618 4903 tutius
2632 4830 2678 4899 Ἰ)
2702 4823 3041 4903 desideratur
3054 4840 3255 4903 cursura
3269 4833 3364 4903 aint
3381 4824 3526 4879 elisis
3543 4838 3648 4878 non
3662 4823 3749 4903 ad-

2159 4894 2438 4966 mittatur;
2470 4902 2609 4956 haud
2646 4894 2776 4955 sane
2804 4898 3060 4954 credibile
3093 4897 3220 4951 mihi
3264 4897 3319 4950 iit
3345 4938 3361 4963 ,
3394 4910 3521 4951 casu
3567 4894 3745 4950 omnia

2159 4972 2250 5028 illa
2282 4972 2397 5028 loca
2433 4981 2682 5041 corrupta
2714 4971 2894 5026 fuisse.
2917 4969 2981 5025 Et
3006 4969 3143 5041 forte
3179 4971 3237 5041 iu
3262 4968 3531 5041 pleriulue
3554 4977 3740 5041 contra

2161 5054 2392 5100 metrum
2420 5037 2649 5114 peccarit
2670 5043 2956 5114 Antonius,
2981 5049 3054 5114 _ut
3096 5040 3273 5114 Poetis
3302 5037 3454 5114 illius
3490 5037 3743 5114 temporis

2162 5116 2318 5186 cujus
2344 5132 2403 5172 se
2422 5110 2603 5184 prodit
2630 5126 2833 5174 noster.
2857 5110 2997 5167 haud
3014 5111 3271 5186 insolens.
3300 5110 3449 5186 Nulla
3471 5113 3614 5165 enim
3631 5124 3747 5186 oin:-

2163 5179 2463 5242 uinnnobis
2488 5188 2639 5242 adest
2662 5186 2947 5246 ratiu,'cur
2996 5186 3047 5236 in
3095 5181 3342 5238 omnibus
3370 5182 3519 5237 hisce
3559 5179 3743 5251 scripti

2166 5258 2369 5313 codicis
2393 5270 2677 5328 Spernatur
2706 5264 3014 5328 auctoritas.
3040 5253 3246 5328 Vononi.

2240 5324 2459 5383 Fabricii
2486 5347 2675 5386 rerum.
2707 5327 2926 5382 Fabrica
2954 5340 3051 5395 pro
3077 5324 3285 5397 ofﬁcina
3344 5324 3563 5397 proprie
3591 5337 3745 5378 usuro

2168 5401 2282 5473 pari
2303 5400 2483 5456 docuit
2510 5402 2842 5466 Sipontinus.
2874 5397 2947 5451 Ita
2980 5396 3116 5473 forte
3133 5396 3452 5473 eapiendnm
3485 5396 3625 5473 heich
3646 5408 3747 5449 no-

2168 5464 2471 5529 inen.istud.
2506 5464 2618 5526 Mea
2651 5481 2826 5526 tamen
2850 5468 3118 5524 sententia
3147 5464 3235 5523 aut
3262 5467 3481 5523 errorin
3509 5464 3749 5522 codiceni

2170 5548 2514 5609 irrepsit,aut
2541 5557 2755 5597 carmen
2788 5541 3002 5609 aliquod
3033 5540 3205 5595 abest.
3238 5539 3375 5595 Mun.

2327 5631 2380 5668 ec
2414 5632 2467 5669 se
2494 5613 2757 5684 Pnganus.
2792 5614 2863 5667 lle
2882 5610 2991 5684 hoc
3017 5610 3233 5684 nomine
3248 5612 3380 5684 plur
3404 5618 3615 5684 apetea
3632 5624 3751 5684 ma-

2171 5700 2277 5753 gno
2304 5681 2588 5741 Annalium
2622 5694 2839 5754 parente
2881 5683 3113 5738 Baronio
3136 5685 3186 5737 in
3218 5681 3491 5754 Magyrol.
3521 5681 3751 5754 addiem

2171 5751 2264 5815 3|.
2304 5757 2523 5814 lanuar.
2560 5751 2891 5814 Gotholredo
2917 5757 2981 5808 ad
3010 5756 3102 5810 lib.
3133 5760 3186 5808 ti.
3213 5753 3276 5808 C.
3304 5751 3405 5807 Th.
3442 5755 3521 5807 tit.
3554 5752 3641 5808 10.
3685 5752 3756 5806 de

2175 5830 2399 5901 Paganis
2440 5840 2545 5885 etc.
2593 5829 2818 5899 aliisque
2861 5826 3227 5894 scriptoribus.
3282 5823 3491 5880 Smcnlo
3557 5823 3755 5879 Citriin
