4020 6072
300 157 405 215 281
507 159 584 232 (ν.
615 158 764 232 205.)

293 277 376 330 Ac
401 276 537 331 satis
551 290 673 331 esse
705 284 877 345 putat,
903 277 1045 346 quod
1073 276 1292 330 numine
1321 271 1508 329 credat
1536 271 1588 327 in
1617 285 1745 327 uno.

293 368 431 437 Quid
464 369 610 426 colet
639 370 730 426 ille
771 370 964 438 Deum,
990 372 1078 442 qui
1104 369 1337 425 Verbum
1367 384 1470 424 non
1498 369 1628 424 colit
1655 367 1814 438 ejus?

291 460 392 530 Qui
429 480 535 516 nou
559 463 824 519 Virtutem
856 464 1014 520 simili
1045 473 1334 519 veneratur
1361 461 1603 516 honore?

290 555 507 626 Quique
535 556 857 612 invisibilem
881 554 1589 625 incompreliensibilemque
1621 552 1816 607 fatetur

289 647 432 703 Esse
462 649 648 714 Deum,
684 649 769 702 hic
790 648 950 703 etiam
977 646 1252 703 Christum
1281 647 1327 703 si
1353 647 1571 718 cogitet,
1598 645 1741 699 idem

285 739 554 796 Inveniet.
585 741 836 811 quoniam
869 739 1103 796 Verbum
1123 739 1586 810 comprehendere
1614 751 1808 804 nemo,

283 832 458 888 Nemo
485 833 671 889 videre
693 842 868 904 potest
892 849 906 895 ;
940 848 1102 902 opera
1127 836 1242 902 ejus
1269 833 1379 886 Sola
1401 829 1666 886 videntur.

283 926 343 980 In
378 925 536 981 Patre
560 925 729 979 Natus
746 925 910 989 enim,
942 925 995 979 iu
1018 929 1154 979 Nato
1183 923 1340 979 Pater
1367 923 1546 978 omnia
1575 920 1721 986 fecit,

283 1015 354 1072 Et
382 1017 638 1087 quidquid
663 1020 856 1072 virtute
886 1015 1054 1082 dedit,
1083 1017 1278 1086 pietate
1302 1025 1498 1070 tuetur.

291 1108 384 1163 Sic
402 1107 520 1170 fuit.
554 1118 607 1164 et
633 1109 843 1164 steterit
869 1123 1061 1164 versus
1087 1107 1330 1164 Salvator
1352 1109 1405 1162 in
1434 1122 1637 1174 a:vum,

279 1201 382 1268 Qui
410 1203 520 1257 tulit
550 1217 797 1270 errores,
827 1202 917 1272 qui
944 1201 1070 1256 fecit
1089 1217 1213 1256 vera
1239 1201 1404 1256 videri
1432 1243 1447 1265 ,

278 1293 607 1365 Placatoque
630 1294 772 1348 Patri
805 1301 1115 1364 pereuntem
1144 1293 1377 1348 reddidit
1406 1292 1615 1348 orbem.

275 1385 390 1441 Nec
417 1387 636 1452 mirum,
659 1387 704 1441 si
727 1397 917 1442 cuncta
948 1388 1105 1459 regit,
1131 1389 1219 1458 qui
1248 1396 1440 1443 cuncta
1467 1388 1692 1455 creavit,

274 1481 380 1550 Qui
402 1483 548 1538 dedit
576 1499 640 1539 ex
666 1483 834 1538 nihilo
861 1492 1053 1549 totum,
1084 1485 1366 1555 lucemque
1394 1484 1628 1539 tenebris

273 1575 543 1644 Praetulit,
573 1587 737 1648 atque
758 1578 902 1634 diem
929 1579 1092 1647 jussit
1118 1579 1413 1634 succedere
1441 1580 1622 1644 nocti;

271 1669 536 1740 Quodque
566 1671 616 1724 in
645 1686 806 1726 carne
830 1671 949 1734 fuit,
977 1672 1156 1726 carnis
1185 1681 1401 1742 peccata
1431 1673 1668 1726 remittit.

269 1761 456 1817 Cernit
481 1763 624 1818 enim
650 1805 664 1827 ,
691 1763 932 1834 fragilem
956 1764 1143 1819 faciles
1173 1765 1446 1819 incurrere
1476 1764 1655 1834 lapsus
1673 1807 1687 1830 ,

269 1856 699 1926 Corripietlsquc
723 1867 901 1913 tamen
928 1857 1139 1912 veniam
1170 1858 1320 1911 dabit
1349 1858 1596 1911 oumibus
1621 1873 1778 1913 uuam
1800 1902 1815 1926 ,

269 1948 541 2020 (ﬂetuque
563 1966 755 2005 novam
785 1951 957 2006 dicam
985 1993 998 2016 ,
1025 1967 1123 2006 nec
1146 1968 1231 2005 me
1256 1951 1459 2007 dixisse
1481 1951 1703 2024 pigebit)

267 2040 504 2112 Plusque
531 2044 650 2113 pius
671 2059 829 2114 quam
855 2044 1032 2113 justus
1059 2045 1180 2099 erit.
1207 2044 1261 2099 Si
1290 2045 1521 2115 denique
1542 2047 1718 2115 justus

263 2135 407 2193 Esse
434 2139 581 2204 velit,
613 2139 786 2193 nullus
817 2138 980 2210 fugiet
1005 2139 1123 2194 sine
1143 2141 1370 2195 crimine
1396 2156 1606 2210 pinnam
1641 2160 1652 2194 :

261 2231 457 2286 Justus
478 2235 618 2287 enim
637 2233 776 2304 mala
805 2233 1161 2300 condemnat,
1193 2236 1310 2305 pius
1334 2233 1511 2288 omnia
1537 2233 1719 2289 donat.

263 2324 384 2381 Hoc
406 2325 550 2393 facit,
584 2337 641 2381 ut
663 2336 771 2380 rata
802 2327 906 2382 sint
940 2337 1178 2383 venturze
1208 2342 1430 2383 munera
1452 2327 1571 2382 vitze
1599 2371 1613 2393 ,

263 2418 338 2473 Et
367 2419 513 2490 quod
542 2419 693 2489 culpa
729 2420 870 2487 tulit,
903 2436 1114 2474 rursum
1135 2419 1466 2491 indulgentia
1494 2419 1682 2475 reddat
1716 2439 1728 2476 :

263 2510 398 2581 Quae
421 2512 466 2567 si
505 2527 612 2568 non
645 2512 844 2568 fuerint
871 2513 1012 2583 plebi
1041 2528 1298 2569 concessa
1331 2513 1539 2582 roganti
1566 2557 1580 2578 ,

1285 156 1372 212 DE
1400 150 1669 211 SANCTO
1698 147 1854 206 ἯοΤ
1859 147 2068 207 01ὶίΝο
2097 149 2629 209 PBOLEGOMENA.

1915 275 1967 336 Α
1992 267 2143 322 Tunc
2165 282 2332 338 prope
2355 268 2533 324 nullus
2562 267 2666 324 erit
2691 265 3062 326 delicto‘liber
3077 265 3146 321 ab
3163 265 3331 322 omni.

3112 147 3190 226 (ν.
3220 147 3372 221 aes.)
3476 146 3586 204 ese

1992 359 2090 428 Qui
2131 361 2301 431 possit
2325 361 2544 415 meritus
2576 361 2832 431 promissa
2857 359 2976 414 luce
3001 357 3202 430 potiri?

1991 452 2230 523 Tangi-re
2248 465 2371 508 tunc
2399 452 2536 508 laetis
2550 455 2807 509 caelorum
2832 467 2992 522 regna
3017 449 3230 513 libebit;

1989 547 2140 602 Tunc
2167 548 2363 616 poterit
2389 562 2534 601 mors
2563 547 2675 616 ipsa
2700 545 2855 612 mori,
2876 561 3034 615 quum
3068 554 3308 614 tempore
3328 550 3440 598 toto

1987 641 2108 697 Vita
2143 643 2395 711 perennis
2416 642 2519 696 erit
2540 685 2555 708 ,
2586 641 2708 712 quia
2730 650 2857 694 tunc
2889 641 2940 694 in
2969 639 3098 694 sede
3120 639 3272 694 beata

1987 735 2176 791 Nullus
2207 737 2464 809 peccandi
2492 736 2641 790 locus
2669 746 2772 801 est,
2794 734 2880 790 ubi
2907 735 3049 790 nulla
3073 734 3266 804 cupido
3295 741 3398 790 est.

1986 829 2166 886 Gloria
2195 840 2338 886 tanta
2363 839 2542 886 manet
2575 831 2770 901 popqu
2787 843 3000 886 servata
3026 829 3192 886 ﬁdeli.

1987 923 2231 992 Amplius
2257 923 2359 978 hoc
2393 924 2597 991 tribuit,
2628 925 2799 993 majus
2820 923 2969 978 dedit
3001 923 3101 979 hoc
3126 937 3338 994 quoque
3361 933 3574 986 munus,

1983 1014 2135 1082 Quod
2170 1027 2507 1085 precatorem
2535 1033 2694 1088 quem
2721 1017 2947 1086 pte-uitet
2965 1058 2978 1081 ,
3003 1024 3158 1072 antea
3186 1015 3390 1086 lapsum
3413 1055 3430 1084 ,

1981 1109 2098 1165 Non
2129 1109 2325 1164 facisiu
2360 1126 2584 1165 numero
2604 1112 2772 1187 turba:
2793 1111 3066 1183 peccantis
3098 1109 3280 1163 haberi
3306 1127 3319 1162 :

1981 1206 2189 1276 Quippe
2219 1207 2350 1261 satis
2378 1223 2535 1277 ptPna
2557 1217 2671 1274 est,
2696 1223 2816 1261 eum
2847 1207 2916 1262 sit
2946 1220 3040 1260 sua
3071 1204 3228 1276 culpa
3257 1201 3463 1269 dolori;

1984 1300 2314 1370 Supplicium
2343 1302 2616 1371 pr0prium
2649 1301 2810 1355 timor
2839 1309 2954 1366 est;
2987 1306 3254 1352 tormenta
3277 1308 3460 1352 reatus

1980 1391 2114 1447 Tum
2147 1391 2309 1447 veluti
2342 1393 2647 1463 patiturqui
2671 1408 2728 1448 se
2760 1391 3020 1447 meruisse
3041 1389 3261 1445 fatetur.

1979 1483 2114 1550 Quid
2142 1485 2341 1554 poterit
2370 1483 2581 1546 melius,
2614 1483 2694 1537 vel
2721 1482 2848 1554 quid
2863 1481 3200 1537 moderatius
3227 1481 3396 1537 esse?

1976 1579 2212 1647 Iudicat,
2238 1581 2478 1651 inquirit,
2509 1580 2758 1651 castigat,
2791 1578 2980 1650 parcit,
3019 1580 3290 1644 honorat,

1901 1713 1949 1774 Β
1977 1675 2167 1730 Omnia
2185 1676 2275 1746 qui
2296 1677 2478 1743 vincit,
2510 1692 2609 1730 nee
2636 1676 2833 1744 abipsa
2866 1673 3212 1728 vinciturira.

1977 1767 2130 1836 Quod
2160 1767 2228 1823 de
2253 1769 2500 1838 pra-senti
2528 1768 2638 1838 jam
2671 1769 2945 1822 cernimus
2965 1781 3087 1821 esse
3120 1765 3388 1831 futurum;

1971 1860 2107 1916 Nam
2139 1876 2260 1916 cum
2289 1875 2434 1931 Stepe
2467 1861 2644 1914 minax
2678 1859 2950 1915 horrentia
2985 1858 3165 1912 nubila
3197 1856 3371 1928 cogit,

1973 1956 2040 2010 Et
2067 1966 2270 2010 terrore
2305 1961 2388 2025 pio
2407 1954 2569 2009 rutilo
2600 1955 2759 2008 nimis
2785 1953 2906 2024 igne
2928 1960 3176 2007 coruscat
3196 1993 3211 2016 ,

1974 2046 2238 2101 Tri~tilius
2259 2057 2312 2102 et
2351 2045 2544 2118 pluviis
2568 2087 2584 2111 ,
2615 2057 2667 2100 et
2692 2045 2925 2100 nubibus
2957 2045 3168 2098 intonat
3191 2042 3322 2096 atris
3348 2083 3364 2104 ,

1971 2139 2142 2194 Omne
2162 2154 2332 2208 genus
2363 2139 2512 2194 timet
2545 2139 2857 2204 interitum;
2891 2137 2984 2192 sed
3016 2137 3125 2192 vita
3150 2145 3386 2205 potestas

1970 2231 2210 2308 Desinet,
2241 2241 2296 2287 et
2321 2234 2519 2302 pariter
2541 2232 2736 2288 caelum
2769 2241 3084 2300 ruentesque
3113 2236 3352 2285 serenat.

1969 2327 2084 2382 lloc
2113 2342 2326 2396 quoque
2361 2338 2484 2380 tunc
2526 2340 2745 2396 sperare
2771 2325 2944 2395 jubet,
2973 2323 3067 2395 qui
3091 2338 3150 2377 se
3181 2322 3342 2376 modo
3370 2328 3563 2377 cuncta

1972 2419 2203 2475 Perdere
2227 2435 2384 2489 posse
2404 2419 2614 2489 probat,
2657 2420 2700 2474 si
2737 2418 2962 2489 perdere
2994 2417 3133 2472 velle
3165 2423 3398 2473 recusat.

1974 2514 2063 2569 Sic
2091 2513 2330 2569 iterauda
2357 2513 2500 2568 salus
2517 2523 2746 2570 venturo
2766 2511 3070 2569 ostenditur
3092 2526 3210 2566 ωινο
3239 2552 3254 2576 ,

1973 2606 2292 2678 ,λΕιθτηίιιιιε
2321 2606 2415 2661 Dei
2440 2607 2608 2677 pietas
2629 2615 2829 2661 :eterna
2853 2603 3108 2659 manebit.

1690 2742 2261 2802 COMMENTARIUS.

255 2893 455 2955 quarto
472 2898 668 2939 nomen
689 2882 793 2937 hoc
813 2881 1487 2955 Gentilibusaplaricmpit,
1509 2897 1669 2951 quum
1695 2883 1856 2938 iidem
1886 2887 1929 2948 C
1972 2887 2200 2941 ratorius
2230 2901 2466 2941 errorem
2489 2886 2608 2941 aliis
2627 2885 2924 2941 tollendum
2963 2883 3217 2955 relinquit
3246 2881 3562 2938 :Fabricius

256 2952 332 3010 ab
370 2956 591 3010 urbibus
619 2955 756 3026 pulsi
809 2956 860 3007 in
893 2952 1050 3026 Pagi:
1073 2956 1321 3024 agrisque
1363 2952 1639 3023 profanam
1683 2955 1860 3010 adhuc

255 3029 576 3093 religionem
595 3025 932 3082 exercerent.
956 3025 1096 3080 Mus.

336 3099 395 3154 Si
422 3099 564 3151 vitat.
596 3098 649 3152 In
678 3097 774 3152 Ms.
811 3099 1087 3167 legebatur
1118 3116 1130 3151 :
1163 3095 1321 3168 Siqui
1341 3097 1479 3151 idola
1497 3099 1640 3151 vitat.
1661 3097 1859 3152 Emen-

258 3170 408 3225 davi.
443 3170 580 3224 Μυῐι.

335 3241 582 3295 Numine.
632 3240 709 3294 Ita
755 3240 993 3296 scribere
1035 3240 1229 3311 placuit
1267 3255 1365 3310 pro
1399 3242 1620 3306 nomine,
1663 3256 1855 3312 quem-

258 3313 555 3368 admodum
587 3313 745 3366 habet
775 3313 869 3365 Ms.
902 3314 1037 3367 Mue.

344 3384 530 3438 Versus
578 3383 832 3439 Salvator.
870 3383 1007 3437 Illud
1037 3401 1208 3438 versus
1241 3384 1371 3437 mihi
1412 3399 1599 3454 parum
1631 3385 1854 3442 arridet.

255 3456 517 3512 Fortasse
549 3473 692 3509 verus
720 3455 1064 3510 serihenduln
1095 3465 1196 3510 est.
1233 3457 1376 3510 MUR.

344 3526 457 3581 Vita
485 3537 724 3598 potestas
773 3527 1021 3581 Errorem
1063 3528 1182 3581 aliis
1229 3527 1519 3582 tollendum
1571 3529 1837 3598 relinquo.

251 3599 400 3655 Mm.
440 3629 512 3639 -—-
540 3599 671 3653 Illud
697 3599 798 3652 vita
827 3609 1048 3669 potestas
1081 3601 1200 3655 heic
1231 3599 1389 3669 plane
1420 3613 1712 3654 mortuum.
1745 3600 1860 3656 Mu-

1965 2961 2095 3012 victa
2114 2959 2452 3028 ronjieieliat.
2479 2957 2744 3023 chuina,
2790 2958 2840 3010 ni
2891 2956 3046 3028 fallor
3075 2996 3090 3020 ,
3139 2954 3316 3028 lectio.
3343 2964 3424 3008 est
3455 2955 3563 3028 visa

1967 3025 2229 3099 potestasf
2245 3031 2494 3096 Quando,
2526 3030 2715 3094 inquit,
2745 3028 2895 3098 signa
2927 3025 3220 3099 majestatis
3249 3040 3362 3080 suae
3387 3026 3563 3099 prodit

1964 3096 2276 3171 Supretnum
2302 3102 2529 3159 Numen.
2561 3116 2721 3154 onme
2748 3096 2920 3169 genus
2944 3098 3216 3171 interitum
3234 3101 3391 3171 timet
3419 3113 3434 3171 ς
3467 3096 3563 3151 sed

1962 3166 2182 3243 potestas
2211 3174 2325 3240 ejus
2355 3172 2512 3226 simul
2539 3186 2602 3227 ac
2626 3173 2728 3224 risu
2750 3166 2824 3225 Est
2848 3213 2862 3232 .
2911 3169 2991 3223 vel
3023 3169 3291 3243 apparuit,
3319 3166 3560 3232 desinet;

1964 3239 2124 3312 atque
2153 3245 2223 3298 ita
2244 3239 2475 3309 caelum,
2509 3253 2664 3297 antea
2688 3243 2916 3296 nubibus
2943 3240 3072 3294 atris
3103 3239 3424 3300 incinctum,
3450 3255 3562 3312 Ase-

1963 3308 2137 3379 venat,
2167 3325 2221 3369 et
2247 3328 2466 3371 ItttBStas
2490 3316 2764 3369 hominum
2789 3324 2998 3368 mentes
3020 3312 3259 3365 redivivo
3274 3308 3563 3378 Splendore

1963 3391 2290 3442 consolatur.
2324 3387 2454 3455 Qua:
2486 3386 2810 3440 antecedunt
2853 3393 2908 3438 et
2957 3393 3256 3455 sequuntur
3286 3383 3402 3455 haec
3428 3383 3558 3436 satis

1962 3461 2246 3527 adjuvant,
2303 3452 2364 3514 ut
2394 3460 2540 3526 plura
2584 3459 2784 3512 addeie
2827 3469 3050 3510 necesse
3088 3469 3192 3527 non
3242 3452 3560 3527 habeamus.

1964 3525 2168 3586 νόμοις.
2219 3560 2292 3573 -
2323 3531 2454 3585 lluic
2490 3528 2710 3583 Vouckii
2740 3526 3101 3584 emendationi
3144 3526 3414 3579 calculum
3460 3525 3558 3579 ad-

1959 3603 2078 3673 jicit
2103 3605 2418 3673 Auouymus
2449 3601 2739 3672 lipsiensis.

317 3839 350 3843 "'
708 3845 720 3852 ν
739 3845 766 3850 κο,
791 3847 814 3851 ..
913 3846 926 3851 ..
969 3847 974 3850 .
1024 3846 1033 3849 --
1119 3844 1122 3848 ί
1252 3839 1265 3844 ’⁸
1296 3849 1298 3851 ,
1327 3845 1332 3850 ι
1653 3843 1660 3847 -
1759 3843 1816 3848 7—
1843 3842 1864 3849 σ-
1882 3842 2028 3850 -ιηις-
2049 3844 2086 3849 Α-
2107 3844 2158 3849 ...μ
2178 3842 2480 3850 -,---ι-ι⁴-ν--.-‹νρ.
2523 3843 2534 3848 -
2554 3840 3344 3848 _._..-._—__—~..——————.._-.———-—_.-

295 3877 326 3883 -’
403 3879 416 3882 ί
496 3877 523 3881 "
868 3879 875 3881 υ
1191 3880 1198 3885 ν
1227 3881 1235 3885 ν
1286 3878 1355 3885 ’δε-
1393 3878 1509 3886 -ν-ᾓ-
1587 3882 1598 3886 ι
1761 3881 2124 3890 σ-ᾑομκη-
2153 3837 3554 3894 ιῆπ--ΜΞ

248 4042 383 4173 DE
449 4042 823 4173 SANCTll
881 4044 1431 4178 VICTORINO
1494 4043 1970 4175 EPISCOP0
2048 4043 2793 4172 PETAVIONENSI
2870 4045 3002 4172 ET
3071 4044 3561 4174 MARTYRE

1181 4257 2630 4472 PROLEGOMENA.

1674 4597 2152 4654 ο-ἓιεῧὶᾗβιε-ο·

866 4765 1162 4806 ARTICULUS
1203 4768 1237 4806 Ι.

776 4867 821 4920 Ε
816 4869 906 4937 jus
936 4867 1052 4922 vita:
1078 4867 1350 4938 Synopsis.

329 4981 447 5047 Quo
487 4990 710 5053 tempore
750 4982 964 5037 clarus?
1018 4983 1172 5036 Varia
1211 4985 1274 5038 de
1311 5001 1367 5038 eo
1411 4983 1715 5056 Hieronymi
1765 4994 1856 5038 tes-

244 5074 490 5127 timonia.
524 5075 659 5142 Quid
683 5084 801 5128 ante
835 5074 1202 5145 Hieronymum
1235 5074 1454 5146 Optatus
1490 5077 1855 5130 Hilevitauua?

241 5199 317 5208 —
353 5167 676 5222 Victorinum
709 5184 897 5239 grarca:
921 5171 1142 5237 originis
1166 5181 1258 5224 aut
1289 5171 1339 5225 in
1370 5169 1603 5226 conﬁnio
1629 5169 1852 5225 Graecia:

240 5261 442 5316 saltem
485 5261 767 5317 oriundum
817 5263 1014 5328 fuisse,
1061 5281 1126 5320 ex
1175 5267 1266 5332 iis,
1314 5281 1435 5335 quae
1490 5265 1850 5338 Hieronymus

239 5355 448 5420 attulit,
476 5366 594 5410 into
635 5359 765 5411 satis
806 5358 1093 5426 collegisse
1140 5357 1352 5413 videtur
1379 5359 1585 5413 Caveas
1609 5361 1712 5425 (l).
1748 5358 1848 5413 Pe-

242 5451 685 5525 tavionensisﬁ)
735 5453 786 5507 in
834 5452 1106 5507 Pannonia
1159 5453 1439 5524 superiore
1496 5453 1562 5507 ad
1616 5453 1846 5508 Dravmu

324 5588 408 5660 (Ι)
438 5589 618 5648 Cave..
647 5590 786 5644 Hist.
812 5593 989 5654 litum,
1023 5601 1152 5646 tom.
1186 5606 1221 5646 1.
1255 5606 1374 5661 pag.
1409 5592 1530 5647 M7.

319 5661 501 5733 (2)7lta
526 5663 742 5727 quidem
784 5663 1064 5733 legendum
1097 5663 1309 5722 docuit.
1349 5679 1537 5718 errore
1567 5663 1844 5726 obsoleto.

243 5748 358 5802 quo
401 5732 731 5789 Pictaviensia
776 5732 1074 5806 Atjuitaniie
1125 5735 1176 5790 iu
1214 5733 1384 5790 Gallia
1424 5749 1453 5788 a
1505 5735 1845 5792 liarouio'ad

1880 4750 1934 4810 D
1959 4746 2180 4802 ﬂuvium
2223 4755 2342 4802 erat
2380 4762 2444 4802 ex
2473 4758 2688 4804 oratore
2726 4749 3030 4820 episcopus,
3064 4758 3122 4804 ut
3167 4763 3273 4804 non
3306 4764 3412 4804 uno
3443 4750 3562 4809 loco

1959 4897 2158 4937 annum
2188 4882 2313 4956 _50'i,
2346 4898 2493 4938 num.
2530 4884 2613 4943 16.
2647 4884 2874 4956 aliisque
2904 4885 3084 4940 multis
3113 4883 3383 4956 ferebatur
3411 4888 3557 4956 epis-

1957 4969 2148 5022 copus.
2181 4953 2419 5008 inuiditus
2463 4953 3086 5026 exstirpato,'Lauuoius
3129 4955 3335 5009 Franeo
3365 4953 3552 5014 Gallus

1961 5026 2212 5093 peculiari
2238 5027 2502 5096 doctaque
2519 5027 2916 5088 dissertatione.
2943 5027 3182 5090 Parisiis,
3211 5028 3369 5089 1655,
3396 5030 3549 5094 ἰιι-8⁰,

1957 5105 2012 5171 et
2039 5097 2091 5150 in
2122 5114 2246 5165 opp.
2279 5099 2528 5152 Colleet..
2567 5109 2694 5153 tom.
2730 5115 2800 5171 It,
2831 5099 2889 5152 P.
2921 5114 2958 5171 l,
2997 5113 3115 5168 pag.
3160 5100 3287 5163 654,
3319 5111 3374 5155 et
3401 5117 3553 5171 seqq.

1957 5166 2014 5243 in
2046 5171 2143 5243 hac
2182 5172 2332 5243 enim
2361 5171 2738 5243 _t_lemoustrat,
2788 5169 2838 5223 in
2871 5166 3109 5243 quinque
3155 5172 3212 5243 il).
3242 5166 3553 5243 Hieronymi

1959 5239 2113 5305 locis,
2145 5240 2230 5294 ubi
2259 5240 2328 5295 de
2360 5241 2636 5295 Victorino
2663 5256 2842 5294 sermo
2877 5239 3126 5306 habetur,
3155 5242 3236 5296 his
3263 5239 3466 5298 scilicet
3495 5244 3549 5299 in

1955 5309 2230 5381 Catalogo,
2258 5327 2377 5375 cap.
2402 5314 2468 5365 74
2490 5325 2542 5366 et
2566 5315 2685 5368 ΜΗ.
2706 5313 2874 5366 semel
2901 5313 3162 5369 adversus
3187 5314 3549 5382 Vigilantium,

1953 5382 2121 5436 semel
2160 5384 2418 5437 adversus
2462 5384 2794 5444 Helvidium.
2834 5400 2897 5440 ac
2927 5385 3137 5439 tandem
3167 5387 3332 5440 semel
3373 5388 3424 5441 in
3454 5388 3552 5440 tri-

1951 5454 2159 5525 gesimo
2205 5465 2360 5509 sexto
2403 5455 2699 5509 Ezechielis
2741 5457 2918 5524 capite
2963 5456 3186 5524 reperiri
3220 5459 3271 5508 in
3315 5458 3553 5525 antiquis

1953 5524 2279 5598 editionihus
2306 5526 2714 5598 petabioaensis.
2749 5530 2828 5582 vel
2874 5527 3270 5598 petauiouenés,
3316 5528 3397 5598 vel
3433 5524 3550 5598 pie-

1951 5595 2210 5670 tabieusis,
2240 5596 2320 5670 vel
2355 5595 2776 5670 ptcmbionensis;
2806 5595 2965 5670 idque
2995 5596 3234 5670 nominis
3261 5595 3463 5670 habere
3493 5597 3552 5650 in

1958 5666 2206 5733 Usuardi,
2236 5666 2438 5722 Adonis
2464 5677 2517 5722 et
2546 5668 2664 5722 aliis
2701 5665 2925 5726 vetustis
2955 5665 3384 5736 martyrologiis.
3419 5677 3474 5719 ut
3499 5674 3566 5719 ct

1952 5741 2006 5794 in
2040 5737 2200 5808 priori
2239 5739 2439 5800 Merlini
2471 5740 2820 5797 conciliorum
2857 5735 3132 5801 editione,
3165 5737 3410 5807 atquein
3438 5735 3567 5793 edi-
