4020 6072
426 189 532 247 987

1495 190 1587 248 DE
1619 189 1676 246 S.
1715 187 2076 246 VlCTORlNO
2113 189 2224 246 ΕΡ.
2268 189 2356 246 ΕΤ
2385 189 2596 247 MART.

3605 191 3716 247 288

427 303 698 364 Christum
743 308 926 364 velint.
959 327 978 360 ι
1014 307 1254 362 Meminit
1283 307 1444 363 etiam
1473 305 1828 364 Cassiodorus
1873 323 2020 363 com-
2046 317 2096 376 Α
2124 309 2530 365 accuratissime
2574 309 2810 381 perlegi;
2843 318 3043 366 etcum
3081 309 3249 366 multa
3295 309 3348 366 in
3391 323 3458 366 eo
3501 322 3718 380 possem

430 403 678 457 tnentarii
721 403 890 458 sancti
939 401 1199 456 Victorini
1244 403 1314 458 ita
1365 403 1609 474 inquiens
1637 404 1716 477 (Ι)
1751 422 1764 457 :
1805 403 1884 458 Dc
1924 421 2023 475 quo

431 498 564 555 libro
592 497 960 567 (Ecclesiaste)
991 507 1035 551 et
1074 496 1430 553 Victorinus...
1467 499 1716 552 nonnulla
1760 499 2021 553 disseruit.

433 589 516 649 Ex
571 591 671 647 hoc
719 590 1026 646 CaSsiodtiri
1080 592 1331 662 loquendi
1384 592 1544 648 modo
1586 593 1879 648 verisimile
1925 593 2024 648 ad-

431 691 605 753 paret.
631 681 962 738 Victorinum
991 681 1233 753 quaedam
1259 683 1518 739 duntaxat
1541 682 1655 738 loca
1684 683 2026 739 Ecclesiastis

431 778 770 859 exposuisse.

503 866 582 924 De
609 867 976 924 Commentario
999 868 1061 925 S.
1095 868 1339 924 Victorini
1364 869 1416 922 in
1440 867 1834 926 Matthaeum.—-
1862 870 2025 926 Sanc-

438 970 526 1018 tus
559 962 917 1034 Hieronymus
950 964 1001 1018 in
1032 963 1276 1035 catalogo
1307 963 1505 1017 nullam
1541 962 1866 1018 mentionem
1905 961 2032 1020 facit

432 1056 502 1113 de
542 1059 873 1127 expositione
921 1057 980 1114 S.
1027 1057 1281 1113 Victorini
1324 1057 1375 1111 in
1437 1056 1765 1113 Matthreum.
1831 1056 2028 1112 Verum

439 1149 492 1206 in
533 1149 756 1221 prologo
796 1149 882 1205 sui
924 1149 1298 1206 commentarii
1345 1149 1398 1205 in
1457 1147 1598 1204 hunc
1645 1150 2029 1219 evangelistam

440 1244 559 1300 hate
612 1244 772 1299 habet
827 1244 903 1317 (Ξ)
938 1263 950 1300 :
985 1244 1188 1317 Legisse
1226 1260 1307 1298 nte
1348 1248 1606 1313 μείονα..
1663 1253 1712 1298 et
1755 1245 2033 1299 latinorum

440 1337 665 1406 Hilarii,
710 1337 987 1407 Victorini,
1035 1338 1399 1394 Fortunatiani
1434 1339 1700 1408 opuscula.
1746 1338 2034 1396 Cassiodo-

438 1449 534 1492 rus
564 1435 640 1508 (5)
667 1450 794 1489 vero
823 1435 1022 1490 diserte
1049 1435 1124 1489 ait
1151 1453 1164 1487 :
1198 1433 1277 1489 De
1319 1451 1416 1502 quo
1448 1432 1774 1506 (Matlhtlm)
1818 1445 1868 1489 et
1919 1433 2034 1488 Vic-

443 1528 642 1584 torinus
679 1545 741 1582 ea:
780 1538 982 1583 oratore
1021 1529 1288 1598 episcopus
1327 1529 1556 1582 nonnula
1585 1528 1847 1584 disseruit.
1878 1527 2034 1584 Unde

443 1621 661 1692 conjicit
717 1621 794 1676 vir
843 1621 1129 1692 perductus
1182 1621 1490 1676 Lardnerus
1539 1620 1655 1695 (4),
1713 1622 2034 1692 opusculum

2128 415 2316 460 contra
2349 414 2549 459 rectam
2580 403 2851 460 scribendi
2882 403 3144 459 rationem
3191 403 3332 459 dicta
3376 403 3714 474 improbare,

2130 498 2260 553 nihil
2295 507 2476 553 tamen
2521 497 2635 554 fere
2683 498 2802 553 loco
2851 497 3088 561 mutavi,
3135 497 3232 553 sed
3283 512 3346 552 ea
3390 496 3723 567 cujustnodi-

2131 608 2364 661 cumque
2411 592 2656 659 fuerunt,
2711 592 2997 657 adnotavi,
3047 600 3106 645 ut
3133 600 3226 646 tuo
3275 591 3448 667 potius
3483 590 3566 645 vel
3613 599 3724 643 sla-

2133 696 2283 751 rent,
2329 687 2412 741 vel
2468 686 2727 743 caderent
2775 686 3004 756 judicio.
3063 683 3303 740 Libellus
3371 693 3519 739 certe
3579 683 3727 754 ejus-

2132 781 2277 837 modi
2322 789 2436 844 est,
2487 793 2540 835 ut
2586 795 2706 836 cum
2767 795 3013 851 magnam
3071 779 3171 848 piis
3205 793 3268 831 ac
3313 776 3577 845 religiosis
3623 775 3727 830 ho-

2134 874 2400 937 minibus,
2430 873 2520 945 qui
2574 873 2678 928 hoc
2702 888 2874 943 genus
2925 870 3141 941 scriptis
3182 868 3536 932 delectantur,
3579 866 3730 922 utili-

2137 979 2332 1032 tatem.
2380 980 2492 1025 tum
2538 984 2669 1026 vero
2713 968 2778 1022 ad
2826 983 2888 1023 ea
2939 967 3100 1022 etiam
3155 963 3565 1034 cognoscenda.
3603 975 3727 1032 qua:

2135 1067 2186 1121 in
2240 1065 2562 1138 Apocalypsi
2611 1063 2888 1118 altissimis
2931 1059 3207 1117 recondita
3258 1067 3385 1114 sunt
3439 1057 3721 1122 sensibus,

2135 1158 2431 1228 adjumenti
2477 1159 2764 1228 plurimum
2833 1155 2904 1210 sit
2957 1155 3237 1210 allaturns.
3299 1152 3483 1224 Stylns
3534 1160 3715 1206 autem

2137 1253 2346 1308 tametsi
2393 1267 2423 1307 a
2467 1252 2644 1323 prisco
2690 1249 2782 1304 illo
2821 1249 3058 1304 candore
3108 1248 3301 1318 linguae
3349 1247 3566 1312 latium,
3616 1261 3716 1316 pti-

2139 1346 2405 1416 ritateqne
2451 1344 2678 1399 multum
2721 1343 2912 1404 ahest,
2958 1340 3100 1412 quod
3148 1349 3449 1410 temporum
3499 1337 3731 1392 inclina-

2140 1448 2206 1492 tae
2247 1437 2357 1507 jam
2379 1479 2393 1502 ,
2440 1438 2484 1491 si
2513 1451 2619 1490 non
2653 1450 2873 1506 prorsus
2909 1433 3162 1502 collapsas
3199 1446 3321 1486 cum
3372 1431 3578 1500 imperii
3608 1444 3729 1484 ma-

2134 1532 2330 1602 jestate
2357 1532 2432 1587 rei
2461 1529 2730 1586 litteraria:
2759 1544 2966 1592 mores,
2991 1536 3046 1583 et
3073 1526 3278 1596 gallica;
3302 1527 3533 1581 nationis
3553 1566 3569 1592 ,
3602 1539 3725 1595 qua:

2141 1628 2367 1683 necdum
2389 1667 2404 1691 ,
2429 1635 2484 1679 ut
2513 1638 2656 1678 nunc
2683 1632 2767 1676 est
2786 1663 2800 1686 ,
2853 1630 2961 1675 tum
3015 1619 3276 1691 ingeniis,
3328 1628 3438 1673 tum
3469 1627 3735 1687 priestanc

443 1710 500 1768 S.
565 1711 826 1768 Victorini
883 1722 976 1766 aut
1030 1711 1222 1768 breves
1271 1711 1533 1767 duntaxat
1589 1713 2033 1780 observationes,
2071 1725 2115 1787 Β
2144 1720 2475 1774 tissimarum
2524 1715 2718 1770 artium
2769 1712 3075 1782 cognitione
3115 1711 3256 1766 culta
3293 1719 3444 1776 erat,
3490 1709 3733 1780 peregri—

446 1817 541 1864 aut
591 1809 956 1874 expositiones
1004 1808 1353 1878 singularium
1406 1807 1752 1862 solummodo
1794 1807 2035 1864 locorum

449 1900 647 1958 laudati
688 1900 964 1970 Evangelii
995 1901 1337 1973 complexum
1389 1901 1576 1957 fuisse.

541 1994 928 2051 Comnientarii
998 1995 1052 2050 in
1115 1994 1483 2066 Apocalypsin
1550 1994 1658 2049 divi
1715 1993 1942 2050 Joannis
2010 2011 2041 2050 a

448 2091 637 2138 sancto
664 2091 902 2153 martyre
948 2091 1134 2136 nostro
1173 2080 1418 2135 adornati
1451 2081 1694 2136 meminit
1721 2089 1775 2135 et
1821 2081 1881 2134 Ι).
1915 2080 2040 2135 l-lie-

446 2189 706 2247 ronymus
732 2184 786 2229 et
812 2173 1200 2237 Cassiodorus,
1232 2173 1321 2244 qui
1352 2174 1570 2227 ultimus
1601 2171 1670 2228 de
1707 2187 1773 2226 eo
1817 2173 1871 2227 in
1903 2175 2044 2226 hunc

448 2267 666 2324 modum
699 2267 882 2323 scribit
912 2264 994 2339 (5)
1024 2283 1037 2319 :
1077 2283 1096 2318 ι
1136 2265 1209 2320 De
1238 2282 1346 2335 quo
1393 2265 1530 2320 libro
1564 2263 1950 2338 (Apocalypsi)
1991 2275 2048 2321 et

449 2357 756 2415 Victorinus
773 2373 917 2428 saepe
937 2359 1111 2414 dictus
1133 2359 1416 2429 episcopus
1442 2356 1760 2414 difficillima
1790 2358 2038 2428 qmedam

449 2453 567 2508 loca
623 2452 856 2508 breviter
910 2453 1158 2507 tractavit
1204 2472 1223 2504 ι
1260 2452 1417 2508 Hisce
1469 2453 1646 2507 verbis
1694 2451 1876 2522 judice
1945 2449 2046 2506 Ca—

452 2560 556 2600 veo
613 2543 690 2617 (ti)
742 2544 913 2599 innuit
960 2544 1348 2610 Cassiodorus,
1402 2543 1736 2600 Victorinum
1784 2559 1890 2599 non
1940 2555 2046 2599 tam

458 2638 724 2708 integrant
748 2638 1109 2710 Apocalypsin
1134 2638 1524 2693 commentario
1545 2638 1864 2704 illustrasse,
1889 2653 2049 2707 quam

457 2731 760 2788 difficiliora
811 2731 1056 2802 qua-dam
1097 2731 1212 2786 loca
1261 2741 1541 2786 tractasse.
1598 2730 1911 2787 Generatim
1956 2747 2050 2785 an-

457 2837 566 2883 tem
623 2827 1003 2882 animadvertit
1055 2827 1278 2882 illustris
1329 2823 1629 2881 Ceillierius
1683 2827 1762 2896 (7)
1806 2844 1820 2879 :
1864 2824 2052 2896 Neque

459 2932 668 2978 certum
708 2937 860 2990 esse,
895 2937 1021 2976 num
1049 2931 1267 2977 sanctus
1288 2918 1598 2974 Victorinus
1636 2919 1872 2988 integros
1908 2933 2054 2973 com-

460 3016 756 3072 mentarios
793 3016 1213 3086 conscripserit,
1241 3029 1416 3086 neque
1442 3023 1618 3069 utrum
1661 3014 1829 3068 libros
1869 3027 2054 3068 sacros

461 3127 492 3166 a
517 3111 691 3183 capite
717 3126 888 3180 usque
919 3110 984 3164 ad
1029 3111 1232 3166 calcem
1265 3110 1602 3176 exposuerit.
1645 3108 1922 3174 Siquidem
1967 3122 2052 3163 εει-
2081 3127 2125 3188 C

464 3206 534 3258 tis
553 3203 832 3259 manifeste
853 3203 1143 3260 adseverat
1167 3203 1521 3258 Cassiodorus
1538 3245 1554 3268 ,
1581 3211 1826 3257 sanctum
1849 3200 2057 3272 episco-

465 3311 592 3368 pum
623 3297 836 3352 It0ntti~i
865 3296 1112 3367 quaedam
1139 3295 1256 3350 loca
1287 3291 1670 3356 Ecclesiastis,
1705 3290 1764 3346 S.
1796 3290 2054 3357 Matthazi,

465 3398 629 3458 atque
663 3389 1068 3461 Apocalypsens
1106 3403 1166 3443 es
1179 3388 1450 3456 plicuisse.

540 3481 620 3536 De
645 3481 706 3537 S.
749 3480 994 3535 Victorini
1017 3481 1225 3536 scholiis
1254 3481 1308 3533 in
1337 3479 1686 3549 Apocalypsin
1729 3477 2054 3531 Joannis.—

468 3575 710 3632 Alterum
778 3591 940 3646 porro
1005 3589 1075 3629 ex
1141 3573 1400 3628 Victorini
1464 3571 1719 3640 scriptis,
1787 3569 1930 3642 quod
1994 3570 2061 3624 ad

470 3680 571 3721 nos
621 3681 788 3736 usque
839 3665 1122 3734 pervenit,
1165 3671 1292 3718 sunt
1340 3664 1459 3729 ejus
1498 3662 1702 3716 scholia
1752 3663 1803 3716 in
1854 3664 2064 3729 Apoca-

473 3760 650 3833 lypsin
668 3803 682 3820 .
708 3775 828 3829 quin
864 3759 1067 3828 primus
1097 3774 1164 3813 ex
1193 3757 1534 3812 bibliotheca:
1563 3755 1860 3810 casinensis
1879 3755 2066 3811 codice

476 3856 530 3911 in
579 3855 746 3911 lucem
791 3855 931 3909 eruit
976 3851 1200 3908 Basilius
1238 3851 1539 3916 millanins,
1589 3848 1886 3905 monachus
1929 3849 2067 3903 casi-

476 3965 602 4006 nas:
635 3947 1059 4017 prodieruntque
1091 3945 1379 4010 Bononia},
1415 3943 1556 3998 iii-8°
1586 3943 1732 4013 apud
1757 3946 1883 3996 Ant.
1915 3939 2068 3996 Ciac-

475 4041 730 4096 carellum
790 4051 845 4096 et
901 4040 1246 4109 Peregrinum
1318 4037 1661 4102 Bonardum,
1712 4051 1856 4090 anno
1905 4035 2066 4090 1558.

479 4135 712 4204 Questus
741 4136 990 4206 equidem
1020 4143 1103 4190 est
1145 4133 1347 4204 primus
1380 4131 1465 4185 hic
1501 4131 1830 4185 scholiorum
1860 4130 2069 4196 editor,

479 4228 722 4282 codicem
746 4227 840 4282 Ms.
863 4269 876 4289 ,
907 4243 1015 4294 quo
1045 4241 1174 4282 usus
1203 4233 1283 4281 est
1305 4267 1321 4292 ,
1351 4223 1488 4278 adeo
1527 4223 1696 4280 fuisse
1728 4224 2070 4278 librariorum

483 4319 695 4374 inscitia
739 4329 1054 4386 corruptum
1077 4361 1092 4385 ,
1123 4327 1180 4372 ut
1219 4331 1364 4387 saepe
1396 4315 1488 4370 vix
1532 4315 1829 4371 divinando
1847 4310 2070 4372 rectum

485 4423 668 4484 posset
693 4414 906 4485 assequi
937 4429 1176 4470 sensum.

2145 1811 2366 1864 nitatem
2409 1805 2608 1862 referat
2649 1824 2662 1860 :
2709 1813 2916 1860 tantum
2961 1814 3136 1858 tamen
3183 1810 3374 1857 auctor
3413 1803 3514 1856 lSle
3560 1801 3738 1856 breviv

2143 1910 2252 1957 tate
2301 1915 2393 1955 sua
2440 1898 2726 1970 pra-stitit,
2777 1908 2830 1952 ut
2881 1895 3234 1967 quorumdam
3263 1894 3547 1949 verborum
3589 1894 3733 1948 inso-

2147 1995 2366 2051 leutiam
2414 1993 2622 2049 utilitas
2668 1990 2967 2063 argumenti
3013 1988 3223 2044 abunde
3270 2002 3499 2059 pensare
3546 1987 3734 2057 possit.

2144 2090 2255 2147 Nos
2279 2099 2428 2145 certe
2468 2104 2592 2144 cum
2634 2087 2776 2143 idem
2819 2087 2933 2155 ipse
2974 2101 3078 2140 non
3128 2082 3293 2138 verba
3343 2081 3537 2152 quibus
3590 2079 3739 2134 iden-

2149 2183 2312 2239 tidem
2372 2181 2680 2253 impropriis
2725 2189 2781 2235 et
2829 2179 2985 2249 longe
3027 2177 3096 2232 ab
3139 2191 3241 2231 usu
3296 2184 3441 2229 recte
3485 2171 3738 2245 loquendi

2149 2277 2372 2332 semotis
2400 2276 2598 2340 utitur,
2646 2272 2744 2328 sed
2794 2286 2985 2326 sensus
3037 2271 3181 2340 ipsos
3230 2281 3521 2339 sequatur;
3568 2267 3742 2322 noluiv

2151 2385 2269 2426 tuus
2321 2371 2372 2424 in
2430 2369 2607 2423 verbis
2658 2383 2725 2423 eo
2793 2367 2910 2436 ipso
2973 2363 3143 2420 videri
3209 2362 3497 2418 doctiores.
3557 2360 3740 2430 Itaque

2151 2463 2392 2533 vestigiis
2424 2461 2567 2515 illius
2615 2461 2926 2515 insistentes
2946 2501 2962 2524 ,
2999 2472 3118 2527 qua:
3147 2455 3613 2511 animadversione
3637 2454 3740 2507 im-

2152 2556 2340 2626 priutis
2386 2555 2546 2624 digna
2614 2553 2725 2606 visa
2777 2559 2938 2615 sunt,
2993 2549 3128 2603 infra
3179 2548 3266 2602 hic
3325 2546 3670 2601 adnutamus.
3714 2565 3734 2598 ι

2156 2649 2424 2704 Hactenus
2453 2648 2525 2702 cl.
2562 2645 2792 2701 Basilius
2823 2643 3093 2698 Millanius
3123 2639 3298 2697 editor
3330 2658 3344 2694 :
3379 2639 3468 2710 qui
3497 2637 3736 2709 quidem,

2155 2745 2198 2798 si
2222 2746 2270 2799 ei
2293 2747 2440 2798 locus
2461 2741 2912 2813 llieronyniianus
2939 2737 3298 2792 succurrisset
3329 2735 3396 2790 de
3422 2734 3562 2788 Viris
3589 2733 3742 2786 illus-

2157 2835 2326 2892 tribus
2349 2836 2594 2906 superius
2621 2832 2774 2887 nobis
2799 2838 3158 2893 memoratus,
3189 2842 3363 2898 neque
3388 2826 3588 2897 gallum
3615 2823 3746 2879 fuis—

2157 2945 2214 2985 se
2247 2928 2612 2990 Victorinum,
2656 2942 2750 2982 seu
2779 2925 3166 2996 pictaviensem
3195 2922 3507 2992 episcOpum
3553 2917 3746 2974 existi-

2159 3033 2359 3078 masset
2381 3065 2396 3088 ,
2431 3038 2605 3092 neque
2635 3021 2702 3076 de
2719 3021 2859 3091 ston
2880 3019 2997 3089 ejus
3018 3020 3290 3087 incompto
3311 3014 3445 3070 adeo
3465 3013 3746 3069 doluisset.

2233 3116 2359 3170 llwc
2409 3125 2590 3170 autem
2640 3130 2708 3169 ex
2751 3113 2959 3168 editore
3000 3120 3188 3165 nostro
3219 3117 3503 3180 propterea
3560 3106 3748 3174 impri-

2161 3211 2264 3266 mis
2284 3208 2636 3264 describenda
2673 3207 3007 3269 censuimus,
3039 3206 3210 3274 inquit
3252 3200 3566 3258 Gallandius
3613 3198 3736 3270 (l),

2161 3303 2304 3373 quod
2337 3301 2557 3372 hujusce
2583 3299 2826 3371 opusculi
2857 3297 3054 3360 editio,
3087 3297 3242 3350 unica
3274 3293 3550 3349 enimvero
3580 3290 3744 3345 adeo-

2165 3413 2270 3467 qne
2311 3411 2526 3466 perraro
2549 3437 2562 3459 ,
2595 3409 2691 3449 eos
2718 3394 2784 3447 ad
2817 3408 2982 3447 unum
3010 3407 3197 3446 omnes
3227 3390 3484 3444 hactenus
3516 3386 3752 3450 latuerit,

2093 3535 2098 3539 .
2165 3491 2256 3562 qui
2284 3501 2392 3561 tum
2428 3490 2530 3545 hoc
2551 3533 2566 3557 ,
2599 3500 2707 3544 tum
2739 3489 3022 3559 superiore
3054 3486 3258 3542 saeculo
3287 3483 3356 3540 de
3401 3481 3755 3552 scriptoribus

2166 3587 2550 3644 ecclesiasticis
2576 3585 2754 3652 egisse
2785 3591 3100 3640 noscuntur.
3135 3582 3192 3637 Si
3217 3580 3360 3634 enim
3385 3579 3450 3633 iis
3478 3585 3755 3648 perspecta

2167 3682 2357 3736 fuisset
2407 3679 2532 3743 illa,
2580 3678 2758 3732 nullus
2799 3677 3018 3741 dubito,
3073 3675 3198 3746 quin
3249 3671 3512 3742 ejusmodi
3554 3668 3756 3724 scholia

2171 3787 2432 3846 tanquam
2493 3773 2783 3845 genuinum
2831 3771 3088 3826 Victorini
3151 3767 3335 3823 foetum
3385 3767 3757 3837 excepissent,

2173 3868 2632 3940 agnovisseutque
2673 3864 2866 3929 simul,
2895 3861 3230 3918 subdititium
3256 3861 3477 3915 omnino
3506 3872 3647 3920 esse,
3682 3868 3761 3911 ut-

2174 3973 2296 4035 pote
2326 3963 2458 4016 mire
2481 3959 2860 4030 interpolatum
2882 3999 2897 4024 ,
2931 3956 3375 4012 commentarium
3406 3955 3457 4008 in
3494 3953 3761 4023 Aporaly-

2175 4057 2330 4128 psiu,
2357 4055 2446 4126 qui
2496 4053 2596 4108 sub
2651 4053 2768 4120 ejus
2811 4050 3027 4106 nomine
3072 4052 3124 4105 in
3165 4047 3504 4104 bibliothecis
3544 4045 3761 4099 Patrum

2174 4148 2567 4204 circumfertur.
2628 4145 2696 4200 Et
2758 4147 2986 4214 priututn
3039 4143 3255 4213 quidem
3314 4156 3380 4196 ex
3438 4137 3765 4194 Cassiodoro

2176 4245 2434 4299 discimus
2493 4240 2617 4313 (Ξ),
2682 4239 3014 4294 Victorinum
3081 4237 3144 4290 de
3194 4235 3321 4290 libro
3385 4233 3765 4303 Apocalypscos

2179 4336 2493 4409 difﬁcillima
2521 4333 2758 4406 quaedam
2788 4333 2900 4386 loca
2927 4331 3139 4384 breviter
3169 4339 3414 4382 tractasse
3449 4344 3462 4381 :
3495 4340 3617 4396 qua:
3643 4325 3766 4394 qui-

2179 4429 2303 4484 dem
2351 4428 2557 4482 notatio
2597 4435 2650 4480 et
2695 4423 2895 4479 nostris
2939 4421 3160 4477 scholiis
3199 4420 3443 4490 apprime
3469 4431 3770 4486 congruere

585 4509 660 4563 De
689 4523 854 4579 opere
908 4519 1083 4564 autem
1106 4551 1120 4573 ,
1154 4509 1331 4579 deque
1360 4509 1507 4564 illius
1547 4514 1800 4571 auctore,
1827 4517 1927 4559 nec
1968 4519 2074 4558 non
2103 4524 2155 4586 1)
2184 4523 2456 4587 noscitur,
2485 4530 2540 4576 et
2567 4535 2598 4575 a
2641 4518 2956 4589 pervulgato
3000 4513 3394 4569 commentario
3434 4511 3609 4565 aliena
3651 4524 3772 4563 esse

485 4603 554 4660 de
599 4618 968 4680 cura,Iquam
1023 4604 1075 4657 in
1124 4619 1190 4659 eo
1232 4600 1552 4658 illustrando
1586 4597 1880 4668 impendit,
1935 4595 2077 4650 haud

486 4700 717 4754 otiosum
738 4697 968 4752 fortasse
997 4695 1154 4752 fuerit
1183 4697 1359 4766 ipsum
1393 4694 1606 4760 audire,
1638 4692 1901 4747 lectorem
1925 4705 2080 4742 suum

488 4792 852 4862 alloquentem
899 4789 984 4846 his
1014 4789 1232 4845 verbis:
1259 4807 1278 4842 ι
1315 4788 1386 4845 Ut
1425 4804 1491 4842 ne
1536 4785 1666 4857 quid
1708 4793 1852 4839 esset
1873 4802 1942 4849 ,.›
2002 4781 2086 4836 in-

491 4885 637 4954 quit,
669 4903 688 4935 t
723 4884 775 4938 in
801 4899 910 4955 quo
955 4898 1042 4938 me
1086 4893 1177 4936 aut
1205 4882 1364 4952 plane
1385 4879 1756 4950 indiligentem
1803 4887 2080 4945 argueres,

493 4983 586 5028 aut
621 4974 781 5028 etiam
817 4988 1103 5031 accusares
1131 4983 1188 5027 tit
1223 4971 1516 5032 audacem,
1551 4970 1722 5048 amice
1754 4967 1959 5029 lector,
1999 4981 2086 5020 se-

493 5067 624 5139 dulo
673 5068 1070 5140 diligenterque
1127 5067 1276 5132 cavi;
1333 5081 1455 5120 nam
1511 5075 1567 5120 et
1611 5061 1930 5134 opusculum
1985 5061 2087 5116 hoc

570 5229 646 5294 (Ι)
671 5226 979 5281 Cassiodor.
999 5271 1014 5294 ,
1046 5229 1266 5282 institut.
1296 5226 1456 5279 divin.
1491 5225 1568 5278 lit.
1591 5264 1605 5286 ,
1637 5237 1756 5290 cap.

573 5288 652 5370 (2)
686 5288 1035 5370 Hieronymf,
1064 5298 1271 5370 Prolog.
1298 5300 1351 5352 in
1380 5295 1566 5352 Matth.
1590 5336 1605 5361 ,
1637 5288 1754 5364 pag.
1787 5292 1844 5362 8,
1871 5297 1928 5348 et
1955 5288 2085 5345 edit.

501 5371 614 5427 Vt-tt
655 5378 694 5426 t.
721 5414 735 5434 ,
767 5379 898 5424 lunt.
931 5386 1019 5424 vut
1040 5412 1052 5427 .
1087 5389 1138 5437 ιι.
1169 5373 1220 5425 7.

573 5440 652 5512 (5)
677 5441 982 5496 Cassiodor.
1007 5483 1022 5505 ,
1057 5441 1183 5495 ibid.
1204 5482 1220 5504 ,
1249 5456 1367 5511 cap.
1402 5439 1455 5495 7.

597 5512 652 5580 lt)
679 5514 947 5580 thrtlner,
979 5512 1083 5566 Ine.
1115 5513 1205 5566 cit.
1229 5555 1242 5576 ,
1286 5531 1337 5580 ι).
1377 5513 1501 5568 191.

599 5583 653 5651 5)
673 5586 978 5642 Cassiodor.
997 5625 1014 5650 ,
1044 5583 1148 5637 lue.
1177 5585 1295 5646 cit.,
1329 5599 1446 5654 cap.
1472 5583 1527 5640 9.

605 5657 821 5720 διο-ηε
882 5658 985 5712 loc.
1015 5656 1144 5722 cit.,
1184 5671 1237 5726 p.
1273 5655 1395 5709 M7.

607 5729 664 5801 7)
685 5727 923 5788 Ceillier.
945 5773 961 5799 ,
996 5728 1096 5785 loc.
1141 5724 1263 5795 cit.,
1295 5743 1350 5799 p.
1373 5726 1478 5783 545
1517 5734 1572 5782 et
1602 5724 1727 5784 διδ.

2183 4616 2542 4685 comperitur;
2593 4624 2648 4667 ut
2685 4611 2906 4666 cuilibet
2959 4619 3240 4678 utrumque
3286 4622 3422 4677 opus
3470 4602 3772 4658 conferenti

2188 4710 2527 4781 perspicuum
2586 4706 2693 4760 fiet.
2754 4700 2956 4757 Deinde
3003 4700 3146 4771 quod
3208 4699 3286 4753 rei
3339 4706 3500 4766 caput
3551 4708 3668 4761 est,
3719 4696 3774 4748 in

2189 4802 2389 4858 nostris
2419 4800 2624 4854 sclioliis
2667 4796 2813 4866 regni
2860 4794 3140 4847 tnillenarii
3191 4801 3314 4844 nota
3345 4797 3618 4856 comparet
3659 4783 3774 4855 (5);

2188 4897 2329 4968 quod
2361 4911 2490 4950 sane
2516 4891 2848 4948 Victorinum
2879 4904 2999 4942 cum
3024 4886 3145 4940 aliis
3187 4881 3578 4953 antiquioribus
3609 4893 3776 4950 agno-

2191 4993 2333 5048 visse
2359 5032 2372 5052 ,
2423 4987 2672 5058 superius
2715 5001 2780 5040 ex
2823 4983 3150 5052 Hieronymo
3194 4977 3520 5045 accepimus.

2289 5080 2439 5136 Haud
2514 5088 2691 5132 tamen
2757 5072 3001 5129 dissimul
3039 5070 3205 5126 ndum
3272 5067 3516 5121 videtur.
3577 5062 3779 5120 scholia

2191 5191 2286 5231 sua
2317 5173 2638 5229 concludere
2671 5170 2998 5224 Victorinum
3029 5166 3111 5219 liis
3137 5164 3316 5218 verbis
3344 5179 3356 5212 :
3389 5179 3408 5211 ι
3444 5161 3584 5230 Ergo
3614 5157 3770 5211 andi-

2193 5266 2318 5322 eudi
2347 5281 2455 5320 non
2486 5272 2645 5325 sunt,
2679 5261 2768 5332 qni
2801 5259 2946 5314 inille
2973 5271 3235 5310 annorum
3261 5268 3483 5324 regnum
3509 5261 3781 5305 terrenum

2192 5375 2314 5416 esse
2331 5359 2654 5414 confirmant
2670 5355 2781 5426 ,qui
2798 5369 2918 5408 cum
2937 5349 3198 5406 Cerintho
3212 5347 3468 5404 lia-retice
3483 5345 3778 5400 sentiunta

2292 5497 2343 5568 l)
2371 5494 2619 5554 Galland.
2644 5538 2657 5561 ,
2690 5493 2794 5546 loc.
2838 5493 2931 5546 cit.
2965 5507 3018 5562 ρ.
3054 5491 3105 5546 6.

2264 5498 2348 5642 l2)
2379 5566 2657 5642 Gessium,
2683 5565 2787 5620 loc.
2822 5565 2921 5642 cit.
2938 5606 2954 5631 ,
2998 5579 3099 5642 cap

2289 5563 2348 5650 ξ’)
2379 5566 2621 5650 cassiod:
2641 5609 2657 5632 ,
2683 5565 2787 5620 loc.
2822 5565 2922 5650 cit.-
2938 5606 2954 5631 ,
2998 5579 3099 5646 cap
3127 5563 3183 5650 9Ξ
3330 5631 3344 5650 ι
3684 5625 3750 5650 η,

2265 5625 2361 5769 (δὲ
2418 5625 2720 5705 Victorin.,
2779 5625 2952 5692 schol;
3007 5625 3082 5690 in'
3149 5631 3503 5704 Apocalyps.,
3564 5643 3618 5695 ι,
3684 5625 3786 5692 15;

2197 5729 2298 5770 xx.
