4020 6072
221 154 332 211 297

1564 151 2088 211 PROLEGOMENA.

3392 164 3504 225 298

220 271 328 324 alia
351 267 551 322 ibidem
578 267 716 322 hunc
733 244 911 322 locum
931 265 1266 322 illustrantia.
1299 264 1453 334 Quod
1477 281 1605 322 vero
1625 266 1808 322 Victo-
1836 270 1886 330 Α
1913 266 1995 319 sin
2030 272 2126 319 :et
2164 279 2286 319 cum
2343 267 2524 321 senior
2563 266 2672 336 jam
2727 275 2940 336 putaret
2967 282 3026 325 se
3069 284 3166 340 per
3191 275 3494 343 passionem

223 361 381 416 riuus
408 360 732 416 intellexerit
757 368 959 428 septem
1006 359 1292 425 Ecclesias,
1317 358 1383 413 ad
1422 374 1554 427 quas
1577 367 1654 413 tot
1681 358 1805 429 Epi-

219 454 380 508 stula:
419 454 473 510 in
516 451 834 508 collectione
875 451 1084 523 paulina
1111 451 1328 507 directa:
1352 461 1494 517 sunt,
1525 467 1590 506 ex
1614 450 1808 521 duplici

220 546 460 603 auctoris
481 525 649 601 nostri
686 544 825 610 loco,
856 559 960 598 uno
988 543 1042 598 in
1079 543 1301 598 scholiis
1343 543 1396 597 in
1425 542 1805 615 Apocalypsin,

219 640 402 695 altero
445 637 687 708 ejusdem
737 637 789 691 in
825 637 1210 692 commentario
1237 634 1288 690 in
1318 633 1668 706 Apocalypsin
1697 650 1810 689 ma-

217 733 420 790 nifeste
441 739 687 797 constat;
718 731 771 786 in
799 739 1024 800 utroque
1054 730 1168 785 haec
1192 729 1458 784 habentur
1481 727 1564 801 (l)
1593 747 1607 783 :
1642 746 1662 779 ι
1691 727 1808 782 Istae

217 837 431 897 septem
469 824 642 881 stellae
689 830 813 879 sunt
841 832 1046 894 septem
1099 821 1379 884 Ecclesiae,
1406 820 1473 876 ad
1516 836 1648 890 quas
1687 821 1811 875 fecit

218 917 530 990 Epistolas;
590 930 694 972 non
735 916 858 986 quia
910 917 1039 986 ipsae
1066 915 1198 970 solae
1243 925 1368 970 sunt
1411 914 1687 980 Ecclesiae,
1720 922 1812 968 aut

217 1012 515 1082 principes,
538 1010 632 1064 sed
659 1007 802 1080 quod
835 1008 925 1063 uni
952 1007 1104 1073 dicit,
1128 1007 1378 1063 omnibus
1403 1006 1553 1063 dicit.
1578 1006 1730 1064 Unde
1757 1018 1811 1062 et

218 1104 276 1160 in
311 1113 424 1158 toto
460 1103 592 1158 orbe
642 1102 1000 1172 septennatim
1058 1100 1326 1157 Ecclesias
1352 1117 1559 1167 omnes,
1607 1113 1810 1172 septem

215 1213 343 1254 esse
370 1195 700 1260 nominatas,
723 1204 778 1250 et
801 1210 960 1249 unam
988 1208 1110 1248 esse
1125 1192 1477 1259 Catholicam,
1503 1193 1697 1249 Paulus
1715 1194 1812 1250 do-

106 1333 118 1346 .
214 1292 352 1355 cuit.
376 1290 620 1346 scribens
646 1287 714 1344 ad
743 1297 946 1360 septem
978 1286 1271 1355 Eeclesias,
1313 1287 1387 1342 uti
1413 1289 1478 1342 ad
1513 1287 1808 1357 Romanos,

213 1383 287 1438 ad
316 1380 646 1445 Corinthios,
677 1383 743 1434 ad
785 1379 1022 1444 Galatas,
1075 1378 1140 1434 ad
1190 1379 1474 1448 Ephesios,
1507 1381 1571 1434 ad
1620 1379 1813 1452 Philip-

216 1491 438 1548 peuses,
469 1474 535 1530 ad
564 1474 933 1542 Colossenses,
962 1473 1027 1529 ad
1061 1473 1592 1530 Tltessalonicenses.
1618 1474 1811 1531 Postea

215 1568 584 1641 singularibus
623 1567 870 1638 personis
899 1566 1136 1638 scripsit,
1177 1582 1246 1623 ne
1280 1567 1568 1623 excederet
1592 1568 1810 1624 modum

212 1672 424 1733 septem
453 1661 841 1718 Ecclesiarum.
876 1661 945 1717 Et
986 1661 1038 1716 in
1093 1661 1241 1717 brevi
1273 1661 1598 1718 coutrahens
1622 1664 1814 1734 prazdi-
1846 1671 1890 1738 Β
1917 1673 2078 1728 Super
2127 1659 2409 1715 tribunalia
2461 1662 2732 1719 sedentes.
2817 1704 2832 1720 .

211 1755 485 1812 cntionem
527 1770 678 1810 suam
707 1754 772 1810 ad
801 1754 1138 1809 'l‘imotlieum
1170 1755 1245 1808 ait
1271 1770 1284 1806 :
1310 1763 1367 1808 ut
1391 1755 1550 1820 scias,
1582 1757 1810 1827 qualiter

214 1848 420 1904 debeas
445 1847 755 1903 conversari
775 1847 829 1901 in
870 1846 1109 1902 Ecclesia
1144 1845 1236 1902 Dei
1266 1846 1390 1902 vivi.
1431 1866 1450 1899 ι

297 1940 473 1996 Prima
503 1939 644 1997 Petri
672 1941 902 2012 Apostoli
932 1937 1167 2011 Epistula
1211 1957 1242 1993 a
1279 1937 1540 1996 Victorino
1576 1941 1808 1998 laudata.

213 2062 294 2080 -ν-
316 2035 570 2092 Sanctum
603 2033 935 2090 Victorinum
964 2033 1075 2089 divi
1105 2034 1247 2090 Petri
1274 2033 1567 2105 Epistulam
1589 2037 1811 2106 primam

215 2129 503 2202 agnovisse
525 2137 668 2200 patet
687 2137 740 2184 et
766 2144 834 2183 ex
863 2125 1105 2195 scholiis,
1133 2137 1188 2184 et
1204 2130 1591 2184 commentario
1619 2130 1737 2202 ejus
1761 2131 1814 2186 in

216 2220 580 2292 Apocalysin;
609 2219 683 2274 ait
721 2219 863 2274 cnim
895 2218 961 2275 ad
991 2220 1152 2275 verba
1187 2219 1302 2277 haec
1329 2224 1746 2295 Apocalypseos,
1775 2240 1812 2288 ι,

218 2312 258 2368 6
287 2333 300 2367 :
327 2311 395 2367 Et
425 2315 542 2384 fecit
571 2330 662 2368 nos
686 2330 898 2384 regnum
925 2323 970 2368 et
1002 2313 1304 2370 Sacerdotes
1330 2313 1433 2388 (2).
1463 2335 1483 2368 ι
1515 2315 1569 2371 ld
1597 2327 1678 2370 est
1705 2331 1820 2371 um-

218 2411 373 2465 nium
402 2406 642 2464 ﬁdelium
691 2409 1010 2477 Ecclesium,
1046 2411 1183 2466 sicut
1218 2412 1408 2467 Petrus
1436 2428 1646 2485 quoque
1675 2412 1820 2484 Apo-

217 2504 394 2559 stolus
422 2502 550 2558 dicit
575 2502 654 2573 (5)
686 2521 700 2556 :
725 2503 860 2559 Gens
880 2515 1078 2570 sancta,
1105 2507 1275 2578 regale
1302 2506 1690 2563 Sacerdotium.
1724 2527 1741 2561 ι

296 2599 634 2670 Apocalypsis
649 2597 843 2653 Joanni
864 2599 1201 2670 E’uangelista:
1215 2600 1400 2655 diserte
1420 2602 1731 2656 attribuitur.
1751 2589 1822 2644 ἔ·-

219 2693 284 2750 ln
308 2691 475 2746 libelli
504 2693 804 2762 fragmento
847 2691 1218 2760 S.'Victorini,
1243 2694 1311 2750 de
1357 2693 1578 2750 Fabrica
1614 2698 1820 2765 mundi,

220 2789 389 2845 etiam
437 2790 794 2862 Apocalypsis
833 2789 1086 2846 Joannete
1115 2807 1376 2858 cXpressa
1421 2792 1623 2849 mentio
1664 2793 1826 2850 babe-

222 2893 335 2938 tur.
388 2882 517 2938 Nam
571 2883 818 2952 leguntur
881 2885 932 2938 iu
979 2884 1086 2939 fine
1134 2885 1288 2940 istius
1338 2886 1616 2955 fragmenti
1663 2887 1826 2943 verba

223 2979 344 3032 hinc
373 2975 452 3048 (ὅ)
489 2995 502 3032 :
541 2994 560 3029 ι
599 2977 778 3048 itaque
805 2977 923 3034 sine
951 2977 1110 3032 dubio
1140 2989 1316 3034 autem
1349 2978 1458 3034 diei
1486 2979 1664 3050 angeli
1695 2979 1828 3034 duo-

1909 369 2258 428 accepturum
2317 363 2700 429 receptionem,
2735 361 3016 418 interfecto
3049 365 3348 425 Domitiano
3377 388 3494 429 om-

1911 448 1996 504 nia
2023 449 2138 520 ejus
2160 450 2358 521 judicia
2407 454 2578 507 soluta
2626 462 2770 517 sunt,
2800 467 2851 510 et
2880 455 3131 527 Joannes,
3167 462 3235 517 de
3279 467 3496 523 metallo
3527 457 3530 460 ’

1910 541 2183 609 dimissus,
2209 543 2285 598 sic
2309 554 2492 612 postea
2517 545 2732 601 tradidit
2773 549 2906 603 lianc
2931 551 3196 620 eamdem,
3223 572 3380 626 quam
3406 573 3497 614 ac-

1910 645 2127 705 ceperat
2146 652 2175 692 a
2201 638 2307 692 Deo
2334 641 2711 711 Apocalypsin.
2751 660 2769 694 ›
2800 640 3003 699 Confer
3030 645 3491 707 Connuentarium

1918 730 2168 787 Victorini
2221 733 2272 787 in
2331 734 2711 807 Apocalypsin,
2770 744 2902 792 tom.
2959 754 3038 793 Ill.
3091 741 3224 798 Bibl.
3279 745 3498 804 Patrum

1911 819 2181 893 Lugdun.,
2204 837 2328 895 pag.
2358 824 2483 892 420,
2503 841 2533 880 c
2564 837 2617 880 et
2641 842 2691 883 ο.

1984 913 2241 971 Numerus
2269 917 2513 992 librorum
2545 918 2731 977 Veteris
2760 920 3081 979 Testamenti.
3109 951 3179 967 --
3212 927 3282 983 De
3316 929 3499 990 Veteri

1913 1007 2258 1064 Testamento
2284 1015 2558 1078 sequentia
2591 1014 2824 1069 notanda
2846 1019 3066 1072 veniunt
3093 1021 3230 1090 apud
3258 1033 3501 1080 sanctum

1914 1099 2246 1156 Victorinum
2282 1111 2546 1158 nostrum.
2577 1102 2862 1177 Coniputat
2887 1111 3070 1180 viginti
3093 1123 3321 1182 quatuor
3344 1117 3506 1175 Vete-

1912 1193 1985 1248 ris
2003 1193 2329 1249 Testamenti
2355 1195 2522 1251 libros
2555 1197 2683 1252 dum
2733 1203 2806 1254 ait
2837 1203 2960 1274 (l):
2999 1223 3016 1255 ι
3060 1204 3506 1279 Vigintiquatuor

1912 1285 2154 1341 seniores
2199 1287 2383 1358 viginti
2429 1298 2659 1358 quatuor
2690 1291 2809 1346 libri
2841 1307 2967 1349 sunt
3010 1299 3411 1369 pr0plictarmn,
3455 1313 3508 1359 et

1914 1377 2047 1448 legis
2075 1377 2374 1434 referentes
2399 1374 2927 1452 lCSlilliOlliujlldit'ii.
3010 1426 3022 1442 .
3106 1429 3118 1442 .
3199 1407 3325 1448 ams
3351 1411 3509 1453 senas

1916 1470 2218 1524 testimonia
2270 1479 2395 1526 sunt
2425 1471 2636 1528 Veteris
2663 1473 2997 1532 Testatneuti
3046 1479 3326 1538 libroruin.
3387 1486 3513 1544 Ideo

1912 1559 2102 1632 viginti
2127 1571 2182 1617 et
2202 1572 2430 1632 quatuor
2466 1567 2683 1621 totidem
2716 1566 2938 1637 faciunt,
2968 1583 3098 1642 quot
3123 1586 3248 1630 sunt
3269 1579 3514 1639 seniores

2914 1705 2930 1722 .
3013 1668 3150 1726 Sunt
3190 1682 3366 1729 autem
3393 1676 3514 1732 libri

1913 1751 2132 1809 Veteris
2155 1753 2511 1822 Testamenti,
2542 1757 2630 1820 qui
2679 1758 3012 1828 accipiuntur
3043 1764 3226 1834 viginti
3263 1779 3512 1838 quatuor,

1913 1862 2049 1918 quos
2096 1847 2147 1902 in
2198 1847 2462 1919 Epitomis
2490 1849 2761 1907 Theodori
2818 1853 3063 1912 invenies
3091 1858 3194 1931 (2).
3229 1880 3247 1912 ι
3312 1861 3515 1920 Eadem

1917 1940 2033 1997 fere
2067 1941 2227 1997 verba
2273 1954 2566 1999 occurrunt
2615 1945 2664 1998 in
2712 1944 3111 2003 Commentario
3141 1949 3420 2019 Victorini.
3461 1957 3515 2012 in

1920 2035 2301 2107 Apocalypsin.
2332 2036 2382 2090 iu
2409 2036 2544 2092 Bibl.
2573 2039 2809 2106 Patrum,
2832 2039 3027 2111 Lugd,
3051 2053 3182 2099 tom.
3208 2061 3285 2111 ut,
3308 2062 3360 2117 p.
3383 2048 3444 2103 4t
3460 2050 3514 2105 7.

2005 2127 2196 2185 Veteris
2229 2129 2539 2186 Testamenti
2580 2148 2694 2186 cum
2751 2150 2878 2189 noro
2932 2140 3200 2206 connexio.
3227 2170 3296 2180 —
3327 2139 3517 2198 Tradit

1923 2233 2180 2294 praeterea
2209 2235 2427 2280 sanctus
2452 2236 2656 2298 martyr
2703 2237 2756 2282 et
2796 2228 3101 2300 episcopus,
3145 2234 3285 2302 quod
3319 2252 3516 2294 novum

1925 2317 2098 2374 ftedus
2142 2319 2300 2372 fidem
2339 2331 2498 2389 atque
2540 2319 2946 2376 fundamentum
2993 2323 3191 2381 habere
3247 2327 3440 2386 debeat
3467 2331 3522 2388 in

1926 2412 2093 2467 veteri
2125 2411 2347 2476 ftedere,
2395 2414 2478 2467 cui
2527 2413 2790 2482 innititur,
2818 2431 2880 2470 ac
2909 2419 3060 2487 quasi
3097 2425 3521 2492 superstruitur;

1926 2505 2115 2560 scribit
2139 2507 2283 2561 enim
2313 2506 2394 2578 (5)
2429 2529 2441 2563 :
2479 2524 2498 2559 α
2526 2507 2635 2564 Nec
2666 2511 2977 2580 prtcdicatio
3021 2530 3141 2569 cum
3181 2533 3318 2571 novo
3352 2535 3519 2590 popu-

1929 2597 2034 2652 lum
2072 2596 2433 2654 Christianum
2477 2601 2741 2668 significat
2787 2613 3091 2660 cantantem
3126 2609 3390 2664 canticum
3424 2627 3523 2666 no-

1929 2706 2074 2756 vum,
2104 2691 2157 2747 id
2184 2703 2267 2748 est
2289 2694 2679 2748 coniectionem
2709 2711 2859 2749 suam
2894 2697 3104 2767 publice
3132 2700 3521 2760 conferentem.

1927 2783 2134 2840 Novum
2179 2793 2280 2850 est,
2317 2783 2507 2839 Filium
2556 2785 2646 2841 Dei
2692 2786 2960 2843 hominem
2996 2791 3110 2846 lieri
3146 2809 3159 2846 :
3193 2809 3386 2850 novum
3419 2807 3522 2865 est,

1930 2892 2052 2933 cum
2091 2892 2317 2947 corpore
2367 2877 2418 2931 iu
2464 2877 2659 2932 cmlum
2691 2880 2984 2937 ascendere
3015 2898 3030 2936 :
3063 2899 3256 2940 novum
3305 2898 3407 2951 cst,
3439 2905 3526 2945 re-

1932 2971 2238 3041 missionem
2309 2981 2646 3039 peccatorum
2699 2971 3002 3028 hmninibus
3048 2976 3178 3032 dare
3231 2996 3244 3031 :
3301 2996 3521 3050 novum,

229 3069 434 3137 decim,
467 3070 641 3124 noctis
678 3071 853 3141 angeli
899 3071 1181 3127 duodecim
1227 3086 1324 3140 pro
1356 3088 1579 3128 numero
1627 3072 1832 3159 stoilicet
1859 3095 1905 3159 Ο
1935 3071 2121 3118 sancto
2147 3062 2349 3132 Spiritu
2377 3062 2590 3134 signare
2613 3062 2860 3121 homines
2882 3083 2894 3119 :
2916 3083 3110 3123 novum
3143 3081 3243 3130 est.
3276 3074 3526 3129 sacerdo-

223 3165 487 3220 horarum
508 3179 523 3227 ;
558 3163 611 3217 hi
635 3172 762 3218 sunt
783 3179 1012 3234 namque
1033 3173 1262 3235 quatuor
1283 3164 1469 3235 viginti
1518 3174 1683 3220 testes
1702 3145 1826 3220 .dieo

224 3273 349 3314 rum
382 3264 436 3312 et
462 3257 720 3321 noctium,
761 3257 849 3328 qui
877 3258 1068 3314 sedent
1096 3269 1222 3313 ante
1247 3259 1498 3313 thronum
1545 3258 1636 3313 Dei
1677 3273 1833 3312 coro-

229 3370 335 3410 nas
365 3368 559 3408 aureas
601 3353 654 3406 in
683 3352 950 3422 capitibus
979 3353 1088 3408 suis
1135 3352 1426 3415 habentes,
1455 3368 1583 3422 quos
1626 3351 1832 3410 Apoca-

229 3447 399 3518 lypsi:
424 3445 649 3501 Joannis
675 3447 896 3515 apostoli
942 3455 989 3500 et
1018 3446 1337 3518 euangelist
1361 3447 1585 3500 seniores
1612 3457 1776 3502 vocat.
1806 3468 1825 3502 ι

306 3539 531 3612 Tempus
563 3543 767 3612 scripta:
795 3541 1130 3612 Apocalypsis
1152 3550 1196 3594 et
1219 3539 1377 3594 locus.
1411 3570 1481 3579 —
1507 3539 1744 3596 Adnotat
1767 3541 1828 3597 S.

229 3634 564 3700 Victorinus,
583 3636 865 3705 episcopus
886 3642 939 3689 et
966 3644 1190 3706 martyr,
1216 3631 1364 3688 hisce
1383 3633 1436 3689 in
1455 3633 1679 3690 sclioliis
1696 3645 1829 3690 tem—

231 3746 360 3801 pus,
389 3744 498 3800 quo
526 3727 882 3800 Apocalypsis
922 3743 952 3782 a
997 3728 1056 3785 S.
1085 3727 1297 3783 Joanne
1325 3728 1572 3798 apostolo
1611 3737 1827 3784 exarata

228 3823 354 3890 fuit,
397 3822 524 3878 dum
569 3823 645 3878 ait
699 3824 750 3877 in
790 3838 911 3891 cap.
960 3838 1076 3886 xm,
1122 3823 1189 3878 10
1243 3839 1256 3875 :
1315 3841 1333 3875 ι
1367 3821 1589 3894 intelligi
1619 3832 1830 3890 Oportet

230 3926 473 3987 tempus,
507 3931 615 3987 quo
644 3915 846 3985 scripta
885 3917 1234 3988 Apocalypsis
1256 3916 1397 3971 edita
1426 3927 1508 3972 est
1534 3933 1548 3969 :
1574 3917 1826 3988 quoniam

234 4021 367 4066 tunc
394 4018 512 4064 erat
536 4008 717 4065 Caesar
741 4010 1073 4064 Domitianus
1094 4025 1108 4074 ;
1132 4018 1258 4064 ante
1281 4009 1428 4064 illum
1451 4021 1630 4063 autem
1656 4009 1829 4064 fuerat

234 4103 390 4159 Titus
422 4101 585 4157 frater
607 4102 779 4166 illius;
833 4110 889 4156 et
915 4100 1292 4171 Vespasianus,
1313 4101 1476 4167 Otho,
1505 4100 1748 4156 Vitellius
1774 4110 1828 4155 ct

237 4197 431 4254 Galba.
453 4195 545 4251 Isti
567 4206 692 4251 sunt
714 4197 969 4268 quinque,
989 4191 1074 4268 qiti
1093 4197 1419 4263 ceciderunt;
1444 4209 1575 4251 usus
1595 4209 1824 4260 exsn'r,

239 4293 340 4346 sub
373 4305 482 4362 quo
525 4290 722 4362 scripta
769 4301 852 4346 est
898 4291 1248 4363 Apocalypsis
1300 4289 1630 4345 Domitianus
1684 4287 1826 4343 scili-

240 4397 326 4442 cet
374 4387 475 4461 (5).
513 4405 531 4440 i
585 4386 653 4442 Et
703 4388 861 4458 paulo
903 4387 1150 4456 superius
1191 4387 1244 4442 in
1290 4402 1408 4458 cap.
1443 4385 1512 4453 Χ,
1561 4384 1646 4452 ll,
1696 4383 1827 4439 srri-

1939 3156 2065 3211 tium
2109 3155 2354 3224 accipere
2381 3171 2546 3210 sacra:
2576 3155 2983 3220 observationis,
3013 3170 3065 3214 et
3083 3177 3302 3232 regnum
3331 3181 3528 3236 expec-

1939 3258 2053 3304 tare
2085 3249 2363 3304 immensa}
2393 3251 2849 3316 repromissionis.
2882 3249 3120 3319 Cithara,
3156 3269 3206 3310 ct
3238 3257 3436 3314 chorda
3470 3261 3524 3316 in

1937 3341 2082 3414 ligno
2099 3357 2346 3403 emensa.
2367 3341 2628 3412 signiﬁcat
2655 3359 2871 3399 carnem
2894 3343 3092 3402 Christi
3111 3351 3368 3416 passionis
3383 3354 3524 3423 ligno
3544 3413 3548 3416 ,

1934 3436 2276 3509 conjunctam
2309 3454 2322 3491 :
2350 3436 2534 3492 Phiala
2549 3437 2966 3505 confessionem,
2999 3451 3047 3494 et
3077 3443 3196 3496 novi
3226 3441 3526 3502 Sacerdotii

1935 3533 2281 3604 propaginem
2317 3551 2330 3588 :
2361 3533 2673 3603 angelorum
2703 3541 2880 3589 autem
2910 3535 3219 3602 multorum,
3258 3538 3370 3592 imo
3409 3555 3526 3596 om-

1933 3627 2080 3681 nium
2141 3628 2274 3693 laus,
2325 3627 2564 3681 omnium
2597 3625 2742 3682 salus
2780 3637 2877 3689 est,
2915 3638 2968 3683 et
3012 3630 3370 3686 testimonium
3409 3634 3526 3688 uui—

1932 3733 2104 3774 versa:
2128 3719 2418 3773 creatiouis
2446 3719 2673 3774 Domino
2706 3729 2891 3774 nostro
2917 3722 3262 3778 referentium
3293 3725 3528 3796 gratula-

1933 3813 2132 3867 tionem
2181 3811 2515 3868 libcrationis
2567 3813 2839 3868 hominum
2862 3814 2928 3870 de
2951 3815 3107 3870 clade
3139 3819 3526 3874 mortis.Resi¢

1928 3907 2111 3977 gnatin
2132 3905 2430 3977 sigillorum
2475 3908 2683 3975 apertio
2713 3915 2794 3962 est
2835 3906 3044 3962 Veteris
3088 3908 3438 3977 Testatneuti,
3471 3922 3528 3968 et

1933 4000 2341 4071 pra-dicatorum
2369 3999 2745 4071 praznuntiatio
2777 4001 2828 4053 in
2858 4001 3150 4057 novissimo
3173 4015 3413 4075 tempore
3442 4007 3523 4062 fu-

1931 4105 2172 4150 turorum
2205 4093 2306 4167 (tt).
2350 4113 2367 4144 ι

2003 4190 2078 4245 De
2107 4189 2235 4244 Jesu
2273 4188 2488 4244 (ῖιιι-ίςιυ
2519 4186 2743 4241 Domino
2793 4195 2978 4244 nostro
3023 4190 3182 4247 docet
3211 4192 3266 4248 S.
3302 4193 3527 4253 Victori-

1932 4299 2030 4337 nus
2066 4283 2168 4351 (5),
2214 4280 2355 4352 quod
2411 4281 2477 4335 sit
2520 4279 2686 4336 Filius
2741 4282 2828 4336 Dei
2874 4293 2998 4338 ante
3047 4284 3307 4356 originem
3342 4289 3526 4347 saaculi

1929 4373 2068 4445 apud
2101 4375 2320 4430 Patrem
2347 4375 2580 4446 genitus,
2615 4375 2774 4430 homo
2820 4374 2993 4432 factus
3020 4378 3069 4433 iu
3102 4381 3274 4436 aniina
3305 4399 3426 4438 vera
3473 4398 3530 4442 et

240 4482 316 4537 bit
344 4482 427 4551 (6)
475 4500 489 4534 :
544 4499 563 4534 ι
603 4482 712 4538 Iloc
762 4482 891 4537 dicit
946 4493 1245 4552 propterea,
1277 4481 1441 4553 quod.
1470 4480 1684 4552 quando
1711 4478 1820 4534 haec

1936 4484 2123 4532 carne;
2171 4483 2266 4538 pro
2297 4468 2469 4523 salute
2509 4477 2688 4523 nostra
2724 4467 2884 4523 homo
2937 4469 3106 4527 factus
3147 4471 3229 4545 (6)
3266 4494 3278 4529 :
3313 4475 3523 4530 Patrem

238 4574 476 4633 Joannes
491 4575 642 4640 vidit,
665 4585 777 4632 erat
800 4575 851 4631 in
875 4575 1044 4631 insula
1066 4575 1342 4639 Pathtnos,
1372 4578 1422 4629 in
1451 4573 1667 4628 metallo
1682 4570 1832 4626 dam-

248 4677 410 4724 natus
429 4684 459 4723 a
490 4667 797 4723 Domitiano
823 4667 1038 4723 Caesare
1068 4686 1081 4722 :
1117 4667 1185 4724 ibi
1213 4682 1343 4737 ergo
1371 4665 1504 4720 vidit
1529 4662 1834 4733 Apocalypo

320 4823 397 4898 (i)
427 4824 780 4898 Victorin.,in
811 4826 1051 4882 schol.in
1080 4826 1428 4898 Apocalyps.,
1450 4839 1570 4892 cap.
1597 4839 1654 4888 ιι,
1678 4821 1837 4898 p.55,

242 4893 396 4967 apud
441 4893 710 4964 Galland.,
765 4910 816 4951 et
870 4899 920 4953 iu
961 4893 1330 4953 Commentar.
1387 4898 1440 4952 in
1492 4897 1839 4967 Apocalyps.,

242 4983 303 5039 p.
336 4966 467 5040 MS,
494 4985 546 5032 υ.
581 4985 635 5034 ε,
675 4969 726 5024 in
755 4970 891 5025 Btlti.
917 4968 1133 5025 Patrum
1155 4969 1402 5040 Lugdttn.

324 5036 405 5109 (2)
447 5039 546 5105 ld.,
583 5041 635 5094 in
680 5041 852 5096 schol.
899 5041 950 5096 in
1005 5059 1122 5112 cap.
1177 5059 1192 5098 ι
1241 5036 1528 5112 'Apocqp.
1562 5039 1651 5096 52.
1695 5055 1743 5103 Β,
1792 5046 1848 5093 el

239 5124 547 5240 ἱίὲἓᾶυθιιι.
601 5113 654 5167 ἱη
701 5116 896 5184 Apoc.,
949 5129 1003 5185 p.
1055 5111 1181 5180 tu,
1233 5130 1290 5179 n,
1352 5114 1402 5168 in
1449 5111 1586 5168 Bibl.
1635 5122 1843 5184 patrum

295 5197 399 5249 ngu
411 5222 423 5233 .

349 5254 405 5322 5)
434 5253 458 5310 Ι
486 5253 654 5322 Petr.,
683 5273 742 5315 II.
767 5255 824 5312 9.

346 5325 400 5399 ᾧ)
417 5325 720 5399 _Vtctoriu.,
741 5327 957 5399 Fragm.
977 5330 1044 5385 de
1064 5330 1291 5387 Fabrica
1316 5327 1522 5392 mundi,
1543 5327 1682 5398 apud
1701 5323 1844 5399 Cave

242 5396 466 5522 26:14:,
497 5409 561 5525 ἓι
585 5400 726 5468 apud
753 5396 1026 5466 Caliand.-,
1050 5419 1106 5458 n.
1137 5419 1210 5464 vt.
1254 5417 1308 5473 p.
1341 5402 1432 5466 51,
1460 5410 1514 5457 et
1543 5396 1718 5456 neuin
1744 5398 1845 5454 hoc

444 5487 492 5522 III
534 5510 548 5524 ο

463 5489 548 5524 ue.

267 5567 273 5570 ·
323 5537 409 5625 (ξ)
433 5539 717 5625 Victoria,
746 5543 920 5625 schol.
960 5545 1012 5602 in
1046 5549 1236 5619 Apoc.,
1263 5562 1319 5618 p.
1358 5547 1445 5615 61,
1473 5561 1524 5612 c,
1556 5543 1696 5618 apud
1720 5542 1846 5600 Gal-

245 5609 405 5690 land
419 5623 514 5690 ,_e_t
538 5615 590 5690 iu_
601 5609 726 5690 hoc
747 5624 915 5684 tomo,
948 5633 1071 5690 pag.

246 5705 270 5762 ι
324 5683 410 5757 (6)
439 5681 544 5754 ld.,
577 5684 738 5755 ibid.,
770 5681 1014 5760 paggs'a.

826 5779 1100 5849 Panos.
1135 5783 1213 5846 V.

1935 4561 2177 4618 confiteri
2223 4561 2644 4632 omnipotentem
2690 4575 2813 4617 esse
2865 4560 3094 4620 dicimus
3146 4565 3339 4635 (verba
3399 4576 3525 4624 sunt

2040 4749 2090 4816 ι)
2115 4745 2219 4808 ιτι..
2251 4743 2408 4811 ibid.,
2433 4759 2553 4815 pag.
2589 4743 2676 4816 ss,

2040 4749 2090 4816 ι)
2115 4749 2219 4808 Id..
2251 4749 2408 4811 ibid.,
2433 4759 2553 4815 pag.
2589 4749 2676 4799 55.

2013 4749 2099 4894 (2)
2121 4819 2177 4875 Id
2209 4859 2226 4882 ,
2250 4816 2417 4894 _ibid.,
2452 4832 2580 4894 pag.
2611 4811 2716 4894 $6,.
2737 4831 2790 4869 Α.
2826 4815 3220 4894 Interriderunt
3257 4817 3396 4872 sicut
3420 4819 3524 4876 alia

1944 4886 2201 4968 plet-nque
2250 4889 2412 4958 hujus
2451 4887 2717 4968 Theodori
2752 4887 3078 4968 monimenta
3105 4886 3215 4968 ide
3238 4907 3369 4968 quo,
3399 4894 3524 4958 «ιιιἱά

1952 4956 2044 5021 ἰὶῑιί
2075 4956 2169 5034 pro
2198 4956 2351 5018 Certo
2398 4959 2651 5020 referam,
2683 4957 2848 5034 inquit
2895 4956 3205 5034 Gnilandius
3238 4961 3286 5015 in
3318 4956 3436 5017 nota
3485 4980 3526 5030 I,

1951 5053 2055 5092 non
2077 5027 2258 5090 'haheo
2293 5052 2303 5087 :
2347 5047 2467 5086 nam
2496 5047 2602 5098 quo
2635 5029 2810 5082 minus
2835 5027 3078 5103 eunnlem
3111 5027 3528 5103 Heraclieusem,

1949 5121 2040 5164 aut
2071 5105 2459 5162 Ant-«ebenum
2500 5097 2649 5156 illum
2688 5114 2809 5154 esse
2843 5097 3124 5166 afﬁrmem,
3161 5103 3297 5157 ratio
3328 5097 3534 5176 tempo'.

1951 5196 2070 5236 rum
2101 5176 2423 5247 refragatur.

2022 5249 2103 5324 (5)
2137 5240 2422 5324 Victoria,
2448 5245 2500 5298 in
2529 5243 2700 5324 schol:
2728 5241 2780 5295 in
2813 5240 3155 5324 Apoc._._pag.
3183 5246 3270 5310 55,
3304 5263 3355 5324 υ..
3376 5249 3536 5324 Conf.

1950 5311 2253 5379 Coininent.
2301 5317 2509 5373 Victor.
2559 5314 2614 5368 in
2669 5316 2861 5383 Apoc.,
2889 5329 2941 5385 p.
2972 5311 3180 5381 M7,},
3209 5320 3348 5387 apud
3401 5321 3538 5376 Bibl.

1952 5393 2070 5450 Pat.
2094 5391 2286 5460 Lugd.,
2326 5389 2428 5460 loc.
2455 5388 2546 5460 cit,

2019 5465 2100 5536 (4)
2130 5457 2399 5536 ld2,ihi_d..
2419 5474 2451 5528 p
2489 5457 2578 5519 56.
2605 5471 2734 5536 o._t_~;,
2769 5457 2821 5511 in
2844 5457 2947 5513 hoc
2972 5457 3107 5527 voL,
3144 5473 3262 5529 pag.
3293 5469 3347 5516 et
3375 5461 3547 5520 com.

1950 5527 2178 5595 metuar.
2212 5534 2265 5587 in
2294 5527 2486 5599 Apoc”
2524 5527 2734 5599 p.417,
2773 5546 2825 5584 ιτ.

2024 5607 2102 5675 (5)
2139 5605 2238 5672 ld.,
2269 5597 2424 5675 ibid,
2456 5597 2631 5675 p.359,
2665 5616 2718 5654 Α.

2025 5672 2102 5754 (6)
2130 5676 2234 5748 1.1.,
2268 5672 2421 5739 ibid.,
2454 5688 2505 5744 p.
2537 5672 2630 5742 as,
2661 5687 2712 5731 ς.

2910 5762 2990 5828 10
