4020 6072
429 205 538 266 299

1234 203 1323 261 DE
1360 203 1417 262 S.
1457 194 1822 260 VICTORINO
1859 194 1970 255 BP.
2008 188 2349 265 ΕΤρΜΑΒΤ.
2379 188 2912 254 PROLEGOMENA.

3598 184 3703 249 300

427 301 487 383 δ’.
512 295 903 397 γίέῑὸἷ-ᾗίίηι)
923 293 976 379 et
995 320 1152 393 hujus
1178 319 1651 377 FiliumChristnm
1673 325 1835 373 «ante
1850 317 2012 387 origi—
2037 317 2093 379 Α
2190 314 2451 370 Editiones
2502 332 2712 386 operum
2758 314 2819 372 S.
2886 309 3138 366 Victorini
3197 304 3593 364 Petavianentis.
3632 337 3705 347 —

430 432 556 472 nem
586 408 767 472 surculi
805 413 944 485 apud
971 413 1184 468 Patrem
1222 414 1482 483 genitum,
1513 411 1783 468 hominem
1812 409 2011 464 factum

430 508 485 564 in
506 509 683 563 anima
712 520 834 562 vera
864 515 916 562 et
937 520 1118 570 carne,
1153 514 1380 576 utraque
1403 504 1620 561 miseria
1648 513 1703 559 et
1726 513 1901 558 morte
1919 500 2015 555 de-

428 601 588 663 victa,
608 600 736 656 etin
764 598 949 665 caelos,
977 612 1097 653 cum
1128 612 1354 670 corpore
1377 613 1404 652 a
1429 597 1586 653 Patre
1607 603 1903 667 receptum,
1931 593 2014 649 cf-

427 688 631 750 fudisse
661 693 917 765 Spiritum
944 699 1204 757 sanctum,
1255 690 1454 748 donum
1481 700 1536 748 et
1566 690 1756 763 pignus
1796 689 2014 744 immor-

427 786 660 844 talitatis.
690 807 710 840 ι

502 878 713 952 Septem
759 880 895 937 dona
935 874 1163 952 Spiritus
1202 880 1484 936 sancti.—
1512 879 1573 935 In
1601 877 1900 949 fragmento
1948 875 2017 932 de

428 973 652 1031 Fabrica
682 974 887 1038 mundi,
927 974 997 1030 de
1040 981 1246 1046 septem
1294 973 1451 1028 donis
1492 971 1723 1042 Spiritus
1766 968 1934 1025 sancti
1960 969 2017 1024 in

428 1070 574 1126 hunc
600 1068 819 1125 modum
848 1066 1066 1124 disserit
1096 1066 1174 1140 (2)
1210 1084 1224 1122 :
1266 1084 1285 1119 ‹
1323 1065 1387 1121 Hi
1418 1074 1624 1136 septem
1655 1063 1887 1134 Spiritus
1914 1076 2016 1117 no-

432 1162 574 1220 mina
604 1171 728 1216 sunt
754 1172 939 1217 eorum
989 1158 1241 1231 Spiritus,
1287 1157 1378 1229 qui
1420 1172 1582 1228 supra
1623 1154 1893 1212 Christum
1923 1153 2018 1209 Dei

432 1254 809 1327 requieverunt
835 1251 1040 1323 (Isaia,
1072 1251 1169 1321 XI).
1203 1251 1483 1307 Summum
1532 1263 1660 1319 ergo
1711 1246 1905 1321 caelum
1934 1259 2021 1299 sa-

432 1347 686 1421 pientize,
739 1346 1032 1404 secundum
1086 1343 1433 1407 intellectus,
1498 1341 1712 1397 tertium
1771 1336 2016 1404 consilii,

430 1451 679 1514 quartum
708 1439 942 1501 virtutis,
974 1437 1217 1507 quintum
1246 1434 1510 1499 scientiae,
1544 1441 1753 1488 sextum
1780 1430 2017 1502 pietatis,

431 1533 717 1605 septimum
747 1530 954 1587 timoris
978 1529 1092 1585 Dei.
1117 1527 1230 1583 Hoc
1251 1525 1412 1598 igitur
1438 1526 1666 1582 verbum
1690 1539 1813 1579 cum
1844 1523 2019 1577 lucem

430 1626 577 1693 fecit,
605 1624 863 1696 sapientia
898 1631 1154 1687 vocatur;
1197 1636 1318 1676 cum
1366 1620 1586 1687 cmlum,
1640 1618 1949 1674 intellectus
2003 1634 2016 1669 :

2116 406 2425 464 Tractatum
2440 409 2611 463 sancti
2628 405 2912 471 Victorini,
2938 403 3005 459 de
3019 402 3241 458 Fabrica
3271 399 3477 466 mundi,
3502 399 3707 469 primus

2117 501 2285 558 edidit
2308 502 2537 564 Caveus,
2557 510 2688 556 tom.
2711 500 2877 556 tHist.
2903 498 3069 554 litter.
3094 496 3161 552 de
3182 496 3442 567 Scriptor.
3470 493 3706 563 Eccles.,

2117 609 2237 666 pag.
2269 594 2397 661 105,
2428 594 2678 661 Londiui,
2712 594 2766 648 in
2804 591 2918 654 l‘ol.,
2954 589 3113 657 1689,
3143 598 3390 646 recusum
3420 604 3541 644 cum
3569 602 3709 642 non-

2118 686 2280 742 nullis
2308 686 2450 742 uotis
2477 685 2680 742 criticis
2704 686 2776 740 c1.
2805 682 3069 751 Walkeri,
3101 682 3315 749 Oxonii,
3339 681 3502 747 1740,
3524 690 3580 737 et
3609 680 3711 736 Ba-

2117 780 2283 848 silete,
2334 781 2494 846 1741,
2526 795 2557 835 a
2602 794 2723 851 pag.
2772 778 3076 843 148-151,
3110 778 3162 832 in
3191 776 3422 832 Historia
3451 775 3713 831 litteraria

2116 868 2301 926 Cavei.
2346 872 2522 942 Atque
2549 872 2686 927 hanc
2716 881 3044 941 postremam
3078 871 3129 925 in
3157 869 3464 926 recudendo
3491 868 3592 923 hoc
3621 867 3715 923 Vi-

2117 963 2313 1018 ctorini
2345 963 2643 1036 fragmento
2671 973 2890 1019 secutus
2935 975 3017 1020 εει
3064 962 3354 1019 editionem
3399 961 3715 1018 Gallandius

2117 1057 2171 1112 in
2187 1057 2530 1114 Bibliotheca
2557 1067 2800 1114 veterum
2829 1058 3067 1123 Patrum,
3102 1065 3234 1112 tom.
3283 1072 3355 1121 tv,
3389 1072 3440 1126 p.
3472 1055 3712 1121 40—52,

2119 1165 2277 1220 quam
2311 1167 2462 1207 more
2491 1166 2590 1206 suo
2616 1152 2667 1206 in
2700 1151 2905 1223 aliquot
2931 1151 3196 1207 sectiones
3227 1149 3426 1218 divisit,
3460 1150 3714 1220 auxitque

2123 1243 2392 1300 nonnullis
2416 1243 2908 1300 observationibus.

2193 1336 2406 1392 Scholia
2457 1336 2518 1393 S.
2563 1336 2812 1392 Victorini
2846 1337 3231 1394 Petavianensis
3257 1338 3311 1395 in
3340 1338 3714 1411 Apocalypsin,

2123 1433 2398 1502 Bononiae,
2456 1434 2597 1498 in-8,
2644 1451 2674 1490 a
2722 1436 2917 1493 Basilio
2965 1436 3221 1501 Millanio,
3279 1438 3440 1501 1558.
3488 1440 3718 1507 primum

2122 1528 2284 1595 edita,
2334 1539 2389 1584 et
2433 1544 2464 1584 a
2495 1528 2776 1586 Gallandio
2817 1532 2872 1586 in
2918 1530 3305 1588 Bibliothecam
3340 1541 3581 1587 veterum
3618 1533 3721 1587 Pa-

2123 1631 2263 1677 trum
2309 1632 2523 1693 recepta
2567 1621 2741 1689 fuere,
2788 1624 2894 1679 vol.
2926 1640 2996 1690 tv,
3033 1640 3152 1695 pag.
3183 1623 3417 1682 52—6‘.
3463 1624 3724 1697 Analysin

429 1734 552 1775 cum
579 1726 777 1773 terram
815 1723 871 1772 et
912 1729 1079 1781 mare,
1131 1712 1413 1768 consilium
1446 1729 1460 1766 :
1489 1726 1613 1767 cum
1662 1710 1829 1766 solem
1859 1718 1912 1762 et
1946 1706 2024 1761 lu-

2149 1731 2323 1770 torum
2382 1715 2611 1772 duorum
2682 1717 3063 1788 opusculorum
3134 1717 3356 1775 exhibet
3421 1718 3726 1775 indefessus

431 1829 576 1881 nam,
603 1821 924 1883 czeteraque,
954 1810 1101 1865 clara
1125 1808 1296 1863 virtus
1321 1825 1337 1874 ;
1361 1816 1520 1862 terra:
1541 1821 1606 1862 ac
1632 1806 1800 1861 maris
1827 1804 2028 1859 excitat

430 1902 685 1974 scientia;
735 1921 859 1961 cum
900 1904 1171 1960 hominem
1212 1903 1382 1965 tinxit,
1432 1900 1605 1972 pietas
1646 1918 1661 1954 :
1704 1914 1825 1955 cum
1855 1897 2027 1953 homi-

433 2016 556 2058 nem
576 1997 936 2062 benedixit,ac
948 1996 1271 2062 sanctiﬁcat,
1292 1996 1450 2050 timor
1474 1995 1568 2049 Dei
1591 2008 1788 2049 nomen
1809 1992 1987 2047 habet.
2001 2010 2020 2043 ι

500 2094 766 2167 Jejunium
809 2095 864 2148 in
908 2091 1212 2147 Parasceve.
1259 2090 1377 2146 Diei
1428 2089 1712 2144 ﬂaminica:
1757 2088 2028 2144 celebratio

434 2188 815 2261 Sabbatumque
873 2188 927 2241 in
983 2186 1304 2241 Dominicam
1352 2194 1626 2239 mutatum.
1677 2214 1747 2224 —
1791 2180 2032 2239 Meminit

434 2285 596 2341 etiam
627 2290 846 2337 sanctus
875 2278 1184 2335 Victorinus
1212 2277 1592 2335 celebrationis
1638 2277 1943 2341 dominicae,
1976 2286 2033 2331 et

433 2377 625 2435 mutati
652 2373 858 2430 sabbati
886 2373 940 2427 in
972 2372 1330 2439 dominicam,
1361 2370 1486 2426 dum
1523 2373 1595 2425 ita
1637 2371 1874 2440 loquitur
1902 2367 1978 2442 (ὅ)
2013 2386 2027 2421 :

445 2490 466 2526 ‹
502 2470 567 2525 Ει
593 2476 650 2523 ut
673 2482 740 2523 ex
761 2481 825 2522 ea
852 2480 910 2520 re
935 2465 1150 2535 longius
1179 2478 1427 2519 enarrem
1458 2480 1470 2516 :
1500 2463 1643 2518 Ecce
1662 2472 1892 2533 quatuor
1917 2460 2034 2516 ani-

438 2560 598 2619 malia
619 2569 744 2615 ante
773 2559 1022 2615 thronum
1056 2556 1173 2623 Dei,
1201 2566 1432 2627 quatuor
1461 2555 1777 2626 Evangelia,
1805 2565 2033 2626 quatuor

437 2652 659 2714 ﬂumina
699 2652 753 2709 in
799 2650 1049 2724 paradiso
1090 2649 1333 2717 ﬂuentia,
1381 2661 1609 2721 quatuor
1652 2649 2033 2721 generationes

437 2748 760 2824 populorum
789 2749 857 2804 ab
899 2746 1071 2802 Adam
1118 2760 1288 2816 usque
1310 2744 1377 2800 ad
1403 2743 1536 2810 Noe,
1571 2758 1598 2797 a
1629 2742 1743 2800 Noe
1771 2757 1942 2813 usque
1966 2740 2036 2797 ad

439 2842 737 2911 Abraham,
786 2841 854 2897 ab
901 2838 1168 2896 Abraham
1197 2853 1367 2908 usque
1395 2837 1462 2891 ad
1489 2835 1732 2908 Moysen,
1778 2851 1808 2890 a
1852 2834 2037 2907 Moyse

441 2953 615 3009 usque
635 2936 702 2991 ad
728 2932 1004 2991 Christum
1025 2932 1310 2988 Dominum
1332 2928 1524 2985 Filium
1556 2929 1649 2984 Dei
1676 2946 1690 2982 :
1722 2928 1818 2983 Die
1847 2928 2036 2998 quinto

443 3039 588 3086 terra
610 3038 664 3085 et
684 3043 819 3099 aqua
852 3026 1013 3082 fretus
1043 3039 1171 3081 suos
1200 3023 1507 3080 ediderunt.
1543 3023 1637 3078 Die
1667 3031 1828 3079 sexto
1852 3034 2035 3077 creata

2126 1808 2190 1863 P.
2242 1809 2550 1867 Dominicus
2602 1810 2993 1877 Schratumius,
3042 1820 3176 1869 tom.
3228 1829 3350 1882 vttt,
3405 1828 3436 1869 a
3488 1828 3610 1885 pag.
3654 1812 3727 1870 24

2131 1901 2303 1958 -56.·

2201 1996 2604 2055 Commentariun
2645 2000 2711 2057 S.
2769 1999 3013 2057 Victorini
3054 2002 3109 2057 in
3153 2001 3521 2074 Apocalypsin,
3575 2001 3729 2073 cujus

2131 2093 2424 2151 editionem
2467 2097 2693 2166 primam
2747 2095 3025 2168 hucusque
3079 2098 3401 2169 ignoro(ita
3431 2097 3618 2153 scribit
3656 2097 3727 2153 cl.

2134 2188 2257 2243 Alb.
2286 2186 2586 2255 Fabricius,
2618 2187 2753 2243 Bibl.
2788 2190 2921 2243 med.
2957 2200 3002 2244 et
3032 2190 3224 2258 inﬁma:
3267 2189 3557 2254 latinitatis.
3593 2197 3728 2245 tom.

2137 2298 2211 2347 vt,
2243 2282 2343 2338 lib.
2383 2282 2475 2349 20,
2524 2299 2645 2355 pag.
2688 2282 2817 2349 295,
2861 2283 2992 2341 edit.
3040 2284 3231 2346 Mansi.
3284 2284 3447 2351 1751,
3503 2284 3732 2352 Patavii,

2134 2375 2290 2443 in-l)
2317 2377 2495 2431 illatus
2539 2385 2623 2433 est
2663 2387 2847 2447 postea
2881 2378 2933 2432 in
2964 2377 3322 2434 Bibliothecas
3351 2387 3582 2447 patrum,
3632 2376 3737 2431 Pa—

2137 2472 2451 2537 risiensem,
2510 2471 2577 2527 de
2634 2487 2775 2527 anno
2804 2471 2963 2537 1644,
3011 2488 3043 2527 a
3072 2487 3191 2543 pag.
3219 2470 3323 2528 507
3346 2513 3362 2539 ,
3391 2480 3523 2526 tom.
3550 2485 3569 2526 ι
3593 2469 3735 2542 Lug-

2137 2564 2457 2629 duneusem,
2485 2579 2605 2635 pag.
2639 2566 2746 2620 414
2775 2565 3005 2628 --,421,
3054 2576 3184 2620 tum.
3216 2581 3295 2620 tu.

2209 2656 2458 2712 Carmina
2483 2656 2611 2721 duo,
2638 2658 2702 2712 de
2725 2657 2853 2713 Iesu
2875 2658 3096 2725 Christo,
3123 2657 3228 2713 Deo
3250 2670 3297 2713 et
3320 2659 3524 2714 homine
3545 2673 3734 2726 unum,

2136 2751 2364 2805 alterum
2410 2749 2480 2805 de
2521 2748 2748 2814 Pascha,
2794 2766 2888 2807 seu
2930 2751 3129 2822 lignum
3159 2752 3283 2807 vita:
3311 2752 3649 2822 inscriptum,
3681 2751 3738 2807 in

2137 2841 2379 2914 Gregorii
2409 2841 2636 2899 Fabricii
2666 2855 2941 2914 poetarum
2966 2856 3209 2901 veterum
3249 2845 3738 2902 ecclesiasticarum

2139 2938 2394 3007 operibus
2418 2936 2748 2999 chriSIianis,
2785 2954 2904 3010 pag.
2931 2939 3058 3003 761.
3089 2940 3349 3009 impressa
3377 2939 3664 2996 habentur.

2213 3028 2294 3084 Ad
2320 3030 2437 3085 haec
2464 3029 2594 3086 falsa
2620 3029 2899 3087 Victorino
2926 3032 3195 3102 adscripta
3227 3012 3483 3103 Op'uscula
3509 3033 3743 3103 pertinet

443 3129 589 3191 sunt,
618 3136 739 3193 qua:
767 3119 1024 3183 deerant,
1054 3133 1118 3173 ac
1166 3117 1245 3173 sic
1291 3117 1430 3172 Deus
1474 3115 1747 3171 hominem
1776 3115 1844 3172 de
1872 3114 2035 3170 humo
2061 3119 2107 3182 C
2142 3121 2309 3177 editio
2342 3122 2481 3178 facta
2512 3123 2701 3179 Gotha:
2732 3126 2832 3179 sub
2860 3127 3009 3195 prelo
3058 3125 3294 3198 Reyher.
3341 3143 3397 3198 p.
3442 3126 3531 3183 Jo.
3577 3125 3741 3183 Mich.

445 3215 724 3282 instruxit,
757 3213 1043 3269 Dominum
1075 3211 1313 3267 omnium
1357 3225 1559 3275 rerum,
1592 3225 1712 3280 quae
1736 3225 1900 3280 super
1926 3218 2037 3265 ter-

446 3321 587 3374 ram,
636 3315 690 3362 et
732 3321 894 3376 super
936 3319 1127 3375 aquam
1157 3304 1358 3359 creavit
1390 3317 1403 3355 :
1438 3303 1581 3373 prius
1611 3312 1786 3358 tamen
1817 3302 2042 3372 angelos

447 3407 608 3471 atque
632 3396 985 3468 archangelos
1011 3396 1234 3451 creavit.
1270 3394 1366 3450 Hic
1388 3393 1506 3450 dies
1546 3406 1730 3450 sextus
1758 3393 2043 3451 Parasceve

446 3491 770 3564 appellatur,
820 3490 1139 3561 praeparatio
1189 3489 1394 3545 scilicet
1422 3489 1593 3560 regni.
1626 3487 1829 3546 Idcirco
1859 3502 2039 3546 autem

450 3583 601 3655 prius
625 3596 786 3652 opera
818 3596 912 3636 sua
937 3581 1348 3648 consummavit,
1376 3596 1535 3649 quam
1563 3583 1781 3653 angelos
1810 3592 2040 3650 crearet,

449 3685 504 3734 et
533 3676 805 3732 hominem
834 3673 1135 3741 fabricavit,
1176 3690 1244 3729 ne
1282 3673 1421 3730 forte
1465 3673 1739 3743 adjutores
1778 3692 1840 3732 se
1875 3675 2046 3733 fuisse

457 3767 592 3824 falsa
620 3765 858 3823 dictione
889 3776 1292 3823 asseverarent.
1323 3766 1437 3822 Hoc
1465 3783 1679 3839 quoque
1708 3769 1795 3826 die
1823 3771 1886 3826 ab
1913 3770 2047 3828 Pas-

458 3858 654 3918 sianem
675 3858 887 3916 Domini
910 3857 984 3914 N.
1014 3852 1140 3914 Jesu
1166 3857 1376 3926 Christi,
1392 3870 1478 3914 aut
1506 3863 1777 3918 stationem
1800 3863 1928 3930 Dea,
1955 3875 2047 3920 aut

446 3953 702 4029 jejunium
736 3952 973 4026 facimus.
1025 3952 1122 4008 Die
1148 3952 1376 4023 septimo
1406 3955 1674 4024 requievit
1698 3956 1767 4009 ab
1795 3956 2047 4012 omnibus

456 4047 711 4121 operibus
736 4046 868 4114 suis,
897 4055 949 4102 et
977 4044 1250 4101 benedixit
1294 4060 1439 4112 eum,
1470 4053 1524 4100 et
1548 4047 1897 4103 sanctiﬁcavit
1917 4067 1933 4116 ;
1956 4048 2044 4104 id-

456 4142 623 4211 circo,
653 4150 712 4199 ut
734 4141 823 4197 die
845 4140 1124 4196 Dominico
1149 4155 1270 4196 cum
1301 4140 1589 4211 gratiarum
1621 4143 1833 4199 actione
1856 4144 1921 4199 ad
1954 4160 2046 4215 pa-

461 4252 584 4293 nem
609 4251 885 4305 exeamus,
932 4244 987 4291 et
1028 4249 1137 4291 non
1160 4250 1281 4289 cum
1308 4233 1506 4290 Iudaeis
1545 4236 1827 4292 sabbatum
1855 4240 2046 4295 obser-

457 4345 588 4386 vare
624 4329 919 4394 videamur,
966 4328 1091 4399 quia
1138 4328 1251 4398 ipse
1294 4327 1552 4384 Dominus
1580 4342 1663 4386 est
1691 4331 1918 4402 sabbati,
1952 4334 2049 4389 Pa-

460 4438 681 4480 rasceve
726 4420 963 4480 Solemus
1012 4435 1320 4491 supponere
1361 4432 1415 4476 et
1455 4422 1757 4480 sabbatum.
1803 4426 2050 4483 Christus

2144 3213 2461 3284 Schallium,
2497 3216 2660 3283 1652,
2692 3217 2827 3273 iit-8.
2857 3218 3063 3273 Sancta:
3094 3218 3336 3290 reliquia:
3358 3219 3522 3274 duum
3556 3219 3744 3274 Victo-

2145 3309 2411 3377 riunrum,
2441 3309 2788 3381 pictavieusis
2818 3327 2957 3367 unus
2982 3312 3219 3383 episcopi
3241 3313 3514 3384 martyris.
3542 3312 3641 3367 afri
3664 3311 3747 3367 al-

2148 3401 2314 3456 terius
2339 3403 2453 3465 Caii
2479 3402 2653 3465 Marii.
2687 3404 2923 3459 rhetoris
2953 3406 3181 3474 primum
3211 3404 3418 3461 romani
3467 3414 3522 3460 et
3546 3419 3744 3460 consu-

2146 3493 2277 3549 laris
2325 3494 2424 3549 viri
2470 3494 2758 3551 clarissimi
2808 3498 3090 3565 conversi,
3143 3497 3338 3553 deinde
3387 3496 3742 3568 disputatoris

2148 3586 2508 3655 subtilissimi,
2540 3588 2644 3644 hoc
2672 3599 2755 3645 est
2798 3589 3090 3646 christiana
3119 3591 3436 3648 eor‘utndem
3464 3592 3518 3647 itt
3552 3605 3745 3661 prorsa

2151 3680 2245 3752 (sit
2292 3681 2422 3738 vitio
2473 3695 2586 3754 typ.
2634 3681 2918 3755 excusant)
2950 3696 3004 3740 et
3032 3701 3185 3741 versa
3214 3687 3461 3742 oratione
3504 3687 3747 3755 scripta:

2148 3771 2300 3830 Illius
2329 3775 2549 3845 quidem
2577 3778 2999 3833 commentarius
3031 3779 3081 3833 in
3108 3778 3473 3849 Apocalypsin
3499 3776 3747 3845 Joannis,

2150 3877 2204 3922 et
2232 3868 2330 3922 tria
2352 3869 2756 3938 elegantissima
2788 3870 2856 3925 de
2882 3871 3011 3926 Jesu
3042 3870 3258 3927 Christo
3285 3871 3397 3928 Deo
3421 3882 3477 3927 et
3506 3870 3748 3939 homine,

2150 3958 2375 4030 ejusque
2408 3960 2614 4015 Pascha
2644 3976 2738 4017 seu
2767 3977 2947 4027 cruce,
2973 3978 3073 4018 nec
3103 3979 3208 4018 non
3231 3962 3299 4019 de
3314 3973 3518 4033 septem
3542 3974 3755 4034 marty-

2153 4053 2301 4108 ribus
2347 4054 2602 4111 fratribns
2645 4055 3024 4125 Macchabaeis,
3081 4058 3315 4113 carmina
3352 4076 3365 4111 :
3400 4056 3598 4128 hujus,
3639 4066 3751 4113 etc.

2153 4149 2344 4204 Omnia
2389 4159 2441 4204 et
2494 4151 2697 4218 singula
2746 4166 2868 4206 cum
2896 4152 3038 4206 notis
3091 4161 3146 4206 et
3194 4149 3503 4220 praefatione
3541 4151 3602 4206 D.
3636 4149 3754 4205 An-

2155 4240 2300 4296 dreae
2322 4240 2499 4296 Rivini
2528 4240 2705 4315 (Proi.
2734 4242 2934 4315 Lips.),
2967 4244 3057 4314 qui
3085 4243 3199 4299 suis
3229 4244 3533 4314 sumptibus
3558 4240 3758 4300 excudi

2156 4333 2305 4392 fecit.
3802 4338 3805 4345 '

2228 4427 2308 4482 De
2329 4429 2449 4483 viris
2482 4428 2776 4486 Victorinis.
2799 4461 2870 4472 —-
2890 4431 2994 4486 Pro
3011 4429 3282 4488 Coronide
3308 4431 3395 4487 hic
3410 4433 3754 4490 animadver-

461 4514 622 4589 igitur
648 4513 929 4571 sabbatum
961 4526 1193 4581 corpore
1221 4526 1319 4567 suo
1359 4512 1600 4570 resolvit.
1652 4515 1809 4572 Jesus
1837 4534 2052 4590 quoque
2077 4520 2130 4580 D
2161 4520 2407 4588 tendum,
2461 4522 2516 4577 t"
2552 4525 2691 4593 quod
2723 4524 3121 4580 eruditissimus
3168 4525 3441 4580 Launoios
3487 4527 3539 4581 in
3586 4528 3757 4585 altera

460 4602 607 4667 Nave
646 4618 699 4664 et
727 4609 841 4679 ipse
885 4605 1167 4662 sabbatum
1222 4605 1479 4673 resolvit;
1529 4607 1618 4664 die
1659 4610 1801 4665 enim
1848 4612 2053 4668 sabbati

462 4702 722 4777 praecepit
746 4701 869 4756 ﬁliis
892 4698 1075 4767 Israel,
1111 4708 1169 4754 ut
1196 4714 1380 4755 muros
1404 4701 1641 4758 civitatis
1670 4702 1885 4760 Iericho
1918 4707 2051 4767 tubi-

464 4798 676 4855 cinibus
700 4795 1066 4858 circumirent,
1097 4802 1151 4849 et
1180 4791 1376 4848 bellum
1420 4795 1703 4864 Allophilis
1734 4799 2053 4855 iudicarent.

466 4891 789 4947 Mathathias
832 4899 1012 4944 autem
1041 4887 1291 4958 princeps
1317 4886 1451 4944 inda
1479 4889 1758 4948 sabbatum
1801 4895 2053 4963 resolvit;

468 4998 591 5039 nam
622 4983 931 5052 pmiectum
960 4979 1166 5051 antiqui
1198 4980 1340 5050 regis
1366 4979 1537 5054 Syria
1586 4983 1811 5040 sabbato
1837 4988 2055 5057 occidit,

465 5084 522 5133 et
551 5075 852 5149 Allophilos
882 5088 976 5133 sua
1010 5076 1384 5146 persecutione
1413 5075 1659 5147 subjecit.
1722 5077 2060 5153 Quapropter

469 5182 655 5228 verum
702 5169 830 5225 illud
873 5171 1153 5227 sabbatum
1197 5177 1404 5240 septem
1451 5170 1618 5229 millia
1665 5176 1813 5243 armi,
1859 5176 1912 5231 in
1955 5191 2062 5248 quo

467 5263 713 5323 Christus
730 5278 851 5319 cum
868 5262 1052 5320 electis
1073 5264 1185 5320 suis
1206 5274 1522 5334 regnaturus
1544 5274 1647 5322 est.
1679 5285 1698 5319 ι

544 5443 625 5521 (t)
648 5442 950 5521 Victorini,
974 5439 1026 5496 in
1041 5436 1236 5521 §chol.
1269 5444 1323 5499 in
1367 5445 1535 5521 Apoc.
1558 5486 1574 5511 ,
1602 5461 1654 5518 p.
1689 5448 1779 5510 55.
1812 5449 1872 5505 ι).
1902 5450 2061 5508 Conf.

467 5512 795 5601 Continuit.
818 5515 921 5599 tt?
954 5512 1338 5601 et.Cth.mettt.
1368 5512 1429 5572 in'
1450 5512 1643 5601 Apoci,
1670 5536 1727 5601 p_._
1759 5522 1863 5601 59,
1893 5525 1960 5578 A.

545 5589 625 5718 ξε)
658 5582 940 5673 Victoria”
987 5582 1055 5668 de
1085 5582 1308 5643 Fabrica
1338 5582 1545 5658 mundi,
1597 5582 1652 5648 η’.
1671 5582 1729 5649 ’5
1755 5602 1810 5649 et
1832 5582 1888 5664 6,
1919 5595 2063 5668 apud

572 5660 713 5718 land.
748 5677 801 5718 ι).
832 5658 918 5718 50,
955 5666 1009 5712 et
1038 5673 1089 5711 tn
1120 5657 1407 5713 hoctomo.

469 5663 713 5721 Galland.
748 5677 801 5732 p.
832 5663 918 5723 50,
955 5666 1009 5712 et
1038 5663 1089 5711 in
1121 5663 1407 5713 hoctomo.

546 5732 624 5806 (3)
653 5731 756 5799 id.,
784 5729 938 5799 ibid.,
966 5744 1019 5801 p.
1046 5728 1139 5797 49,
1170 5744 1223 5785 n.
1248 5730 1282 5783 2
1305 5739 1360 5785 et
1386 5726 1438 5786 ὅ.

2162 4614 2374 4669 minore
2404 4613 2783 4671 dissertatione
2820 4619 3223 4672 annotetetiam
3258 4616 3372 4691 (l);
3422 4619 3521 4674 sub
3564 4620 3757 4675 eodem

2162 4706 2381 4762 nomine
2402 4707 2635 4782 (scilicet
2666 4710 2953 4783 Victorini)
2980 4714 3216 4784 quinque
3234 4713 3480 4771 diversos
3508 4726 3759 4771 auctores

2160 4799 2443 4871 insignitas
2503 4801 2702 4870 fuisse;
2769 4822 2996 4875 quorum
3058 4807 3264 4876 primus
3313 4816 3435 4875 est,
3489 4807 3760 4876 apiuionis

2160 4890 2383 4948 Praxeae
2408 4905 2667 4961 assertor,
2695 4898 2851 4967 cujus
2873 4900 3119 4955 meminit
3141 4900 3506 4957 Tertullianus
3528 4898 3641 4975 (2);
3667 4915 3758 4957 se-

2162 4987 2368 5041 cundus
2400 5002 2528 5044 vero
2557 4991 2678 5055 iste,
2714 4990 2780 5047 de
2810 5006 2919 5065 quo
2951 4994 3225 5063 hucuSque
3250 5002 3426 5049 actum
3458 5014 3472 5050 :
3504 5002 3762 5050 romanus

2163 5081 2379 5150 quidam
2407 5082 2610 5152 rhetor,
2633 5084 2703 5141 de
2727 5102 2834 5157 quo
2862 5087 3191 5159 Augustinus
3217 5086 3318 5161 (ὅ),
3354 5087 3545 5145 tertius
3574 5102 3763 5143 nume-

2162 5182 2314 5228 ratur
2333 5186 2580 5246 :qnartus
2596 5190 2772 5234 autem
2807 5180 2904 5236 fuit
2926 5180 3017 5234 ille
3044 5180 3414 5247 massiliensis,
3439 5181 3594 5251 cujus
3613 5195 3765 5236 men-

2166 5265 2366 5322 tionem
2419 5268 2547 5324 facit
2599 5270 2906 5327 Gennadius
2965 5271 3064 5345 (4).
3113 5272 3346 5329 Ultimus
3382 5274 3599 5330 tandem
3647 5272 3766 5330 sive

2248 5382 2326 5461 (1)
2350 5384 2579 5461 gannoii
2607 5403 2760 5461 opp.,
2791 5397 2922 5461 tam.
2956 5405 3013 5449 ll,
3049 5406 3100 5456 p.
3129 5388 3256 5461 915,
3286 5402 3340 5445 et
3364 5404 3478 5461 seq.

2349 5454 2695 5533 Tertulliale
2724 5460 2787 5515 de
2820 5454 3122 5530 Praescript.
3160 5454 3692 5533 Haretic.,'clp.53.

2351 5530 2597 5603 august”
2630 5532 2723 5585 lib.
2747 5548 2861 5596 vttt,
2895 5527 3116 5602 confes,
3146 5547 3264 5603 cap.
3292 5533 3346 5587 2.

2242 5597 2611 5723 (ιῖβθιὶηαάη
2635 5603 2699 5657 de
2713 5604 2894 5676 script.
2914 5597 3259 5688 eccles.,.cap.
3285 5603 3555 5687 60..Coni.
3573 5605 3763 5690 Sidon.

2242 5686 2273 5723 ι.
2321 5668 2394 5723 tb.
2423 5687 2479 5723 ν.
2513 5670 2685 5723 Entst.
2719 5672 2811 5723 21-
2847 5675 3055 5723 Flnrmt
3081 5675 3169 5723 hic
3191 5675 3561 5723 ηιηαιιιεεηςὶι
3592 5679 3763 5723 nullm

2169 5666 2273 5750 Ep.
2300 5666 2394 5725 lib.
2423 5687 2479 5739 v,
2513 5666 2685 5750 Epist.
2719 5666 3055 5734 2L'Floruit
3081 5666 3169 5735 hic
3190 5666 3564 5748 massiliensis,
3583 5678 3768 5750 judice

2168 5739 2371 5812 Citveo,
2405 5758 2545 5801 anno
2563 5739 2698 5803 1554.
2890 5780 2899 5789 -
