4020 6072
410 188 518 251 505

1601 193 1658 250 S.
1704 190 2048 251 VICTORINI
2082 188 2433 256 MAllTYlilS

3578 200 3686 258 '50!»

406 309 645 367 coelestia
676 318 731 365 et
774 310 1049 366 terrestria
1090 315 1371 379 reguntur,
1422 309 1667 378 principii
1719 309 1837 365 loco
1857 351 1872 375 ,
1915 307 1984 364 de
2011 308 2060 369 A
2088 320 2273 359 namus
2295 312 2343 368 ε,
2364 317 2530 372 usque
2548 300 2575 339 ιι
2602 302 2670 358 ad
2691 315 2993 374 vesperam,
3018 313 3113 361 aut
3135 310 3495 382 superpositio
3511 327 3681 384 usque

405 402 508 458 hac
533 402 817 474 septimam
841 402 907 458 ad
929 402 1164 458 omnimn
1193 401 1635 474 septimanarium
1666 402 1929 473 rigiouum
1957 412 1983 439 ιι

402 498 657 563 melibor,
702 505 757 552 et
797 506 955 568 prout
996 504 1242 566 potuero,
1274 495 1486 550 virtutis
1533 494 1673 552 diem
1716 495 1769 550 in
1813 491 1983 550 eamb

404 592 931 650 consummationem
960 589 1198 645 conabor
1225 589 1552 658 exprimere.

475 685 536 741 In
566 686 829 757 principio
852 683 981 740 fecit
1002 683 1143 739 Deus
1172 682 1370 747 lucem,
1403 698 1631 755 eamque
1660 681 1987 738 duodenario

405 786 558 838 mero
585 780 860 845 horarum,
891 778 979 833 die
1003 785 1289 849 noctuque,
1328 775 1532 844 divisit,
1563 776 1761 833 ideirco
1800 775 1989 831 videli-

399 881 509 937 cet.
540 880 600 928 ut
640 870 914 926 laboribus
943 868 1218 925 hominum
1265 868 1479 939 requies
1511 878 1535 908 ο
1564 868 1739 924 locum
1772 877 1982 923 noctem

400 962 518 1020 dies
538 979 599 1019 su
608 962 944 1033 perduceret,
965 978 1150 1018 rursus
1170 961 1288 1018 dies
1307 962 1733 1033 supervineeret;
1752 961 1850 1017 hac
1878 976 1937 1017 se
1956 958 1985 998 ἀ

395 1055 601 1111 alterna
626 1056 741 1111 vice
766 1055 917 1112 labor
939 1056 1113 1126 quetis
1129 1064 1152 1093 θ
1167 1056 1516 1119 rel'overetur,
1545 1054 1696 1125 quies
1721 1055 1987 1110 exercita-

400 1150 547 1205 tione
580 1165 767 1206 rursus
808 1150 912 1206 diei
956 1158 1363 1221 temperaretur.
1403 1148 1598 1218 Quarto
1628 1149 1710 1203 die
1739 1148 1986 1220 fecitduo

400 1243 680 1297 luminaria
705 1243 759 1296 in
787 1243 933 1309 creto,
968 1243 1137 1312 majus
1157 1252 1203 1296 et
1223 1242 1411 1310 minus,
1448 1250 1503 1295 ut
1523 1242 1738 1296 alterum
1758 1250 1991 1312 praeesset

396 1334 521 1399 diei,
543 1335 759 1390 alterum
784 1338 923 1389 nocti
954 1332 1186 1407 (Genes.,
1230 1334 1272 1400 l,
1302 1334 1388 1401 16,
1426 1331 1556 1405 l7),
1587 1333 1717 1389 solis
1748 1342 1802 1389 et
1822 1334 1982 1400 lunae;

395 1440 698 1499 caeteraque
733 1430 910 1486 sidera
958 1431 1137 1501 posuit
1172 1429 1225 1485 in
1266 1430 1428 1497 coelo,
1470 1438 1523 1483 ut
1566 1429 1791 1484 lacerent
1831 1445 1985 1500 super

397 1534 603 1589 terram,
631 1532 687 1580 et
710 1524 1081 1580 discernerent
1109 1532 1349 1594 tempora
1389 1532 1443 1581 et
1482 1538 1652 1580 annos
1680 1532 1735 1579 et
1772 1536 1985 1580 menses

400 1629 451 1675 et
479 1619 596 1675 dies
622 1628 677 1674 et
707 1619 869 1674 horas
895 1634 991 1690 per
1018 1618 1296 1675 stationes.

468 1712 620 1768 Nune
645 1712 781 1768 ratio
816 1712 1054 1768 veritatis
1079 1710 1400 1779 ostenditur,
1432 1726 1597 1783 quare
1619 1711 1737 1767 dies
1761 1724 1859 1778 llll,
1906 1721 1984 1766 te-

2085 400 2138 454 in
2160 400 2390 454 alterum
2417 398 2557 453 diem
2591 398 2703 455 ﬁat.
2729 398 2957 456 Mundus
2995 399 3176 469 itaque
3215 404 3316 460 iste
3343 420 3409 461 ex
3450 418 3682 476 quatuor

2087 492 2373 548 elementis
2399 498 2626 555 constat,
2659 491 2801 561 igne,
2830 507 2991 561 aqua,
3019 493 3181 561 ctelo,
3225 504 3388 551 terra.
3416 496 3545 553 Haec
3573 497 3683 570 igio

2089 595 2173 641 tur
2209 595 2401 656 quator
2443 585 2710 642 elementa
2761 596 3064 659 temporum
3099 590 3115 627 ί
3153 590 3412 647 tetradem
3448 591 3674 652 faciunt.

2087 678 2176 736 Sol
2195 695 2410 750 quoque
2429 687 2484 735 et
2507 680 2627 735 luna
2659 694 2754 747 per
2780 682 2904 736 anni
2928 681 3160 752 spatium
3182 693 3413 752 quatuor
3434 694 3677 756 tempora

2090 772 2354 839 efﬁciunt,
2403 775 2569 841 veris,
2612 775 2839 843 aestatis,
2868 777 3143 841 autumni,
3192 776 3434 851 hyemis;
3472 788 3525 836 et
3560 779 3678 837 haec

2090 875 2332 938 tempora
2353 867 2614 923 tetradem
2639 867 2857 924 faciunt.
2884 868 2953 924 Et
2972 880 3031 925 ut
3052 885 3119 925 ex
3134 885 3196 925 ea
3218 886 3276 926 re
3294 870 3503 943 longius
3525 887 3679 929 enar-

2088 974 2225 1027 rem,
2247 973 2375 1015 ecce
2396 969 2626 1029 quatuor
2640 959 2889 1015 animalia
2920 970 3046 1016 ante
3068 961 3318 1017 thronum
3351 962 3440 1017 Dei
3463 963 3672 1035 (Αροο.,

2086 1067 2161 1118 1v,
2184 1051 2261 1123 6).
2286 1061 2516 1122 quatuor
2536 1052 2836 1124 evangelia,
2857 1062 3089 1124 quatuor
3111 1054 3327 1109 (lumina
3349 1054 3399 1109 in
3428 1055 3677 1125 paradiso

2086 1147 2303 1203 ﬂuentia
2334 1146 2511 1220 (Gen.,
2534 1164 2593 1216 ll,
2627 1148 2749 1219 10),
2780 1158 3009 1219 quatuor
3048 1150 3427 1221 generationes
3450 1150 3678 1221 pepulo-

2093 1256 2234 1307 rum,
2263 1240 2330 1296 ab
2363 1240 2530 1296 Adam
2554 1254 2725 1312 usque
2752 1241 2819 1296 ad
2850 1240 2983 1304 Noe,
3015 1257 3045 1296 a
3077 1241 3191 1298 Noe
3220 1257 3389 1313 usque
3412 1241 3478 1297 ad
3509 1242 3684 1299 Abra-

2087 1331 2232 1403 ham,
2266 1333 2334 1390 ab
2363 1333 2636 1390 Abraham
2665 1348 2834 1406 usque
2855 1335 2921 1389 ad
2952 1334 3209 1408 Moysem,
3237 1351 3265 1390 a
3293 1334 3477 1409 Moyse
3506 1352 3680 1409 usque

2082 1427 2150 1483 ad
2178 1427 2449 1484 Christum
2498 1428 2806 1493 Dominum,
2834 1427 3028 1484 Filium
3062 1429 3189 1496 Dei;
3225 1439 3279 1485 et
3304 1439 3532 1501 quatuor
3557 1429 3677 1485 ani.

2091 1522 2247 1578 malia
2271 1522 2483 1596 (Apoc.,
2512 1539 2586 1589 Iv,
2611 1522 2667 1596 7)
2692 1523 2946 1591 hominis,
2966 1526 3144 1592 vituli,
3173 1525 3364 1594 leOuis,
3386 1526 3601 1597 aquila;
3624 1533 3684 1582 et

2081 1624 2312 1688 quatuor
2333 1616 2550 1671 ﬂumina
2580 1615 2758 1690 (Gen.,
2793 1634 2851 1685 ιι,
2888 1617 2998 1691 ll),
3025 1619 3226 1691 Fyson,
3256 1619 3428 1684 Geon,
3460 1619 3672 1693 Tygris,

2082 1706 2411 1779 Euphrates.
2445 1707 2616 1763 Homo
2647 1709 2896 1766 Christus
2919 1708 3078 1767 Jesus
3099 1724 3288 1768 auctor
3313 1727 3522 1775 eorum,
3552 1728 3673 1784 qua

397 1815 511 1863 tras
531 1814 870 1878 nuncupatur
887 1804 906 1843 ί
926 1822 942 1872 ;
960 1819 1127 1877 quare
1144 1817 1312 1877 usque
1327 1805 1393 1862 ad
1419 1805 1606 1862 horam
1625 1820 1822 1862 nonam
1839 1804 1977 1874 jeju-
2002 1789 2051 1851 B
2079 1815 2237 1873 supra
2262 1801 2699 1870 memoravimus,
2734 1803 2941 1861 tetrade
2963 1802 3031 1861 ab
3051 1802 3229 1875 impiis
3255 1804 3681 1877 comprehensus

1618 1918 2004 1977 LECTIONES
2046 1917 2462 1975 VARIANTES.

454 2042 481 2105 ξι
512 2038 662 2105 Forte
684 2039 966 2105 Septimana
991 2039 1051 2090 ad
1086 2040 1300 2089 omnium
1323 2040 1707 2103 septimauarum
1739 2036 1979 2087 rationem

403 2102 627 2155 Walker.
651 2102 824 2156 Routh.

452 2166 482 2207 b
518 2167 662 2219 Forte
681 2166 870 2216 Divinas
892 2164 1062 2217 Routh.

453 2232 479 2292 εἴ
516 2230 660 2281 Forte
682 2228 940 2292 Requletis
969 2224 1185 2292 Walker.
1212 2228 1385 2282 Routlt.

449 2291 482 2333 ά
511 2294 659 2346 Forte
681 2290 752 2343 Ac
769 2289 843 2342 sic
876 2289 1092 2342 Walkcr.

2148 2036 2173 2065 ο
2209 2033 2357 2084 Forte
2379 2033 2559 2093 Quiete
2573 2032 2730 2086 noctis
2760 2032 2981 2089 Walker.

2148 2094 2170 2161 ἲ
2208 2097 2356 2161 {forte
2383 2096 2707 2161 Nuucupetur
2731 2098 2904 2161 Routlt.

2145 2160 2173 2222 β
2207 2159 2357 2210 Forte
2376 2157 2668 2222 Jejuneinus
2691 2159 2862 2222 Routlt.

2142 2220 2174 2262 h
2207 2223 2356 2272 Forte
2375 2220 2475 2273 Aut
2498 2234 2654 2275 usuue
2680 2220 2854 2275 Routlt.

2147 2285 2167 2325 ί
2206 2289 2348 2337 Forte
2365 2282 2886 2351 deteud.Temporum
2917 2286 3137 2340 Wallter.

1767 2393 2322 2466 COMMENTARIUS.

391 2515 731 2578 benedictione
758 2538 818 2577 :::
851 2516 1182 2592 consegravit,
1223 2532 1354 2592 eum
1403 2532 1431 2572 c
1477 2529 1642 2592 super
1669 2534 1701 2590 g
1740 2518 1964 2592 scripto.

395 2595 563 2651 Verba
591 2593 768 2664 quibus
797 2588 1038 2655 laboraui,
1064 2588 1317 2646 transﬁxa
1339 2598 1464 2645 sunt
1484 2588 1683 2664 lineola
1707 2606 1735 2644 a
1763 2588 1968 2664 recenti

388 2683 548 2721 manu
578 2662 611 2729 ;‘
638 2681 705 2722 ex
732 2664 969 2735 vestigiis
1000 2663 1277 2735 scriptura:
1306 2664 1504 2735 veteris
1533 2663 1612 2717 sic
1647 2662 1870 2716 restituo
1897 2689 1972 2703 —

389 2738 620 2808 septimo
648 2734 890 2802 ιιιιὶευίιὰ
911 2735 1083 2789 labare
1120 2744 1171 2789 et
1204 2734 1575 2808 benedictione
1607 2735 1966 2808 consecravit.

387 2804 477 2866 Sic
507 2810 664 2873 infra,
710 2809 794 2862 die
818 2810 1026 2878 septimo
1056 2806 1316 2878 requievit
1365 2804 1718 2878 ab_omnibus
1736 2805 1971 2878 operibus

389 2881 515 2947 suis,
540 2891 586 2934 et
610 2875 1021 2934 benedixit'eum.
1051 2875 1318 2934 Witumn.
1349 2875 1487 2932 —Si
1517 2875 1599 2929 hae
1628 2877 1722 2930 viri
1753 2877 1824 2931 cl.
1850 2891 1972 2932 cor—

391 2954 662 3008 rectiones
689 2951 743 3005 in
792 2959 992 3004 textum
1047 2949 1279 3004 debeant
1324 2948 1510 3017 recipi.
1536 2962 1637 3018 ego
1662 2947 1874 3017 quidem
1917 2948 1971 3003 in

392 3038 495 3078 ms.
542 3023 769 3091 spatium
821 3022 1065 3077 relictura
1118 3019 1188 3074 sit
1239 3031 1363 3075 ante
1393 3019 1970 3091 verbunrconsecrauit,

390 3089 694 3150 addendum
719 3095 946 3165 putarim
969 3108 1104 3165 eaut.
1138 3091 1267 3156 Sed,
1294 3102 1351 3145 ut
1380 3106 1564 3165 verum
1593 3089 1789 3165 dicam,
1822 3093 1979 3161 longe

391 3165 649 3221 recedere
668 3182 699 3220 a
721 3161 1031 3219 litterarum
1056 3162 1217 3218 ductu
1261 3178 1425 3217 voces
1474 3162 1590 3216 ista:
1622 3161 1892 3226 videntur,
1922 3171 1978 3215 nt

388 3238 573 3315 malim
622 3251 721 3315 θέᾳ
764 3235 959 3315 quietus
989 3235 1294 3315 pronquibus
1341 3249 1626 3304 reponere,
1661 3244 1716 3288 et
1744 3249 1837 3287 sua
1877 3232 2004 3315 ady

396 3308 525 3363 dere
553 3317 673 3372 post
693 3305 1057 3362 benedictione.
1091 3305 1295 3361 Reum.

401 3418 407 3425 -
476 3378 872 3448 Septimum.....
901 3379 1183 3448 regionum.
1231 3375 1328 3430 Ms.
1358 3377 1624 3448 septimam
1650 3375 1719 3430 ad
1752 3376 1980 3448 omnium

401 3449 747 3520 septimarium
773 3447 1058 3520 regionum.
1076 3447 1329 3520 Lego,_de
1341 3448 1436 3500 hac
1455 3447 1737 3520 septimana
1753 3447 1978 3502 omnium

393 3517 793 3591 septimanarum
820 3517 1068 3574 rationem
1113 3517 1361 3591 metibor.
1398 3517 1561 3581 lnl’ra,
1589 3520 1677 3587 qui
1713 3527 1973 3591 extraor-

395 3588 565 3647 dinem
590 3596 882 3664 septimam
933 3588 1280 3661 dispositionis
1327 3603 1652 3645 excessurus
1680 3600 1782 3657 est.
1811 3589 1977 3645 WAL-

397 3680 588 3720 IBBUS.
840 3725 843 3728 ⁴
1029 3710 1041 3729 χ

484 3735 694 3790 Virtutis
719 3734 854 3790 diem
876 3734 930 3788 in
944 3750 1053 3788 eam
1083 3732 1585 3789 consummationem.
1619 3732 1872 3790 Fortasse
1892 3750 1977 3790 re-

436 3807 703 3862 oneudum
734 3817 838 3873 est,
865 3806 1063 3861 uirtutis
1106 3804 1300 3859 divinze
1343 3806 1846 3859 consummationem.
1880 3805 1976 3861 lla-

522 3878 654 3932 infra
697 3877 764 3932 ad
794 3893 845 3947 p.
876 3878 1002 3944 306,
1031 3877 1068 3931 ι.
1094 3876 1151 3930 2.
1176 3873 1316 3931 Deus
1342 3904 1413 3916 -—-
1437 3892 1591 3947 Opera
1618 3893 1714 3931 sua
1739 3893 1977 3931 consum-

401 3951 573 4003 mavit.
616 3948 806 4007 Reum
1528 4007 1535 4016 .

468 4018 719 4076 Conabor.
747 4019 1057 4076 Gallaudius
1081 4020 1156 4073 ait
1179 4036 1192 4072 :
1228 4036 1246 4070 ι
1274 4017 1561 4074 Walkerus
1580 4018 1790 4089 legebat
1817 4036 1974 4075 cona-

398 4109 530 4147 mur.
562 4091 670 4149 Sed
701 4091 1049 4162 praecedentia
1075 4091 1507 4162 metibori—prout
1529 4101 1971 4160 potuero—caua-

401 4164 493 4218 bor
535 4160 816 4235 legendum
849 4165 1091 4235 suadent.
1119 4161 1207 4216 Sic.
1233 4160 1368 4235 infra
1407 4163 1435 4234 §
1472 4163 1533 4235 6,
1557 4174 1611 4216 ut
1643 4178 1781 4216 mens
1818 4180 1975 4235 parua

400 4232 608 4304 poterit.
628 4236 845 4290 conabor
863 4234 1144 4290 ostendere.
1182 4251 1200 4284 ι
1236 4232 1291 4287 In
1321 4232 1429 4289 ιιιεῖ
1451 4234 1662 4305 quidem
1699 4250 1862 4302 super
1886 4234 1974 4289 lit-

401 4320 572 4359 teram
600 4324 633 4376 or
646 4306 1004 4376 posteriorem
1030 4305 1084 4358 iu
1111 4320 1351 4358 conamor
1375 4305 1572 4376 scripta
1610 4317 1691 4361 est
1716 4306 1886 4360 littera
1916 4324 1971 4374 u,

1997 2983 2044 3049 C

2066 2526 2226 2590 atque
2259 2515 2545 2588 jejunium,
2589 2523 2697 2571 tam
2745 2527 2933 2588 quarta
2964 2516 3120 2585 feria,
3143 2532 3263 2590 qua!
3293 2526 3460 2576 tetras
3493 2537 3667 2583 voca-

2074 2589 2247 2651 batur,
2278 2604 2436 2657 quam
2463 2597 2633 2653 sexta,
2670 2603 2957 2657 paras-cette
2985 2590 3142 2645 dicta.
3162 2589 3451 2649 ’Durabant
3479 2607 3658 2655 autem

2071 2661 2188 2736 ὶδιᾳ»
2210 2659 2275 2714 ad
2298 2675 2469 2736 usque
2502 2660 2689 2714 horam
2715 2675 2934 2723 nonam,
2952 2668 3047 2716 aut
3066 2663 3227 2736 etiam
3250 2664 3317 2718 ad
3345 2681 3625 2736 vesperam
3651 2686 3668 2735 ;

2071 2732 2186 2795 sed,
2206 2747 2269 2821 re
2278 2731 2357 2821 sic
2368 2745 2555 2801 compa
2564 2744 2674 2821 rata
2686 2772 2699 2794 ,
2719 2741 2771 2786 ut
2790 2742 3000 2801 tempus
3015 2731 3459 2821 prodiicerentur,
3468 2731 3673 2821 jejunio

2073 2817 2181 2883 non
2223 2802 2483 2883 stationes
2514 2802 2868 2883 vocabantur,
2890 2813 3061 2883 prout,
3088 2804 3223 2859 infra
3264 2802 3579 2883 auctor'ait.
3610 2826 3665 2883 p.

2074 2873 2197 2939 306,
2221 2873 2344 2949 n5,
2364 2873 2492 2949 (Hoc
2520 2889 2719 2949 quoque
2739 2875 2823 2949 die
2848 2872 3121 2948 (sexto)—
3136 2886 3227 2949 aut
3251 2880 3517 2934 stationem
3536 2872 3663 2949 Deo,

2074 2957 2163 3000 aut
2202 2945 2462 3017 jejunium
2513 2946 2750 3014 facimus.
2801 2944 2972 3002 [nimo
3011 2948 3305 3016 interdum,
3340 2960 3398 3006 ut
3427 2944 3665 3010 ostendit

2085 3017 2142 3093 _S.
2179 3017 2503 3093 Victorinus,
2550 3018 2946 3087 producebatur
2972 3019 3378 3093 quartm__l‘eri:n
3400 3022 3666 3093 jejunium

2083 3090 2144 3166 in_
2168 3089 2631 3166 crastinutu,_qu:e
2675 3090 3169 3166 est__superpo:iitio._
3196 3090 3316 3148 Vid.
3371 3089 3668 3166 nollgsnpra

2079 3160 2145 3232 ad
2172 3160 2226 3232 S.
2263 3158 2631 3232 Diony~ii.’ep.
2663 3162 2732 3213 ad
2752 3158 3051 3227 Basilidem,
3086 3162 3193 3216 vol.
3229 3178 3283 3226 ll,
3323 3181 3373 3231 p.
3400 3164 3526 3222 419.
3550 3158 3666 3224 Ad.

2087 3231 2320 3287 deudum
2352 3231 2441 3285 aut
2470 3240 2594 3287 ante
2619 3248 2776 3300 usque
2803 3232 2872 3285 ad
2898 3249 3175 3300 vesperam.
3203 3233 3247 3288 Β
3287 3251 3416 3293 ora.

2154 3302 2460 3382 Temperans
2488 3310 2751 3382 tetraaem.
2787 3302 2963 3359 Μοιιιοι
2997 3303 3286 3382 delendum
3315 3322 3443 3382 esse
3468 3319 3667 3382 tenipo-

2078 3373 2527 3447 ruanalkerns,
2558 3373 2700 3446 quod
2738 3390 2804 3447 ex
2843 3376 3189 3447 Sequentibus
3228 3376 3331 3434 huc
3380 3373 3663 3438 advectum

2079 3456 2181 3502 est.
2212 3446 2547 3516 Reposuerat
2586 3446 2830 3501 tetradem
2874 3446 2971 3518 pro
3012 3446 3388 3521 tetradehCavii
3428 3467 3667 3524 .apOgra-

2084 3517 2267 3573 phum.
2300 3518 2508 3573 Ruunt.

2081 3532 2267 3590 puum.
2300 3532 2508 3590 nou-ru.

2152 3588 2236 3644 Ea:
2258 3607 2319 3644 ea
2339 3607 2411 3645 re.
2443 3588 2515 3644 lta
2547 3589 2825 3659 prmclare.
2856 3590 2932 3645 ait
2954 3588 3263 3656 Walkerus,
3297 3592 3398 3649 viri
3426 3595 3573 3652 docti
3593 3597 3664 3654 ad

2077 3675 2248 3732 marg.
2281 3661 2427 3717 Cavii
2455 3675 2552 3731 pro
2576 3677 2638 3717 ea:
2664 3677 2785 3717 iere.
2817 3661 2981 3733 Igitur
3004 3663 3106 3718 hoc
3135 3664 3334 3731 recepi.
3371 3666 3581 3724 Roura.

2153 3733 2384 3806 Quatuor
2425 3734 2772 3804 generationes
2822 3733 3173 3806 populorum,
3208 3734 3270 3789 ab
3323 3737 3508 3806 Adam,
3551 3750 3656 3798 etc.

2077 3805 2214 3873 Quid
2244 3808 2295 3861 in
2343 3814 2520 3860 mente
2548 3806 2688 3860 inter
2732 3804 2845 3860 om
2883 3804 3103 3861 haberet
3132 3805 3465 3876 Victorinus,
3494 3804 3662 3869 haud

2076 3877 2256 3955 capio,
2286 3877 2384 3932 nisi
2412 3876 2553 3948 quod
2581 3883 2659 3931 tot
2687 3876 2789 3955 sibi
2834 3877 3072 3955 gentium
3103 3878 3337 3955 origines
3382 3882 3434 3937 in
3477 3882 3661 3955 singu-

2079 3948 2146 4003 lis
2174 3948 2289 4003 iStis
2313 3947 2542 4018 quatuor
2571 3947 2898 4017 genealogiis
2929 3947 3208 4004 invenerit;
3234 3952 3442 4008 Reum.

2151 4018 2218 4073 Et
2265 4031 2479 4095 quatuor
2523 4019 2792 4095 animalia,
2822 4020 3083 4095 etc.AS«-il.
3115 4021 3166 4074 in
3201 4023 3383 4092 Apoc.,
3415 4040 3488 4088 ιν,
3518 4025 3574 4092 6,
3603 4026 3658 4095 7,

2076 4106 2174 4163 per
2197 4107 2317 4162 qua:
2342 4092 2558 4163 quidem
2590 4090 2838 4163 animalia
2868 4093 2979 4145 vult
3005 4093 3203 4162 signari
3235 4090 3463 4162 quatuor
3488 4090 3657 4153 evan;

2077 4161 2296 4240 gelistas
2322 4161 2725 4218 Commentarius
2744 4161 2803 4240 in
2821 4161 3169 4240 dimouit/ps"
3194 4161 3263 4240 in
3284 4164 3529 4240 Biblioth.
3563 4186 3658 4240 pa-

2078 4234 2239 4289 risina
2267 4246 2489 4301 patrum,
2516 4244 2557 4289 t.
2583 4250 2625 4300 ι,
2656 4250 2704 4302 p.
2737 4233 3189 4298 l249.Virtorino
3216 4235 3338 4292 huic
3358 4250 3543 4295 nostro
3563 4233 3660 4297 ad-

2078 4318 2330 4375 scriptus.
2354 4310 2524 4374 Atque
2550 4305 2682 4359 artis
2712 4308 2932 4374 pictum-
2956 4304 3310 4376 professores,
3340 4309 3466 4364 dum
3494 4326 3658 4368 evm-

400 4392 507 4431 non
533 4394 561 4449 a
591 4375 844 4449 Widkero
870 4376 1044 4449 additu
1071 4391 1164 4430 seu
1190 4379 1446 4445 reposita.
1488 4375 1659 4431 Habet
1678 4376 1820 4432 Cavii
1843 4393 1970 4448 apo-
2000 4386 2051 4446 1)
2076 4378 2382 4447 gelistarnm
2415 4378 2700 4449 pingebant
2735 4375 2966 4449 effigies,
3004 4379 3252 4434 animalia
3290 4384 3477 4437 eadem
3505 4383 3659 4443 quasi

398 4447 662 4518 graphum
685 4447 923 4518 conabor.
947 4447 1153 4518 Βοιιτιι.

472 4517 822 4574 Daodenario.
882 4516 1255 4573 Daodecinario
1303 4534 1407 4574 ms.
1460 4515 1780 4574 Correxerat
1826 4518 1973 4576 Cavii

400 4591 693 4661 apograph.
723 4592 927 4646 lioum.

478 4659 694 4743 Requies
719 4662 1186 4743 ——nsuperduceret.
1213 4659 1361 4743 Bene
1403 4660 1689 4743 Wallterus
1737 4663 1972 4743 requietis

403 4747 500 4803 pro
529 4734 758 4803 requies;
786 4734 930 4789 Cavii
977 4737 1338 4804 apographum
1369 4736 1725 4798 superduceret
1766 4735 1969 4804 praebet

400 4820 500 4876 pro
524 4806 876 4876 superdoceret
904 4806 1135 4861 lectione
1160 4803 1261 4876 ms.
1295 4803 1501 4861 Rourn.

478 4874 757 4933 Hac‘se—
780 4886 1156 4947 temperaretur.
1191 4874 1303 4947 Hoc
1341 4892 1400 4931 se
1429 4880 1630 4933 alterna
1678 4878 1792 4933 vice
1817 4877 1968 4933 labor

400 4948 582 5013 quietis
610 4943 961 5013 refoveretur,
989 4943 1228 5002 Walkeri
1257 4947 1661 5003 emendatione-5
1705 4965 1766 5001 ac
1790 4950 1883 5014 sic,
1911 4960 1966 5005 et

399 5020 565 5089 quiete
592 5022 767 5078 noctis.
808 5017 1242 5075 commemoravi.
1287 5019 1361 5070 Ac
1405 5021 1478 5074 sic
1524 5019 1684 5075 habes
1712 5018 1848 5074 infra
1896 5021 1964 5077 ad

398 5104 455 5160 p.
479 5090 602 5155 305,
633 5091 669 5144 Ι.
692 5092 745 5147 6.
776 5092 1008 5148 Rourn.‘

471 5161 646 5232 Majas
672 5172 722 5217 et
738 5165 1130 5219 nanus—nocti.
1154 5160 1244 5218 Sic
1264 5161 1495 5234 correxit
1515 5162 1803 5218 Caviannm
1832 5178 1962 5234 apo-

460 5236 656 5300 aphum
702 5248 818 5303 pro.
848 5234 1015 5305 majus
1052 5245 1107 5290 ut
1138 5235 1313 5288 minus
1345 5244 1398 5288 ut
1425 5233 1651 5289 alterum
1702 5233 1957 5305 prwcessit

435 5304 500 5377 iei
548 5305 775 5360 alterum
802 5308 980 5377 noctis,
1008 5318 1062 5363 et
1088 5306 1265 5377 statim
1297 5314 1437 5375 post,
1471 5316 1752 5373 cieteraque
1772 5323 1867 5377 pro
1887 5308 1962 5361 ci-

394 5373 652 5448 theraque,
671 5376 812 5448 quod
836 5376 993 5432 habet
1012 5393 1113 5434 ms.
1141 5373 1347 5433 Reum.

465 5444 534 5500 Et
552 5444 716 5503 horas
742 5464 828 5517 per
857 5448 1113 5503 stationes.
1145 5448 1202 5504 ln
1233 5466 1334 5505 ms.
1363 5448 1558 5520 legitur
1580 5458 1634 5506 et
1662 5450 1799 5506 horis
1829 5466 1959 5520 pra:-

391 5520 650 5576 stationes.
679 5520 1074 5594 Coniecturam,
1120 5536 1239 5590 qua:
1284 5520 1525 5594 adposita
1571 5530 1690 5579 erat
1715 5522 1781 5578 ad
1807 5520 1956 5579 Cavii

385 5594 703 5664 marginem,
726 5588 909 5664 recipi.
933 5588 1144 5664 Bouru.

459 5662 583 5737 Dies
618 5682 694 5722 nu
724 5662 1210 5737 tetras,etc.rApud
1236 5674 1445 5723 veteres
1492 5666 1815 5724 christianos
1859 5666 1952 5723 ha-

380 5731 498 5795 beri
530 5747 714 5812 ~senta:
741 5745 868 5796 sunt
917 5731 1195 5806 stationes,
1231 5752 1424 5810 nempe
1451 5739 1735 5817 religiosus
1777 5741 1953 5799 cultus

2078 4449 2316 4519 symbolo
2346 4450 2457 4504 sive
2482 4453 2632 4520 signa
2656 4448 2806 4519 juxta
2829 4448 2922 4503 eos
2942 4463 3140 4518 (ponere
3164 4452 3307 4506 soliti
3325 4462 3449 4507 sunt
3485 4452 3656 4511 linmo

2078 4520 2333 4585 lrenmus,
2357 4522 2445 4594 lib.
2474 4536 2628 4594 ut,c.
2654 4523 2739 4588 ll,
2758 4523 2970 4591 gemina
2998 4532 3252 4585 sectatus,
3273 4533 3503 4594 quatuor
3532 4534 3653 4581 tau-

2077 4602 2188 4645 tum
2220 4593 2493 4661 evangelia
2528 4593 2726 4648 idcirco
2764 4594 2995 4648 existere
3022 4593 3330 4663 opponere.
3364 4599 3653 4654 ostendere

2073 4672 2158 4717 est
2176 4673 2420 4736 conatus.
2441 4664 2780 4736 Exciderntue
2808 4665 2945 4736 apud
2978 4664 3305 4720 Victorinum
3327 4682 3430 4722 vox
3460 4669 3655 4724 similia

2071 4746 2195 4804 post
2222 4735 2489 4801 animalia,
2510 4736 2623 4791 viso
2647 4735 2853 4792 Joanne
2874 4735 3104 4806 judices.
3138 4735 3342 4794 Rou'ru.

2144 4807 2450 4879 Euphrates.
2491 4806 2675 4862 Homo.
2730 4806 2947 4879 Legere
2978 4808 3088 4862 vult
3117 4807 3401 4864 Walkerus
3457 4819 3504 4866 et
3544 4812 3652 4868 Eu-

2070 4879 2286 4951 phrates
2339 4879 2403 4934 Et
2437 4879 2625 4933 Homo.
2655 4879 2759 4951 Sed
2789 4878 2952 4949 priori
2998 4880 3211 4950 quidem
3240 4884 3358 4937 loco
3387 4883 3649 4951 particula

2068 4949 2338 5019 superﬂua
2386 4959 2551 5015 esset,
2577 4950 2678 5005 etsi
2707 4951 2761 5004 in
2790 4951 2960 5005 altero
2991 4949 3129 5006 haud
3182 4949 3503 5021 respuenda.
3528 4954 3647 5010 Mox

2066 5032 2246 5077 auctor
2271 5037 2368 5094 pro
2393 5031 2542 5077 autar
2569 5036 2637 5077 ex
2670 5037 2770 5077 ms.
2815 5033 3068 5077 monente
3106 5024 3197 5149 cll.‘
3220 5023 3447 5089 ’l‘oddio,
3478 5026 3645 5082 edidi.

3199 5109 3362 5149 ou'rn.

3199 5109 3362 5151 ουτιι.

2139 5164 2354 5236 Tetrade
2380 5165 2443 5219 ab
2486 5164 2676 5236 impiis.
2709 5163 2806 5236 Ms.
2834 5164 2920 5221 hic
2957 5176 3012 5221 et
3052 5166 3211 5236 paulo
3237 5166 3374 5221 infra
3402 5170 3646 5226 tetradem

2064 5234 2242 5291 habet.
2278 5234 2636 5292 Correxerum
2665 5245 2720 5291 et
2751 5235 2901 5291 Cavii
2927 5234 3313 5306 :ipographtttit,
3344 5249 3397 5292 et
3428 5238 3646 5296 Walke-

2063 5323 2176 5362 rus.
2231 5308 2330 5377 Qui
2381 5323 2509 5365 vero
2557 5308 2666 5372 ﬁat,
2699 5317 2754 5362 ut
2802 5308 3226 5378 comprehensus
3275 5324 3396 5365 esse
3434 5312 3645 5367 dicatur

2059 5378 2306 5451 Christus
2333 5381 2561 5450 tetrade,
2595 5395 2689 5434 seu
2715 5391 2904 5451 quarta
2928 5379 3080 5445 feria,
3112 5381 3201 5436 vix
3228 5380 3527 5449 intelligere
3556 5398 3643 5439 me

2058 5448 2248 5524 fateor.
2276 5450 2503 5524 Gemina
2546 5448 2747 5524 tamen
2779 5450 2939 5524 habet
2974 5450 3307 5521 Epiphanius
3356 5454 3407 5507 in
3442 5453 3637 5524 Expos.

2057 5519 2210 5600 Fidei
2234 5568 2245 5575 .
2262 5522 2488 5600 Cathol.,
2590 5522 2670 5600 22
2716 5539 2729 5574 :
2766 5519 3233 5600 ξυνὸιξειςξίιιφιίι,
3259 5519 3638 5600 immaculatum

2056 5596 2333 5675 razQs-i’a-ai.
2355 5596 2482 5675 signa
2508 5593 2610 5649 ἀπὸ
2645 5601 2743 5650 τῶν
2768 5596 3065 5675 (inops-(iitum
3086 5640 3091 5650 .
3118 5593 3335 5675 ἶςετράδι
3373 5600 3474 5675 {cui
3490 5593 3638 5675 ’προ-

2056 5616 2333 5718 ταξυεισαι
2355 5616 2482 5649 εισιν
2508 5616 2610 5649 amo
2645 5617 2743 5650 των
2768 5616 3091 5651 amcos-ollam.
3132 5616 3335 5672 τετραοι
3373 5618 3466 5651 και
3504 5618 3636 5675 προ-

2056 5687 2130 5720 σα
2168 5665 2416 5743 ϐᾁτῳῌκαὶ
2437 5674 2683 5743 ιξυριιιιιιῇ9
2711 5664 2916 5743 carpam
2939 5665 2994 5743 δέ
3023 5671 3109 5723 καὶ
3131 5668 3182 5743 ἓν
3203 5666 3556 5743 προσαϐϐἁτῳ
3584 5672 3636 5724 ἐν

2055 5737 2395 5819 νηστείᾳῖως
2435 5737 2573 5818 ripa;
2599 5737 3120 5820 ἕνάτηςξῈπ-ειδήπερ
3155 5737 3633 5819 impii-taxatione:-
