2010 3036
218 96 265 124 3‘“

813 93 842 120 S.
866 89 1034 120 VICTONNI
1052 89 1226 120 MARTYNS

1801 90 1853 119 512

215 153 397 186 hilia,lumine
405 152 569 181 radiantiain
577 151 634 179 acie
641 147 1004 186 aspectuejusaeﬂlciuntb.
1018 151 1045 180 Α
1057 149 1165 178 delubra
1181 157 1261 178 aurea
1277 151 1382 186 (Apum,
1396 159 1415 182 ι,
1432 150 1489 184 15);
1505 154 1609 187 septem
1623 149 1851 185 oviculrc(Levit.,

217 201 411 229 Auctoritatem
427 200 507 227 totius
521 204 650 226 creaturae
659 198 748 233 justus
760 203 788 230 c;
806 196 892 224 Verbo
906 203 1005 232 εοεηο-

217 255 278 275 men
294 252 335 274 est
348 247 382 279 ei,
399 247 437 273 sic
451 246 520 273 enim
534 245 597 272 dicit
610 250 684 280 pater
699 245 768 279 ejus,
785 243 933 271 Eructatum
947 247 982 270 est
992 242 1006 261 ἀ

215 301 259 321 eor
273 301 355 320 meum
372 292 470 320 verbum
484 291 576 318 bonum
589 290 660 327 (Ps.,
675 299 735 321 xu.
747 289 785 325 l).
797 289 914 317 Joannes
927 297 1008 316 evan-

215 340 307 376 gelista
323 340 361 367 sic
376 339 454 366 dicit:
471 337 502 365 In
516 339 641 374 principio
652 343 705 364 erat
725 336 844 370 Verbum,
856 341 880 363 et
899 335 1007 362 Verbum

214 391 268 414 erat
287 387 356 421 apud
380 385 472 417 Deum,
493 390 516 411 et
538 384 605 412 Deus
626 389 679 411 erat
706 383 833 415 Verbum,-
848 384 895 409 ltoc
909 388 961 409 erat
980 391 1008 409 ιη

217 432 343 468 principio
356 432 427 465 apud
443 430 523 457 Deum
538 439 547 457 :
560 430 645 457 omnia
660 438 704 465 per
721 430 804 464 ipsum
819 430 887 464 facta
900 434 970 458 sunt.
985 434 1008 456 et

215 478 270 505 sine
277 486 305 504 eo
319 479 415 513 factum
426 482 462 504 est
473 477 538 504 nihil
549 476 650 512 (luam,
662 485 680 504 I.
692 478 717 509 1,
729 476 757 508 2,
770 476 809 512 3).
825 476 894 510 Ergo
908 476 1008 510 primtts

214 523 300 551 factus
307 529 437 551 creaturae
447 528 458 541 θ
465 528 517 554 est.
525 523 658 550 secundus
667 521 784 549 hominis
792 521 801 540 τ
812 521 919 548 humani
927 529 1008 556 gene-

215 571 263 604 ris,
281 575 308 597 ut
327 570 364 597 ait
381 569 518 605 apostolus
542 569 562 605 (ι
573 568 645 602 Con,
661 576 706 600 xv.
725 568 771 600 45,
786 567 843 603 47).
860 567 915 595 Hoc
931 567 1009 603 igitur

215 616 343 649 Verbum,
368 624 427 643 cum
451 616 535 643 lucem
558 614 636 648 fecit,
656 614 787 649 sapientia
810 620 928 646 vocatur;
948 621 1007 641 cum

215 666 324 697 caelum,
342 665 512 696 intellectus;
529 671 589 691 cutn
604 668 701 691 terram
711 669 738 691 et
753 671 837 694 mare.
851 663 1007 695 consilium;

215 720 276 740 cum
291 711 375 739 Solem
396 716 423 738 et
446 711 535 738 lunam
558 715 708 745 caelataque
728 710 810 742 clara.
827 710 922 743 virtus;
947 717 1008 738 cum

215 763 315 786 terram
325 765 356 785 ac
365 766 405 785 tua
411 764 438 784 re
452 757 562 790 excitat,
574 757 695 789 scientia;
705 763 765 784 eum
775 756 910 783 hominem
921 756 1007 790 tinxit,

214 805 312 839 pietas;
322 811 382 831 cum
393 803 529 831 hominem
543 802 678 830 benedieit
686 808 712 829 et
723 802 881 836 sanctiﬁcat,
892 802 972 830 timor
983 807 1008 836 8,

213 850 262 880 Dei
276 858 372 878 nomen
390 849 481 877 habet.

250 897 319 924 ECCe
333 901 435 932 septem
455 904 555 924 cornua
576 896 664 931 agnttli
684 895 787 931 (Apoc.,
805 905 832 929 v,
847 895 885 931 6),
904 900 1006 932 septem

214 944 306 971 oculos
317 943 361 970 Dei
376 942 481 975 (Zuclt.,
492 950 525 973 ιν,
543 941 602 976 10);
616 947 719 977 septem
734 942 804 969 oeuli
819 941 923 978 (Anam,
939 950 966 975 ν,
978 942 1007 978 6)

215 991 317 1025 stagnei
330 989 344 1008 ιι
358 995 461 1025 septem
473 989 581 1024 spiritus
594 990 700 1023 (Apum,
714 997 750 1021 tv,
766 989 807 1023 5):
819 993 921 1024 septem
938 988 1010 1017 taces

215 1038 341 1065 ardentes
356 1041 417 1064 ante
429 1036 553 1064 throuttm
565 1036 610 1064 Dei
623 1036 728 1071 (Apoc,
742 1043 767 1064 tv
779 1035 819 1071 5);
831 1040 934 1070 septem
943 1043 1009 1063 can-

1058 203 1134 228 xxm.
1151 195 1213 231 18);
1228 201 1329 233 septem
1339 196 1465 224 mulieres
1477 196 1546 232 apud
1561 196 1665 224 Esaiam
1680 196 1743 233 (Is..
1759 203 1796 229 tv,
1812 197 1852 230 ης

1058 247 1159 277 septem
1173 242 1292 270 ecclesiae
1312 241 1382 278 apud
1397 242 1520 273 Paulum.
1542 242 1621 278 (Am,
1636 251 1671 275 ιι,
1688 242 1727 279 5),
1749 248 1851 276 septem

1058 289 1202 320 diac0nes;
1217 294 1320 323 septem
1341 289 1428 322 angeli
1445 288 1521 324 (Plus
1537 288 1614 316 semel
1629 287 1734 323 Apoc),
1750 292 1853 323 septem

1058 335 1135 363 tttbas
1148 334 1154 354 ί
1165 335 1247 372 (Jos.,
1256 344 1292 368 vt,
1302 335 1341 362 vet
1351 335 1444 369 Apoc..
1456 334 1526 371 vtn);
1536 341 1639 370 septem
1647 335 1782 371 signacula
1791 335 1853 364 libri

1059 380 1163 417 (Αροεη
1178 389 1203 415 v,
1227 381 1266 415 1.)
1281 385 1382 416 septem
1398 382 1571 416 septimanae.
1586 381 1682 416 quibus
1697 386 1854 417 pentecoste

1058 427 1237 460 concluditur;
1250 432 1355 463 Septem
1366 428 1522 463 septimanae
1530 427 1600 463 apttd
1609 428 1743 455 Danielem
1756 428 1851 464 (Dan.,

1059 484 1099 508 Ix,
1114 475 1171 510 25);
1182 475 1243 503 item
1260 475 1434 510 quadraginta
1444 481 1498 503 tres
1508 478 1664 510 septimanae
1676 475 1745 510 apttd
1758 475 1855 503 Danie-

1059 522 1123 554 lem;
1135 521 1203 557 apud
1225 521 1280 549 Noe
1298 527 1401 557 septem
1416 522 1504 549 omnia
1523 521 1620 548 munda
1640 521 1667 548 in
1687 527 1747 549 arca
1762 520 1853 557 (Gem.

1058 568 1152 604 νιι.9.);
1167 573 1269 604 septem
1283 568 1406 596 vindictze
1417 568 1451 596 de
1462 569 1525 596 Cain
1537 568 1672 601 (Gen..tv.
1686 567 1741 604 15);
1751 573 1854 603 septem

1059 615 1120 642 anni
1145 614 1298 642 remittendi
1324 615 1405 642 debiti
1428 614 1586 651 (Deut..xv,
1612 615 1654 650 l);
1669 615 1777 643 lucerna
1793 622 1852 643 cum

1059 666 1160 694 septem
1180 660 1288 688 oriﬁcii‘
1302 660 1408 693 (luctu,
1420 668 1457 693 tv.
1473 661 1514 695 εκ
1539 666 1641 695 septem
1664 661 1798 690 columna!
1812 668 1855 689 sa-

1059 708 1166 744 pientiae
1180 708 1206 735 in
1222 708 1331 735 domum
1346 707 1353 733 t'
1372 707 1525 736 Salomonis
1541 707 1645 742 (Prom,
1659 715 1695 738 ιι.
1706 708 1744 743 i).

1094 754 1170 782 Nunc
1186 754 1266 790 igitur
1280 754 1313 781 de
1333 754 1468 782 inerrabili
1482 754 1566 789 gloria
1583 754 1629 781 Dei
1643 755 1669 782 in
1685 754 1853 790 providentia

1060 801 1152 829 videas
1166 801 1326 833 memorari;
1343 805 1443 834 tamen,
1458 805 1487 828 ut
1501 808 1576 828 mens
1592 808 1671 835 parra
1685 801 1795 836 poterit,
1806 809 1853 829 co-

1022 849 1047 880 B
1061 848 1147 876 nabor
1167 848 1321 876 ostendere.
1341 847 1378 877 Ut
1404 846 1488 875 Adam
1511 847 1584 875 illum
1609 855 1657 883 per
1678 848 1854 883 septimanam

1058 895 1258 929 reformaverit,
1273 900 1353 930 atque.
1366 895 1499 922 universa!
1514 901 1570 921 sua:
1582 899 1713 922 creaturae
1726 894 1854 923 subveni-

1060 946 1101 970 ret
1113 941 1138 974 κ,
1148 941 1341 969 nativitatelilii
1356 941 1396 968 sui
1408 941 1471 968 Jesu
1482 940 1582 968 Christi
1597 940 1700 967 Domini
1715 941 1799 968 nostri
1814 940 1850 967 fa-

1061 993 1133 1017 ctum
1153 994 1204 1017 est.
1223 989 1289 1023 Quis
1311 989 1400 1024 itaque
1416 989 1475 1020 lege
1496 988 1541 1015 Dei
1553 987 1658 1020 doctus,
1680 988 1741 1023 quis
1757 987 1853 1021 plenus

1065 1035 1166 1070 Spiritu
1188 1039 1291 1068 sancto,
1315 1041 1369 1063 nou
1391 1033 1516 1070 respiciat
1530 1033 1621 1068 corde,
1638 1040 1670 1061 ea
1682 1033 1726 1062 die
1746 1033 1855 1062 Gabriel

803 1103 1000 1133 ίῐιΕϐΤΙΟΝΕδ
1019 1104 1229 1134 VARIANTES.

247 1176 261 1190 ³
279 1175 351 1200 Forte
364 1174 483 1205 Aspoctus
495 1173 578 1199 Rom/1.

247 1206 261 1225 Ῐ·
280 1207 352 1231 Forte
364 1207 473 1231 Ellit'ittttt
486 1205 571 1231 Rottl/t.

247 1239 260 1253 α
278 1238 352 1263 Forte
365 1239 453 1262 Auctor
467 1241 547 1261 autem
561 1236 636 1261 totius
647 1238 768 1261 creaturae
779 1234 853 1262 Iesus
870 1234 980 1261 Watker.

248 1268 264 1288 (ι
282 1269 356 1294 Forte
366 1269 489 1294 Erttetavit
500 1267 585 1292 Iloullt.

250 1303 263 1317 θ
281 1301 353 1326 Forte
364 1301 478 1325 Creatura
492 1298 578 1324 Ilouth.

251 1332 261 1352 τ
281 1332 354 1358 Forte
366 1331 442 1356 Homo
454 1331 571 1355 Dominus
583 1330 668 1356 Routlt.

1095 1175 1108 1195 ι
1126 1174 1200 1200 Forte
1210 1174 1315 1199 Timorls
1326 1173 1412 1200 Routlt.

1093 1204 1109 1225 λ
1127 1206 1200 1231 Forte
1212 1206 1275 1238 Sunt
1291 1206 1347 1237 agni
1360 1204 1427 1231 Cavii
1450 1211 1530 1238 marg.
1548 1204 1651 1236 Septem
1669 1204 1733 1230 oculi
1751 1203 1854 1232 Delend.

1061 1241 1150 1262 censet.
1167 1236 1276 1262 Wutker.

1095 1269 1103 1287 ί
1124 1269 1196 1294 Forte
1209 1268 1285 1294 Tuba:
1297 1267 1383 1293 Rmuli.

1095 1300 1103 1325 i
1125 1300 1198 1325 Forte
1210 1300 1287 1324 Domo
1304 1299 1413 1324 Wallter.

1095 1332 1110 1351 ιι
1128 1332 1200 1358 Forte
1209 1331 1360 1357 Subvenerit
1372 1330 1480 1357 Walker.

886 1372 1169 1402 COMMENTARIUS.

217 1449 320 1473 laverat
330 1444 436 1478 quidem
447 1443 559 1471 Crellius
569 1450 618 1478 pro
630 1443 712 1476 iustus
723 1449 863 1478 reponere.
875 1447 904 1470 ut
916 1450 1009 1470 emen-

1060 1444 1119 1472 stel.
1135 1452 1142 1471 τ
1158 1454 1167 1470 ι
1186 1445 1329 1478 Apostolus
1343 1443 1442 1471 Paulus
1457 1444 1501 1479 qui
1524 1443 1603 1478 hujus
1618 1443 1729 1480 legitimi
1746 1452 1841 1473 numer

217 1479 765 1526 ante.“feriere-sentences:
775 1478 1007 1526 {lf’fLEEYE'll‘Bn
1023 1494 1046 1526 c
1062 1486 1090 1526 et.
1103 1480 1365 1526 ςςξιίιιξςῑηέηίειις
1378 1478 1479 1526 satis}?
1490 1478 1740 1526 ξτεςέεδξέιξέέϋέείις
1747 1480 1853 1526 1W

218 1517 288 1552 quod
298 1524 376 1551 supra
393 1514 610 1552 memoravimus,
619 1522 766 1552 cognomen
776 1518 818 1552 est
828 1514 938 1552 verbum
949 1514 1007 1552 Dei.

221 1550 326 1580 Etenim
355 1559 415 1579 cum
445 1551 477 1578 ad
505 1550 555 1578 hoc
574 1550 758 1584 probandum,
781 1550 878 1577 Chri~ti
899 1551 1011 1577 Verbum

221 1588 268 1616 Dei
283 1588 432 1619 nominari,
449 1587 563 1614 adducat
575 1586 729 1614 Victorinus
744 1586 831 1613 locum
842 1585 933 1619 Joan.,
949 1593 969 1618 ι,
983 1586 1010 1619 1,

219 1627 377 1658 sequeretur
390 1631 450 1651 eum
466 1623 570 1658 legisse,
587 1627 610 1648 et
625 1621 671 1649 Dei
684 1626 738 1648 erat
756 1623 868 1649 verbum.
885 1621 922 1648 Ita
933 1621 1009 1658 Crel:

219 1656 285 1687 liuin
302 1660 387 1686 locum
412 1656 561 1690 relinxissc,
584 1663 610 1683 et
623 1662 836 1692 argumentatum
852 1665 911 1684 esse
923 1679 931 1689 ,
947 1656 1012 1684 tnihi

220 1694 329 1726 retulit,
346 1699 488 1728 antequam
512 1693 603 1721 Crellii
627 1693 723 1720 librum
740 1692 881 1728 vidissem.
899 1692 1011 1719 Barate-

221 1731 296 1762 rius,
312 1731 337 1757 in
358 1730 587 1762 Anti-Artemonio,
601 1736 647 1755 seu
666 1727 744 1754 Initio
760 1727 891 1762 Evangelii
904 1728 1013 1755 Joannis

225 1766 374 1798 Vindicnto,
391 1771 456 1799 part.
475 1774 499 1796 ι,
515 1772 574 1798 cap.
599 1764 647 1795 16,
665 1763 679 1799 §
702 1771 744 1791 Ill.
766 1772 792 1795 p.
808 1763 869 1795 HO,
894 1764 936 1791 ubi
957 1764 1013 1799 ipse

221 1801 363 1838 legendum
377 1801 502 1836 proponit
514 1809 522 1829 :
534 1800 547 1826 Ι
552 1800 583 1826 sti
596 1800 669 1827 verba
682 1807 818 1834 cognomen
832 1799 939 1862 estRDei.

894 1842 939 1862 ουτ

894 1842 975 1862 ουτη.

260 1873 409 1900 Ernrtatum
430 1877 466 1899 est
492 1880 534 1898 cor
558 1879 640 1898 meum
664 1871 766 1897 verbum
789 1871 880 1898 bonum
895 1892 902 1901 .
929 1871 1011 1898 LXX.

221 1909 380 1947 :EEspetiEaro
392 1910 408 1938 ἠ
421 1907 514 1947 κᾳρδία
523 1919 573 1944 μον
585 1908 656 1944 λόγον
667 1908 767 1947 ᾲγαθόη.
786 1907 1014 1947 Vulgata'qu‘idem

222 1942 314 1972 habet.
333 1942 461 1971 It‘ructuvii
475 1942 621 1970 cor'meum'
631 1942 731 1969 verbum
751 1942 853 1969 bonum.
877 1942 1015 1969 Nihilomi—

224 1989 275 2008 nus
289 1989 322 2007 an
336 1979 500 2010 Victorinus,
515 1979 570 2012 qni.
582 1984 689 2006 auctore
704 1979 877 2014 Hieronymo.
891 1985 970 2011 supra
981 1978 1014 2005 ad

226 2024 285 2051 pag.
297 2016 359 2048 234,
373 2024 424 2043 non
446 2023 522 2050 atque
533 2015 655 2051 latinerac
665 2019 870 2051 gra-cenoverat
884 2014 1014 2051 scribere,

226 2050 365 2079 erurtatum
388 2056 424 2078 est
447 2058 495 2085 pro
509 2050 629 2077 eructat-it
653 2050 787 2084 posuerit,
802 2058 835 2077 an
851 2050 936 2085 potius
946 2070 954 2081 ,
969 2057 1016 2076 cor

226 2093 374 2115 ernctatum
389 2094 448 2114 esse
463 2085 634 2117 intellexerit,
649 2085 692 2112 alii
708 2085 833 2117 iudicent.
874 2085 977 2112 Rourn.

261 2123 332 2158 Ergo
346 2124 443 2158 primus
454 2122 545 2156 factus.
561 2126 612 2149 etc.
627 2121 781 2158 liepnrsittnu
798 2121 830 2148 ad
848 2129 931 2158 marg.
944 2121 1016 2148 Cavii

225 2162 278 2190 est,
293 2157 417 2185 Dominus
429 2165 475 2189 pro
490 2157 615 2184 horninis.
628 2157 781 2187 Ampleclor
790 2157 1015 2189 emendationem,

223 2199 307 2221 totum
319 2202 383 2221 vero
397 2195 483 2220 luctttu
498 2194 531 2219 ita
542 2193 631 2225 legere
642 2192 731 2219 velim.
748 2191 816 2225 Ergo
828 2194 922 2226 primus
934 2194 1017 2227 (actus
1031 2195 1056 2225 Ῑ)
1070 2192 1155 2227 Epist.
1175 2193 1191 2220 8

224 2236 342 2256 creatura
357 2235 403 2260 est,
420 2228 543 2256 secundus
559 2228 638 2254 ltomo
653 2228 780 2254 Dominus
792 2228 897 2254 humani
910 2229 1017 2262 generis,

225 2270 254 2292 ut
269 2266 303 2292 nit
318 2264 585 2301 apostolusaScilicet
596 2264 621 2289 in
639 2262 688 2297 Ep.
703 2271 711 2290 ι
726 2263 759 2289 ad
774 2262 833 2301 Cor.
850 2263 954 2301 κιρ-45.
972 2264 1015 2290 47.

226 2300 286 2328 Mox
300 2299 339 2327 ad
349 2301 365 2327 Ι.
379 2302 405 2334 5,
419 2309 444 2334 p.
457 2300 521 2332 2l0,
532 2299 610 2326 verba
624 2304 740 2332 exstant,
752 2304 778 2325 ιιι
792 2299 874 2325 Adam
887 2299 960 2325 illum
975 2307 1019 2333 per

226 2343 392 2372 septimanam
407 2335 591 2371 reformaverit,
606 2340 681 2370 atque
693 2334 816 2362 universa:
830 2342 885 2362 sua:
896 2340 1018 2362 creatum

227 2373 375 2399 subveniret.

265 2408 320 2435 Hoc
336 2409 412 2444 igitur
428 2407 576 2435 Verbum—
588 2407 663 2434 timor
679 2405 727 2432 Dei
740 2414 829 2444 nomen
844 2406 927 2444 liabet.
942 2406 1018 2444 Wal-

227 2444 293 2471 kero
307 2442 389 2476 teste,
408 2451 487 2472 voces
500 2451 559 2477 qua:
582 2447 738 2476 sequuntur,
755 2442 788 2468 ita
803 2442 828 2469 in
844 2442 881 2469 Ms
913 2443 1019 2477 scripta:

226 2479 347 2511 fuerant.
362 2480 521 2507 etnondante
541 2486 587 2506 eas
605 2478 679 2506 Cavii
700 2477 873 2512 apographo:
888 2479 952 2505 ctetu
968 2486 1016 2513 pro

227 2515 318 2542 ewlum
331 2537 338 2547 ,
355 2520 420 2542 terra
445 2522 492 2547 pro
506 2520 598 2541 terram
610 2535 618 2546 ,
634 2514 687 2540 sole
711 2518 733 2540 et
758 2514 819 2540 luna
835 2522 881 2547 pro
903 2514 980 2540 solem
996 2519 1019 2541 et

227 2551 325 2582 lunam,
342 2559 398 2577 cum
413 2556 486 2578 terra
500 2558 530 2577 ac
547 2550 625 2576 maris
647 2557 695 2584 pro
709 2557 765 2575 cum
780 2554 873 2576 terram
887 2557 917 2576 ac
931 2558 1017 2582 mare;

229 2586 330 2613 nomine
344 2594 391 2619 pro
404 2587 540 2614 hominem.
556 2585 609 2613 Sed
621 2585 762 2612 ret-entinri
776 2593 854 2611 manu
866 2584 979 2612 litteram
991 2593 1016 2611 ιιι

229 2628 310 2655 super
326 2621 452 2656 pleraque
467 2622 523 2649 haoc
539 2621 618 2649 verba
634 2621 760 2654 scriptam
774 2620 854 2647 l'uis~e
866 2621 890 2648 in
903 2621 960 2655 ipso
973 2629 1019 2647 co-

230 2657 299 2687 dice.
317 2661 428 2684 testatur
443 2657 478 2685 cl.
498 2658 625 2684 Toddius.
648 2656 706 2692 Ego
730 2657 835 2683 interim
856 2656 952 2683 timon's
970 2664 1019 2692 pro

230 2692 306 2728 (impr
318 2693 407 2720 malim
424 2694 518 2728 legem
558 2693 663 2720 Rourtt.

264 2727 375 2756 Cornua.
391 2727 514 2762 Cornuto,
536 2736 585 2756 ms.
602 2728 706 2756 correxi
730 2733 790 2763 post
809 2728 901 2791 Apoci‘,
913 2736 938 2756 v.
956 2728 980 2755 Β.

900 2771 980 2791 ουτιι.

900 2771 982 2792 ουτπ.

262 2800 337 2835 Apud
353 2800 473 2829 Paulum.
489 2801 541 2829 Pro
558 2800 668 2828 Paulum
685 2807 776 2835 margo
798 2799 923 2828 etlitiohis
937 2800 1017 2828 Cavei

224 2836 315 2864 ltabet.
333 2837 362 2865 ιτ.
378 2838 497 2873 ΑροεαΙ..
518 2837 565 2865 sed
580 2837 664 2873 male.
681 2842 708 2873 et
735 2841 806 2863 recte
823 2835 933 2873 Paulum
944 2836 1017 2873 ,{Cy-

221 2873 332 2909 prianus
345 2875 379 2903 de
392 2871 583 2904 Eshortatione
593 2872 727 2908 Martyrii,
743 2880 803 2908 pag.
818 2871 878 2908 125,
893 2872 937 2902 ed.
950 2871 1018 2901 Ain-

1064 1521 1092 1543 et
1106 1516 1157 1543 alia
1172 1515 1269 1543 ibidem
1294 1515 1365 1542 hunc
1385 1515 1473 1543 locum
1490 1516 1658 1543 illustrantia.
1675 1515 1809 1544 Wstlstt.
1822 1530 1859 1537 —

1065 1550 1253 1585 Fragmentum
1275 1550 1313 1578 De
1333 1551 1435 1578 Cauane
1450 1551 1480 1578 S.
1497 1551 1653 1585 Scripturaa,
1671 1554 1741 1586 quod
1758 1553 1858 1585 primus

1064 1587 1146 1614 edidit
1159 1587 1183 1614 in
1195 1587 1391 1618 Antiquitatibus
1405 1586 1484 1614 Medii
1495 1586 1557 1614 Ασῖυἱ
1568 1588 1602 1614 cl.
1615 1587 1785 1621 Muratoritts,
1800 1587 1858 1616 haec

1065 1622 1144 1650 habet
1159 1631 1166 1649 :
1182 1632 1192 1648 ι
1210 1622 1276 1649 Cum
1293 1623 1349 1658 ipse
1365 1623 1460 1649 beatus
1473 1623 1610 1657 apostolus
1630 1623 1727 1651 Paulus
1742 1632 1859 1657 sequens

1065 1658 1271 1692 prmdecessoris
1289 1659 1328 1685 sui
1344 1658 1454 1686 Joannis
1468 1658 1602 1687 ordinem.
1617 1659 1722 1687 nonnisi
1737 1660 1859 1688 nomina-

1065 1694 1112 1721 tim
1135 1698 1236 1729 septem
1261 1694 1383 1722 ccclesiis
1401 1694 1494 1721 scribit
1516 1694 1610 1721 ordine
1626 1695 1688 1728 tali,
1706 1695 1739 1723 ad
1763 1695 1860 1724 Corin—

1065 1729 1147 1760 thios.
1163 1734 1215 1757 etc.
1235 1739 1244 1756 ι
1286 1729 1391 1757 Rourtt.

1101 1765 1205 1798 Septem
1225 1766 1353 1793 diacones.
1377 1764 1457 1793 Cons.
1482 1770 1572 1793 notam
1594 1765 1627 1793 ad
1654 1764 1770 1794 Cornelii
1795 1766 1860 1795 Fra-

1065 1807 1172 1836 gmenta
1187 1801 1221 1828 de
1242 1809 1353 1828 numero
1374 1801 1559 1828 diaconortnn.
1588 1801 1624 1828 De
1653 1804 1784 1834 scriptura
1809 1811 1859 1830 au-

1066 1841 1119 1864 tem
1147 1837 1264 1864 diacones
1287 1836 1397 1864 Vossius
1429 1837 1454 1864 in
1482 1837 1529 1864 lib.
1557 1836 1595 1863 De
1619 1837 1684 1864 vitiis
1710 1839 1857 1866 sermonis:

1069 1881 1079 1898 ι
1097 1872 1222 1899 Diaranes
1245 1877 1267 1900 et
1292 1872 1438 1899 diueonibus
1464 1873 1588 1900 crebrum
1615 1878 1656 1900 cst.
1686 1874 1860 1908 scriptoribus

1067 1908 1257 1945 ecclesiasticis
1280 1909 1367 1945 etiam
1387 1908 1513 1943 antiquis.
1540 1908 1593 1936 Sed
1616 1908 1663 1935 hos
1684 1909 1789 1944 pietatis
1813 1918 1860 1945 po-

1066 1944 1119 1981 tius
1145 1944 1274 1981 habemus
1301 1944 1443 1981 magistros
1467 1945 1717 1981 qttamﬂlatinitatis.
1747 1944 1860 1981 Elegan-

1067 1979 1150 2015 tiores
1173 1980 1253 2014 igitur
1273 1986 1379 2014 semper
1399 1979 1520 2006 diaconus
1538 1980 1646 2013 dicunt,
1667 1985 1693 2007 nt
1715 1979 1807 2015 ειη-οε
1819 1988 1861 2009 est

1067 2014 1190 2046 διάκονος.
1211 2025 1220 2042 ι
1237 2015 1294 2042 Lib.
1310 2023 1329 2046 ι,
1345 2022 1404 2048 cap.
1420 2015 1465 2043 20.
1483 2024 1508 2049 p.
1528 2015 1572 2042 82.
1596 2014 1776 2043 Tertullianus
1800 2025 1861 2045 vero

1067 2050 1288 2087 Cypriattusqttc.
1313 2051 1383 2087 quod
1405 2059 1455 2085 ego
1476 2051 1641 2087 meminerim
1654 2072 1662 2082 ,
1678 2052 1734 2079 fere
1755 2061 1861 2087 semper

1069 2086 1168 2113 habent
1181 2087 1300 2120 diaconi,
1321 2086 1384 2113 dum
1403 2094 1463 2118 res.
1481 2086 1575 2119 fateor,
1590 2094 1620 2114 se
1638 2087 1716 2114 aliter
1732 2088 1812 2116 habet.
1834 2090 1859 2117 in

1068 2123 1240 2156 epistularum
1272 2122 1485 2158 t'ypt-ianicarum
1507 2122 1731 2156 inscriptionibus,
1758 2129 1785 2151 et
1815 2125 1859 2152 tibi

1069 2165 1156 2194 narrat
1174 2158 1326 2194 Cyprianus
1335 2159 1362 2194 in
1380 2157 1494 2194 Epistola
1507 2157 1541 2184 ad
1554 2157 1722 2188 Successum.
1736 2167 1798 2194 quae
1813 2165 1855 2187 est.

1193 2166 1323 2220 ὄιιτιῆιιιιε
1337 2166 1362 2184 ιιι
1380 2166 1494 2191 nptstota
1507 2166 1540 2184 aa
1554 2166 1706 2185 attccessum
1716 2180 1722 2188 .
1736 2167 1798 2194 qme
1813 2166 1855 2187 est.

1222 2214 1228 2225 ,
1248 2194 1290 2221 vel
1314 2193 1368 2220 82:
1386 2203 1395 2219 ι
1412 2193 1582 2221 Valerianum
1605 2194 1669 2229 Imp.
1688 2195 1720 2221 ad
1740 2199 1860 2224 senatum

1071 2230 1250 2264 rcSrripsisse.
1266 2234 1294 2265 ut
1307 2230 1424 2265 eptscopi
1438 2234 1465 2257 et
1483 2229 1629 2265 presbyteri
1644 2236 1669 2255 et
1683 2230 1801 2258 diacones
1817 2240 1857 2258 tn-

1070 2264 1216 2291 contiuenti
1237 2264 1492 2292 animadvertuntur.
1513 2274 1522 2292 ι
1540 2264 1615 2292 Unde
1638 2265 1742 2293 videtur
1761 2274 1857 2296 nomen

1070 2300 1192 2328 diacones
1205 2308 1238 2328 eo
1254 2306 1375 2336 tempore
1388 2301 1512 2328 usitatius
1525 2308 1556 2328 ac
1572 2301 1702 2336 vulgatius
1715 2301 1806 2364 lauisse.

1745 2345 1806 2364 ou-rr

1745 2345 1823 2366 ουτω.

1106 2371 1140 2399 1η
1154 2371 1228 2400 domo
1241 2371 1397 2408 Salomonis.
1412 2373 1455 2400 Sic
1466 2372 1605 2408 legendum
1616 2377 1706 2401 monet
1717 2373 1860 2404 Walkerus

1070 2415 1120 2443 pro
1132 2409 1158 2435 in
1173 2408 1275 2435 domum
1290 2407 1321 2436 S.
1335 2408 1384 2442 Qui
1401 2407 1502 2443 septeni
1518 2414 1684 2436 sacramenta
1699 2410 1724 2436 in
1741 2409 1859 2437 Ecclesia

1070 2451 1131 2471 esse
1144 2448 1273 2476 statuunt,
1297 2449 1325 2471 ut
1349 2444 1436 2472 obiter
1457 2444 1481 2471 id
1506 2449 1605 2477 notem,
1629 2445 1742 2480 plurima
1767 2445 1860 2473 ltornm

1071 2480 1284 2514 St-plettarim‘ltlll
1303 2487 1473 2507 numerorum
1493 2480 1519 2507 in
1542 2482 1656 2508 medium
1677 2480 1765 2507 solent
1778 2481 1862 2509 addu-

1070 2522 1142 2546 cere.
1161 2521 1188 2541 ttt
1201 2523 1257 2542 rem
1271 2515 1311 2541 vel
1327 2516 1445 2547 tirutent.
1462 2515 1500 2543 vel
1517 2516 1659 2543 illustrent.
1700 2516 1806 2544 Βουτιί.

1108 2550 1141 2579 Ut
1158 2550 1238 2577 Adam
1251 2551 1341 2582 illum.
1361 2556 1412 2578 etc.
1435 2550 1591 2579 Walkertnn
1608 2556 1759 2580 monentem
1780 2553 1861 2580 verba

1070 2586 1128 2623 haec
1136 2595 1195 2614 eum
1207 2587 1390 2622 sequentibus,
1402 2588 1530 2614 nativitate
1541 2588 1589 2621 [itii
1601 2589 1651 2618 sui.
1663 2593 1726 2618 etc..
1736 2589 1860 2623 conjungi

1070 2622 1169 2650 dobere
1180 2643 1187 2653 .
1205 2630 1257 2649 non
1280 2630 1340 2658 cuto
1362 2622 1495 2657 prioribtts
1507 2643 1513 2653 .
1530 2627 1638 2651 secutus
1652 2632 1711 2651 sutn
1724 2632 1730 2649 :
1745 2630 1766 2650 ts
1783 2632 1862 2658 porro

1070 2658 1210 2685 subvenerit
1223 2666 1270 2693 pro
1284 2657 1422 2685 subveniret
1432 2659 1488 2685 vult
1501 2666 1641 2692 reponere.
1657 2657 1799 2686 Nutivitate
1811 2668 1860 2694 pro

1070 2694 1225 2730 nativitatem
1235 2700 1384 2721 ettrrererat
1397 2694 1432 2720 Ca
1438 2694 1471 2720 vii
1483 2695 1675 2730 apoxraphum.
1689 2695 1740 2722 Per
1746 2701 1861 2722 sanctam

1070 2735 1158 2757 autem
1171 2729 1365 2762 hebdomadam,
1377 2729 1433 2756 sive
1443 2729 1563 2757 diversos
1577 2731 1702 2758 bonitatis
1714 2732 1859 2765 profectus,

1071 2766 1268 2802 procedendum
1282 2773 1342 2793 es~e
1358 2766 1484 2801 praecepit
1505 2766 1629 2794 Clemens
1653 2767 1742 2800 Alex.,
1757 2774 1838 2802 supra
1851 2787 1858 2801 ,

1069 2801 1102 2828 ad
1120 2811 1144 2836 p.
1159 2801 1222 2829 250.
1263 2801 1367 2829 Rou'rtt.

1109 2837 1146 2864 Ea
1159 2838 1199 2864 dte
1214 2837 1317 2864 Gabriel
1329 2838 1445 2873 angelum
1461 2837 1560 2867 Mariae.
1575 2842 1627 2865 etc.
1643 2837 1783 2871 Quomodo
1803 2838 1860 2866 haec

1070 2878 1151 2910 atque
1164 2878 1262 2903 caetera
1276 2874 1460 2909 hujuscemodi
1477 2874 1528 2903 sibi
1543 2874 1681 2908 collegerit
1696 2873 1857 2909 Victorinus,
