4020 6072
460 211 566 279 515

1417 218 1473 274 S.
1516 215 1856 275 VICTOBINI
1892 215 2248 277 NARTYBIS
2286 218 2778 279 FRAGMENTUM.

3633 224 3745 284 516

458 325 539 391 De
579 327 837 399 Victorino
864 335 937 393 ita
982 333 1154 395 scribit
1194 333 1257 395 8.
1284 332 1645 405 Hieronymus,
1672 334 1884 391 Attum.
1910 333 2042 391 Helo
2065 337 2118 399 Α
2144 333 2223 392 De
2250 338 2426 394 eadem
2449 338 2716 395 Sententia
2759 340 2833 394 ita
2876 338 2940 395 8.
2969 338 3185 396 Hieron.
3215 324 3409 397 Comm.
3442 342 3496 396 in
3523 340 3741 413 Ezeclt.,

961 429 1171 498 vidium,
1203 435 1242 497 t.
1265 427 1338 494 iv,
1372 446 1424 499 ρ.
1461 429 1583 499 ιιι.

540 560 616 616 De
643 560 923 623 Victorino
974 561 1027 618 id
1078 576 1283 630 assero,
1317 562 1459 635 quod
1491 571 1545 619 et
1573 562 1641 619 de
1666 562 2043 637 Evangelistis,

469 650 666 709 fratres
695 668 816 709 eum
840 652 1041 711 dixisse
1067 654 1299 722 Domini,
1319 672 1422 713 non
1448 655 1585 713 ﬁlios
1607 656 1782 717 Maria:
1807 675 1821 712 :
1850 656 2047 713 fratres

460 753 661 811 autem,
710 760 776 801 eo
814 762 999 812 sensu,
1030 763 1186 819 quem
1221 749 1465 820 superius
1517 751 1886 822 exposuimus,
1918 766 2044 822 pro-

463 836 783 906 pinquitate,
816 853 921 893 non
947 849 1155 895 natura.

514 950 593 1009 De
640 953 902 1012 Sententia
945 958 1163 1025 quadam
1217 959 1479 1030 Victorini,
1534 963 1869 1037 aliorumque,
1919 966 1990 1023 ita

795 1051 858 1106 S.
891 1050 1105 1106 Hieron.
1135 1051 1207 1106 De
1241 1053 1376 1109 Viris
1402 1054 1519 1116 HL.
1547 1073 1592 1111 c.
1627 1056 1714 1113 18.

531 1162 630 1221 Hic
655 1163 897 1241 (Papias)
929 1166 1124 1223 dicitur
1159 1169 1304 1225 mille
1353 1186 1613 1229 annorum
1640 1172 1905 1243 judaicam
1936 1174 2077 1231 edio‘

466 1254 610 1312 disse
634 1256 962 1335 δευτέρωσιν,
990 1275 1146 1330 quem
1193 1262 1362 1317 secuti
1393 1273 1519 1318 sunt
1553 1263 1782 1319 lrenaens
1806 1275 1861 1321 et
1887 1265 2053 1338 Apol-

468 1346 695 1405 linarius
725 1359 780 1405 et
825 1352 1025 1423 caeteri,
1059 1353 1149 1423 qui
1195 1362 1316 1426 post
1345 1357 1794 1413 resurrectionem
1824 1359 1973 1413 aiunt
1998 1363 2051 1417 in

463 1456 631 1498 carne
678 1458 801 1499 cum
829 1446 1027 1501 sanctis
1055 1446 1337 1503 Dominum
1367 1459 1735 1515 regnaturum.
1765 1451 2053 1508 Tertullia-

464 1547 568 1589 nus
614 1550 827 1606 quoque
882 1538 932 1592 in
965 1536 1105 1594 libro
1132 1538 1198 1593 de
1224 1540 1333 1610 Spe
1372 1540 1631 1611 fidelium,
1676 1553 1729 1599 et
1770 1543 2055 1602 Victorinus

462 1623 871 1705 Petabionensis,
899 1638 953 1685 et
983 1629 1295 1688 Lactantius
1322 1632 1421 1689 hac
1450 1636 1704 1707 opinione
1726 1635 2015 1694 ducuntur.
2088 1634 2136 1695 B

2685 447 2733 485 c.
2759 430 2850 499 56,
2878 440 2913 487 t.
2941 446 3021 499 ιιι,
3042 448 3095 503 p.
3114 432 3241 488 952.

2222 564 2406 637 Neque
2432 565 2575 624 enim
2601 566 2753 640 juxta
2777 566 3019 639 judaicas
3046 567 3274 634 fabulas,
3294 584 3428 642 quas
3466 569 3543 626 illi
3572 570 3745 631 δευτεο

2152 664 2337 741 ρὼσεις
2358 661 2642 734 appellant,
2678 672 3001 733 gemmatam
3029 671 3083 718 et
3126 678 3345 721 auream
3373 665 3440 721 de
3479 666 3622 723 ccclo
3644 682 3744 722 ex-

2165 764 2436 829 pectamus
2459 753 2818 824 Hierusalem,
2845 770 2944 813 nec
2972 770 3183 813 rursum
3227 759 3431 826 passuri
3463 759 3747 815 circumci-

2160 844 2619 915 sionisinjuriam,
2671 863 2768 902 nec
2798 848 3027 907 oblaturi
3077 860 3352 907 taurorum
3403 861 3458 907 et
3510 853 3743 909 arietum

2159 940 2427 1007 victimas,
2463 956 2562 997 nec
2589 942 2793 997 sabbati
2822 945 2935 999 otio
2965 944 3312 1003 dormiemus.
3338 946 3491 1015 Quod
3513 958 3568 1002 et
3589 949 3748 1005 multi

2161 1041 2482 1099 n03trorum,
2516 1045 2569 1088 et
2601 1034 2869 1104 principuc
2901 1035 3219 1093 Tertulliani
3247 1038 3402 1103 liber,
3430 1040 3519 1110 qui
3551 1039 3750 1099 inscri—

2157 1121 2298 1179 bitur
2324 1126 2387 1179 de
2420 1125 2527 1199 Spe
2572 1124 2827 1195 ﬁdelium,
2857 1136 2911 1183 et
2940 1126 3201 1186 Lactantii
3231 1131 3617 1187 institutioiieui
3648 1146 3748 1186 vo—

2157 1215 2336 1270 lumen
2395 1218 2681 1287 septimum
2736 1219 3063 1289 pollicetur;
3119 1233 3173 1277 ct
3213 1222 3461 1277 Victorini
3498 1222 3750 1281 Petobio-

2157 1312 2324 1366 nensis
2380 1310 2620 1386 episcopi
2669 1314 2875 1375 crebra:
2924 1316 3334 1386 expositiones;
3372 1328 3426 1372 et
3458 1333 3626 1388 nuper
3648 1319 3749 1374 Se-

2156 1422 2317 1463 verus
2345 1420 2529 1465 noster
2558 1410 2611 1467 in
2642 1408 2876 1482 dialogo,
2908 1412 2994 1471 cui
3032 1410 3185 1472 Gallo
3232 1426 3431 1470 nomen
3463 1412 3745 1482 imposuit.

2160 1500 2227 1556 Et
2275 1510 2333 1556 ut
2376 1502 2593 1559 ϐιηθεοε
2636 1504 2931 1571 nominem,
2973 1515 3027 1561 et
3059 1506 3290 1575 primum
3336 1515 3749 1581 extremumque

2168 1597 2511 1670 conjungam,
2539 1596 2777 1659 Irenaeus
2801 1609 2857 1657 et
2884 1599 3277 1672 Apollinarius.

1802 1751 2362 1816 COMMENTARIUS.

460 1882 818 1960 Ecclesiasten
850 1886 1233 1960 iptcr__alios_S.
1266 1887 1557 1960 Scriptura:
1586 1889 1771 1954 libros.
1802 1892 1876 1953 ait
1898 1892 2040 1950 idem

462 1956 925 2035 Hieronymus_De
975 1956 1104 2014 Viris
1142 1957 1348 2014 lllustr.
1378 1956 1410 2015 a
1453 1976 1539 2017 me
1582 1961 1703 2018 huic
1747 1964 2045 2035 fragmento

461 2028 735 2099 praeﬁxas.
814 2030 1019 2087 Bou'ru.

532 2101 705 2165 Senis,
736 2110 865 2169 etc.,
912 2117 1017 2158 etc.
1050 2103 1180 2159 Cum
1215 2118 1318 2163 non
1345 2112 1559 2161 constet
1581 2149 1595 2168 ,
1625 2106 1795 2165 utrius
1825 2108 2038 2165 tandem

458 2170 568 2241 sint
597 2174 760 2235 verba
806 2174 996 2249 istinc,
1025 2174 1270 2249 Origeuis
1316 2192 1385 2237 an
1414 2175 1707 2243 Victorini,
1758 2179 1911 2255 plura
1958 2180 2045 2239 hic

535 2335 1084 2411 Commentariumll)
1102 2336 1382 2406 scripsisse
1395 2336 1727 2411 Victorinum
1750 2341 1802 2411 iu
1822 2338 2041 2395 Joannis

461 2406 840 2481 Apocalypsin,
876 2406 1034 2462 tradit
1066 2406 1435 2478 Hieronymus
1461 2426 1617 2479 supra
1650 2409 1724 2464 De
1756 2408 1894 2481 Viris
1933 2411 2035 2479 ill.,

503 2479 524 2538 ,⁷
545 2480 669 2537 955.
700 2481 782 2539 Ad
814 2488 1094 2537 tractatum
1130 2490 1307 2536 autem
1339 2484 1481 2548 qttod
1525 2484 1713 2536 attinet
1755 2479 1807 2536 in
1850 2494 1995 2537 tomo
2022 2499 2041 2538 ι

510 2552 789 2625 ibliotlteca:
811 2561 1011 2616 patrum
1035 2553 1276 2625 parisina:
1297 2551 1527 2625 editum,
1546 2555 1633 2623 qui
1656 2553 1913 2617 Victorini
1946 2569 2043 2609 no-

464 2627 606 2680 mine
624 2620 908 2692 inscriptus
926 2620 1329 2690 cst,'dicendum
1346 2640 1466 2680 cum
1491 2620 1851 2691 Tillemontio,
1887 2625 2038 2692 .llent.

464 2694 637 2766 Eccl.,
667 2705 859 2766 tom._v
883 2736 898 2766 ,
935 2705 1043 2749 not.
1079 2697 1143 2755 2.
1177 2696 1227 2748 in
1271 2694 1328 2749 S.
1368 2695 1624 2750 Victoria.
1662 2697 2043 2766 Lurdueroque

465 2768 544 2825 De
573 2765 768 2838 Evang.
799 2764 947 2824 Fide.
970 2776 1108 2838 part.
1139 2783 1200 2829 tt,
1229 2767 1320 2821 lib.
1346 2784 1384 2836 ι,
1412 2784 1534 2835 cap.
1564 2766 1655 2833 56,
1682 2783 1736 2838 p.
1767 2769 1887 2835 196,
1911 2764 2039 2835 etc,

465 2837 846 2910 interpolatum
869 2837 1085 2907 quidem
1109 2838 1452 2910 numlibrum
1482 2840 1663 2907 fuisse,
1687 2837 1748 2895 et
1776 2840 2044 2899 nonnullis

464 2912 519 2985 in
552 2909 683 2985 locis
712 2919 995 2973 mutatum,
1026 2911 1117 2985 sed
1148 2909 1403 2985 majorem
1438 2922 1610 2965 tamen
1644 2922 1846 2985 partem
1873 2911 2043 2985 ejusa

465 2982 744 3039 Victorino
772 2995 955 3035 revera
984 2983 1264 3047 scriptum,
1296 2981 1451 3051 idque
1479 2997 1544 3035 eo
1576 2981 1741 3047 magis
1766 3026 1779 3045 ,
1820 2986 1959 3052 quod
1990 2982 2045 3037 in

503 3053 711 3110 lurimis
732 3052 890 3107 rebus
910 3053 1325 3107 commentarius
1348 3056 1445 3108 istc
1469 3069 1590 3106 cum
1615 3055 1704 3106 illo
1733 3055 1805 3107 De
1828 3052 2048 3108 Fabricii

504 3070 711 3110 turtmts
732 3070 890 3107 renus
910 3070 1325 3107 commentarius
1348 3070 1445 3108 tete
1469 3070 1590 3106 cum
1616 3070 1704 3106 tuo
1733 3070 1805 3107 ue
1828 3070 2047 3108 raortca

465 3070 653 3181 glundi
682 3125 997 3196 fragmento,
1031 3132 1164 3196 post,
1189 3124 1404 3179 Cavium
1436 3141 1575 3196 nunc
1615 3126 1779 3186 edito,
1824 3125 2047 3196 pulchre

466 3170 793 3253 comendi.”
810 3170 1007 3250 Conici'
1031 3170 1101 3267 lct
1140 3194 1355 3251 Ccillier
1374 3170 1404 3259 ,-
1426 3195 1650 3250 Histoire
1688 3170 1923 3267 gériéttale
1952 3170 2048 3250 uda;
2074 3170 2119 3234 α

466 3269 684 3394 Anates
709 3269 877 3321 sacres
902 3277 945 3321 et
968 3265 1388 3336 ecclésiastiques,
1415 3279 1557 3323 tome
1578 3284 1655 3334 ιιι,
1679 3265 1796 3338 cap.
1823 3268 1915 3334 2|,
1942 3266 1969 3339 §
1993 3270 2046 3336 ὅ,

471 3356 521 3394 ι).
666 3378 678 3392 .

470 3356 521 3411 Ρ.
542 3356 845 3481 tingvere,
880 3410 1125 3466 breviora
1158 3411 1402 3481 quasdam
1448 3411 1660 3472 Scholia
1693 3409 1947 3473 Victorini
1994 3410 2048 3463 in

469 3483 818 3557 Apocalypsin
844 3481 997 3553 quasi
1037 3489 1161 3557 post
1201 3481 1405 3557 liminio
1448 3484 1561 3557 jtllll
1591 3481 1806 3557 reducta
1852 3490 1977 3557 sunt
2017 3496 2047 3536 a

470 3552 785 3619 Gallattdio,
820 3552 940 3622 qua:
972 3554 1173 3622 primus
1202 3570 1265 3617 ex
1301 3552 1564 3613 Casincnsi
1597 3554 1783 3609 codice
1808 3552 2050 3610 ediderat

470 3626 699 3682 Basilius
730 3625 993 3679 Milionius
1023 3625 1314 3683 uionuchns
1342 3626 1572 3689 casinas,
1609 3625 1874 3688 Bononiae,
1908 3639 2048 3678 anno

471 3697 632 3754 1558.
660 3699 851 3761 Aitque
881 3696 1211 3762 Gallandius,
1247 3699 1296 3749 in
1332 3696 1654 3750 Bibliotheca:
1696 3708 1900 3765 patrum
1936 3710 2049 3750 suzc

472 3786 511 3824 ι.
533 3784 607 3822 tv.
632 3786 681 3837 p.
715 3768 766 3832 6,
796 3782 854 3821 se
876 3768 1073 3821 nullum
1100 3767 1351 3834 dubitari,
1376 3769 1418 3822 si
1442 3768 1752 3823 virisdoctis
1777 3778 2049 3837 perspecta

470 3840 694 3907 hujusce
722 3840 959 3907 opusculi
977 3840 1139 3894 editio
1157 3841 1309 3894 unica
1325 3838 1584 3908 adeoque.
1612 3855 1824 3907 perrara
1840 3838 2050 3901 fuisset.

477 3931 497 3967 ι
534 3913 660 3982 quin
694 3910 926 3977 Scholia,
980 3920 1244 3980 tamquam
1272 3911 1557 3980 genuinum
1590 3910 1842 3966 Victorini
1888 3911 2050 3964 fetum

470 3984 833 4053 excepissent;
883 3984 1327 4053 aguovissentquc
1368 3982 1524 4036 simul
1567 3983 1896 4038 subdititium
1938 3995 2056 4035 om-

472 4056 598 4111 nino
645 4069 795 4119 esse.
841 4064 1024 4125 utpote
1086 4055 1217 4109 mire
1259 4055 1663 4125 interpolatum.
1715 4055 2056 4109 Commenta-

473 4128 614 4184 rium
645 4126 790 4180 ilhtm
821 4127 870 4179 in
923 4127 1275 4197 Apocalypsin
1298 4169 1312 4188 ,
1342 4128 1427 4193 qui
1474 4126 1572 4183 sub
1598 4128 1712 4192 ejus
1749 4128 1961 4180 nomine
1999 4124 2053 4178 in

472 4212 687 4267 patrum
718 4198 1061 4253 Bibliothccis
1098 4199 1488 4253 circumfertur.
1528 4217 1544 4249 ι
1582 4198 1667 4253 Sir.
1713 4198 1821 4252 ille.
1870 4197 2054 4266 Quan-

474 4284 632 4341 quam
661 4284 788 4323 vero
815 4271 1040 4341 vestigia
1070 4270 1386 4337 antiquioris
1429 4270 1687 4341 doctrinae
1715 4270 1766 4323 iu
1811 4270 1891 4323 his
1921 4271 2045 4323 bre-

474 4340 712 4395 vioribus
741 4340 1208 4397 scholiissubiude
1234 4340 1590 4405 deprehendi,
1621 4343 1935 4409 interpolata
1978 4351 2057 4392 ta-

475 4427 598 4468 men
630 4412 814 4467 isthzcc
839 4411 906 4467 ab
931 4412 1110 4480 aliquo
1141 4414 1279 4468 male
1311 4412 1498 4467 feriato
1534 4412 1695 4467 fuisse
1742 4412 1867 4465 mihi
1909 4410 2055 4464 vide-

477 4484 689 4549 bantur,
723 4483 768 4538 si
811 4483 969 4538 modo
994 4483 1181 4539 eadem
1225 4484 1288 4539 ad
1323 4483 1649 4539 Victorinmn
1693 4485 1832 4537 tertii
1872 4482 2051 4537 διιδειηί

476 4555 791 4625 Scriptorem
822 4569 947 4611 vere
975 4556 1321 4626 pertinerent.
1352 4555 1512 4613 Extat
1538 4555 1589 4610 iu
1620 4556 1721 4610 illis
1751 4553 1819 4609 ad
1853 4569 2051 4610 comm.

542 4688 614 4754 (l)
642 4690 872 4755 Quamvis
896 4690 1234 4741 admiserimus
1278 4691 1607 4742 Victoriniana
1646 4691 1830 4746 scholia
1855 4703 1965 4755 quae
1988 4690 2068 4742 hic

478 4759 650 4805 noster
674 4754 862 4817 νεεμιιίι
884 4762 1255 4815 commentator,
1282 4755 1462 4805 melius
1487 4762 1649 4806 tamen
1683 4757 1836 4805 visqu
1870 4754 1949 4805 est
1982 4767 2067 4802 no-

478 4817 569 4933 lsi‘ilSe
594 4825 767 4933 ptotarc
797 4830 907 4882 qua:
936 4817 1013 4868 'de
1056 4817 1254 4871 scholiis
1298 4819 1346 4869 iu
1382 4817 1706 4885 Apocalypsin
1743 4817 1906 4872 Routh
1943 4828 2065 4867 ceu-

575 4894 615 4930 rt
642 4919 653 4931 .

2148 1898 2508 1971 transcribere
2533 1901 2880 1971 supersedeo.
2959 1903 3176 1963 Roma.

2223 1968 2295 2023 De
2329 1968 2668 2027 Victorino‘id
2696 1990 2890 2038 assero,
2922 1984 3027 2029 etc.
3066 1970 3359 2040 Helvidius,
3393 1971 3751 2044 dumrperpe-

2148 2047 2291 2114 tuam
2333 2045 2668 2114 oppugnabat
2710 2046 2766 2100 S.
2817 2047 2995 2100 Mariae
3044 2045 3403 2114 virginitatem
3437 2086 3453 2114 ,
3484 2041 3750 2101 Viatorini

2150 2113 2312 2170 verba
2343 2113 2585 2185 quaedam
2613 2116 2929 2174 adduxerat.
3013 2113 3230 2172 noun.

2146 2342 2384 2415 M,cap.
2416 2358 2466 2406 ι,
2497 2344 2667 2414 Apoc.
2694 2361 2708 2399 :
2734 2343 2900 2414 Caput
2938 2352 3104 2399 autem
3138 2346 3248 2415 ejus
3296 2354 3343 2400 et
3386 2343 3565 2413 capilli
3606 2354 3754 2405 erant

2146 2413 2272 2480 albi,
2298 2422 2429 2478 etc.,
2457 2413 2829 2485 interpretatio
2853 2418 2950 2471 ista
2981 2434 2992 2469 :
3021 2415 3085 2471 In
3112 2413 3315 2486 capillis
3337 2415 3467 2470 albis
3487 2417 3745 2472 abbatum

2144 2496 2218 2539 est
2248 2486 2518 2540 multitudo
2573 2486 2768 2541 lterum
2791 2489 2855 2541 ad
2879 2503 3075 2542 comm.
3108 2489 3196 2547 18.
3225 2504 3346 2555 cap.
3377 2503 3465 2542 xui
3494 2503 3507 2540 :
3554 2486 3754 2542 Nume-

2145 2573 2232 2611 rus
2261 2558 2371 2627 ejus
2398 2574 2579 2617 nomen
2608 2559 2850 2622 hominis,
2877 2570 2925 2614 et
2953 2577 3193 2615 numerus
3219 2563 3332 2623 eius
3353 2561 3576 2614 sexcenti
3600 2576 3754 2613 sexa-

2146 2628 2287 2698 ginta
2312 2645 2419 2686 sex.
2452 2639 2570 2697 post
2592 2631 2756 2689 inulta
2785 2631 2885 2687 alia
2916 2631 3017 2686 huc
3041 2631 3278 2687 additum
3302 2641 3384 2695 est
3412 2647 3430 2684 :
3452 2629 3584 2686 Item
3607 2632 3753 2697 aliud

2148 2700 2259 2777 eius
2305 2698 2657 2777 antichristi)
2684 2719 2862 2755 nomen
2898 2704 3103 2777 Agotltice
3124 2743 3139 2767 ,
3168 2703 3305 2777 quod
3332 2720 3421 2772 per
3443 2703 3750 2777 se‘liquebit,

2147 2769 2203 2822 id
2230 2769 2344 2833 est,
2392 2776 2697 2849 Ιξενριηρικὸς
2724 2815 2738 2849 ,_
2771 2769 2919 2849 quod
2952 2774 3126 2828 eadem
3172 2769 3538 2849 modoigrrrcis
3574 2769 3755 2828 litteris

2148 2832 2423 2917 cantamen
2447 2832 2762 2917 7',_t't‘e8,:s;,
2783 2832 3028 2914 quinque,
3059 2855 3164 2900 etc.
3197 2832 3544 2915 Significatur
3568 2856 3751 2917 autem

2149 2912 2471 2988 Gensericus
2493 2913 2850 2988 Vandalormn
2874 2912 2987 2980 rex,
3013 2919 3098 2988 qui
3126 2912 3325 2979 seculo
3347 2917 3538 2988 quinto
3558 2916 3752 2988 catho—

2152 2983 2281 3038 licos
2309 2983 2360 3039 in
2388 2984 2568 3059 Africa
2600 2996 2837 3040 vexarat.
2871 2988 2985 3041 Alia
3017 2983 3168 3043 mitto
3193 3031 3208 3056 ,
3240 2989 3333 3043 sed
3363 2983 3527 3042 notes
3555 2987 3749 3059 lector,

2151 3071 2354 3130 quasso,
2384 3058 2435 3111 in
2463 3057 2653 3112 eodem
2682 3060 2937 3127 Opnscnlo
2969 3075 3073 3112 non
3109 3060 3310 3114 tantum
3357 3061 3501 3130 quod
3536 3057 3594 3113 in
3642 3060 3747 3114 line

2152 3128 2412 3189 adversus
2440 3130 2711 3184 chiliastas
2741 3131 2997 3197 scriptum
3023 3141 3188 3198 extat,
3221 3133 3312 3185 sed
3344 3128 3548 3185 scholia
3581 3130 3668 3184 adi
3698 3134 3753 3185 in

2155 3208 2322 3274 totum
2349 3211 2508 3274 caput
2541 3199 2847 3256 vicesimum
2894 3203 3205 3274 eorumdem
3254 3204 3536 3259 sentcntiae
3576 3217 3751 3274 Oppo-

2152 3270 2285 3331 sita;
2320 3272 2461 3343 etsi,
2498 3281 2654 3340 prout
2698 3274 2765 3326 de
2794 3270 2962 3327 altero
2990 3274 3379 3331 commentario
3422 3288 3588 3343 agens
3617 3270 3749 3328 olim

2154 3342 2356 3395 notavit
2386 3344 2595 3409 Gavius,
2632 3343 2938 3399 Victorinus
2972 3345 3021 3401 in
3050 3342 3588 3407 cotttntnntario’suo,
3622 3344 3753 3399 Hic-

2152 3428 2378 3484 ronymo
2407 3413 2454 3467 id
2488 3414 2687 3469 diserte
2715 3415 2974 3479 tradente,
3005 3417 3370 3479 chiliastarum
3396 3419 3567 3475 errori
3598 3414 3753 3471 fave-

2151 3485 2240 3558 r_it,
2269 3485 2792 3558 hletnqueproiecto
2823 3504 2873 3539 ιιι
2922 3486 3222 3558 fragmento
3249 3528 3264 3555 ,
3298 3488 3442 3558 quod
3475 3500 3749 3557 superesr,

2153 3555 2229 3609 De
2260 3553 2477 3609 Fabric}:
2509 3555 2691 3609 Mundi
2710 3602 2719 3615 .
2756 3556 2961 3613 fecerit.
2994 3558 3097 3614 Sed
3130 3553 3256 3614 hate
3288 3553 3569 3613 hactenus.
3600 3553 3744 3614 Per

2152 3638 2375 3693 malum,
2405 3644 2523 3696 quin
2555 3626 2827 3683 Victorino
2857 3630 3097 3684 nonnulli
3126 3631 3505 3691 attribuerunt,
3540 3630 3749 3684 nttllum

2153 3698 2267 3824 gari
2297 3699 2487 3768 gaudet
2521 3701 2829 3755 tesriumnio
2851 3712 3008 3767 atque
3040 3702 3202 3756 breve
3227 3701 3355 3756 illud
3388 3716 3610 3756 carmen
3656 3702 3752 3756 ad-

2194 3785 2258 3823 nc
2287 3778 2476 3824 extans
2504 3772 2566 3824 de
2592 3770 2750 3824 Cruce
2792 3771 2997 3824 Domini
3022 3773 3103 3824 vel
3135 3773 3196 3824 de
3239 3771 3511 3824 Pascltttte.
3557 3773 3752 3824 inscri-

2194 3785 2258 3823 nc
2287 3778 2476 3824 extans
2504 3772 2566 3824 de
2592 3770 2750 3826 Cruce
2792 3771 2997 3826 Domini
3022 3773 3103 3827 vel
3135 3773 3196 3825 de
3239 3771 3511 3832 Pass/tute.
3557 3773 3752 3827 inscri-

2155 3853 2323 3913 ptum,
2349 3841 2500 3909 cuius
2526 3843 2663 3897 duos
2692 3844 2893 3908 priores
2919 3858 3103 3897 versus
3142 3843 3417 3898 Victorino
3459 3844 3748 3913 adscripsit

2157 3911 2306 3968 Beda
2326 3914 2657 3984 venerabilis
2685 3916 2737 3969 in
2777 3915 2960 3969 libello
2988 3915 3049 3968 de
3077 3913 3225 3968 Locis
3248 3914 3455 3971 Sanctis
3473 3956 3486 3979 ,
3522 3911 3655 3984 cap;
3686 3917 3721 3970 5
3741 3958 3756 3981 ,

2156 3998 2273 4056 pag.
2310 3982 2436 4051 489,
2473 3994 2601 4040 tom.
2631 4002 2708 4050 Ill,
2738 3986 2824 4041 ed.
2860 3986 3022 4040 Basil.
3054 4004 3067 4039 :
3097 4004 3115 4039 ι
3271 3988 3385 4055 Qua
3416 3982 3612 4040 ductus
3641 3988 3762 4055 opi-

2162 4056 2337 4121 nione,
2380 4075 2396 4105 ι
2431 4058 2593 4127 inquit
2626 4058 2798 4125 Beda,
2836 4075 2855 4109 (
2892 4056 3192 4113 Victorinus
3234 4058 3587 4113 Pietaviensis
3618 4059 3760 4113 anti-

2160 4136 2275 4183 stes
2309 4127 2579 4193 Ecch-si‘ae,
2608 4128 2675 4184 de
2701 4129 2961 4202 Golgotba
2994 4130 3237 4185 scribens
3276 4137 3343 4184 ita
3372 4129 3628 4184 inchoat:
3662 4148 3683 4182 ι

2250 4244 2338 4309 Est
2358 4244 2598 4309 locus,_ex
2621 4247 2751 4295 omni
2771 4246 2986 4296 medium
3003 4259 3154 4309 quem
3172 4245 3420 4309 credimus
3444 4245 3587 4307 orbe,

2254 4307 2491 4371 Golgotna
2511 4306 2669 4359 Judaei
2690 4309 2846 4372 patrio
2869 4306 3163 4372 cognomine
3183 4308 3370 4359 dicunt.

2157 4438 2542 4495 Verumtamen
2591 4439 2883 4506 sententiae
2917 4439 3131 4494 illorum
3183 4436 3322 4493 haud
3364 4436 3631 4509 rel‘ragor.
3665 4438 3755 4508 qui

2081 4522 2131 4583 Ι)
2161 4521 2374 4581 propter
2401 4508 2524 4583 styli
2556 4508 2962 4583 dill'erentiama
2996 4510 3269 4583 Victorino
3298 4508 3761 4583 carmeuiabjudi-

2172 4598 2298 4638 care
2338 4582 2534 4646 velint;
2569 4597 2688 4637 nam
2713 4582 2881 4637 latine
2923 4582 3069 4652 loqui
3099 4590 3283 4652 auctor
3312 4581 3760 4652 poematisividc-

2172 4664 2273 4717 tur,
2297 4652 2345 4708 id
2364 4652 2501 4722 quod
2521 4653 2588 4707 de
2608 4652 2878 4708 Victorino
2902 4654 2951 4707 in
2978 4651 3202 4708 tractatu
3230 4651 3302 4706 De
3328 4652 3545 4707 Fabrica
3575 4651 3761 4713 Mundi

2169 4726 2254 4780 vix
2283 4725 2587 4780 dicendum.
2617 4724 2864 4781 Facultas
2906 4727 3047 4781 enim
3079 4740 3211 4797 pure
3232 4734 3288 4780 et
3312 4726 3597 4781 emendate
3624 4723 3761 4797 seri-

2169 4798 2326 4853 hendi
2348 4799 2411 4868 in
2439 4798 2704 4855 cumulum
2732 4798 2901 4854 sancti
2928 4795 3176 4868 martyris
3203 4796 3443 4868 laudum,
3472 4805 3609 4852 teste
3638 4795 3762 4867 plu-

2168 4870 2314 4929 ribus
2342 4867 2475 4929 locis
2505 4868 2851 4944 Hieronymo,
2879 4886 2985 4930 non
3014 4866 3263 4929 accessit.
