4020 6072
243 236 355 293 317

979 229 1033 286 S.
1080 226 1423 286 VICTORINI
1460 222 1749 282 SCHOLIA
1780 218 2341 290 INAPOCALYPSIN
2381 219 2444 276 B.
2485 217 2779 276 JOANNIS.

3423 216 3529 276 518

256 376 3490 418 ______________...______———________——

956 513 1667 666 SANCTI
1774 509 2737 663 VICTORIN
2752 514 2819 656 Ι

1183 768 1487 829 EPISCOPI
1526 762 2066 823 PETAVIONENSIS
2102 761 2193 823 ET
2232 760 2584 827 MARTYRIS

550 964 1056 1054 SCHOLIA
1110 962 1232 1046 IN
1308 954 1828 1045 APOCALY

1943 955 2104 1039 BIN
2158 955 2498 1039 ΒΕΑΤΙ
2550 952 3042 1043 JOANNIS
3097 946 3203 1027 (ι).

1548 1325 1795 1395 INCIPIT
1833 1322 2217 1389 EXPOSITIO.

781 1510 855 1552 EX
892 1509 1087 1551 CAPITE
1118 1506 1303 1549 PRIIO.

318 1700 373 1756 1.
404 1695 741 1772 Apocalypsis
764 1694 893 1757 Jesu
913 1692 1127 1762 Christi,
1155 1710 1309 1767 quam
1337 1692 1476 1755 dedit
1504 1692 1584 1749 illi
1621 1691 1760 1749 Deus
1790 1700 1838 1749 et

240 1793 467 1850 ostendit
493 1790 648 1847 servis
689 1789 794 1845 suis
832 1804 946 1860 qua:
971 1796 1166 1857 oportet
1196 1788 1306 1856 fieri
1333 1787 1454 1855 cito,
1487 1797 1534 1842 et
1561 1786 1828 1858 signi/ica-

240 1888 335 1941 uit.
370 1882 517 1939 Beati
540 1884 623 1955 qui
651 1882 819 1953 legunt
836 1891 881 1934 et
910 1880 999 1950 qui
1025 1879 1241 1935 audiunt
1267 1894 1524 1933 sermones
1548 1879 1700 1945 hujus
1720 1894 1837 1948 pro-

242 1978 456 2051 phetica,
487 1985 535 2031 et
560 1986 761 2031 servant
809 1989 922 2043 qua:
967 1973 1158 2044 scripta
1186 1966 1327 2027 sunt.
1356 1971 1682 2042 Principium
1715 1971 1837 2028 libri

240 2072 636 2131 beatitudinem
690 2067 909 2139 legenti,
964 2080 1122 2140 atque
1177 2065 1440 2132 audienti,
1498 2077 1548 2120 et
1604 2066 1838 2121 servanti

242 2167 535 2240 promittit,
558 2175 613 2220 ut
641 2164 857 2220 lectioni
886 2161 1109 2221 studens
1156 2161 1349 2217 exinde
1374 2176 1535 2233 opera
1564 2161 1755 2230 discat,
1785 2169 1840 2218 et

243 2275 516 2337 praecepta
544 2261 832 2318 custodiat.

316 2359 376 2416 4.
399 2356 577 2414 Gratia
604 2356 740 2415 vobis
761 2364 809 2410 et
834 2370 940 2423 pax
958 2352 1020 2411 ab
1049 2369 1106 2409 eo
1149 2353 1235 2424 qui
1272 2361 1368 2416 est,
1416 2360 1463 2406 et
1510 2352 1595 2423 qui
1624 2362 1753 2419 erat,
1792 2362 1839 2409 et

242 2454 333 2524 qui
361 2463 603 2506 venturus
632 2458 727 2503 est.
760 2446 875 2512 Est,
904 2449 1025 2519 quia
1064 2457 1360 2518 permanet.
1390 2446 1539 2513 Erat,
1565 2447 1685 2517 quia
1714 2461 1837 2507 cum

244 2547 407 2601 Patre
424 2542 602 2599 omnia
623 2542 767 2605 fecit,
795 2551 850 2596 et
876 2556 1017 2597 nunc
1036 2556 1100 2596 ex
1132 2540 1338 2609 virgine
1360 2540 1568 2595 initium
1587 2541 1832 2611 sumpsit.

254 2638 510 2694 Venturus
531 2646 623 2699 est.
652 2638 834 2708 utique
857 2636 923 2690 ad
945 2634 1314 2705 judicandum.

317 2732 385 2787 Et
403 2750 437 2785 a
450 2742 642 2802 septem
654 2731 916 2799 spiritibus
929 2731 1016 2799 qui
1029 2729 1080 2783 in
1102 2738 1371 2798 conspectu
1386 2728 1554 2781 throni
1570 2729 1680 2796 eius
1697 2739 1835 2783 sunt.

240 2824 627 2896 Septiformem
654 2823 899 2893 spiritum
926 2820 981 2875 in
1004 2820 1161 2876 Esaia
1186 2821 1409 2888 legimus
1444 2818 1615 2891 (Esa.,
1645 2836 1720 2886 χι,
1754 2818 1833 2891 2),

240 2892 481 2986 spiritum
523 2892 771 2969 videlicet
814 2913 1076 2982 sapientia:
1120 2922 1164 2965 et
1200 2912 1513 2979 intellectus,
1566 2911 1762 2966 consilii
1794 2920 1838 2967 el

239 3007 588 3080 fortitudinis,
604 3004 826 3060 scicntia:
837 3014 882 3058 et
897 3004 1117 3075 pietatis,
1138 3003 1371 3072 spiritum
1390 3003 1583 3057 timoris
1606 3002 1832 3056 Domini.

313 3102 367 3156 5.
404 3099 471 3157 Et
503 3099 563 3153 ab
595 3099 719 3154 Jesu
745 3095 945 3152 Christo
975 3097 1060 3171 qui
1108 3107 1179 3148 est
1209 3098 1342 3149 testis
1369 3096 1555 3166 ﬁdelis,
1586 3097 1837 3168 primoge-

237 3197 378 3251 nitus
409 3201 745 3248 mortuorum.
770 3190 825 3244 In
848 3189 1065 3259 homine
1095 3199 1345 3259 susct3pto
1373 3187 1639 3258 perhibuit
1684 3187 1835 3241 testi-

239 3293 484 3346 monium
540 3291 593 3344 in
644 3288 866 3351 mundo,
924 3288 1110 3357 inquo
1161 3284 1319 3341 etiam
1351 3299 1559 3355 passus,
1593 3299 1690 3338 suo
1737 3297 1835 3339 nos

236 3384 507 3455 sanguine
556 3382 716 3439 solvit
746 3397 774 3434 a
803 3389 1047 3452 peccato,
1077 3394 1139 3433 ac
1169 3378 1437 3433 debellato
1460 3374 1685 3442 inferno,
1724 3376 1833 3446 pri-

236 3497 332 3535 mo
364 3478 665 3539 resurrexit
686 3491 715 3529 a
739 3475 983 3539 mortuis,
1013 3484 1066 3539 et
1107 3490 1241 3527 mors
1270 3473 1407 3527 ultra
1454 3474 1496 3525 ei
1543 3490 1643 3526 non
1670 3473 1832 3526 domi-

234 3552 447 3627 nabitur
489 3568 663 3643 (Rom.
717 3583 789 3633 vr,
821 3567 920 3639 9):
953 3567 1069 3636 ipso
1112 3577 1290 3620 autem
1338 3575 1594 3636 regnante
1647 3565 1832 3625 mundi

231 3680 465 3737 regnum
490 3663 821 3719 destructum
842 3669 943 3715 est.

310 3760 366 3816 6.
398 3758 465 3812 Et
489 3757 605 3826 fecit
635 3773 726 3811 nos
747 3772 956 3828 regnum
974 3764 1020 3809 et
1042 3754 1324 3810 sacerdotes
1349 3753 1454 3808 Deo
1472 3763 1518 3807 et
1550 3752 1694 3815 Patri
1717 3771 1823 3809 suo.

235 3855 291 3911 ιιι
323 3864 413 3911 εει
446 3851 686 3907 omnium
717 3849 951 3905 fidelium
976 3848 1294 3911 Ecclesium,
1323 3849 1461 3902 sicut
1487 3848 1676 3904 Petrus
1700 3864 1832 3920 quo-

231 3965 339 4022 que
382 3946 657 4018 aposmlus
691 3944 855 3999 dicit:
884 3942 1016 3998 Gens
1044 3953 1219 3997 sancta
1247 3983 1264 4011 ,
1293 3942 1463 4013 regale
1493 3943 1831 3999 sacerdotium

232 4042 278 4112 (l
299 4040 474 4108 Petr.,
505 4053 563 4106 ιι,
587 4037 666 4107 9).

305 4136 361 4190 7.
392 4132 527 4187 Ecce
557 4131 711 4186 veniet
740 4147 852 4185 cum
896 4130 1129 4200 nubibus,
1181 4139 1226 4185 et
1269 4131 1454 4187 videbit
1506 4150 1618 4188 eum
1666 4133 1828 4188 omnis

234 4232 435 4290 oculus.
469 4228 731 4296 Quienim
762 4227 1003 4297 primoin
1035 4238 1285 4298 suscepto
1310 4230 1526 4287 nomine
1552 4230 1698 4284 venit
1728 4243 1825 4283 oc-

1864 1489 1919 1551 Α
1944 1508 2181 1571 hominis.
2226 1506 2468 1571 Similem
2493 1508 2627 1565 dicit
2656 1518 2777 1582 post
2814 1517 3045 1577 mortem
3085 1508 3378 1579 devictam.
3406 1524 3530 1585 cum

1941 1602 2279 1665 ascendisset
2308 1605 2362 1663 in
2393 1604 2580 1668 ctelos.
2624 1603 2911 1667 adunatam
2945 1607 2997 1665 in
3025 1620 3125 1663 suo
3148 1620 3379 1679 corpore
3407 1622 3532 1681 cum

1942 1697 2131 1768 spiritu
2156 1697 2341 1769 gloriae
2369 1712 2500 1763 suae,
2526 1713 2685 1769 quam
2714 1699 2919 1773 recepit
2943 1714 2971 1767 ιι
3003 1699 3161 1757 Patre
3181 1707 3522 1772 potestatem.

2014 1791 2099 1851 l5.
2140 1792 2299 1857 Quasi
2327 1793 2492 1862 ﬁlium
2533 1793 2750 1857 hominis
2775 1792 3116 1861 ambulatilth
3148 1795 3280 1851 inter
3313 1796 3534 1853 medium

1941 1882 2361 1949 caudelabrarum
2390 1901 2677 1949 aureorum.
2720 1884 2867 1951 inter
2916 1886 3149 1953 tncdium
3182 1887 3313 1942 dicit
3359 1889 3534 1945 eccle-

1942 1978 2163 2044 siarum,
2189 1979 2327 2033 sicut
2352 1980 2403 2034 in
2434 1980 2722 2047 Salomone
2740 1979 2963 2041 dicitur:
2983 1979 3125 2047 Inter
3145 1981 3349 2041 semitas
3366 1981 3532 2050 justo-

1940 2086 2055 2127 rum
2080 2070 2347 2129 ambulabo
2376 2069 2557 2146 (Prov.
2602 2088 2712 2145 vni,
2758 2072 3055 2149 20),cnjus
3099 2071 3391 2145 antiquitus
3449 2081 3532 2149 est

1941 2165 2335 2235 immortalitas,
2365 2179 2419 2223 et
2444 2167 2738 2239 maiestatis
2767 2169 2940 2238 origo.

2024 2258 2267 2321 Vestitum
2312 2259 2483 2319 talari.
2509 2261 2564 2327 In
2592 2269 2739 2318 veste
2767 2262 2943 2328 talari,
2988 2260 3039 2325 id
3070 2270 3154 2324 est
3189 2262 3531 2337 sacerdotali,

1941 2367 2158 2415 carnem
2191 2346 2309 2424 quin
2355 2362 2602 2422 corrupta
2631 2362 2713 2413 est
2739 2352 2816 2426 (2)
2867 2353 2932 2409 ad
2979 2363 3231 2427 mortem,
3273 2363 3329 2410 et
3372 2354 3535 2427 liabet

1940 2462 2038 2518 per
2070 2448 2371 2518 passionem
2405 2446 2789 2515 sacerdotium,
2819 2447 3160 2525 apertissime
3183 2447 3456 2515 traditum.

2012 2540 2080 2601 Et
2110 2542 2409 2609 prmcinctus
2436 2550 2541 2611 erat
2561 2541 2629 2597 ad
2657 2541 2911 2611 mamillas
2933 2557 3061 2611 zonp
3086 2556 3261 2597 aurea.
3286 2540 3534 2609 Mamilia:

1942 2636 2057 2707 ejus
2084 2635 2192 2691 duo
2217 2645 2343 2692 sunt
2365 2636 2732 2713 Testamenta,
2748 2645 2801 2695 et
2821 2651 2955 2691 zona
2979 2650 3141 2701 aurea
3159 2633 3358 2690 chorus
3374 2648 3531 2689 sanc-

1943 2738 2117 2792 torum
2146 2737 2249 2795 est.
2298 2739 2354 2791 ut
2404 2745 2592 2799 aurum
2634 2744 2732 2800 per
2780 2730 2955 2800 ignem
3001 2727 3528 2797 probatnm-AIiter,

1942 2835 2074 2877 zona
2102 2836 2263 2879 aurea
2291 2823 2527 2893 accincta
2571 2824 2771 2891 pectori
2816 2821 3100 2883 conflatam
3121 2820 3527 2895 conscientiam,

1943 2924 1996 2973 et
2012 2932 2203 2989 purum
2232 2914 2670 2989 spiritnalemque
2700 2915 2898 2975 indicat
2924 2928 3163 2983 sensum,
3187 2914 3277 2986 qui
3306 2912 3530 2981 traditus

1939 3018 2021 3073 est
2045 3010 2306 3079 ecclesiis.

2016 3103 2097 3158 l4.
2128 3100 2293 3185 Caput
2320 3112 2488 3165 autem
2516 3105 2623 3175 ejus
2651 3112 2697 3163 et
2742 3103 2919 3173 capilli
2957 3110 3100 3167 erant
3144 3100 3246 3171 albi
3272 3110 3530 3171 tamquam

1940 3195 2060 3257 lana
2080 3196 2194 3251 alba
2220 3206 2265 3251 et
2284 3206 2530 3267 tanquam
2561 3199 2666 3259 nias.
2693 3198 2749 3267 In
2774 3199 2950 3277 capite
2975 3195 3177 3267 candor
3204 3195 3526 3265 ostenditur.

1939 3286 2102 3369 Caput
2131 3301 2299 3349 autem
2358 3289 2562 3355 Christi,
2615 3289 2753 3349 Deus
2785 3299 2857 3349 est
2885 3289 2939 3361 (Ι
2972 3289 3113 3355 (ἔρῃ,
3144 3303 3217 3357 St,
3245 3287 3323 3357 5).
3355 3286 3412 3341 In
3442 3301 3530 3341 ca-

1937 3381 2080 3452 pillis
2128 3382 2263 3437 albis
2293 3384 2542 3439 abbatum
2571 3391 2650 3439 cst
2678 3383 2960 3447 multitudo
2999 3380 3076 3456 (5)
3100 3424 3115 3444 ,
3167 3382 3300 3439 latue
3326 3381 3528 3443 similes

1938 3488 2157 3545 propter
2179 3492 2304 3533 oves
2349 3476 2641 3547 simplices,
2672 3476 2800 3541 nivi,
2833 3486 3054 3549 propter
3084 3472 3527 3533 innumerabilem

1936 3568 2144 3639 turbam
2171 3568 2573 3637 candidatorum
2601 3569 2668 3635 de
2698 3568 2836 3629 ctelo
2859 3567 3159 3639 doctorum.

2013 3659 2161 3723 Oculi
2209 3663 2317 3732 ejus
2368 3662 2497 3723 sicut
2543 3663 2753 3732 ﬂamma
2804 3661 2953 3733 ignis.
2985 3659 3257 3729 Ptmcepla
3282 3657 3374 3713 Dei
3404 3666 3531 3732 sunt

1935 3769 2052 3825 qua:
2078 3755 2422 3819 credentibus
2463 3756 2765 3817 ministrant
2795 3755 2997 3827 lumen,
3024 3752 3315 3821 incredulis
3346 3761 3524 3825 autem

1933 3847 2260 3915 incendium.

2005 3944 2094 4015 16.
2129 3942 2193 4001 In
2217 3945 2348 4017 [acie
2387 3954 2553 4000 autem
2574 3945 2683 4015 ejus
2704 3944 2913 4011 claritas
2929 3952 2982 3997 ut
3012 3942 3108 3997 sol.
3136 3940 3357 3997 Claritas
3386 3939 3529 4008 quod

1837 4103 1847 4112 θ
1932 4037 2086 4107 dixit,
2138 4040 2402 4110 apparitio
2436 4038 2581 4095 illius
2630 4036 2762 4102 fuit,
2809 4052 2912 4109 qua
2944 4036 3156 4091 locutus
3184 4043 3269 4089 est
3298 4032 3529 4091 homini-

1934 4131 2030 4193 bus
2059 4129 2194 4186 facie
2223 4131 2287 4191 ad
2346 4129 2557 4189 faciem.
2593 4128 2733 4187 Solis
2789 4136 2965 4183 autem
2997 4127 3168 4197 gloria
3217 4127 3393 4181 minor
3420 4132 3527 4195 cst,

1933 4242 2093 4298 quam
2118 4225 2288 4297 gloria
2326 4224 2573 4290 Domini;
2622 4221 2829 4278 scilicet
2884 4229 3107 4293 propter
3137 4227 3311 4281 ortum
3345 4226 3401 4272 et
3430 4232 3526 4271 oc-

234 4326 434 4389 cultus,
468 4332 586 4393 post
618 4320 887 4391 paululum
938 4320 990 4375 in
1018 4322 1293 4390 majestate
1319 4332 1372 4376 et
1398 4324 1567 4392 gloria
1589 4322 1657 4377 ad
1683 4322 1829 4392 jndi-
1857 4288 1901 4353 Ο
1935 4337 2140 4384 casum,
2173 4329 2228 4375 et
2248 4334 2459 4379 rursum
2489 4327 2687 4385 ortum,
2716 4315 2860 4388 quod
2892 4324 3048 4381 natus
3083 4315 3152 4370 sit
3179 4321 3234 4371 et
3260 4326 3451 4387 passus
3475 4317 3532 4374 et

231 4416 471 4473 candum
497 4414 673 4469 veniet
703 4413 1035 4469 manifestus.
1070 4413 1206 4482 Quid
1250 4425 1426 4471 autem
1458 4415 1618 4470 dicit?

309 4508 398 4565 η.
428 4506 495 4562 Et
520 4522 790 4561 conversus
816 4506 917 4560 vidi
941 4516 1129 4576 septem
1158 4507 1466 4561 candelabra
1495 4525 1673 4574 aurea,
1702 4519 1751 4565 et
1778 4510 1833 4567 in

231 4602 402 4658 medio
450 4611 641 4667 septem
694 4598 1114 4672 candelabrorum
1161 4615 1427 4654 aureorum
1476 4601 1691 4657 similem
1724 4604 1832 4673 ﬁlia

1933 4416 2246 4475 resurrexit.
2280 4414 2407 4470 Ideo
2434 4412 2583 4469 dedit
2629 4412 3035 4473 similitudinem
3064 4410 3352 4480 scriptura,
3384 4405 3518 4462 assi-

1934 4512 2129 4567 milans
2153 4509 2346 4565 faciem
2369 4509 2485 4581 ejus
2511 4508 2696 4580 gloria:
2724 4508 2877 4564 solis.

2008 4606 2095 4662 15.
2131 4603 2298 4661 Pedes
2348 4604 2456 4671 eius
2509 4600 2699 4658 similes
2736 4600 3028 4665 aurichalco
3071 4608 3314 4671 tanquam
3336 4598 3388 4655 in
3420 4599 3528 4669 for-.-

1586 4717 2146 4780 COMMENTARIUS.

316 4838 394 4911 (ι)
417 4839 544 4894 Hsec
561 4836 861 4911 Scholiast.
888 4835 1167 4911 Victorini.
1189 4835 1462 4911 Bononiae,
1488 4836 1808 4911 ann91558,

233 4906 443 4986 ρι’ἰίιιύε
471 4912 639 4986 edidit
676 4910 904 4986 basilins
940 4907 1205 4986 Millanius
1249 4910 1544 4986 monachus
1582 4906 1805 4986 Casinas

229 4976 300 5042 ex
336 5001 437 5038 ms.
465 4984 645 5037 codice
676 4980 1014 5035 bibliothecm
1043 4976 1380 5044 Casinensis,
1422 4980 1510 5050 qui
1541 4989 1596 5050 et
1638 4980 1808 5037 adno-

232 5059 472 5111 tationes
516 5055 730 5121 adjecit.
776 5052 925 5106 lianc
969 5053 1205 5104 omnium
1253 5049 1477 5120 primum
1525 5049 1812 5104 editionem

231 5130 384 5200 typis
413 5120 783 5200 excutiendam
804 5122 1119 5200 curavimus
1138 5139 1151 5174 ε
1186 5124 1320 5176 mire
1350 5120 1613 5192 siquidem
1650 5123 1816 5177 inter-

230 5192 455 5272 putatae.
489 5213 603 5268 quae
634 5196 684 5250 in
716 5192 1052 5250 bibliothecis
1082 5192 1298 5272 Patrnum
1329 5201 1637 5248 occurrunt.

1189 5264 1460 5320 GALLAND.

307 5340 387 5427 (ξ)
441 5341 655 5427 Carnem
691 5355 805 5427 quq:
841 5347 1085 5427 corrupta
1124 5339 1413 5419 “talione
1456 5338 1630 5391 locum
1655 5378 1671 5402 ,
1718 5335 1817 5393 nisi

233 5409 378 5487 quid
415 5414 675 5487 quispiam
703 5409 907 5466 afferat
953 5411 1141 5463 melius
1169 5452 1182 5474 ,
1230 5409 1300 5487 ita
1341 5424 1591 5477 cuperem
1632 5424 1820 5487 emen-

234 5480 356 5542 dari
382 5504 396 5537 :
421 5480 632 5539 Carnem
657 5499 768 5552 qua:
795 5492 1034 5550 corrupta
1064 5498 1161 5535 non
1194 5490 1263 5534 est
1286 5481 1337 5534 in
1367 5497 1462 5533 mo:
1478 5490 1523 5533 te
1548 5522 1561 5545 ,
1597 5490 1640 5533 et
1670 5480 1817 5533 habet

234 5556 641 5629 per_pas_s_ionem
664 5553 1031 5629 sacerdotium,
1046 5552 1358 5629 apertissime
1387 5554 1613 5605 tradunt.

316 5627 401 5696 ('5)
425 5624 665 5678 Abbatum
693 5634 763 5678 est
790 5624 1083 5677 multitudo.
1109 5623 1433 5696 quscnlum
1457 5638 1585 5677 sane
1607 5623 1822 5678 doctum

239 5708 298 5754 et
320 5694 493 5760 utile,
538 5697 580 5750 si
622 5697 933 5751 universum
972 5694 1215 5749 attendas
1243 5734 1257 5758 ,
1304 5704 1357 5748 et
1397 5695 1462 5765 de
1497 5709 1619 5765 quo,
1644 5709 1827 5749 amare

242 5777 532 5824 auctorem
557 5807 574 5839 ,
605 5774 659 5824 et
681 5769 732 5823 ei
755 5765 961 5824 debere
985 5774 1040 5822 te
1068 5765 1355 5834 plurimum
1384 5764 1571 5822 lubens
1601 5764 1822 5824 fateare.

1918 4840 2025 4895 Sed
2072 4838 2267 4894 alicubi
2310 4838 2380 4892 ita
2423 4836 2612 4908 friget,
2669 4844 2729 4891 ut
2768 4835 2856 4891 vix
2902 4834 3032 4891 illud
3085 4835 3307 4890 homine
3349 4835 3518 4893 docto

1920 4912 2139 4980 dignum
2193 4924 2457 4973 censeas,
2509 4920 2562 4962 et
2614 4909 2666 4963 in
2712 4908 2931 4964 dubium
2989 4916 3268 4980 auctorem
3314 4922 3521 4977 voces,

1919 4978 2061 5053 quod
2108 4984 2377 5037 inlerdum
2418 4980 2661 5053 videatur
2696 4980 3020 5053 recentioris
3061 4978 3363 5053 cuiuspiam
3423 4982 3521 5053 lto-

1921 5051 2081 5108 riiinis
2111 5068 2216 5108 non
2256 5052 2544 5108 admodum
2577 5051 2770 5106 eruditi
2802 5052 3318 5106 commentationem
3352 5052 3518 5107 redo-

1923 5125 2034 5179 lere
2070 5143 2083 5180 :
2125 5135 2182 5179 ut
2229 5125 2349 5179 lieic
2398 5125 2448 5178 in
2497 5125 2735 5178 abbatum
2785 5121 3167 5192 appellatione.
3226 5121 3359 5177 Nam
3410 5139 3519 5192 quo

1925 5205 2168 5265 tempore
2201 5194 2510 5251 Victorinus
2537 5194 2751 5255 ﬂoruit,
2796 5192 3060 5265 Antonius
3094 5194 3299 5261 primus
3350 5193 3520 5251 abbas

1924 5263 2081 5337 paulo
2099 5269 2334 5321 anterior
2365 5267 2555 5331 fuerat,
2588 5269 2684 5321 nisi
2713 5266 2832 5334 quis
2853 5263 3053 5337 dixerit
3076 5265 3512 5321 monachismum

1925 5336 2096 5409 usque
2123 5354 2189 5392 eo
2224 5339 2479 5394 ardenter
2522 5338 2768 5392 hmnines
2807 5336 3119 5405 complexos
3156 5353 3223 5390 eo
3270 5345 3517 5409 tempore

1927 5408 2126 5476 fuiSse,
2178 5421 2233 5466 ut
2276 5412 2515 5481 plerique
2561 5409 2784 5463 abbates
2825 5409 3163 5481 exstiterint.
3191 5409 3331 5481 Quid
3372 5408 3516 5481 quod

1924 5481 2225 5535 abbatorum
2274 5479 2441 5536 etiam
2487 5481 2743 5548 scriptum
2793 5479 3018 5550 reperi?
3063 5479 3166 5533 nisi
3214 5479 3332 5548 quis
3378 5479 3517 5550 forte

1847 5552 2127 5623 Djudicet
2168 5553 2457 5623 albatorum
2502 5550 2782 5623 legendum
2822 5548 2943 5608 esse
2986 5570 2999 5604 :
3043 5565 3205 5623 quam
3247 5548 3513 5613 susoicio-

1928 5618 2049 5678 item
2085 5625 2217 5678 ιιίἱΙιὶ
2250 5624 2379 5677 satis
2409 5618 2577 5676 fuerit
2602 5622 2889 5691 indicasse,
2919 5637 3043 5679 cum
3066 5618 3286 5673 nullam
3316 5630 3521 5691 certam

1932 5696 1986 5750 in
2015 5696 2261 5777 latitarei
2290 5703 2343 5747 ct
2368 5694 2606 5761 corrupti
2636 5688 2959 5771 exemplaris
2992 5692 3342 5760 ignoratione
3363 5688 3525 5744 ratio-

1930 5781 2052 5824 nem
2077 5779 2352 5837 asSIgnare
2373 5778 2584 5836 queam.
