4020 6072
468 212 475 217 “
501 208 607 266 519

1634 218 1645 237 '
1707 203 1764 260 S.
1808 199 2154 260 VlCTORlNl
2192 198 2479 259 SCHOLIA

3680 204 3797 262 520

500 342 626 384 noce
643 327 887 397 conflato.
917 323 1090 382 Pedes
1120 322 1398 394 apostolos
1419 320 1571 389 dicit,
1595 322 1706 393 qui,
1739 335 1833 391 per
1885 319 2088 392 passio-
2113 319 2167 381 Α
2193 327 2304 374 tera
2335 320 2453 390 ejus
2473 319 2661 377 stellas
2706 329 2912 391 septem
2943 320 3074 377 dixit
3101 337 3115 374 :
3140 319 3262 393 quia
3289 319 3522 396 Spiritus
3565 330 3800 377 sanctus

500 433 625 476 nem
654 419 894 484 conﬂati,
925 419 979 474 in
1003 417 1259 473 universo
1279 416 1409 472 orbe
1438 416 1661 473 verbum
1688 416 1806 488 ejus
1838 414 2095 486 praedica-

500 520 723 581 verunt;
758 526 854 582 per
877 525 1012 582 quos
1039 510 1182 565 enim
1215 509 1509 565 ambulavit
1538 508 1867 578 praedicatio,
1901 510 2095 563 merito

500 602 668 674 pedes
698 601 1015 658 nominavit.
1056 600 1209 657 [inde
1255 613 1309 656 et
1357 601 1616 672 propheta
1659 600 1972 671 anticipavit
2012 601 2097 656 di-

498 691 673 749 cendo
719 711 733 745 :
779 692 1119 748 Adorabimus
1157 694 1212 747 in
1253 692 1363 747 loco
1393 692 1477 746 ubi
1516 702 1755 747 steterunt
1781 694 1931 765 pedes
1959 695 2087 766 ejus.

501 782 727 860 (Psalm.
747 800 930 853 cxxxt,
951 783 1029 858 7).
1046 785 1307 854 Quoniam
1331 784 1421 841 ubi
1447 785 1518 841 illi
1553 786 1781 855 primum
1803 794 2089 852 steterunt,

500 888 557 935 et
579 878 879 936 Ecclesium
910 880 1391 941 conﬁrmaverunt,
1425 878 1476 934 id
1525 889 1608 934 est
1661 880 1712 934 in
1765 878 1971 945 Juda‘a,
2020 880 2089 936 ibi

497 983 690 1028 omnes
742 971 915 1028 sancti
967 971 1285 1032 conventuri
1311 979 1454 1039 sunt,
1502 981 1556 1028 et
1603 971 1887 1029 Dominum
1933 987 2090 1028 suum

503 1064 799 1123 adoraturi.

572 1161 662 1217 16.
691 1159 755 1215 Et
785 1177 850 1216 ea:
870 1177 958 1217 ore
981 1161 1120 1218 illius
1145 1161 1350 1234 gladius
1388 1176 1451 1216 ea:
1476 1170 1693 1233 utraque
1733 1170 1879 1232 parte
1906 1169 2090 1216 acutus

502 1253 799 1326 procedens.
828 1254 931 1310 Per
984 1255 1217 1327 gladium
1269 1254 1353 1310 his
1390 1263 1602 1310 acutum
1661 1254 1730 1310 de
1778 1269 1872 1309 ore
1925 1254 2092 1327 ip~ius

499 1347 817 1403 emicantem
849 1347 1173 1411 ostenditur,
1197 1348 1370 1417 ipsum
1396 1361 1537 1413 esse,
1568 1347 1657 1417 qui
1678 1354 1734 1401 et
1753 1361 1897 1401 nunc
1925 1361 2091 1403 evan-

499 1440 630 1513 gelii
660 1441 907 1508 verbum,
950 1448 1007 1495 et
1035 1440 1182 1508 prius
1209 1455 1305 1510 per
1327 1439 1510 1495 Mosen
1550 1439 1683 1512 legis
1708 1442 1946 1497 notitiam
1976 1441 2094 1495 uni—

498 1549 663 1591 verso
687 1534 805 1590 orbi
825 1534 1062 1606 protulit.
1079 1533 1184 1591 Sed
1207 1535 1326 1606 quia
1357 1549 1425 1590 ex
1448 1534 1636 1591 eodem
1666 1536 1831 1591 verbo
1855 1535 1907 1590 in
1934 1551 2093 1591 onme

2196 414 2523 484 scptilormis
2547 417 2758 470 virtutis
2786 415 2945 471 datus
2974 425 3058 470 est
3084 415 3136 470 in
3179 423 3441 485 potestate
3478 414 3597 485 ejus
3625 429 3652 468 a
3681 414 3797 470 Pa—

2197 516 2297 561 tre.
2328 505 2475 562 Sicut
2496 507 2691 564 Petrus
2717 508 2783 565 ad
2814 508 3013 565 Judeos
3040 509 3358 565 exclamavit
3390 526 3404 563 :
3440 507 3665 564 Dextera
3694 507 3801 581 Dei

2194 603 2448 654 exaltatus
2476 611 2738 671 acceptum
2765 619 2795 657 α
2825 600 2984 656 Patre
3006 601 3256 673 Spiritum
3282 601 3467 673 effudit
3493 600 3626 656 hunc
3639 616 3801 674 quem

2195 695 2375 748 videtis
2404 705 2448 748 et
2473 695 2663 749 auditis
2693 695 2857 769 (Arb,
2883 712 2942 765 ιι,
2994 695 3118 767 55).
3174 695 3280 752 Sed
3311 704 3365 751 et
3391 695 3626 753 Joannes
3653 696 3801 767 Bap-

2196 786 2317 841 tista
2339 787 2742 858 anticipaverat,
2771 788 3050 857 discipulis
3079 788 3192 844 suis
3220 787 3445 845 dicendo
3471 808 3485 844 :
3509 787 3633 843 Non
3655 790 3798 844 enim

2195 882 2263 936 ad
2288 900 2575 938 mensuram
2604 884 2692 938 dot
2723 884 2978 954 Spiritum
3004 883 3156 939 Deus.
3197 883 3369 950 Pater,
3413 884 3602 956 inquit,
3651 891 3803 938 amat

2195 975 2408 1042 Filium,
2444 986 2491 1031 et
2519 978 2692 1032 omnia
2736 978 2874 1031 dedit
2916 979 2968 1032 in
3019 994 3173 1034 manu
3216 979 3328 1048 ejus
3355 976 3556 1047 (latim,
3588 993 3666 1044 ιιι,
3696 977 3796 1045 54,

2194 1069 2306 1141 55).
2349 1068 2471 1125 Istae
2511 1079 2720 1140 septem
2765 1070 2937 1126 stella:
2978 1081 3099 1125 sunt
3145 1082 3353 1142 septem
3383 1071 3628 1126 ecclesia:
3655 1086 3802 1143 quas

2175 1163 2433 1217 ’nomioat
2463 1162 2515 1217 in
2547 1162 2823 1219 vocabulis
2852 1164 2984 1231 suis,
3015 1172 3066 1217 et
3093 1174 3244 1219 vocat
3268 1178 3362 1219 eas
3388 1166 3454 1218 ad
3489 1178 3623 1233 quas
3664 1162 3802 1220 fecit

2194 1255 2468 1326 epistolas.
2517 1254 2634 1310 Non
2693 1257 2814 1326 quia
2856 1256 2986 1324 ipsa:
3017 1255 3145 1311 sola:
3195 1264 3326 1310 sunt
3380 1254 3660 1323 Ecclesiae,
3701 1265 3804 1311 aut

2194 1349 2497 1420 principes;
2558 1348 2652 1405 sed
2680 1348 2825 1414 quod
2872 1350 2962 1404 uni
2990 1348 3138 1414 dicit,
3173 1347 3425 1403 omnibus
3474 1347 3628 1405 dicit.
3650 1348 3803 1406 Nihil

2195 1444 2337 1499 enim
2371 1441 2651 1509 differunt,
2683 1450 2743 1497 ut
2767 1457 2834 1497 ex
2867 1441 2953 1496 illa
2983 1443 3191 1496 ratione
3230 1441 3353 1514 quis
3396 1455 3690 1510 paucorum
3722 1441 3803 1498 si-

2197 1534 2404 1591 milium
2431 1533 2621 1612 majori
2644 1549 2869 1590 numero
2907 1542 3219 1605 anteponat.
3248 1532 3310 1588 In
3351 1542 3463 1589 toto
3510 1533 3643 1589 orbe
3668 1549 3802 1603 sep-

499 1643 672 1701 genus
701 1629 1017 1697 humanum,
1046 1637 1153 1683 tam
1175 1626 1310 1683 Novi
1334 1643 1494 1699 quam
1520 1626 1731 1683 Veteris
1750 1626 2081 1685 Testamenti
2111 1639 2159 1700 Β
2189 1628 2448 1690 tennatim
2477 1625 2737 1684 ecclesias
2779 1642 2999 1693 omnes,
3055 1637 3261 1698 septem
3306 1640 3427 1682 esse
3464 1626 3799 1693 nominatas,

497 1720 864 1776 vindicaturus
884 1729 999 1784 est;
1027 1719 1149 1776 ideo
1179 1719 1262 1775 his
1291 1731 1477 1776 acutus
1504 1728 1957 1776 commemoratus
1981 1730 2086 1777 est.

499 1814 723 1872 Gladius
752 1812 896 1870 enim
927 1813 1151 1869 militem
1181 1824 1375 1878 armat,
1406 1814 1614 1886 gladius
1643 1813 1852 1870 hostem
1880 1815 2088 1870 interli-

497 1907 590 1975 cit,
612 1906 825 1979 gladius
867 1906 1199 1963 desertorem
1245 1907 1412 1977 punit.
1447 1906 1515 1961 Et
1543 1916 1599 1962 ut
1626 1909 1935 1963 ostenderet
1955 1922 2086 1979 apo-

497 2001 656 2058 molis
690 2000 832 2070 quod
855 1999 1115 2070 judicium
1160 2000 1533 2063 annuntiabat.
1563 2004 1638 2056 ait
1667 2019 1680 2056 :
1716 2000 1838 2056 Non
1866 2003 1979 2056 veni
1999 2018 2091 2072 pa-

496 2111 606 2152 cem
644 2093 861 2158 mittere.
892 2094 982 2148 sed
1034 2094 1263 2166 gladium
1288 2093 1526 2162 (Matth.,
1555 2092 1633 2167 ιι).
1688 2093 1755 2150 Ει
1804 2104 2087 2167 postquam

496 2196 967 2246 consummaverat
983 2187 1268 2260 parabolas
1282 2191 1357 2243 ait
1372 2188 1437 2242 ad
1458 2188 1576 2243 illos
1598 2207 1611 2242 :
1633 2187 1968 2245 lntetlexistis
1981 2191 2090 2245 haec

497 2283 710 2340 omnia?
734 2281 803 2338 Et
829 2283 1090 2349 dixerunt,
1117 2284 1209 2339 ita.
1247 2280 1314 2338 Et
1334 2284 1525 2354 adjecit
1549 2302 1568 2339 :
1601 2295 1872 2355 propterea
1926 2288 2090 2342 omnis

497 2377 665 2433 scriba
685 2377 866 2432 doetus
893 2378 947 2431 in
966 2392 1126 2449 regno
1152 2376 1248 2432 Dei
1281 2377 1464 2432 similis
1485 2388 1557 2433 est
1585 2378 1777 2433 homini
1801 2381 2092 2451 patrifami-

498 2471 597 2527 lias
623 2473 904 2544 proferenti
928 2470 994 2525 de
1020 2471 1258 2526 thesauro
1280 2487 1374 2526 suo
1400 2488 1533 2527 nova
1561 2483 1609 2527 et
1630 2483 1794 2528 vetera
1846 2472 2089 2544 (Matth,

497 2580 614 2630 xm,
643 2566 733 2633 51,
764 2565 857 2635 52)
891 2583 905 2619 :
934 2579 1070 2621 nova
1121 2566 1424 2637 evangelica
1481 2567 1640 2622 verba
1692 2568 2090 2639 apostolorum;

503 2668 707 2719 vetera.
732 2658 866 2730 legis
892 2669 946 2715 et
966 2658 1348 2730 prophetarum
1374 2671 1669 2731 praecepta;
1694 2673 1748 2717 et
1772 2661 1887 2716 haec
1908 2662 1976 2717 de
2001 2678 2095 2717 ore

499 2766 599 2809 suo
627 2754 955 2825 processisse
985 2762 1209 2810 testatus
1234 2765 1336 2810 est.
1370 2753 1477 2810 Sed
1529 2762 1583 2809 et
1608 2754 1769 2810 Petro
1800 2756 1874 2810 ait
1902 2774 1915 2811 :
1955 2754 2096 2810 Vade

499 2847 571 2902 ad
597 2863 739 2903 mare
767 2857 814 2902 et
841 2849 983 2902 mitte
1002 2848 1231 2915 hamum,
1260 2857 1306 2902 et
1332 2849 1516 2918 piscem
1544 2851 1631 2922 qui
1661 2851 1878 2921 primunt
1919 2867 2093 2907 ascen-

2193 1731 2249 1779 et
2278 1737 2441 1777 unam
2488 1735 2613 1777 eSse
2654 1718 2973 1775 catholicam
3002 1718 3197 1773 Paulus
3242 1716 3445 1773 docuit.
3474 1715 3543 1772 Et
3563 1718 3803 1789 primum

2195 1817 2410 1888 quidem
2462 1825 2520 1869 ut
2571 1824 2812 1869 servaret
2840 1822 2896 1869 et
2920 1814 3037 1882 ipse
3066 1821 3253 1885 typum
3284 1822 3492 1884 septem
3525 1811 3804 1870 Ecclesia-

2192 1926 2332 1978 rum,
2366 1925 2474 1965 non
2508 1908 2741 1964 excessit
2764 1922 3067 1965 numerum.
3118 1907 3224 1964 Sed
3255 1907 3471 1977 scripsit
3509 1906 3574 1962 ad
3600 1906 3805 1964 Roma-

2191 2018 2313 2066 nos.
2337 2004 2404 2058 ad
2432 2002 2764 2070 Corinthios,
2780 2000 2849 2057 ad
2872 1999 3110 2069 Galatas,
3129 2000 3197 2056 ad
3224 1999 3511 2071 Ephesios,
3538 2002 3605 2057 ad
3625 2002 3805 2058 Thes-

2193 2099 2582 2163 salonicenses,
2614 2096 2679 2150 ad
2702 2095 3098 2167 Pbilippenses,
3116 2094 3185 2150 ad
3214 2094 3562 2152 Colossenses
3606 2094 3803 2153 Postea

2192 2192 2550 2265 singularibus
2582 2190 2822 2261 personis
2846 2189 3084 2260 scripsit,
3104 2203 3172 2244 ne
3199 2187 3493 2245 excederet
3509 2204 3801 2245 numerum

2192 2298 2397 2359 septem
2433 2286 2804 2342 ecclesiarum.
2839 2283 2928 2349 Et,
2962 2285 3012 2338 in
3047 2283 3194 2339 brevi
3236 2287 3567 2341 contraliens
3596 2285 3799 2356 praedi-

2193 2384 2459 2439 cationem
2490 2397 2664 2443 suam,
2692 2380 2758 2434 ad
2787 2377 3133 2435 Timotheum
3155 2379 3232 2434 sic
3261 2379 3336 2434 ait
3363 2397 3378 2435 :
3413 2377 3480 2435 Ut
3500 2380 3631 2434 scias
3664 2395 3802 2449 qua-

2196 2480 2308 2534 liter
2331 2478 2511 2533 debeas
2535 2476 2820 2532 conuersari
2847 2472 3161 2529 inEcclesia
3182 2471 3279 2528 Dei
3308 2472 3405 2528 vivi
3424 2472 3492 2544 (Ι,
3530 2471 3690 2541 Tim.,
3714 2489 3797 2541 tn,

2199 2571 2313 2644 15).
2348 2573 2497 2629 llunc
2544 2582 2725 2644 typum
2756 2580 2813 2625 et
2856 2569 2924 2623 ab
2954 2569 3155 2640 Spiritu
3194 2577 3381 2625 sancto
3424 2583 3521 2639 per
3569 2567 3787 2625 ESaiam

2194 2665 2487 2737 praedicare
2537 2664 2763 2735 legimus
2788 2661 2904 2737 :qDe
2927 2672 3118 2733 septem
3145 2661 3439 2718 mulieribus
3456 2678 3569 2733 quae
3596 2678 3789 2728 appre-

2199 2758 2480 2813 ltenderant
2520 2758 2776 2811 hominem
2800 2732 2957 2809 unum
2986 2752 3162 2821 (Esa.,
3189 2770 3264 2820 tv,
3303 2754 3378 2825 l).
3437 2752 3587 2810 Unus
3634 2752 3796 2809 homo

2199 2851 2444 2907 Chrisws
2472 2861 2576 2917 est,
2610 2866 2715 2906 non
2734 2866 2799 2906 ex
2824 2848 3030 2904 semine
3059 2858 3249 2904 natus:
3280 2857 3488 2917 septem
3510 2864 3641 2905 vero
3678 2865 3799 2904 mu-

500 2941 654 3007 derit,
678 2941 819 3007 tolle,
860 2951 907 2996 et
935 2951 1112 3013 aperto
1132 2958 1220 2996 ore
1243 2942 1354 3012 ejus
1377 2943 1601 2997 invenies
1621 2952 1890 3010 staterent,
1915 2943 1968 2999 id
2012 2952 2097 3000 est
2120 2953 2166 3017 C
2199 2944 2362 3002 lieres
2389 2954 2592 3016 septem
2621 2943 2870 3000 ecclesiae
2889 2952 3033 3002 sunt,
3056 2956 3247 3013 panem
3271 2942 3599 3013 accipientes
3619 2956 3799 3009 suum,

500 3034 637 3092 duos
657 3035 928 3103 denarios,
956 3047 1004 3091 et
1045 3036 1189 3092 dabis
1210 3053 1304 3108 pro
1330 3053 1409 3091 me
1436 3047 1483 3092 et
1510 3054 1601 3108 pro
1628 3048 1675 3092 te
1696 3038 1936 3111 (Matth,
1965 3055 2095 3105 xvtt,

497 3128 611 3203 26).
644 3130 714 3186 Et
766 3129 931 3187 David
982 3130 1233 3186 similiter
1262 3146 1356 3202 per
1381 3131 1639 3203 Spiritum
1666 3132 1741 3187 ait
1773 3151 1787 3188 :
1820 3132 1992 3188 Semel
2020 3134 2099 3188 lo-

500 3231 648 3279 eutus
673 3232 747 3280 est
772 3223 942 3289 Deus,
993 3223 1098 3279 duo
1145 3225 1253 3280 Itarc
1292 3224 1752 3299 audivi(Psalm.,
1790 3230 1927 3299 LXI).
1962 3227 2095 3296 Quia

500 3317 667 3372 semel
694 3316 934 3374 decrevit
960 3316 1029 3373 ab
1065 3317 1219 3373 initio
1265 3317 1426 3384 Deus,
1473 3318 1616 3391 quod
1644 3334 1812 3391 usque
1840 3320 1906 3376 ad
1936 3319 2095 3376 linem

502 3405 743 3464 futurum
794 3419 896 3464 est.
949 3408 1188 3478 Denique
1238 3424 1359 3465 cum
1402 3409 1568 3480 judex
1614 3410 1684 3465 sit
1723 3411 1839 3482 ipse
1881 3427 1909 3465 a
1938 3412 2097 3468 Patre

500 3503 823 3560 constitutus
839 3512 1058 3574 propter
1081 3504 1314 3559 hominis
1328 3505 1772 3575 assumptionem,
1792 3506 1980 3562 volens
2004 3520 2095 3561 os-

505 3596 730 3654 tendere
768 3596 1020 3668 quoniam
1077 3595 1241 3652 verbo
1285 3595 1681 3666 praedicationis
1721 3597 2098 3667 iudicabuntur

503 3687 773 3755 homines,
806 3687 920 3743 ait:
954 3686 1161 3743 Putatis
1203 3689 1325 3757 quia
1345 3705 1437 3759 ego
1468 3705 1555 3744 vos
1573 3690 1820 3760 judicabo
1851 3690 1904 3744 in
1932 3691 2097 3746 novis-

501 3782 631 3836 simo
656 3780 782 3836 die?
810 3797 933 3844 non,
963 3782 1055 3836 sed
1086 3781 1286 3836 verbum
1325 3780 1543 3856 (inquit)
1571 3783 1707 3854 quod
1731 3784 1870 3839 vobis
1898 3784 2096 3840 locutus

501 3891 633 3938 sunt,
663 3874 794 3937 illud
822 3890 908 3930 vos
923 3874 1177 3947 judicabit
1222 3876 1277 3929 in
1323 3876 1595 3931 novissimo
1638 3876 1723 3930 die
1751 3876 1969 3948 (.Ioan.,
1996 3892 2093 3945 xu,

500 3966 618 4040 48).
650 3967 721 4024 Et
750 3968 945 4024 Paulus
993 3967 1063 4024 de
1107 3967 1434 4024 antechristo
1475 3968 1543 4024 ad
1590 3968 2098 4027 Thessalonicenses

499 4062 574 4117 ait
608 4079 622 4116 :
652 4061 816 4130 Quem
861 4060 1113 4117 Dominus
1156 4062 1308 4117 Iesus
1332 4062 1605 4132 interficiet
1654 4063 1839 4133 spiritu
1883 4063 1987 4118 oris
2010 4064 2090 4117 sui

502 4153 571 4227 (II
598 4152 800 4216 Thess.,
829 4169 890 4218 ιι.
916 4152 994 4225 8).
1029 4153 1093 4208 Et
1121 4153 1307 4209 Esaias
1339 4171 1353 4208 :
1380 4153 1582 4221 Spiritu
1609 4153 1826 4227 (inquit)
1849 4155 2097 4210 labiorum

502 4263 708 4303 suorum
735 4248 1006 4317 interﬁeiet
1034 4248 1246 4319 impium
1298 4247 1474 4321 (Esa.,
1518 4265 1591 4317 si,
1629 4249 1711 4318 4).
1738 4249 1834 4305 llic
1862 4264 1991 4321 ergo
2016 4249 2098 4304 his

503 4348 693 4396 acutus
713 4339 927 4410 gladius
947 4347 1051 4405 est,
1072 4338 1367 4408 procedens
1391 4339 1459 4393 de
1480 4356 1574 4395 ore
1593 4340 1731 4411 ejus.

579 4431 666 4489 i5.
700 4429 765 4485 Et
791 4446 891 4485 vox
903 4436 1012 4503 ejus
1035 4441 1292 4502 tamquam
1313 4446 1411 4487 vox
1439 4448 1687 4502 aquarum
1700 4434 1974 4487 multarum
1990 4431 2093 4506 (l).

505 4524 675 4595 Aqute
724 4524 928 4590 multm,
958 4523 1138 4593 populi
1189 4537 1311 4578 esse
1359 4523 1748 4593 intelliguntur,
1777 4539 1870 4579 seu
1893 4524 2093 4579 donum

504 4620 780 4692 baptismi,
811 4618 953 4692 quod
979 4618 1159 4675 emisit
1182 4633 1276 4690 per
1296 4618 1585 4689 Apostolos
1612 4619 1795 4674 dicens
1821 4635 1834 4672 :
1867 4617 1967 4679 Ite.
2003 4619 2097 4673 do-

505 4725 612 4772 cete
630 4732 805 4771 omnes
830 4724 1022 4784 gentes,
1053 4714 1368 4785 baptizantes
1412 4729 1497 4767 eos
1522 4713 1576 4767 in
1617 4714 1821 4768 nomine
1850 4711 2022 4770 Patris
2052 4723 2101 4769 et

508 4809 636 4867 Filii
659 4820 705 4865 et
731 4809 960 4881 Spiritus
986 4809 1151 4864 sancti
1180 4807 1420 4881 (Matth,
1452 4823 1642 4869 xxvm.
1677 4808 1790 4880 l9).

581 4904 671 4959 lii.
695 4901 764 4957 Et
788 4903 1001 4957 habebat
1026 4902 1082 4957 in
1110 4901 1317 4957 dextera
1340 4918 1433 4957 sua
1459 4901 1633 4957 stellas
1657 4911 1866 4973 septem.
1892 4902 1949 4958 In
1970 4902 2100 4960 dex-

2200 3047 2254 3093 et
2277 3038 2468 3093 tunicis
2497 3040 2609 3093 suis
2635 3036 2845 3103 velatae,
2888 3050 3009 3108 qua:
3041 3044 3267 3105 poscunt
3293 3034 3494 3091 auferri
3522 3035 3799 3107 imprope-

2199 3134 2335 3191 rium
2386 3149 2566 3201 suum,
2598 3141 2800 3188 tantum
2833 3140 2892 3186 ut
2922 3145 3116 3186 nomen
3147 3130 3295 3185 illius
3346 3140 3574 3187 vocetur
3631 3144 3798 3201 super

2200 3229 2338 3284 illas.
2367 3228 2566 3282 Panem
2595 3225 2854 3296 Spiritum
2887 3233 3147 3289 sanctum,
3181 3224 3270 3294 qui
3316 3224 3482 3279 nutrit
3531 3224 3584 3278 in
3637 3223 3801 3279 vitam

2200 3330 2492 3389 aeternam,
2517 3320 2618 3376 sibi
2643 3317 2896 3374 videlicet
2926 3332 3022 3388 per
3047 3316 3417 3373 credulitatem
3459 3317 3798 3387 promissam.

2199 3411 2421 3468 Tunica:
2447 3427 2575 3467 vero
2596 3426 2726 3477 suae,
2750 3410 2943 3482 quibus
2963 3409 3227 3482 cooperiri
3261 3424 3320 3464 se
3343 3418 3551 3480 optant,
3573 3410 3795 3467 immor-

2201 3506 2421 3562 talitatis
2469 3516 2551 3561 est
2602 3506 2793 3577 gloria,
2842 3504 2909 3561 de
2949 3519 3054 3575 qua
3091 3502 3291 3559 Paulus
3347 3504 3623 3573 apostolus
3675 3504 3792 3561 ait:

2202 3598 2415 3669 Oportet
2442 3616 2564 3670 ergo
2595 3598 2921 3670 corruptibile
2946 3598 3041 3651 Itoc
3084 3596 3294 3651 induere
3316 3597 3369 3651 in
3394 3599 3791 3668 corruptionem,

2198 3702 2247 3747 et
2295 3691 2507 3745 mortale
2551 3691 2643 3745 hoc
2691 3690 2904 3745 induere
2956 3689 3391 3744 immortalitatem
3435 3687 3671 3761 (lCor.,
3700 3708 3789 3760 xv,

2198 3782 2310 3855 5'5).
2338 3784 2543 3839 Auferri
2572 3798 2698 3838 vero
2724 3783 3106 3854 improperium
3134 3798 3289 3838 suum
3315 3793 3543 3853 poscunt
3563 3781 3665 3855 (2),
3690 3783 3794 3840 hoc

2198 3886 2282 3932 est
2309 3877 2584 3931 enmndari
2626 3891 2685 3929 se
2723 3890 2752 3929 a
2784 3877 3015 3946 peccatis
3057 3893 3070 3930 :
3121 3875 3504 3945 improperium
3536 3876 3680 3932 enim
3708 3887 3793 3934 est

2201 3978 2474 4038 peccatum
2524 3968 2829 4040 pristinum,
2874 3967 3016 4038 quod
3071 3967 3309 4024 aufertur
3335 3968 3389 4023 in
3417 3969 3702 4037 baptismo,
3740 3980 3794 4026 et

2195 4060 2465 4131 incipiunt
2490 4060 2668 4115 vocari
2700 4059 2946 4115 homines
2995 4059 3309 4126 christiani;
3352 4060 3497 4131 quod
3523 4070 3627 4125 est,
3652 4062 3793 4119 invo-

2199 4164 2339 4208 cetur
2366 4170 2548 4208 nomen
2598 4163 2741 4208 tuum
2784 4169 2938 4223 super
2967 4168 3079 4207 nos.
3121 4152 3177 4207 In
3208 4151 3291 4207 Itis
3320 4169 3449 4224 ergo
3474 4165 3682 4225 septem
3703 4171 3793 4212 ec-

2200 4249 2400 4311 clesiis.
2436 4250 2593 4304 tmins
2638 4246 2894 4304 Ecclesiae
2920 4246 3231 4313 catholicae,
3258 4245 3444 4304 fideles
3482 4258 3640 4314 sunt,
3671 4250 3791 4320 quia

2116 4340 2302 4401 Duna
2358 4343 2411 4397 in
2462 4350 2668 4412 septem
2713 4354 2809 4411 per
2861 4340 3169 4411 qualitatem
3223 4338 3347 4396 ﬁdei
3402 4349 3458 4395 et
3511 4340 3789 4398 electionis

2201 4447 2302 4493 est.
2331 4435 2457 4492 Sive
2493 4435 2558 4489 ad
2589 4449 2685 4491 eos
2722 4435 2982 4498 scribens,
3013 4436 3101 4504 qui
3132 4435 3374 4490 laborant
3399 4436 3452 4491 in
3479 4436 3699 4504 saeculo,
3736 4447 3791 4494 et

2200 4540 2492 4603 operantur
2522 4529 2601 4604 (5)
2634 4529 2701 4585 tle
2730 4528 3030 4600 frugalitate
3068 4542 3286 4584 suorum
3311 4529 3577 4593 laborum.
3609 4540 3664 4585 et
3692 4546 3787 4601 pa—

2203 4626 2399 4680 tientes
2439 4634 2594 4691 sunt;
2628 4633 2682 4678 ct
2719 4637 2839 4677 cum
2877 4620 3091 4676 videant
3141 4620 3386 4676 homines
3430 4621 3690 4692 quosdam
3736 4624 3788 4679 in

2204 4716 2443 4773 Ecclesia
2471 4715 2873 4786 dispensatores
2902 4723 2953 4769 et
2983 4712 3286 4784 pestiferos,
3305 4728 3374 4770 ne
3399 4713 3658 4774 dissentio
3679 4715 3785 4784 ﬁat,

2208 4819 2441 4882 portant.
2468 4808 2736 4866 Admonet
2763 4816 2942 4861 tamen
2969 4820 3063 4861 eos
3088 4805 3156 4861 de
3180 4821 3385 4873 amore,
3417 4817 3474 4862 ut
3517 4808 3568 4863 in
3600 4808 3789 4879 quibus

2208 4891 2342 4959 fides
2362 4917 2550 4958 eorum
2570 4900 2741 4967 deest,
2770 4907 2930 4971 agant
2956 4898 3344 4970 pteniteutiam.
3375 4901 3484 4957 Aut
3501 4900 3569 4957 ad
3589 4916 3685 4958 eos
3702 4902 3790 4974 qui

1894 4995 2454 5054 COMMENTARIUS.

588 5087 667 5162 (1)
715 5087 778 5163 Et
805 5106 903 5146 vos:
931 5091 1041 5161 ejus
1072 5100 1335 5163 tamquam
1383 5106 1481 5145 vos:
1526 5105 1772 5161 aquarum
1816 5091 2090 5147 mularum.

509 5161 627 5220 Non
677 5162 957 5216 miraberis
997 5162 1117 5219 lieic
1151 5161 1205 5219 et
1244 5162 1363 5217 aliis
1407 5172 1668 5232 praeterea
1721 5163 1852 5217 locis
1890 5163 2096 5233 aliquot

510 5233 741 5305 apostoli
776 5233 936 5306 verba
976 5235 1195 5290 inverso
1221 5233 1412 5306 ordine
1447 5233 1589 5302 legi,
1637 5249 1757 5288 cum
1787 5234 1945 5302 paulo
1976 5244 2098 5306 post

512 5303 837 5379 scriptorem
866 5303 1009 5379 hunc
1048 5317 1287 5379 nostrum
1327 5304 1686 5379 afﬁrmantem
1725 5303 1999 5379 audieris,
2043 5307 2095 5362 in

512 5375 638 5432 libri
668 5376 825 5445 huius
865 5375 1315 5446 interpretatione
1354 5393 1458 5430 non
1488 5378 1776 5432 verborum
1807 5376 2054 5432 ordinem
2078 5423 2093 5445 ,

514 5456 606 5521 aut
644 5459 820 5503 textus
859 5449 1297 5521 consequentiam
1337 5448 1431 5505 sed
1471 5463 1650 5504 rerum
1692 5449 2099 5521 intelligentiam

514 5520 773 5576 lectorem
804 5522 954 5589 sequi
986 5519 1207 5576 debere.

588 5591 667 5666 (2)
710 5592 922 5662 Auferri
961 5606 1079 5646 vero
1116 5593 1479 5666 improperium
1521 5608 1673 5666 suum
1714 5601 1963 5666 poscunt.
1990 5591 2105 5666 (Nos

517 5662 657 5720 illud
676 5673 885 5736 poscunt
909 5678 976 5720 ex
1007 5662 1283 5736 superiore
1316 5663 1656 5736 lectionede
1686 5662 1870 5719 nostro
1900 5664 2107 5736 addidi-

520 5733 685 5805 mus,
713 5745 772 5792 ut
807 5733 1136 5795 locutionem
1190 5733 1477 5793 clariorem
1517 5733 1878 5796 efficeremus.
1924 5735 2110 5809 Neque

2197 5091 2333 5147 ratio
2359 5106 2386 5142 a
2416 5088 2571 5145 nobis
2599 5089 2920 5158 ubicumque
2949 5088 3146 5159 aliquid
3183 5087 3631 5157 emendavimus,
3661 5103 3791 5147 con-

2200 5163 2348 5217 tinuo
2385 5159 2658 5216 reddenda
2702 5160 2893 5226 fuerit;
2931 5176 3051 5215 cmn
3077 5160 3207 5214 illud
3245 5169 3351 5215 tam
3381 5161 3592 5217 lirmtnn
3623 5171 3705 5216 est
3739 5173 3793 5219 et

2202 5249 2297 5304 per
2332 5247 2392 5289 se
2433 5236 2685 5304 planum,
2721 5240 2777 5287 nt
2801 5247 2830 5286 a
2872 5247 3138 5301 quoquam
3180 5232 3306 5301 quin
3345 5232 3417 5286 ita
3457 5234 3527 5288 sit
3559 5232 3793 5289 scriben-

2201 5302 2361 5371 dum,
2411 5302 2640 5375 dubitari
2696 5320 2800 5358 non
2855 5306 3025 5375 possit
3068 5318 3245 5375 :Anam
3303 5305 3483 5359 omnia
3542 5306 3791 5375 persequi

2205 5391 2368 5449 prope
2387 5385 2530 5449 esset
2558 5373 2843 5443 inﬁnitum,
2860 5373 3037 5445 usque
3062 5373 3199 5429 adeo
3221 5375 3427 5445 singula
3455 5390 3606 5447 paene
3630 5373 3788 5435 verba

2213 5446 2519 5520 pertnrhiita
2551 5456 2606 5500 et
2633 5460 2889 5520 corrupta
2912 5456 3087 5520 erant.

2284 5518 2365 5589 (5)
2412 5515 2721 5587 Operautur.
2759 5516 3090 5573 Crediderim
3120 5519 3221 5574 hoc
3248 5520 3465 5575 verbum
3497 5534 3596 5588 pro
3621 5520 3787 5575 vivunt

2211 5598 2522 5662 usurpatum
2570 5590 2637 5642 ab
2673 5598 2892 5646 auctore
2930 5589 3092 5644 fuisse
3118 5633 3133 5654 ,
3186 5600 3242 5646 el.
3276 5591 3649 5662 dispensatores
3694 5607 3787 5662 pro

2214 5609 2522 5659 usurpatum
2570 5609 2637 5642 au
2673 5609 2892 5646 aucwre
2930 5609 3092 5644 tuisse
3118 5633 3133 5654 ,
3186 5609 3242 5646 et
3276 5609 3355 5646 ats
3392 5609 3649 5646 ensatores
3694 5609 3787 5662 pro

2214 5661 2586 5735 dissipatores.
2616 5672 2821 5732 portant
2853 5665 2978 5718 item
3007 5677 3106 5734 pro
3134 5662 3309 5719 lerunt
3345 5609 3389 5735 (1
3394 5677 3513 5734 qua:
3551 5662 3673 5720 dum
3695 5679 3788 5722 vo-

2216 5747 2309 5792 ces
2333 5748 2365 5793 e
2389 5732 2613 5804 vestigio
2637 5735 2973 5807 sequuntur)
3004 5732 3222 5791 dixisse.
