4020 6072
218 129 327 185 521

1373 124 1436 181 IN
1476 117 1942 181 APOCALYPSIN
1971 124 2030 179 Β.
2075 124 2372 183 JOANNIS.

3394 130 3500 186 522

216 251 272 305 ἰη
307 246 438 303 locis
463 243 770 300 crudelibus
817 242 1116 300 inhabitant
1145 245 1284 300 inter
1330 252 1721 312 persecutores.
1748 251 1807 296 ut
1831 243 1882 300 A
1912 241 2075 296 fortes
2105 254 2231 297 suut
2273 245 2324 297 in
2358 241 2492 307 ﬁde,
2543 251 2595 296 et
2632 255 2736 297 non
2769 252 3132 316 expavescunt
3159 248 3500 318 persecutio-

217 349 571 413 persevereut
601 338 806 394 ﬁdeles.
830 338 938 394 Aut
961 339 1026 391 ad
1053 353 1146 392 eos
1170 338 1278 406 qui,
1302 337 1402 391 sub
1432 344 1689 404 praetextu
1715 335 1811 388 mi-

219 431 553 497 sericordite,
582 431 766 486 illicita
799 438 1017 502 peccata
1041 429 1093 483 in
1122 429 1358 483 Ecclesia
1384 426 1606 490 faciunt,
1628 426 1813 481 etaliis

217 523 459 580 facienda
491 521 802 579 ostendunt.
841 525 944 577 Aut
985 521 1050 576 ad
1099 536 1193 576 eos
1230 521 1321 591 qui
1349 529 1473 574 sunt
1496 520 1549 574 in
1573 518 1810 574 Ecclesia

215 617 429 674 faciles.
469 616 575 673 Aut
617 615 682 670 ad
724 631 819 671 eos
866 615 955 685 qui
994 613 1322 685 negligentes
1363 612 1580 667 nomine
1606 620 1808 664 tantum

213 711 499 767 christiani
545 718 692 765 sunt.
726 708 834 764 Aut
877 708 941 763 ad
991 723 1086 762 eos
1131 708 1224 778 qui
1272 705 1543 760 humiliter
1569 702 1813 758 instructi

214 815 365 873 sunt,
391 816 446 860 ut
487 805 542 860 in
595 803 701 859 ﬁde
728 802 936 858 fortiter
967 811 1329 872 perseverent.
1365 803 1470 854 Aut
1510 797 1577 853 ad
1603 814 1696 853 eos
1723 797 1812 867 qui

214 896 436 952 student
482 895 799 966 Scripturis,
847 903 902 949 et
955 894 1203 948 laborant
1251 906 1575 963 cognoscere
1618 904 1811 944 arcana

214 989 632 1059 prtedicationis,
665 997 720 1042 et
747 987 839 1043 Dei
867 1003 1002 1056 opus
1034 987 1212 1042 facere
1235 986 1442 1049 nolunt,
1471 984 1521 1038 id
1546 991 1628 1036 est
1654 981 1813 1037 mise-

214 1079 504 1136 ricordiam
527 1091 581 1135 et
607 1093 882 1134 amorem:
911 1077 1158 1133 omnibus
1212 1077 1576 1148 pmnttentiam
1615 1076 1813 1131 denun-

215 1173 334 1240 tiat,
364 1172 615 1230 omnibus
638 1171 902 1242 judicium
933 1171 1234 1226 annuntiat.

807 1327 882 1366 EX
923 1325 1122 1394 CAPITE.
1156 1326 1215 1364 Il.

289 1429 345 1483 2.
412 1428 534 1484 Scio
590 1427 815 1482 laborem
860 1437 1004 1480 tuum
1031 1468 1047 1493 ,
1097 1435 1143 1478 et
1171 1441 1364 1494 opera,
1421 1436 1469 1480 et
1514 1425 1811 1495 patientiam

214 1533 380 1576 tuam.
423 1519 478 1574 ln
513 1519 680 1592 prima
712 1518 938 1590 epistola
971 1519 1049 1573 sic
1086 1519 1198 1585 ait,
1247 1519 1359 1573 scio
1391 1527 1441 1572 te
1473 1519 1719 1574 laborare
1757 1528 1812 1574 ct

212 1615 450 1686 operari,
486 1614 637 1669 tideo
661 1614 951 1685 patientem
979 1620 1033 1668 te
1060 1627 1184 1668 esse
1217 1629 1231 1664 :
1263 1628 1331 1668 ne
1360 1623 1513 1683 putes
1539 1629 1625 1669 me
1653 1613 1810 1685 longe

213 1708 420 1763 morari
449 1725 476 1761 a
506 1717 579 1764 tc.

288 1801 356 1856 Et
398 1801 518 1871 quia
552 1818 656 1856 non
691 1812 833 1870 potes
866 1810 1071 1871 portare
1103 1801 1264 1856 malos
1285 1844 1298 1868 ,
1342 1811 1390 1856 et
1426 1803 1512 1873 qui
1541 1819 1594 1857 se
1632 1803 1806 1858 dicunt

211 1894 430 1950 Judazos
460 1911 598 1959 esse,
640 1903 685 1949 et
715 1911 817 1948 non
846 1905 962 1949 sunt
983 1936 998 1960 ,
1048 1905 1094 1949 et
1123 1895 1358 1950 invenisti
1387 1911 1472 1950 eos
1501 1897 1766 1952 mendaces
1788 1939 1802 1964 ,

211 2003 264 2045 et
301 1991 600 2061 patientiam
633 1990 787 2046 habes
825 2000 1033 2061 propter
1068 2007 1252 2046 nomen
1289 2006 1474 2044 meum.
1514 1990 1640 2046 Haec
1685 1991 1805 2046 uni-

211 2101 374 2141 versa
417 2085 481 2139 ad
518 2084 727 2140 laudem
766 2094 1047 2149 Spectant,
1093 2095 1147 2140 et
1194 2083 1404 2139 laudem
1445 2099 1548 2140 non
1596 2085 1804 2140 medio-

212 2192 363 2232 crem
405 2187 506 2232 :et
549 2177 681 2231 tales
722 2177 904 2243 viros,
950 2176 1217 2248 talemque
1259 2178 1522 2242 classem,
1573 2192 1636 2232 ac
1674 2178 1806 2233 tales

211 2269 497 2326 electionis
548 2269 791 2324 homines
840 2277 1052 2337 Oportet
1099 2269 1320 2325 omnino
1349 2270 1666 2337 admoneri,
1713 2287 1803 2340 ne,

210 2363 335 2418 istis
361 2364 455 2419 Dei
478 2364 631 2418 bouis
657 2364 950 2430 concessis,
974 2362 1315 2420 fraudentur.
1337 2363 1462 2420 Haec
1485 2379 1652 2436 pauca
1671 2365 1807 2420 dixit

210 2473 275 2514 se
301 2456 509 2514 habere
536 2458 795 2514 adversus
826 2458 968 2514 illos.

294 2551 353 2617 4,
381 2551 434 2607 5.
470 2551 532 2605 Et
571 2552 866 2606 cltaritatem
893 2564 1028 2606 tuam
1057 2554 1327 2624 pristinam
1361 2555 1610 2627 reliquisti
1641 2597 1655 2621 ,
1699 2572 1806 2610 me-

209 2657 382 2701 mento
419 2647 556 2700 unde
583 2646 854 2701 excideris.
897 2647 998 2715 Qui
1025 2649 1169 2703 cadit
1196 2690 1210 2714 ,
1251 2650 1319 2704 de
1345 2651 1452 2704 alto
1478 2649 1654 2715 cadit,
1687 2650 1805 2704 ideo

207 2740 369 2807 dixit,
398 2740 564 2805 unde;
595 2741 847 2810 quoniam
880 2757 1048 2813 usque
1072 2743 1138 2797 ad
1173 2743 1522 2799 novissimum
1547 2787 1559 2809 ,
1605 2745 1804 2800 amoris

208 2851 375 2906 opera
414 2835 712 2890 exercenda
743 2848 896 2903 sunt,
942 2837 1082 2907 quod
1126 2847 1208 2892 est
1262 2838 1550 2909 principale
1585 2839 1805 2892 manda-

207 2941 346 2985 tum.
386 2930 620 3000 Denique
659 2930 759 2984 nisi
803 2929 924 2995 ﬁat,
969 2931 1200 2986 minatus
1237 2941 1322 2987 est
1352 2947 1570 2988 movere
1599 2933 1802 2988 caude-

205 3024 422 3079 labrutn
451 3024 517 3079 de
545 3026 661 3078 loco
700 3038 818 3090 suo,
850 3023 904 3077 id
924 3033 1008 3078 est
1035 3038 1288 3095 spargere
1319 3025 1556 3095 plebem.

278 3117 331 3172 6.
383 3115 475 3170 Sic
499 3117 649 3170 habes
688 3125 733 3170 et
771 3126 826 3168 tu
855 3116 998 3170 odire
1041 3133 1195 3187 opera
1242 3115 1640 3173 Nieolaitarum.
1693 3119 1800 3176 Sed

203 3210 459 3282 quoniam
488 3220 542 3263 et
570 3210 684 3278 ipse
713 3208 908 3264 oderas
949 3220 1194 3265 tenentes
1227 3210 1530 3267 doctrinam
1567 3213 1798 3268 Nicolai-

203 3317 415 3371 tarum,
467 3304 678 3359 laudem
707 3314 1008 3375 exspectas.
1053 3305 1215 3361 Odire
1241 3317 1418 3362 autem
1451 3323 1613 3377 opera
1645 3306 1800 3362 Nico-

203 3399 458 3453 laitarutn
478 3414 598 3468 qua:
625 3407 680 3454 et
708 3399 820 3468 ipse
851 3399 1069 3466 oderat,
1102 3399 1204 3455 hoc
1231 3401 1298 3454 ad
1328 3400 1538 3456 laudem
1569 3410 1797 3471 spectat.

201 3494 591 3550 NiColaitarum
638 3504 816 3550 autem
860 3508 1024 3564 opera
1070 3503 1223 3549 erant
1264 3495 1358 3549 illo
1402 3506 1640 3566 tempore
1691 3495 1799 3551 ﬁcti

203 3588 454 3644 homines
476 3599 530 3645 et
558 3588 820 3661 pestiferi,
847 3593 936 3661 qui
966 3589 1065 3645 sub
1091 3590 1308 3644 nomine
1332 3588 1533 3644 Nicolai
1562 3591 1796 3648 ministri

201 3684 452 3740 fecerant
485 3683 586 3740 sibi
615 3684 888 3750 bmresim,
936 3691 995 3738 ιιι
1024 3683 1311 3739 delibatum
1356 3685 1440 3752 ll)
1467 3685 1799 3740 exorcizare-

201 3788 291 3835 tur
329 3787 388 3833 et
427 3768 736 3832 manducari
767 3787 983 3847 posset:
1012 3787 1067 3830 et
1109 3787 1165 3830 ut
1205 3777 1527 3848 quicumque
1559 3778 1793 3833 fornica-

202 3883 288 3928 tus
309 3883 491 3939 esset,
538 3881 728 3927 octavo
757 3871 842 3927 die
873 3886 1055 3939 pacem
1084 3871 1384 3938 acciperet;
1434 3872 1553 3927 ideo
1591 3873 1793 3928 collau-

201 3966 293 4022 dat
333 3965 460 4020 illos
509 3964 573 4018 ad
622 3979 759 4035 quos
809 3965 1032 4030 scribit,
1083 3965 1278 4034 quibus
1335 3965 1527 4020 talibus
1582 3975 1636 4020 ct
1689 3976 1794 4021 tam

204 4057 414 4129 magnis
454 4055 582 4112 viris
623 4056 868 4127 promisit
910 4056 1114 4127 lignum
1161 4057 1300 4127 quod
1346 4058 1510 4112 estin
1551 4057 1797 4128 paradiso

203 4149 299 4206 Dei
331 4150 437 4205 sui.

276 4245 522 4314 Sequens
551 4242 776 4312 epistola
805 4253 1118 4314 sequentem
1147 4245 1619 4300 conversationem
1652 4245 1792 4301 alte.

203 4338 317 4393 rius
347 4338 538 4392 classis
565 4347 618 4392 et
641 4337 1082 4393 consuetudinem
1114 4337 1331 4406 detegit.
1369 4338 1607 4408 Denique
1635 4339 1709 4393 ait
1740 4357 1753 4393 :

275 4431 330 4486 9.
354 4430 475 4487 Scio
505 4430 881 4485 tribulationem
907 4441 1044 4484 tuam
1064 4440 1110 4484 et
1138 4441 1506 4502 paupertatem,
1538 4433 1626 4486 sed
1654 4433 1790 4488 dives
1814 4449 1869 4510 D

203 4541 276 4580 es.
301 4524 412 4578 Scit
437 4523 578 4578 enirn
609 4523 747 4594 apud
767 4538 826 4579 se
850 4523 1042 4578 talibus
1068 4524 1281 4579 divitias
1307 4539 1428 4580 esse
1459 4527 1786 4596 reconditas,

201 4629 258 4675 et
282 4618 723 4674 detractationem
750 4618 1027 4674 deJudzeis
1057 4629 1344 4689 negantes,
1375 4620 1556 4674 dicunt
1579 4637 1637 4676 se
1667 4638 1790 4677 esse

199 4713 438 4780 Judzem,
467 4723 522 4768 et
548 4727 650 4767 non
679 4723 824 4778 sunt,
854 4713 946 4767 sed
980 4729 1244 4786 synagoga
1275 4724 1498 4784 satana,
1531 4717 1786 4787 quoniam

199 4808 274 4862 ab
299 4806 609 4862 autichristo
639 4807 978 4876 colliguntur,
1015 4807 1207 4876 quibus
1237 4807 1312 4862 ait
1346 4828 1360 4861 :

275 4900 368 4956 10.
414 4899 530 4954 Esto
556 4903 723 4970 ﬁdelis
761 4918 915 4969 usque
951 4902 1020 4955 ad
1052 4913 1282 4958 mortem.
1327 4903 1396 4960 Ut
1442 4917 1792 4976 perseverent

203 4993 397 5051 ﬁdeles
425 5009 544 5050 esse
569 5010 737 5066 usque
764 4995 830 5049 ad
857 5005 1106 5052 mortem.

277 5090 370 5145 il.
417 5087 517 5155 Qui
543 5089 709 5144 vicerit
735 5107 836 5144 non
856 5090 1068 5145 tardetur
1095 5108 1127 5144 a
1156 5101 1313 5147 morte
1339 5095 1585 5150 secunda.
1617 5095 1676 5152 Id
1705 5105 1788 5152 est

205 5197 313 5238 non
341 5181 684 5252 castigabitur
711 5184 763 5238 in
793 5184 1020 5240 inferno.

275 5277 456 5334 Tertia
487 5276 676 5333 classis
715 5287 1023 5334 sanctorum
1055 5280 1294 5337 ostendit
1313 5296 1434 5337 esse
1462 5282 1611 5338 viros
1636 5325 1651 5351 ,
1696 5285 1783 5355 qui

1837 1642 1886 1703 B

1915 349 2066 398 nem;
2101 335 2193 388 sed
2217 336 2338 405 quia
2369 347 2419 389 et
2454 335 2505 388 in
2539 334 2646 389 illis
2673 346 2832 404 sunt,
2867 337 2956 408 qui
2984 341 3136 408 proni
3159 339 3370 396 suntad
3398 340 3503 396 illi-

1913 424 2045 479 citas
2075 427 2479 496 permixtiones,
2512 427 2623 482 ait:

1988 517 2055 571 14
2075 559 2090 580 ,
2122 519 2207 573 Ili.
2256 518 2424 574 [Iabes
2456 518 2524 572 ibi
2556 530 2776 576 tenentes
2818 524 3101 579 doctrinam
3130 524 3380 594 Balaam,
3413 529 3504 598 qui

1914 607 2121 662 docebat
2146 611 2198 662 in
2229 609 2387 664 Balac
2412 612 2605 666 mittere
2630 615 2929 670 scandalum
2953 634 3123 671 coram
3153 620 3276 688 ﬁliis
3302 619 3495 689 Israel,

1913 702 2089 768 edere,
2119 714 2162 756 et
2194 704 2440 772 fornicari
2469 721 2488 759 :
2517 707 2590 760 ita
2617 706 2770 762 [tabes
2797 718 2842 763 et
2871 720 2923 762 tu
2952 721 3171 766 tenentes
3211 712 3502 768 doctrinam

1917 791 2325 862 Nicolaitarum,
2374 797 2462 850 sed
2502 800 2735 870 pugnabo
2779 817 2894 854 cunt
2938 802 3041 857 illis
3083 805 3136 856 in
3180 803 3354 875 gladio
3398 807 3502 860 oris

1915 886 2030 938 mei.
2054 885 2108 939 Id
2129 896 2210 940 est
2229 929 2242 952 ,
2273 887 2401 956 quid
2434 891 2778 960 praeceperim
2805 891 3000 951 dicam.
3030 903 3080 947 et
3109 894 3236 964 quid
3267 894 3501 950 feceritis

1914 980 2202 1034 conteram.
2243 979 2374 1034 Nam
2409 982 2618 1037 Balaam
2651 984 2670 1052 (
2703 983 2896 1052 Num.,
2940 991 3026 1057 ιι)
3064 985 3308 1042 doctrina
3340 989 3502 1045 doce-

1912 1072 2004 1127 bat
2046 1072 2205 1127 Balab
2248 1075 2460 1130 mittere
2503 1078 2814 1134 scandalum
2859 1092 2986 1135 ante
3032 1083 3217 1136 oculos
3263 1083 3494 1140 ﬁliorum

1915 1163 2110 1231 Israel,
2159 1181 2279 1222 esse
2317 1167 2642 1238 delibatum,
2689 1181 2741 1226 et
2781 1171 3064 1239 fornicari;
3107 1174 3157 1228 id
3191 1175 3331 1243 quod
3373 1176 3502 1232 olim

1913 1258 2170 1314 accidisse
2213 1269 2395 1316 notum
2435 1272 2536 1317 est.
2580 1263 2676 1319 Ille
2713 1266 2854 1320 enim
2893 1266 2996 1321 hoc
3039 1266 3322 1324 consilium
3357 1269 3505 1327 dedit

1913 1353 2024 1424 regi
2056 1353 2423 1422 Moabitarum,
2452 1366 2508 1412 et
2536 1358 3039 1416 scaudalizaverunt
3071 1365 3344 1434 populum.
3375 1365 3497 1434 Sic,

1914 1446 2114 1516 inquit,
2159 1449 2298 1504 inter
2325 1465 2417 1505 vos
2460 1451 2667 1506 habetis
2699 1457 2855 1508 talem
2887 1463 3130 1511 tenentes
3167 1457 3495 1530 doetrinam,

1915 1549 1971 1592 ut
1993 1541 2094 1593 sub
2125 1551 2384 1610 praetextu
2419 1544 2808 1600 misericordiae
2838 1547 2974 1602 alios
3004 1550 3286 1612 vitiaretis.

1987 1632 2075 1686 17.
2124 1634 2225 1698 Qui
2268 1635 2477 1704 vicerit,
2522 1637 2652 1691 dabo
2674 1639 2751 1692 illi
2793 1656 2980 1695 manna
3025 1641 3408 1713 absconditum,
3455 1655 3507 1702 et

1909 1726 2039 1780 dabo
2094 1727 2173 1781 illi
2224 1730 2477 1784 calculum
2527 1733 2825 1790 candidum.
2888 1736 3077 1792 Manna
3131 1739 3504 1798 absconditum

1910 1819 2285 1876 inunortalitas
2311 1832 2416 1890 est,
2459 1839 2671 1894 gemma
2701 1825 2817 1882 alba
2849 1827 3071 1898 adoptio
3097 1829 3149 1882 iu
3185 1829 3350 1885 ﬁlium
3380 1833 3502 1900 Dei;

1908 1927 2104 1966 nomen
2134 1928 2327 1968 novum
2359 1915 2411 1968 in
2438 1915 2648 1972 calenlo
2678 1917 2936 1988 scriptum
2957 1962 2971 1985 ,
3006 1919 3368 1978 Christianum
3395 1933 3502 1982 est.

1979 2005 2181 2072 Quarta
2228 2006 2414 2062 classis
2470 2008 2800 2066 nobilitatem
2857 2012 3098 2069 ﬁdelium
3161 2018 3505 2087 operantium

1908 2098 2173 2168 quotidie,
2214 2111 2266 2155 et
2294 2101 2492 2170 majora
2532 2100 2842 2159 facientium
2873 2121 3039 2176 opera
3075 2109 3357 2180 signiﬁcat.
3398 2111 3504 2168 Sed

1908 2199 1961 2245 et
1991 2191 2061 2247 ibi
2099 2207 2221 2248 esse
2249 2209 2461 2264 quoque
2501 2193 2684 2252 faciles
2727 2197 2969 2255 homines
3006 2201 3072 2256 ad
3111 2203 3320 2258 illicitas
3349 2218 3506 2275 paces

1908 2284 2111 2339 dandas
2137 2295 2191 2341 et
2219 2301 2390 2341 novas
2421 2287 2729 2358 prophetias
2755 2291 3126 2358 attendendas,
3158 2297 3416 2363 ostendit,
3447 2306 3506 2354 et

1907 2378 2100 2447 arguit,
2132 2389 2188 2435 et
2218 2391 2515 2447 praemonet
2543 2391 2794 2448 caeteros,
2824 2386 3019 2454 quibus
3042 2403 3148 2443 non
3181 2390 3354 2459 placet
3379 2390 3502 2458 hoc,

1908 2473 1996 2542 qui
2029 2483 2360 2543 cognoscunt
2387 2475 2678 2544 nequitiam
2715 2477 3021 2547 adversam,
3052 2481 3247 2552 quibus
3273 2483 3426 2538 malis
3450 2493 3506 2540 et

1907 2564 2125 2621 dolores
2166 2567 2418 2624 inducere
2460 2570 2650 2640 qumrit
2689 2571 2740 2626 iu
2781 2573 2955 2644 capite
2989 2574 3225 2630 ﬁdelium
3265 2585 3319 2631 et
3360 2577 3503 2648 peri-

1908 2659 2058 2725 cula;
2092 2671 2145 2715 et
2175 2661 2295 2716 ideo
2316 2662 2389 2716 ait
2417 2679 2433 2716 :

1977 2753 2066 2808 24.
2100 2752 2220 2808 Non
2243 2756 2383 2810 mitto
2415 2773 2566 2826 super
2589 2774 2676 2812 vos
2705 2758 2850 2813 aliud
2881 2760 3103 2830 pondus.
3151 2759 3206 2816 Id
3235 2770 3348 2828 est,
3391 2778 3498 2819 non

1907 2846 2031 2904 dedi
2071 2849 2219 2905 vobis
2251 2851 2428 2921 leges,
2461 2851 2865 2911 observationes
2902 2864 2957 2910 et
2995 2872 3192 2924 onera,
3233 2856 3376 2928 quod
3419 2865 3502 2914 est

1906 2941 2049 2997 aliud
2081 2944 2310 3012 pondus.
3235 2943 3237 2946 ﬁ

1826 3044 1875 3110 α
1976 3035 2067 3094 25.
2095 3036 2186 3090 ‘26.
2221 3036 2327 3092 Sed
2355 3039 2490 3108 quod
2517 3040 2742 3108 habetis,
2795 3042 3037 3105 teneatis,
3074 3043 3235 3097 donec
3266 3043 3498 3110 veniam;

1905 3138 1953 3183 et
1977 3131 2060 3196 qui
2087 3129 2258 3184 vicerit
2290 3133 2422 3186 dabo
2459 3133 2538 3188 illi
2572 3143 2871 3204 potestatem
2897 3153 3051 3203 super
3085 3154 3258 3192 omnes
3299 3147 3495 3210 gentes.

1849 3281 1860 3291 ,
1904 3223 1961 3278 Id
2015 3233 2134 3292 est,
2194 3225 2429 3296 judicem
2491 3227 2644 3283 illum
2695 3232 3014 3287 constituam
3070 3232 3212 3288 inter
3260 3244 3493 3288 czeteros

1904 3329 2137 3374 SﬂllClOS.

1972 3434 2064 3489 28.
2096 3433 2162 3488 Et
2189 3435 2318 3490 dabo
2346 3437 2426 3492 illi
2451 3439 2650 3493 stellam
2679 3441 3003 3497 matutinum.
3036 3439 3272 3498 Primam
3303 3456 3492 3498 resur-

1903 3527 2193 3584 rectionem
2217 3530 2457 3597 scilicet;
2488 3533 2732 3602 promisit
2760 3533 2970 3588 stellam
3002 3535 3342 3601 matutinam,
3373 3550 3493 3605 qua:

1902 3634 2112 3680 noctem
2138 3625 2283 3697 fugat
2308 3637 2362 3682 et
2390 3626 2567 3684 lucem
2595 3630 2896 3696 annuntiat,
2923 3629 2977 3685 id
3005 3639 3104 3697 est,
3131 3629 3236 3687 diei
3264 3629 3492 3686 initium.
3547 3659 3550 3661 λ

2476 3760 2545 3799 EX
2603 3759 2794 3799 CAPITE
2843 3760 2923 3800 111.

1972 3833 2163 3902 Quinta
2194 3835 2382 3890 classis
2411 3836 2659 3891 collectio
2692 3839 2776 3893 vel
2809 3838 3150 3894 conversatio
3171 3841 3491 3896 sanetorum

1900 3925 2138 3984 declarat
2188 3929 2431 3985 homines
2474 3931 2830 4001 negligentes,
2881 3942 2937 3988 et
2978 3933 3111 3987 alias
3153 3948 3311 4002 quam
3353 3947 3486 4001 quas
3546 3957 3554 3965 -

1900 4031 2113 4092 oportet
2151 4023 2202 4076 in
2231 4025 2428 4078 smculo
2458 4034 2680 4094 agentes
2707 4024 3078 4092 operationcs,
3121 4023 3340 4079 nomine
3377 4032 3492 4077 tan-

1900 4116 2174 4170 tummodo
2217 4116 2561 4171 cliristianos.
2606 4117 2675 4171 Et
2705 4116 2826 4172 ideo
2863 4115 3106 4171 hortatur
3135 4116 3254 4171 illos
3282 4115 3328 4170 si
3357 4129 3492 4186 quo-

1897 4211 2059 4266 modo
2085 4213 2285 4268 reversi
2309 4227 2340 4267 a
2367 4212 2688 4284 negligentia
2715 4212 2924 4284 possint
2949 4211 3086 4267 salvi
3111 4225 3230 4267 esse
3249 4253 3265 4280 ,
3293 4220 3346 4266 et
3370 4210 3492 4267 ideo

1897 4306 1970 4360 ait
1999 4324 2013 4360 2
2812 4292 2816 4296 I

1966 4419 2021 4474 2.
2059 4419 2181 4475 Esto
2232 4419 2450 4492 vigilans
2491 4430 2538 4474 et
2583 4419 2831 4488 conﬁrma
2876 4428 3060 4474 caetera
3104 4435 3198 4488 que
3240 4418 3489 4472 moritura

1894 4526 2035 4568 erant
2061 4531 2079 4568 :
2111 4531 2212 4569 non
2253 4516 2388 4569 enim
2423 4515 2593 4569 inveni
2632 4531 2787 4584 opera
2817 4523 2904 4568 tua
2949 4512 3101 4581 plena
3138 4529 3310 4566 coram
3359 4509 3486 4566 Deo.

1892 4608 2008 4664 Non
2040 4609 2182 4664 enim
2220 4610 2352 4664 satis
2386 4620 2468 4663 est
2497 4607 2742 4663 arborem
2777 4608 2959 4662 vivere
2983 4647 2998 4667 .
3030 4613 3085 4660 et
3118 4604 3349 4660 fructum
3381 4618 3486 4657 non

1893 4701 2127 4766 habere;
2159 4701 2298 4756 sicut
2327 4716 2431 4756 non
2463 4701 2594 4755 satis
2615 4709 2696 4754 est
2721 4699 3070 4754 christianum
3095 4697 3220 4761 dici,
3251 4704 3304 4751 et
3327 4694 3485 4751 Citri-

1894 4805 2035 4850 stum
2068 4794 2348 4861 conﬁteri,
2393 4793 2568 4861 ipsum
2602 4808 2728 4848 vero
2756 4791 2809 4847 in
2837 4807 3000 4862 opere
3030 4806 3134 4846 non
3168 4788 3363 4843 habere
3385 4827 3401 4854 ,
3433 4785 3484 4842 id

1895 4899 1977 4945 est
2003 4890 2118 4959 ejus
2147 4898 2417 4960 praecepta
2443 4904 2546 4942 non
2572 4887 2766 4942 facere.

1965 5005 2127 5061 Sexta
2175 5005 2364 5059 classis
2405 5011 2489 5058 est
2531 5003 2873 5059 conversatio
2919 4999 3199 5058 electionis
3243 4999 3482 5072 optimae.

1891 5096 2238 5153 Consuetudo
2289 5105 2595 5150 sanctorum
2641 5094 2982 5159 declaratur,
3037 5091 3226 5147 horum
3278 5092 3486 5147 scilicet

1893 5191 1984 5261 qui
2017 5188 2244 5245 humiles
2272 5199 2400 5244 sunt
2441 5189 2493 5243 in
2525 5189 2756 5255 saeculo,
2800 5197 2854 5242 et
2889 5186 3144 5242 rusticani
3169 5185 3223 5242 in
3251 5187 3484 5257 scriptu-

1892 5287 1988 5352 ris,
2031 5295 2088 5340 et
2131 5283 2288 5339 ﬁdem
2333 5283 2679 5339 immobiliter
2707 5290 2925 5350 tenent,
2975 5297 3075 5338 nec
3110 5281 3332 5338 omnino
3370 5279 3483 5337 ullo

1542 5398 2098 5456 COMMENTARIUS.

275 5515 360 5587 (l)
390 5514 669 5570 Delibatum
691 5513 809 5570 lieic
838 5523 894 5569 et
917 5513 1110 5587 alicubi
1136 5515 1316 5584 posuit
1341 5529 1436 5583 pro
1463 5513 1804 5587 idolothyto,

201 5585 306 5644 hoc
341 5585 436 5641 est
458 5603 520 5641 eo
545 5587 686 5657 quod
712 5585 1012 5643 simulacris
1045 5587 1444 5641 immolabatur.
1479 5585 1784 5641 Exoreiiare

200 5676 332 5719 vero
362 5673 466 5732 pro
501 5673 530 5712 a
567 5668 842 5716 temeratae
871 5673 967 5716 seu
999 5658 1214 5730 pollutae
1248 5658 1526 5728 religionis
1557 5659 1784 5716 crimine

1889 5515 2112 5585 expiare,
2143 5514 2309 5580 accipi
2340 5512 2597 5585 _videtur,
2661 5511 2805 5581 quod
2854 5520 2937 5566 est
2975 5519 3174 5585 contra
3212 5507 3480 5585 prapriam

1888 5578 2032 5661 verbi
2073 5578 2515 5661 signiﬁcationem
2550 5578 2722 5661 suam
2754 5584 3022 5661 ξξορκίξειν
3063 5579 3245 5651 potius
3273 5587 3359 5635 est
3386 5578 3483 5634 οι)-

1885 5659 2171 5730 stringere,
2205 5671 2363 5728 quam
2392 5655 2605 5712 solvere
2629 5654 2910 5726 religione.
