4020 6072
550 176 655 245 893

1795 183 1855 242 S.
1887 176 2229 242 VICTORINI
2265 178 2555 243 SCHOLIA

3716 182 3817 240 39.4

548 318 673 359 casu
701 303 851 360 fracti
879 298 1625 369 auttimore,retrahuntura
1657 298 1780 355 lide.
1812 299 1938 355 ldeo
1961 300 2034 354 ait
2059 298 2127 354 ad
2158 305 2203 363 Α
2233 301 2427 356 laniem
2477 317 2537 359 se
2594 300 2789 357 vidisse
2820 301 3047 357 fatetur:
3095 308 3149 359 et
3177 315 3320 359 nunc
3363 301 3557 358 exinde
3606 301 3814 369 recolit,

546 396 669 453 illos
703 416 717 452 :

617 495 671 548 8.
726 492 858 546 Dedi
896 502 1013 547 ante
1046 500 1093 544 te
1126 490 1310 545 ostium
1350 499 1617 560 apertum,
1664 498 1711 543 et
1750 489 1989 558 quoniam
2022 504 2130 543 ser-

543 586 670 641 uasti
697 584 899 640 verbum
927 585 1187 657 patientia
1210 598 1357 638 metu.
1404 583 1458 638 ltt
1489 592 1595 637 tam
1628 582 1812 652 parvis
1837 582 2062 637 viribus.

614 677 703 735 10.
742 676 807 731 Et
829 693 922 748 ego
953 688 1001 731 te
1021 677 1228 733 servabo
1257 677 1318 730 ab
1346 677 1473 730 hora
1504 675 1817 730 tentationis.
1858 672 1930 730 Ut
1959 674 2131 728 sciant

541 771 845 842 hujnsmodi
887 773 1110 844 gloriam
1153 786 1342 827 suam:
1370 785 1471 826 nec
1510 769 1729 840 quidem
1776 770 1829 823 in
1874 768 2128 824 tentatio-

540 880 662 922 nem
693 880 788 921 eos
814 866 948 922 tradi
974 866 1230 937 permitti.

611 958 699 1015 12.
741 958 842 1027 Qui
877 960 1051 1014 vicerit
1092 960 1179 1029 ﬁet
1221 960 1459 1014 columna
1496 959 1551 1013 in
1588 957 1774 1025 templo
1812 956 1927 1012 Dei.
1977 955 2128 1013 Sicut

538 1052 680 1107 enim
711 1052 957 1106 columna
993 1050 1157 1108 decor
1179 1060 1260 1107 est
1290 1049 1540 1114 aedilicii,
1586 1049 1665 1104 sic
1692 1048 1782 1120 qui
1815 1058 2127 1119 persevera-

538 1144 697 1210 verit,
727 1143 1060 1199 nobilitatem
1095 1144 1148 1198 in
1178 1143 1821 1212 Ecclesia'cmtsequetur.

608 1235 848 1306 Septima
878 1251 1093 1307 quoque
1111 1235 1365 1291 Ecclesiae
1390 1234 1636 1290 collectio
1652 1233 1915 1302 declarat,
1951 1232 2125 1290 homi-

536 1344 635 1387 nes
656 1331 951 1401 locupletes
972 1330 1026 1385 in
1056 1330 1411 1402 dignitatibus
1438 1330 1750 1395 collocatos,
1780 1327 1875 1384 sed
1900 1325 2126 1384 creden-

538 1432 617 1479 tes
658 1433 716 1478 ut
756 1422 1053 1493 locupletes
1076 1464 1091 1487 ,
1131 1423 1274 1492 apud
1304 1437 1437 1492 quos
1470 1422 1521 1476 in
1562 1420 1808 1476 cubiculo
1843 1420 2126 1490 scriptura;

535 1516 751 1588 quidem
781 1525 1077 1572 tractantur
1096 1558 1110 1583 ,
1134 1514 1269 1573 foris
1292 1525 1472 1571 autem
1498 1525 1623 1571 sunt
1651 1514 1857 1579 ﬁdeles.
1885 1525 1940 1569 et
1964 1527 1994 1568 a
2024 1528 2123 1569 ne-

534 1613 679 1667 mine
708 1611 1107 1683 intelliguntur,
1135 1609 1401 1680 iactantes
1426 1609 1632 1664 scilicet
1660 1623 1741 1674 se,
1782 1616 1839 1662 et
1883 1606 2122 1661 dicentes

2234 412 2354 464 qua:
2384 411 2478 465 per
2501 396 2670 465 legem
2704 395 2755 450 in
2787 393 3226 451 similitudinibus
3257 395 3613 463 praenuntiata
3646 403 3814 462 erant,

2234 499 2289 544 et
2316 505 2412 559 per
2434 488 2571 544 hanc
2598 489 2919 557 scripturam
2947 488 3218 559 conjungit
3246 500 3438 543 omnes
3460 486 3669 557 priores
3699 500 3818 555 pro-

2236 581 2444 652 phetas,
2476 590 2533 636 et
2558 581 2731 649 aperit
2769 582 3086 651 scripturas.
3123 581 3188 636 Et
3211 580 3335 651 quia
3359 588 3641 650 postquam
3686 578 3820 635 invi-

2234 673 2361 727 tavit
2385 673 2435 727 in
2464 674 2659 729 caelum
2703 689 2891 728 omnes
2915 672 3195 729 credentes
3246 672 3298 725 in
3332 672 3548 728 nomine
3578 686 3676 726 suo
3708 669 3817 724 Do-

2230 764 2409 820 minus
2441 776 2645 829 noster,
2674 767 2851 821 statim
2906 765 3166 834 Spiritum
3196 776 3444 821 sanctum
3496 761 3687 821 ell'udit
3727 761 3817 834 qui

2232 855 2468 912 ferturus
2493 866 2576 912 est
2599 855 2679 929 (-l)
2707 855 2775 911 ad
2805 856 3023 923 caelum,
3051 858 3158 912 ait:

2300 949 2357 1004 2.
2391 950 2578 1006 Statim
2604 951 2679 1019 [ui
2699 951 2754 1003 in
2774 951 2977 1019 spiritu.
3013 950 3077 1006 Et
3124 965 3244 1006 cum
3271 951 3542 1019 aperiatur
3570 964 3667 1021 per
3692 948 3816 1021 Spi-

2229 1042 2390 1097 ritum
2413 1050 2656 1099 sanctum
2686 1057 2839 1099 mens
2865 1041 3125 1112 ﬁdelium,
3158 1052 3213 1099 et
3258 1030 3389 1099 illud
3436 1043 3513 1098 eis
3558 1039 3814 1097 manifes-

2229 1141 2390 1199 tetur,
2452 1133 2594 1204 quod
2649 1142 2703 1190 et
2755 1132 3019 1213 prioribus
3067 1143 3153 1191 est
3207 1133 3579 1206 praedicatum,
3614 1132 3814 1206 signiti-

2227 1236 2413 1282 canter
2433 1229 2526 1281 ait.

2300 1319 2370 1373 Et
2398 1336 2508 1374 ecce
2530 1320 2675 1375 sedes
2695 1320 2859 1392 posita
2876 1330 2985 1376 erat
3004 1321 3058 1375 in
3086 1321 3232 1377 caelo.
3274 1319 3444 1377 Sedes
3466 1316 3661 1392 posita,
3688 1318 3809 1392 quid

2228 1424 2330 1477 eSt,
2357 1412 2457 1467 nisi
2488 1412 2645 1468 sedes
2670 1413 2856 1483 judicii
2887 1423 2941 1470 et
2968 1413 3152 1485 regis?

2298 1508 2351 1562 5.
2409 1505 2476 1561 Et
2503 1523 2661 1579 supra
2708 1508 2878 1563 sedem
2923 1508 3121 1573 sedens,
3168 1510 3352 1565 similis
3390 1519 3600 1583 aspectu
3651 1512 3808 1584 lapidi

2216 1600 2417 1672 jaspidi
2447 1609 2491 1655 et
2518 1602 2711 1657 sardio.
2742 1602 2913 1673 Supra
2939 1602 3131 1657 solium
3162 1604 3361 1661 vidisse
3388 1606 3460 1661 ait
3501 1604 3807 1663 similitudi-

533 1717 591 1759 Sc
629 1704 807 1758 omnia
852 1717 1216 1775 cognoscere,
1275 1701 1483 1771 praediti
1528 1700 1720 1756 liducia
1773 1699 2083 1754 litteratura:
2102 1740 2118 1767 ,
2149 1714 2199 1776 Β
2227 1711 2347 1751 nem
2370 1695 2593 1767 jaspidis
2620 1705 2676 1752 et
2702 1698 2886 1753 sardii.
2914 1696 3091 1768 Jaspis
3122 1712 3274 1770 aquas
3303 1700 3498 1756 coloris
3525 1712 3630 1770 est,
3688 1717 3806 1758 sar-

531 1812 695 1869 opere
721 1807 897 1854 autem
926 1805 1205 1862 vacantes,
1242 1805 1300 1851 et
1325 1794 1447 1850 ideo
1468 1793 1544 1848 ait
1573 1812 1586 1847 :

604 1891 694 1947 15.
739 1891 919 1962 Neque
955 1891 1170 1961 {rigidas
1199 1905 1358 1958 neque
1386 1892 1632 1960 ferventes
1660 1886 1776 1941 illos
1801 1901 1926 1940 esse.
1957 1882 2013 1939 Id
2037 1892 2120 1940 est

480 2018 485 2023 ο
532 1999 705 2054 neque
754 1983 1098 2049 incredulos,
1147 1996 1320 2052 neque
1352 1980 1537 2035 ﬁdeles
1580 1998 1592 2033 :
1629 1980 1695 2033 ad
1744 1993 1933 2034 omnes
1974 1977 2118 2034 enim

527 2076 707 2131 omnia
734 2085 874 2134 sunt.
911 2075 976 2131 Et
994 2075 1245 2145 quoniam
1271 2073 1361 2143 qui
1391 2089 1495 2127 non
1527 2071 1751 2142 frigidus
1770 2080 1855 2127 est
1882 2085 1983 2127 nec
2012 2084 2109 2127 ca-

529 2168 693 2233 lidus,
719 2167 814 2223 sed
844 2167 1055 2237 tepidus
1075 2176 1179 2231 est,
1204 2180 1459 2221 nauseam
1482 2163 1625 2225 facit,
1654 2164 1728 2218 ait
1756 2180 1771 2217 :

598 2259 686 2317 16.
737 2257 950 2314 Ventum
973 2268 1021 2313 te
1048 2257 1111 2312 de
1138 2273 1225 2312 ore
1249 2245 1378 2311 meo.
1418 2254 1624 2311 Nausea
1651 2253 1896 2325 quamvis
1922 2252 2106 2308 odibi-

529 2355 595 2411 lis
616 2355 715 2419 sit,
750 2361 927 2407 tamen
958 2352 1231 2407 nemiuem
1258 2349 1404 2405 laedit
1437 2348 1553 2404 :sic
1580 2355 1638 2404 et
1663 2344 1967 2417 huiusmodi
2007 2344 2111 2401 ho-

526 2446 700 2502 mines
748 2460 871 2500 cum
915 2443 1118 2499 fuerint
1167 2441 1412 2514 proiecti.
1460 2438 1568 2495 Sed
1620 2440 1744 2510 quia
1793 2450 2004 2508 tempus
2031 2446 2116 2494 est

531 2537 896 2610 paenitentiae,
924 2536 1001 2592 ait
1029 2552 1044 2589 :
1885 2548 1897 2555 -

600 2632 688 2689 18.
721 2630 929 2687 Suadeo
961 2628 1053 2684 tibi
1076 2637 1132 2683 ut
1161 2643 1300 2684 emas
1343 2644 1376 2679 a
1404 2642 1484 2681 me
1509 2641 1693 2680 aurum
1729 2625 2023 2696 conﬂatum.
2053 2622 2111 2679 Id

526 2738 642 2789 est,
692 2741 799 2797 quo
827 2726 988 2781 modo
1020 2724 1223 2794 p0teris
1267 2738 1364 2793 pro
1389 2721 1603 2777 nomine
1634 2719 1848 2777 Domini
1880 2720 1988 2791 pati
2018 2718 2116 2774 tri-

525 2819 833 2875 bulationes
854 2827 912 2873 et
939 2817 1236 2887 passiones.

596 2913 664 2967 Et
706 2913 922 2983 collyrio
956 2912 1145 2983 inuuge
1187 2909 1361 2965 oculos
1397 2917 1531 2964 tuos.
1586 2907 1658 2965 Ut
1696 2906 1839 2978 quod
1878 2906 2111 2963 libenter

2224 1789 2344 1844 dius
2390 1789 2545 1859 ignis.
2599 1790 2724 1846 Htec
2747 1790 2853 1846 duo
2895 1790 3094 1862 judicia
3146 1792 3319 1864 posita
3371 1810 3491 1851 esse
3527 1810 3696 1867 usque
3738 1798 3806 1855 ad

2222 1883 2739 1939 consummationem
2792 1883 2938 1940 orbis
2981 1901 3144 1956 super
3197 1888 3423 1944 tribunal
3465 1888 3560 1946 Dei
3612 1891 3806 1949 exinde

2221 1975 2649 2044 manilestantur,
2679 1992 2904 2046 quorum
2937 1978 3266 2050 judiciorum
3299 1996 3463 2037 unum
3517 1982 3627 2053 jam
3676 1998 3807 2040 con-

2220 2078 2543 2123 summatum
2569 2079 2653 2124 est
2680 2068 2732 2123 in
2763 2071 3087 2142 cataclysmo
3099 2087 3195 2143 per
3207 2088 3424 2145 aquam,
3452 2073 3598 2131 aliud
3623 2084 3802 2133 autem

2220 2162 2681 2218 consummabitur
2702 2178 2799 2233 per
2819 2163 3015 2235 ignem.

2290 2257 2358 2313 Et
2382 2258 2473 2312 iris
2500 2266 2607 2313 erat
2631 2259 2684 2312 in
2709 2260 2925 2315 circuitu
2952 2260 3144 2317 throni.
3180 2261 3279 2318 Iris
3300 2270 3483 2320 autem
3517 2265 3658 2322 circa
3705 2278 3800 2321 so-

2216 2349 2346 2404 lium
2400 2351 2618 2407 eosdem
2649 2352 2860 2409 colores
2914 2353 3093 2410 habet.
3148 2353 3249 2410 Iris
3291 2371 3448 2412 arcus
3477 2356 3691 2425 dicitur,
3731 2357 3802 2415 de

2215 2457 2321 2512 quo
2338 2442 2496 2497 etiam
2525 2443 2592 2498 ad
2631 2442 2743 2499 Noe
2768 2452 2822 2499 et
2859 2444 2925 2500 ad
2956 2445 3091 2501 ﬁlios
3118 2445 3233 2517 ejus
3263 2446 3473 2504 locutus
3499 2458 3584 2505 est
3614 2449 3799 2504 Domi-

2215 2550 2315 2588 nus
2343 2532 2533 2602 (Gem,
2557 2538 2664 2606 ix).
2695 2552 2761 2592 ne
2792 2538 3042 2593 timerent
3063 2539 3200 2594 ultra
3225 2539 3484 2596 diluvium
3526 2542 3584 2597 in
3629 2557 3798 2614 gene-

2215 2630 2424 2683 ratione
2449 2628 2563 2695 Dei,
2591 2629 2685 2683 sed
2710 2630 2906 2701 ignem.
2940 2630 3030 2688 Sic
3053 2633 3194 2687 enim
3217 2633 3323 2688 ait:
3351 2633 3591 2690 Statuam
3615 2649 3798 2692 arcum

2214 2734 2393 2775 meum
2417 2718 2470 2775 in
2499 2720 2748 2789 nubibus,
2792 2732 2847 2779 ut
2878 2736 2984 2779 non
3024 2722 3136 2794 jam
3165 2740 3357 2796 aquam
3401 2725 3655 2796 linteatis,
3700 2726 3797 2784 sed

2212 2813 2411 2885 ignem.

2282 2909 2336 2965 6.
2363 2908 2428 2962 Et
2455 2919 2571 2965 ante
2591 2907 2759 2965 sedem
2781 2920 3036 2983 tamquam
3063 2928 3205 2968 mare
3232 2914 3448 2969 vitreum
3483 2914 3649 2969 simile
3676 2930 3796 2987 cry-

524 3007 807 3078 cognoscis
853 3021 949 3077 per
986 3005 1341 3076 scripturam,
1379 3004 1536 3074 hujus
1575 3004 1736 3059 etiam
1766 3018 1903 3074 opus
1927 3000 2111 3059 facere
2210 3004 2378 3060 stallo.
2412 3004 2467 3059 ld
2495 3014 2578 3061 est
2606 3004 2807 3062 donum
2840 3007 3109 3077 baptismi.
3137 3008 3280 3080 quod
3304 3024 3400 3080 per
3421 3007 3616 3066 Filium
3637 3024 3796 3066 suum

522 3099 756 3155 coneris.
789 3097 859 3154 Et
883 3097 1138 3169 quoniam
1159 3099 1205 3153 si
1237 3097 1317 3153 his
1348 3095 1521 3152 modis
1551 3096 1798 3152 homines
1826 3096 1894 3151 de
1915 3109 2109 3165 magno
2134 3114 2179 3179 ρ
2213 3100 2540 3170 poenitentiae
2573 3109 2834 3172 tempore,
2862 3115 3147 3175 antequam
3174 3104 3432 3174 judicium
3458 3104 3639 3172 faciat,
3662 3104 3800 3162 εσυ·-

521 3192 730 3248 excidio
754 3192 820 3247 ad
848 3208 1099 3263 magnam
1122 3192 1351 3249 redeant
1374 3192 1767 3263 penitentiam,
1803 3206 1907 3245 non
1932 3191 2107 3246 solum
2210 3202 2305 3257 dii,
2354 3201 2481 3258 ideo
2506 3212 2630 3258 ante
2659 3203 2876 3267 solium,
2918 3202 2971 3259 id
3009 3212 3092 3259 est
3135 3204 3415 3275 judicium.
3452 3203 3586 3261 Cum
3615 3214 3798 3262 autem

413 3302 417 3306 ν
520 3282 620 3339 sibi
678 3294 803 3339 sunt
850 3284 1049 3347 utiles,
1101 3284 1197 3340 sed
1256 3292 1313 3339 et
1340 3284 1523 3339 multis
1554 3283 1808 3352 prodesse
1840 3290 2104 3352 possunt;

520 3377 825 3433 mercedem
857 3393 963 3433 non
994 3377 1317 3433 mediocrem
1340 3378 1420 3433 eis
1443 3377 1708 3447 promisit,
1740 3374 1993 3431 nimirum
2015 3390 2104 3431 se-

520 3470 650 3528 dere
676 3469 734 3527 in
759 3469 897 3528 solio
921 3468 1135 3542 judicii.

1108 3578 1178 3619 EX
1202 3577 1392 3619 CAPITE
1435 3577 1510 3621 ιν.

590 3656 720 3716 Post
767 3658 874 3715 hac
925 3657 1027 3713 vidi
1075 3666 1125 3711 et
1161 3673 1275 3714 ecce
1329 3656 1514 3711 ostium
1561 3663 1794 3728 apertum
1851 3655 1905 3709 in
1957 3653 2101 3709 caelo.

518 3752 723 3809 Ostium
751 3762 995 3824 apertum
1028 3750 1083 3805 in
1103 3748 1493 3818 cmlo,Novum
1521 3748 1929 3804 Testamentum
1959 3760 2101 3817 prte-

518 3844 751 3900 dicatur.

588 3957 656 4015 Et
680 3976 777 4016 uox
798 3960 967 4032 prima
999 3975 1155 4029 quam
1181 3958 1387 4024 audivi,
1420 3942 1663 4027 tanquam
1695 3957 1829 4014 tubae
1853 3957 2104 4029 loquentis

515 4069 729 4117 mecum,
759 4053 931 4108 dicens
957 4074 970 4109 :
994 4052 1212 4108 ascende
1240 4053 1360 4107 huc.
1392 4050 1617 4120 Quando
1645 4058 1887 4121 apertum
1918 4057 2104 4105 osten-

515 4145 695 4213 ditur,
730 4145 971 4202 clausum
1015 4145 1182 4201 fuisse
1220 4156 1380 4201 antea
1409 4143 1719 4198 hominibus
1762 4140 2101 4197 manifestum

512 4248 615 4295 est.
660 4238 800 4295 Satis
850 4248 1026 4296 autem
1064 4249 1119 4294 et
1158 4239 1313 4309 plene
1362 4235 1682 4307 patefactum
1728 4245 1839 4303 est,
1891 4233 2104 4306 quando

514 4328 760 4386 Christus
794 4345 914 4384 cum
942 4344 1168 4400 corpore
1200 4331 1254 4382 in
1284 4328 1452 4384 cmlos
1492 4328 1559 4383 ad
1590 4328 1803 4383 Patrem
1837 4329 2100 4385 ascendit.

513 4422 628 4477 Vox
650 4431 829 4477 autem
858 4421 1003 4493 prior
1033 4438 1192 4493 quam
1218 4423 1501 4487 audierat,
1534 4437 1653 4476 cum
1680 4421 1806 4476 dicit
1835 4421 1982 4476 illam
2010 4437 2100 4477 se-

2209 3294 2336 3349 dicit
2352 3311 2500 3351 mare
2519 3295 2746 3351 vitreum
2771 3295 2946 3352 simile
2964 3296 3277 3367 chrystallo,
3300 3311 3492 3368 aquam
3517 3297 3796 3368 mundam,

2207 3388 2476 3455 stabilem,
2510 3404 2615 3443 non
2660 3398 2821 3445 vento
2850 3390 3125 3460 agitatam,
3158 3406 3264 3445 non
3304 3392 3358 3446 in
3411 3391 3650 3461 proclivo
3697 3391 3798 3449 de-

2208 3478 2483 3545 fluentem,
2510 3480 2604 3536 sed
2637 3488 2907 3551 tamquam
2935 3481 3153 3538 domum
3185 3482 3279 3538 Dei
3307 3480 3640 3540 immobilem
3684 3491 3798 3541 tra-

2208 3575 2372 3631 ditam
2398 3576 2651 3632 ostendit.

2278 3667 2349 3722 Et
2379 3685 2467 3738 per
2508 3669 2777 3724 circuitum
2816 3669 2950 3726 sedis
2991 3679 3210 3742 quatuor
3256 3669 3525 3728 animalia.
3554 3670 3799 3740 Quatuor

2205 3765 2453 3821 animalia
2475 3774 2705 3836 quatuor
2724 3774 2848 3821 sunt
2871 3766 3178 3838 Evangelia.

2279 3859 2473 3915 7—10.
2507 3858 2740 3914 Primum
2770 3860 2962 3915 animal
2992 3860 3155 3915 simile
3207 3861 3362 3926 leoni,
3414 3871 3463 3918 et
3514 3860 3799 3918 secundum

2206 3955 2369 4010 simile
2398 3953 2580 4023 vitulo,
2613 3965 2658 4010 et
2687 3956 2890 4010 tertium
2919 3955 3107 4009 habens
3131 3956 3316 4026 faciem
3334 3957 3549 4013 similem
3574 3958 3790 4027 bantini,

2207 4058 2251 4103 et
2281 4059 2515 4119 quartum
2540 4048 2706 4103 simile
2736 4048 2925 4119 aquila:
2950 4048 3179 4114 volanti;
3211 4050 3449 4105 habentia
3469 4051 3582 4105 alas
3607 4066 3757 4105 senas
3773 4064 3797 4106 :

2206 4153 2251 4198 et
2274 4161 2362 4215 per
2392 4144 2659 4197 circuitum
2688 4154 2733 4198 et
2764 4145 2924 4211 intus,
2952 4142 3104 4215 plena
3126 4146 3322 4207 oculis:
3349 4156 3395 4200 et
3429 4146 3657 4216 requiem
3688 4160 3795 4200 non

2206 4236 2455 4289 habebant
2483 4236 2733 4290 dicentia:
2770 4234 3011 4302 Sanctus,
3046 4236 3288 4302 Sanctus,
3336 4236 3579 4301 Sanctus,
3612 4233 3798 4291 Domi-

2206 4344 2302 4381 nus
2332 4329 2671 4400 omnipotens.
2709 4327 2772 4382 Et
2796 4328 3110 4399 procidentes
3134 4330 3310 4399 uiginti
3339 4340 3555 4401 quatuor
3569 4329 3793 4385 seniores

2205 4433 2323 4475 ante
2359 4420 2527 4475 sedem
2573 4423 2907 4478 adoraverunt
2951 4421 3134 4476 Deum.
3184 4422 3382 4494 Viginti
3430 4433 3660 4495 quatuor
3705 4438 3796 4480 se-

512 4531 632 4571 cum
663 4529 784 4570 essc
822 4513 1053 4569 locutam
1082 4557 1096 4582 ,
1139 4514 1255 4569 sine
1294 4512 1721 4570 contradictione
1761 4516 1933 4585 arguit
1965 4530 2095 4582 eos,
2124 4522 2177 4583 Ι)
2204 4513 2382 4587 niores
2408 4514 2595 4585 viginti
2622 4515 2983 4586 quatuorlihri
3005 4525 3130 4570 sunt
3158 4517 3562 4587 prophetarum,
3583 4516 3793 4588 etlegis

511 4610 600 4680 qui
631 4606 792 4661 alium
825 4607 875 4661 in
918 4606 1230 4678 prophetis,
1278 4605 1437 4661 alium
1477 4605 1530 4660 in
1573 4605 1866 4678 Evangelia
1912 4607 2099 4664 dicunt

509 4700 674 4758 fuisse
706 4701 977 4767 locutum;
1034 4716 1155 4757 cum
1184 4700 1352 4772 magis
1379 4698 1495 4772 ipse
1531 4700 1619 4769 qui
1651 4700 1795 4755 venit
1820 4742 1835 4764 ,
1883 4700 1999 4772 ipse
2029 4701 2098 4757 sit

509 4799 599 4869 qui
635 4797 687 4854 in
720 4796 997 4871 prophetis
1036 4797 1244 4854 locutus
1274 4806 1376 4853 est.
1424 4796 1658 4853 Jomucs
1694 4797 1835 4853 enim
1876 4811 1943 4851 cx
1986 4796 2095 4852 cir-

509 4892 838 4948 cumcisione
876 4900 1029 4959 erat;
1060 4900 1114 4947 et
1153 4891 1331 4946 omnis
1369 4889 1461 4946 ille
1494 4892 1721 4962 populus
1760 4892 1847 4961 qui
1880 4889 2094 4948 Veteris

510 4983 838 5041 Testamenti
882 4982 1319 5055 prtedicationem
1349 4982 1610 5052 audierat,
1648 4983 1737 5039 illa
1762 4998 1894 5040 voce
1927 4984 2095 5041 aedili-

510 5087 663 5132 catus
684 5084 786 5132 εει.

582 5166 688 5224 Illa
713 5167 983 5242 eademque
1006 5186 1124 5240 eam,
1155 5168 1347 5242 inquit,
1371 5185 1523 5240 quam
1549 5170 1833 5237 audieram,
1854 5170 1945 5225 illa
1969 5169 2094 5225 mihi

2203 4609 2501 4666 referentes
2534 4612 2836 4666 testimonia
2854 4610 3060 4681 judicii.
3093 4614 3228 4670 Sunt
3258 4622 3437 4668 autem
3476 4621 3529 4667 et
3559 4610 3794 4682 vinginti

2202 4710 2430 4773 quatuor
2457 4713 2655 4770 patres,
2703 4703 2981 4759 duodecim
3023 4704 3253 4775 apostoli
3284 4714 3336 4759 et
3367 4702 3649 4759 duodecim
3696 4717 3797 4773 pa-

2204 4798 2471 4852 triarclue.
2496 4797 2759 4852 Animalia
2793 4798 2950 4869 igitur
2968 4798 3110 4871 quod
3134 4798 3431 4854 dill’erentia
3460 4806 3584 4853 sunt
3606 4796 3798 4853 vultus

2201 4890 2337 4946 hanc
2357 4891 2555 4946 habent
2576 4892 2835 4946 rationem
2864 4907 2878 4957 ;
2920 4892 3095 4947 simile
3128 4891 3268 4947 leoni
3297 4891 3516 4958 animal,
3550 4890 3795 4947 Marcum

2198 4986 2457 5055 designat,
2489 4986 2542 5040 in
2565 5000 2671 5055 quo
2699 5002 2800 5040 vox
2832 4986 3003 5042 leonis
3028 4988 3079 5042 in
3109 5002 3292 5044 eremo
3337 4986 3596 5058 rugientis
3636 4984 3794 5041 audi-

2200 5089 2303 5135 tur.
2328 5078 2567 5134 llominis
2588 5087 2764 5133 autem
2793 5078 2958 5150 ﬁgura
2977 5082 3195 5136 enititur
3215 5081 3493 5136 Matthtens
3506 5082 3796 5137 enuntiare

2196 5172 2349 5226 nobis
2372 5186 2539 5243 genus
2561 5170 2738 5226 Maria:
2759 5170 2862 5243 (2),
2890 5173 3029 5227 unde
3050 5188 3265 5229 carnem
3283 5176 3491 5244 accepit
3515 5173 3790 5230 Christus.

509 5261 637 5317 dixit
666 5276 684 5316 :
709 5262 934 5316 Ascende
963 5263 1080 5319 huc.
1111 5262 1167 5318 Id
1196 5270 1280 5317 est
1316 5260 1554 5334 spiritus,
1587 5277 1745 5333 quem
1779 5261 1938 5332 paulo
1966 5270 2091 5318 ante
2193 5263 2334 5333 Ergo
2356 5263 2479 5317 dum
2508 5274 2785 5318 enumerat
2815 5264 3178 5319 ab‘Abraham
3215 5282 3384 5337 usque
3410 5267 3475 5321 ad
3508 5266 3698 5331 David,
3731 5274 3793 5322 et

507 5370 666 5427 quam
698 5352 862 5409 ﬁlium
895 5355 1124 5413 hominis
1148 5356 1290 5413 inter
1315 5355 1635 5413 candelabra
1683 5370 1844 5413 aurea
1902 5356 2090 5412 ambuo
2193 5371 2361 5426 usque
2382 5355 2449 5411 ad
2485 5355 2705 5426 Juseph,
2736 5366 3004 5427 tamquam
3051 5357 3121 5414 de
3147 5357 3368 5416 homine
3414 5359 3627 5417 locutus
3674 5366 3788 5415 est.

1886 5469 2438 5529 COMMENTARIUS.

2188 5600 2324 5647 state
2352 5588 2675 5644 venerabilis
2705 5588 2909 5645 codicis
2933 5589 3218 5649 immutare
3246 5590 3533 5648 noluimus.

2180 5694 2195 5710 .-
2252 5661 2333 5735 (2)
2358 5658 2597 5735 Hominis
2618 5662 2975 5735 autent/igura
2987 5666 3196 5719 enititur
3223 5663 3490 5735 Mattheus
3516 5663 3797 5720 enuntiare

2178 5732 2321 5791 nobis
2348 5749 2504 5805 genus
2528 5732 2732 5790 Mariae.
2757 5732 2892 5792 Vide
2913 5746 2973 5792 ut
3002 5735 3172 5792 tradat
3196 5734 3506 5794 Matthteum
3523 5736 3797 5808 genealos

575 5590 654 5670 (l)
690 5592 1065 5670 Ferturuspro
1084 5592 1319 5670 laturus,_
1334 5603 1391 5651 et
1419 5592 1461 5651 si
1491 5606 1697 5670 none:
1745 5604 1846 5648 usu
1902 5606 2079 5670 gram-

506 5663 840 5737 maticorum,
881 5663 1155 5723 uti—etiam
1201 5666 1357 5735 paulo
1386 5677 1512 5721 ante
1541 5663 1700 5730 odire,
1748 5680 1844 5737 pro
1872 5664 2073 5731 odisse,

507 5742 762 5811 dicimus;
794 5736 1079 5799 lectionem
1114 5746 1292 5795 tamen
1322 5737 1545 5809 antiqui,
1577 5749 1631 5793 et
1652 5736 1885 5793 maxime
1916 5744 2069 5793 vetu-
