4020 6072
235 168 344 229 395

1366 158 1431 231 IN
1459 169 1932 234 APOCALYPSIN
1969 172 2030 232 Β.
2070 160 2372 234 lOANNlS.

3399 166 3508 240 326

236 291 357 348 ideo
385 290 696 362 prtedicatio
726 291 844 359 eius
864 290 1094 362 elllgiem
1110 291 1340 348 hominis
1374 295 1628 350 ostendit.
1655 295 1827 351 Lucas
1852 292 1904 354 Α
1931 309 2137 349 eorum.
2174 266 2312 350 ’Hmc
2363 294 2504 350 enim
2551 302 2690 352 tenet
2732 294 2967 353 Ecclesia
3015 294 3275 353 catholica
3308 313 3425 367 qum
3454 306 3509 352 et

232 384 592 441 sacerdotium
619 383 894 440 Zachariae
913 384 1185 441 olierentis
1215 387 1442 440 hostiam
1467 402 1564 455 pro
1598 388 1824 457 populo,

232 488 291 533 ct
336 492 683 549 apparentem
739 480 839 534 sibi
889 480 1137 549 angelum
1185 479 1311 533 dum
1339 487 1571 545 enarrat,
1612 490 1830 549 propter

235 570 599 628 sacerdotium
646 581 701 627 et
754 571 1004 638 hostium,
1061 572 1175 641 ipsa
1226 573 1626 641 conscriptione
1679 570 1828 626 vituli

239 666 361 721 tulit
405 665 713 736 imaginem.
767 664 1000 721 Joannes
1026 664 1368 735 Evangelista
1421 664 1612 735 aquilm
1640 664 1831 719 similis

236 742 531 828 assumptis
577 758 768 829 pennis
794 757 861 812 ad
902 758 1089 813 altiora
1139 758 1397 814 festinans
1421 758 1491 814 de
1530 756 1707 812 Verbo
1737 757 1829 812 Dei

231 850 491 921 disputat.
541 849 770 910 Marcus.
799 851 978 921 itaque
1027 849 1389 921 Evangelista,
1418 850 1496 904 sic
1525 849 1787 918 incipiens
1811 865 1827 903 :

232 941 452 998 Initium
484 940 755 1015 Evangelii
780 943 909 998 .lesu
935 943 1144 1010 Christi,
1202 942 1331 998 sicut
1361 947 1608 1012 scriptum
1650 949 1723 995 est
1775 940 1831 995 in

230 1036 395 1093 Esaia
421 1037 675 1109 propheta
697 1036 916 1109 (illam,
946 1053 985 1104 ι,
1008 1034 1065 1109 5)
1088 1054 1101 1092 :
1134 1035 1246 1092 Vox
1267 1038 1539 1091 clamantis
1566 1038 1619 1091 in
1636 1037 1831 1090 deserto

232 1128 416 1202 (Esa.,
443 1147 533 1196 χι..
555 1129 613 1203 ὅ)
647 1130 817 1185 leonis
846 1129 1005 1185 habet
1026 1130 1279 1201 efﬁgiem.
1312 1130 1593 1185 Matutinus
1617 1141 1829 1187 autem:

227 1219 388 1276 Liber
413 1224 752 1294 generationis
769 1221 896 1278 Jestt
909 1221 1099 1277 Christi
1122 1222 1219 1291 ﬁlii
1241 1220 1427 1286 David,
1450 1221 1547 1290 ﬁlii
1570 1221 1833 1277 Abraham

230 1314 448 1389 (Matth.
487 1333 525 1383 t,
560 1316 650 1385 1);
684 1314 799 1372 haec
838 1324 920 1371 est
965 1313 1129 1369 iacies
1171 1313 1426 1370 hominis.
1475 1313 1646 1369 Lucas
1701 1329 1831 1370 vero

226 1408 367 1464 dixit
393 1426 408 1462 :
444 1406 567 1461 Fuit
596 1407 851 1463 Sacerdos
882 1406 1085 1462 nomine
1125 1404 1412 1461 Zacharias
1438 1406 1501 1460 de
1524 1407 1630 1460 vice
1677 1405 1829 1473 Abiu,

228 1511 279 1556 et
302 1518 433 1556 uxor
460 1500 542 1555 illi
589 1501 654 1556 de
678 1499 882 1570 filiabus
920 1501 1094 1555 Aaron
1151 1499 1330 1572 (Luc.,
1363 1515 1402 1565 ι,
1433 1499 1528 1571 5),
1582 1501 1697 1555 hinc
1749 1505 1834 1556 est

227 1595 409 1668 imago
461 1594 635 1651 vituli.
687 1598 755 1650 At
781 1594 1017 1651 Joannes
1074 1610 1196 1651 cutn
1228 1595 1448 1665 incipit:
1480 1593 1549 1649 In
1578 1593 1832 1665 principio

1930 398 2082 442 antea
2108 389 2393 456 predicata.
2426 399 2476 443 et
2496 402 2679 460 postea
2711 402 3078 446 Consutnmata
3110 400 3255 445 sunt.
3280 387 3344 444 Et
3369 389 3512 443 volat

1931 481 2124 549 quippe
2152 488 2205 535 et
2236 480 2429 535 merito
2461 482 2662 535 tollitur
2684 498 2712 536 a
2741 489 2877 538 terra
2899 483 3073 539 vivum
3094 481 3303 538 animal.
3331 480 3514 538 Haere-

1933 573 2048 625 ticis
2073 583 2252 627 autem
2283 573 2371 641 qui
2410 574 2715 629 testimonio
2757 574 3068 646 prophetico
3116 592 3220 630 non
3269 582 3510 642 utuntur,

1932 664 2128 718 adsunt
2174 672 2229 720 et
2276 665 2353 719 eis
2398 665 2682 731 animalia,
2727 666 2819 721 sed
2871 683 2976 721 non
3007 667 3209 734 volant,
3241 666 3362 735 quia
3392 671 3518 719 sunt

1933 766 2160 811 terrena.
2196 756 2395 814 Iudaeis
2426 767 2604 812 autem
2632 758 2721 827 qui
2751 772 2854 813 non
2882 759 3151 829 accipiunt
3172 758 3301 815 Novi
3322 758 3516 814 Testa-

1932 851 2095 904 menti
2126 849 2579 918 praedicationem,
2613 851 2806 906 adsunt
2834 854 2952 916 alar,
2982 853 3074 907 sed
3101 867 3204 907 non
3235 852 3431 913 volant,
3463 848 3520 906 id

1932 950 2015 996 est
2061 941 2274 998 inanem
2309 942 2739 997 vaticinationem
2775 943 3079 999 hominibus
3107 943 3352 1007 afferunt,
3379 941 3520 1000 facta

1933 961 2015 996 85'.
2061 961 2274 998 manem
2309 961 2739 997 vaucmauonem
2775 961 3079 999 liOﬂlllllDUS
3107 961 3175 999 an
3240 961 3352 1007 Ulll,
3379 961 3520 1000 taeta

1933 1032 2091 1088 divtis
2121 1048 2225 1090 non
2270 1032 2630 1090 conferentes.
2660 1033 2795 1091 Sunt
2815 1046 2993 1091 autem
3026 1036 3141 1092 libri
3178 961 3392 1092 geteris
3417 1035 3522 1092 Te-

1933 1126 2188 1181 stamenti
2231 1128 2319 1198 qui
2372 1129 2700 1198 recipiuntur
2739 1130 2925 1200 viginti
2991 1139 3241 1200 quatuor,
3292 1143 3425 1202 quos
3469 1127 3524 1184 in

1935 1218 2195 1288 Epitomis
2240 1219 2508 1275 Theodori
2541 1221 2785 1277 invenies
2813 1220 2914 1294 (2).
2947 1220 3052 1278 Sed
3081 1230 3136 1277 et
3162 1222 3345 1293 viginti
3395 1236 3526 1291 qua-

1935 1319 2055 1364 tUor
2082 1312 2165 1380 (ut
2206 1310 2461 1384 diximus)
2497 1312 2741 1369 seniores
2771 1314 3109 1369 Patriarchas
3147 1324 3201 1369 et
3238 1314 3526 1385 Apostolos

1928 1402 2171 1474 judicare
2196 1404 2446 1473 populum
2471 1418 2624 1460 suum
2647 1405 3355 1477 oportetJntermgantibus
3380 1407 3524 1463 enim

1934 1496 2213 1569 Apostolis
2241 1506 2296 1553 et
2323 1498 2624 1556 dicentibus
2662 1516 2676 1554 :
2714 1498 2824 1554 Nos
2846 1500 3076 1555 omnibus
3103 1501 3287 1555 nostris
3318 1499 3525 1569 relictis,

1936 1592 2094 1646 secuti
2123 1608 2297 1646 sumus
2317 1599 2383 1657 te,
2417 1592 2538 1662 quid
2567 1592 2658 1647 erit
2688 1593 2832 1647 nobis
2870 1591 3109 1664 (Matth,
3140 1608 3249 1659 χιχ,
3283 1589 3373 1655 27,
3400 1590 3531 1665 28)?

227 1700 339 1745 erat
381 1687 614 1757 Verbum,
646 1697 693 1744 et
731 1680 946 1745 Verbum
973 1698 1079 1744 erat
1103 1690 1244 1758 apud
1274 1687 1469 1751 Deum,
1488 1697 1533 1743 et
1562 1686 1703 1743 Deus
1724 1695 1834 1742 erat
1861 1697 1911 1759 Β
1939 1686 2217 1756 respondit
2243 1687 2500 1740 Dominus
2529 1697 2713 1742 noster
2737 1704 2749 1739 ε
2777 1683 2907 1740 Cum
2934 1686 3117 1742 sederit
3145 1686 3284 1755 ﬁlius
3313 1686 3534 1741 hominis

238 1783 460 1840 Verbum
487 1785 692 1856 (Joan.,
742 1800 779 1849 ι,
816 1782 892 1854 1);
923 1784 1328 1840 similitudinem
1380 1782 1574 1853 aquilae
1602 1783 1831 1838 volantis

229 1877 493 1933 ostendit.
526 1875 644 1932 Non
672 1876 844 1931 solum
871 1884 1051 1930 autem
1081 1889 1208 1930 suas
1230 1874 1590 1945 Evangelistre
1618 1884 1832 1944 quater-

229 1988 331 2028 nas
361 1972 743 2029 similitudines
779 1974 831 2029 in
881 1973 993 2030 suis
1017 1972 1255 2029 exordiis
1282 1971 1694 2043 Evangeliorum
1734 1986 1832 2027 ex-

230 2066 496 2138 primunt,
532 2066 625 2122 sed
654 2077 708 2122 et
750 2067 925 2138 ipsum
949 2066 1183 2123 Verbum
1217 2066 1311 2122 Dei
1352 2065 1530 2122 Patris
1571 2066 1825 2135 omnipo-

232 2162 399 2219 tentis
425 2162 521 2233 qni
549 2172 633 2217 est
660 2162 799 2217 tilias
818 2161 957 2233 ejus,
994 2160 1251 2217 Dominus
1273 2169 1459 2217 noster
1486 2159 1645 2216 Jesus
1673 2159 1835 2216 Chri:

230 2266 355 2314 stus
385 2256 487 2313 lert
512 2256 729 2314 easdem
772 2256 1032 2324 imagines
1059 2256 1113 2310 in
1159 2264 1400 2327 tempore
1438 2255 1700 2310 adventus
1728 2254 1834 2312 sui.

234 2350 377 2408 Cum
408 2351 561 2407 nobis
584 2351 858 2423 praedicat,
884 2359 967 2406 est
988 2359 1256 2420 tamquam
1284 2351 1370 2404 leo
1398 2358 1454 2405 et
1483 2348 1695 2404 Catulus
1721 2346 1836 2402 leo-

238 2448 345 2501 nis.
385 2445 447 2500 Et
477 2460 599 2502 cum
626 2453 847 2514 propter
867 2444 1096 2499 salutem
1123 2443 1421 2504 hominum,
1447 2442 1609 2497 homo
1662 2440 1839 2494 factus

238 2551 347 2607 est,
370 2541 435 2595 ad
459 2549 687 2596 mortem
712 2538 1100 2595 deviucendam
1120 2547 1177 2593 et
1197 2537 1478 2592 universos
1498 2533 1830 2591 liberandos.

241 2634 480 2706 thuod
509 2651 568 2690 se
590 2635 762 2705 ipsum
790 2632 1043 2690 obtulctit
1074 2631 1305 2686 hostiam
1350 2629 1492 2684 Patri
1536 2643 1633 2700 pro
1661 2628 1836 2695 nobis,

239 2732 443 2786 vitulus
466 2728 639 2785 dictus
664 2737 765 2784 est.
793 2728 858 2783 Et
884 2725 1027 2798 quod
1053 2733 1279 2780 mortem
1299 2723 1632 2779 deviceritet
1653 2735 1846 2778 ascen-

243 2822 325 2879 dit
348 2824 401 2878 in
422 2823 612 2883 caelos.
645 2820 943 2877 extendens
971 2819 1083 2874 alas
1116 2831 1244 2873 snas
1292 2826 1346 2871 et
1386 2824 1677 2887 protegens
1725 2813 1843 2884 ple-

245 2918 372 2973 hem
418 2930 571 2971 suam
596 2955 611 2980 ,
638 2914 812 2986 aquila
853 2914 1040 2969 voians
1085 2904 1388 2967 nominatus
1440 2920 1543 2967 est.
1579 2909 1672 2964 liae
1716 2920 1849 2978 ergo

247 3009 680 3082 praedicationes,
704 3006 950 3078 quamvis
969 3013 1197 3076 quatuor
1224 3004 1353 3071 sint,
1378 3018 1481 3057 una
1522 3009 1608 3057 est
1644 3011 1843 3065 tamen,

1934 1797 2090 1851 super
2116 1780 2282 1834 sedem
2301 1781 2480 1850 gloria:
2496 1796 2620 1844 sure,
2642 1780 2876 1836 sedebitis
2901 1790 2948 1835 et
2973 1798 3062 1836 vos
3090 1797 3242 1851 super
3267 1780 3534 1837 duodecim

1934 1872 2212 1926 tribunalia
2235 1873 2529 1944 judicantes
2559 1873 2827 1928 duodecim
2855 1873 3011 1929 tribus
3035 1871 3219 1928 Israel.
3252 1873 3359 1931 Sed
3384 1884 3438 1929 et
3467 1872 3536 1929 de

1936 1965 2173 2034 patribus
2209 1966 2298 2034 qui
2345 1964 2632 2035 judicaturi
2669 1974 2812 2033 sunt,
2852 1965 2927 2021 ait
2973 1963 3139 2022 Iacob
3186 1965 3533 2037 patriarcha:

1934 2055 2057 2111 Dan
2090 2055 2348 2127 judicabit
2370 2068 2419 2112 et
2438 2059 2549 2128 ipse
2579 2059 2826 2130 populum
2850 2075 2999 2114 suum
3026 2060 3157 2115 inter
3182 2064 3367 2129 fratres
3394 2075 3533 2125 suos,

1934 2149 2066 2203 sicut
2089 2159 2136 2203 et
2163 2167 2267 2204 una
2283 2150 2444 2205 tribus
2468 2151 2524 2205 in
2549 2149 2718 2206 Israel
2739 2149 2917 2225 (Gem,
2950 2166 3094 2221 XLIX,
3127 2149 3238 2224 16).

2011 2262 2066 2319 5.
2100 2260 2168 2317 Ει
2197 2280 2229 2317 a
2254 2263 2373 2319 sede
2397 2264 2736 2335 procedebant
2756 2266 2967 2339 fulgura
2995 2275 3043 2321 et
3077 2282 3220 2321 voces
3239 2275 3288 2321 et
3314 2267 3541 2322 tonitrua

1938 2364 1985 2410 et
2009 2367 2199 2427 septem
2219 2357 2408 2427 facula:
2428 2358 2560 2429 ignis
2577 2358 2830 2413 ardentes.
2854 2357 3206 2416 Procedentia
3226 2369 3407 2416 autem
3437 2360 3540 2415 ful-

1939 2464 2068 2519 gura
2094 2458 2149 2504 et
2176 2464 2336 2505 voces
2362 2462 2414 2505 et
2442 2449 2674 2506 tonitrua
2703 2466 2732 2506 a
2760 2451 2899 2507 solio
2932 2453 3043 2519 Dei,
3073 2462 3128 2509 et
3150 2461 3359 2524 septem
3386 2452 3533 2511 faces

1942 2540 2081 2610 ignis
2109 2540 2361 2597 ardentes
2387 2542 2689 2614 signiﬁcant
2720 2544 3130 2616 praedicationes
3160 2555 3215 2601 et
3243 2547 3539 2616 repromiso

1951 2635 2133 2690 siones
2169 2634 2495 2707 adoptionis,
2528 2647 2581 2692 et
2609 2636 2800 2692 minas.
2834 2636 2963 2693 Nam
3005 2639 3208 2710 lulgura
3251 2641 3541 2698 adventum

1948 2727 2157 2783 Domini
2200 2728 2520 2799 significant.
2578 2728 2753 2785 Voces
2799 2742 2974 2785 autem
3018 2718 3165 2786 Novi.
3209 2731 3541 2789 Testamenti

1947 2819 2362 2890 prmdicationes
2428 2821 2684 2877 Tonitrua
2731 2834 2908 2878 autem
2955 2823 3098 2893 quod
3136 2824 3374 2880 coelestia
3419 2835 3545 2881 sunt

1949 2913 2132 2967 verba.
2180 2912 2350 2968 Faces
2378 2913 2517 2985 ignis
2565 2913 2818 2970 ardentes
2855 2915 3054 2970 donum
3094 2912 3328 2986 Spiritus
3375 2915 3549 2973 sancti

1949 3007 2093 3077 quod
2134 3007 2183 3062 id
2217 3008 2374 3079 ligno
2415 3009 2680 3079 passionis
2721 3020 2803 3064 est
2837 3008 3123 3064 redditum.
3157 3010 3224 3065 Et
3265 3024 3385 3065 cum
3433 3010 3548 3065 htec

247 3103 370 3175 quia
390 3102 461 3158 de
500 3116 606 3157 uno
633 3116 725 3156 ore
758 3099 1040 3170 processit.
1086 3096 1233 3153 Sicut
1259 3094 1463 3151 'ﬂuvius
1490 3094 1542 3148 in
1590 3092 1842 3164 Paradiso
1868 3096 1915 3161 (Σ
1948 3099 2159 3167 ﬂerent,
2182 3099 2445 3155 cecidisse
2465 3100 2595 3157 dicit
2618 3101 2897 3157 universos
2928 3103 3159 3172 majores
3184 3113 3336 3170 natu,
3354 3112 3404 3158 et
3419 3101 3550 3159 ado-

251 3208 374 3250 cum
406 3194 478 3248 sit
506 3206 662 3259 unus,
696 3192 746 3246 in
796 3198 1025 3262 quatuor
1061 3199 1237 3259 partes
1283 3188 1487 3243 divisus
1532 3195 1633 3241 est.
1656 3184 1854 3241 Oculos

253 3297 435 3342 autem
473 3287 615 3341 intus
645 3295 697 3339 et
726 3283 854 3338 loris
880 3281 1079 3337 habere
1104 3295 1169 3337 ea
1212 3279 1463 3334 animalia
1508 3278 1564 3333 in
1594 3276 1853 3347 praedica-

256 3384 459 3439 tionem
507 3383 640 3438 Novi
665 3379 1038 3445 Testatnenti;
1073 3379 1467 3449 providentiam
1521 3377 1853 3448 spiritualem

256 3476 496 3532 ostendit
534 3492 652 3546 quae
681 3484 735 3529 et
759 3484 963 3530 secreta
993 3473 1171 3528 cordis
1217 3471 1455 3542 inspicit,
1484 3481 1539 3526 et
1591 3486 1852 3541 superve-

257 3573 462 3628 nientia
493 3571 636 3627 videt
659 3586 777 3641 qua:
801 3580 924 3625 sunt
948 3569 1092 3623 intus
1118 3578 1171 3623 et
1199 3566 1348 3623 l‘oris.

334 3689 391 3745 8.
420 3687 542 3742 Alas
572 3703 736 3742 senas.
759 3683 1090 3741 Tcstimonia
1132 3691 1258 3738 sunt
1287 3679 1496 3737 Veteris
1527 3679 1858 3737 Testamenti

260 3782 546 3839 librorum.
571 3778 695 3833 idco
727 3776 910 3848 viginti
933 3788 987 3832 et
1007 3782 1236 3846 quatuor
1266 3772 1488 3829 totidem
1519 3772 1721 3830 faciunt
1752 3772 1854 3845 (l),

262 3885 396 3949 quot
449 3882 572 3929 sunt
615 3871 856 3927 seniores
908 3886 1069 3940 super
1099 3867 1405 3947 (tribunalia
1452 3867 1721 3923 sedentes.
1752 3866 1859 3923 Sed

264 3971 403 4025 sicut
436 3964 633 4021 animal
674 3966 854 4019 volare
904 3978 1007 4017 non
1039 3971 1215 4033 potest
1270 3961 1369 4016 nisi
1411 3976 1615 4031 pennas
1641 3959 1859 4029 habent,

267 4064 366 4127 sic,
422 4075 520 4115 nec
550 4057 856 4130 prmdicatio
903 4053 1036 4110 Novi
1077 4052 1409 4110 Testamenli
1460 4052 1616 4106 iidem
1676 4049 1855 4121 habet,

269 4156 374 4212 nisi
428 4154 621 4209 habeat
671 4150 881 4206 Veteris
933 4146 1264 4205 Testatucnti
1338 4146 1692 4216 pra-nuntiata
1750 4154 1861 4198 tes-

272 4248 518 4313 timonia,
566 4260 657 4316 per
702 4260 821 4314 qua:
851 4240 1054 4297 tollitur
1082 4257 1111 4295 τι
1155 4250 1291 4295 terra
1334 4247 1388 4293 et
1431 4237 1595 4291 Volat.
1640 4235 1863 4306 Semper

270 4344 436 4407 enim,
464 4340 604 4409 quod
636 4347 759 4392 ante
799 4336 995 4391 dictum
1026 4346 1126 4401 εει,
1175 4339 1228 4386 et
1257 4338 1439 4402 postea
1472 4327 1665 4383 factum
1711 4330 1862 4385 inve-

273 4436 439 4499 nitur,
485 4431 616 4487 illud
670 4429 827 4485 tidem
878 4428 1003 4484 facit
1047 4423 1473 4482 indubitabilem.
1527 4422 1756 4480 Rursum
1810 4432 1866 4481 et

1958 3209 2106 3250 rasse
2134 3194 2440 3263 Dominum,
2469 3210 2591 3250 cum
2622 3195 2813 3251 darent
2837 3197 2914 3252 illi
2944 3196 3196 3252 animalia
3234 3198 3461 3270 gloriam
3493 3207 3550 3255 et

1957 3287 2242 3355 honorem,
2274 3286 2327 3343 id
2354 3295 2439 3343 est
2469 3288 2786 3360 Evangelica
2815 3290 2955 3345 actio
2983 3290 3190 3347 scilicet
3219 3300 3272 3346 et
3306 3290 3551 3350 doctrina

1958 3379 2168 3460 Domini
2182 3378 2265 3452 (5)
2287 3396 2408 3435 cttm
2436 3381 2783 3452 ademplisset
2804 3390 2929 3439 ante
2952 3398 3044 3453 per
3065 3382 3186 3439 illos
3213 3386 3551 3455 prainuntia-

1961 3483 2069 3528 tum
2101 3474 2346 3539 verbum,
2398 3473 2559 3545 digne
2604 3476 2906 3547 meritoque
2940 3476 3221 3532 essultant
3259 3478 3552 3536 sentientes

1960 3577 2165 3622 secreta
2197 3578 2252 3622 et
2292 3567 2515 3624 verbum
2569 3568 2781 3624 Domini
2826 3570 3182 3627 ministrasse.
3234 3572 3473 3645 Denique
3498 3582 3556 3632 ct

1963 3660 2087 3728 quia
2116 3666 2339 3715 venerat
2385 3661 2475 3732 qui
2522 3670 2751 3717 mortem
2806 3662 3158 3735 disjungeret,
3204 3674 3258 3721 et
3297 3681 3554 3725 coronam

1962 3753 2379 3810 immortalitatis
2404 3756 2553 3811 solus
2580 3755 2772 3826 dignus
2792 3771 3053 3827 sumeret,
3078 3776 3267 3821 omnes
3290 3763 3558 3822 habebant

1964 3858 2060 3918 pro
2085 3846 2254 3918 gloria
2275 3848 2451 3917 aliqua
2475 3862 2627 3905 aetus
2654 3851 2736 3906 sui
2766 3852 2951 3923 optimi
2974 3869 3224 3913 coronas.

2040 3959 2126 4015 10.
2161 3959 2229 4014 Et
2274 3963 2596 4032 proiecerunt
2644 3981 2860 4023 coronas
2903 3984 3021 4024 suas
3047 3969 3141 4025 sub
3170 3970 3383 4039 pedibus
3421 3973 3553 4044 ejus.

1966 4051 2021 4108 Id
2049 4064 2148 4119 est,
2184 4066 2401 4126 propter
2428 4063 2752 4128 eminentem
2792 4060 3016 4131 gloriam
3055 4062 3293 4119 victoria:
3331 4064 3551 4133 Christi,

1966 4163 2155 4204 omnes
2214 4149 2461 4205 victorias
2505 4168 2631 4207 suas
2682 4153 3025 4223 projecerunt
3066 4152 3147 4227 (ί)
3188 4156 3289 4211 sub
3334 4156 3559 4223 pedibus

1968 4245 2102 4313 ejus.
2156 4244 2269 4301 Hoc
2309 4256 2387 4301 est
2415 4246 2557 4316 quod
2598 4247 2652 4302 in
2691 4248 2972 4319 evangelio
3020 4251 3285 4322 supplevit
3330 4252 3558 4325 Spiritus

1969 4348 2184 4393 sanctus
2223 4339 2577 4396 ostendendo.
2609 4340 2743 4398 Cum
2771 4342 2937 4411 enim,
2967 4359 3221 4414 passurus
3246 4348 3556 4416 novissime,

1974 4432 2177 4487 venriet
2213 4431 2611 4505 ilierosolyntas
2642 4434 2904 4493 Dominus
2936 4450 3153 4507 noster,
3186 4449 3239 4495 et
3262 4442 3463 4498 exisset
3487 4441 3561 4497 illi

274 4531 377 4586 alae
398 4528 441 4584 si
468 4544 571 4582 non
603 4526 841 4581 haereant
869 4520 1203 4587 animalibus,
1249 4521 1410 4573 vitam
1440 4517 1578 4573 unde
1625 4519 1865 4588 trahant,
1893 4501 1947 4561 Ῑ)
1976 4526 2204 4596 populus
2233 4524 2469 4591 obviam,
2500 4526 2590 4581 alii
2619 4530 2856 4597 praecisis
2897 4533 3059 4588 ramis
3100 4534 3391 4602 palmarum
3419 4537 3561 4591 viam

278 4648 386 4687 non
416 4632 633 4687 habent.
660 4629 769 4684 Nisi
793 4627 934 4683 enim
958 4642 1076 4699 qua:
1106 4607 1465 4697 praedixerunt
1492 4626 1791 4698 propheta},
1815 4619 1870 4675 in

278 4724 499 4782 Christo
538 4732 721 4779 essent
759 4729 1149 4787 consummata,
1195 4719 1368 4775 inanis
1403 4729 1521 4776 erat
1564 4714 1873 4789 praedicatio

1978 4619 2290 4675 sternebant
2318 4620 2402 4673 alii
2426 4621 2635 4677 tunicas
2660 4636 2785 4677 suas
2800 4623 3174 4693 subjiciebant;
3196 4626 3334 4685 duos
3356 4625 3564 4684 scilicet

1980 4713 2205 4785 populos
2256 4712 2635 4784 ostendentes,
2679 4732 2841 4771 unum
2887 4718 3347 4790 patriarcharum,
3394 4722 3564 4779 alium

1654 4828 2217 4888 COMMENTARIUS.

285 4960 431 5034 giam
453 4953 602 5034 nobis
629 4954 942 5034 Marianum
964 4950 1159 5006 Christi
1176 4947 1505 5034 describere,
1524 4960 1681 5002 secus
1707 4954 1868 5016 atque

285 5023 467 5100 fusior
485 5030 639 5085 hodie
667 5026 1053 5095 Theologqrum
1086 5036 1211 5095 pars
1239 5023 1508 5100 opinatur.

365 5091 446 5173 ('1)
495 5101 615 5155 Ideo
651 5100 825 5173 viginti
863 5091 909 5152 Et
948 5091 1165 5173 qttutuor
1203 5091 1661 5173 tondent-faciunt
1682 5128 1705 5173 ._
1751 5097 1871 5173 quot

286 5160 779 5233 sunt'seniores.uln
811 5160 1173 5235 manuscripto
1203 5164 1271 5217 ita
1313 5162 1604 5234 legebatur,
1636 5160 1765 5235 Ideo
1793 5162 1870 5214 vi-

287 5247 420 5317 ginti
446 5254 493 5299 et
515 5255 728 5314 quatuor
756 5242 949 5314 faciunt
969 5248 1041 5317 tot
1063 5233 1347 5317 numerumz
1372 5233 1496 5317 quot
1525 5244 1573 5288 et
1599 5233 1823 5317 seniores
1854 5247 1873 5297 ,°

286 5307 382 5391 'qui
413 5307 569 5372 error
605 5325 660 5370 et
683 5307 877 5391 _si'non
910 5328 940 5365 a
973 5308 1223 5391 librario,_
1256 5307 1359 5391 sed
1397 5308 1466 5361 ab
1496 5318 1713 5391 auctore
1761 5307 1875 5391 ipso

290 5374 543 5446 manasse
570 5386 881 5457 credendus,
912 5391 1030 5445 est;
1068 5379 1315 5436 eumdem
1346 5386 1543 5457 tamen,
1568 5374 1708 5457 quod
1754 5388 1878 5457 cum

292 5468 443 5517 recta
493 5456 997 5531 loquendi_ratione
1044 5460 1276 5531 pugnet,
1323 5449 1597 5531 additione
1638 5447 1879 5531 adverbii

294 5530 529 5597 tandm,
550 5518 633 5595 ac,
660 5538 736 5594 et,
764 5528 817 5582 ia
839 5535 977 5591 sunt,
999 5518 1240 5590 verbum,
1266 5520 1563 5576 mutatione
1580 5518 1876 5575 tollendum

294 5616 489 5660 censui
499 5641 511 5655 .

372 5671 456 5746 (2)
505 5670 569 5746 In
608 5671 838 5746 epitomis
891 5665 1150 5746 Theodori
1191 5666 1429 5746 invenies.
1484 5661 1877 5746 interciderunt

300 5734 450 5805 sicut
492 5743 593 5800 alia
636 5734 1030 5816 'pleraqueviri
1058 5738 1219 5811 huius
1266 5738 1642 5805 monimenta;
1673 5734 1742 5791 de
1768 5748 1876 5805 quo

1972 4941 2243 5032 quidtibi
2283 4951 2557 5032 procer-to
2598 4943 2825 5032 referam
2876 4949 3200 5032 non‘haheo
3243 4962 3563 5032 :namuquo

1976 5015 2430 5089 tninnseumdem
2452 5016 2850 5075 lleracliensem
2875 5031 2968 5076 aut
2983 5022 3377 5084 Antiochenam
3405 5015 3555 5089 illt'mi

1976 5085 2408 5164 essequiﬁrmem,
2440 5089 2581 5164 ratio
2603 5099 2901 5161 temporum
2922 5094 3240 5164 refragatur.

2048 5157 2125 5230 (5)
2158 5157 2227 5211 Id
2253 5168 2327 5212 est
2355 5160 2644 5235 evangelica
2674 5157 2823 5235 actio
2864 5172 2911 5217 et
2937 5157 3167 5223 doctr'inu
3196 5167 3421 5229 Domini.
3455 5174 3567 5235 Nos

1978 5229 2033 5317 i'n
2061 5229 2253 5317 quarto
2273 5244 2401 5285 casu
2422 5229 2556 5317 haec.
2572 5234 2731 5288 verba
2778 5235 3078 5317 legendam
3105 5256 3202 5309 pro
3228 5229 3563 5317 Evangelich

1985 5301 2265 5375 Evangelia
2310 5302 2651 5359 scribendum
2679 5319 2800 5359 esse
2833 5301 3248 5367 existimamus.
3299 5301 3568 5375 Caeterum

1981 5372 2052 5427 de
2076 5388 2147 5456 eo
2168 5387 2266 5426 suo
2294 5376 2519 5456 quisque
2537 5376 2795 5456 judicaltit
2814 5378 3037 5456 arbitrio
3061 5399 3073 5435 :
3096 5400 3225 5456 nam
3252 5387 3379 5456 quid
3407 5404 3471 5444 ex
3502 5372 3569 5447 Ei

1985 5454 2249 5500 structura
2297 5447 2582 5501 verborum
2624 5447 2923 5520 intelligas,
2968 5452 3236 5525 dispicere
3267 5447 3416 5515 ’διας
3460 5476 3571 5518 non

1982 5531 2287 5587 possumus.

2054 5585 2134 5658 (4)
2154 5586 2343 5669 ρηιηεδ
2362 5587 2595 5669 victorias
2621 5604 2739 5644 suas
2760 5594 3113 5669 projecerttnt.
3138 5595 3317 5655 Verba
3338 5598 3428 5656 illa
3455 5619 3578 5662 suas

1980 5667 2034 5715 et
2054 5660 2371 5742 projecerunt
2396 5660 2461 5743 de
2484 5670 2669 5743 nostro
2707 5660 3049 5743 a_ddidimus_._
3069 5668 3303 5743 victoria
3358 5660 3580 5743 praeter;

1980 5745 2040 5788 ea
2070 5744 2165 5801 pro
2192 5745 2298 5802 quo
2323 5729 2587 5787 victoriam
2609 5733 2905 5809 legebatur,
2935 5729 3087 5798 nullo
3117 5729 3589 5820 (iudicio-nosne)
