4020 6072
464 197 570 256 3‘27

1667 202 1726 260 S.
1762 199 2100 266 VIC'TORINI
2138 209 2425 271 SCHOLIA

3632 212 3738 269 528

465 311 840 385 prophetarum
861 352 878 380 ,
919 327 1233 387 magnorum
1261 314 1469 371 scilicet
1493 315 1730 372 virorum
1769 321 1858 390 qui
1890 338 2044 390 «ptas-
2072 330 2120 387 Α
2150 342 2306 396 quam
2324 327 2407 382 leo
2428 325 2960 398 contregitmortem,
2990 333 3046 382 et
3061 339 3181 394 qute
3200 324 3268 383 de
3281 339 3350 384 eo
3377 329 3737 398 praenuntiata

463 420 696 477 cumque
724 405 985 463 habebant
1013 408 1218 478 palmas
1241 408 1582 464 victoriarum
1610 427 1826 466 snarunt
1858 425 2046 470 contra

466 507 764 569 peccatum,
807 498 997 554 victori
1041 501 1280 555 omnium
1310 498 1546 566 Christo,
1579 517 1672 556 eas
1701 503 1799 557 sub
1827 505 2049 572 pedibus

460 590 755 662 jactabant.
797 592 976 647 Palma
1002 603 1180 649 autem
1209 605 1263 650 et
1289 609 1489 650 corona
1526 595 1666 651 idem
1708 596 2052 666 signiﬁcant,

464 698 586 756 qua:
614 702 719 741 non
748 684 942 741 dantur
968 685 1068 741 nisi
1093 686 1303 743 victori.
1605 674 1610 680 ’

1044 794 1114 834 EX
1150 794 1342 835 ωριτε
1384 796 1434 835 ν.

537 871 588 927 1.
622 867 687 924 Et
718 870 821 926 vidi
849 871 902 927 in
932 872 1141 929 dextera
1169 875 1390 930 sedentis
1429 893 1580 946 super
1607 878 1829 933 tribunal
1867 880 2052 934 librum

464 963 708 1032 scriptum
732 964 869 1018 intus
889 975 936 1020 et
963 967 1110 1038 foris,
1149 969 1405 1037 signatum
1437 969 1622 1040 sigillis
1651 982 1860 1042 septem.
1894 972 2054 1028 Liber

468 1056 554 1111 hic
583 1055 747 1113 Vetus
776 1056 1179 1114 Testamentum
1206 1060 1490 1130 signiﬁcat,
1520 1062 1660 1132 quod
1683 1075 1767 1117 est
1797 1064 1978 1118 datum
1999 1065 2051 1120 in

469 1150 716 1206 manibus
764 1151 969 1207 Domini
1002 1152 1174 1210 nostri
1211 1153 1366 1210 lesus
1392 1154 1610 1223 Christi,
1654 1156 1743 1226 qui
1781 1157 1986 1227 accepit
2023 1171 2051 1210 a

466 1238 625 1298 Patre
645 1241 929 1309 judicium.

535 1334 592 1402 2,
618 1337 670 1392 5.
707 1336 770 1391 Et
797 1338 899 1392 vidi
941 1339 1190 1411 Angelum
1227 1341 1544 1412 fortitudinis
1581 1342 1819 1412 plenum,
1860 1342 2052 1412 praedi-

467 1439 662 1482 cantem
681 1446 801 1484 voce
829 1447 1014 1502 magna
1043 1449 1062 1486 :
1091 1433 1216 1500 Quis
1241 1443 1313 1488 est
1343 1434 1526 1504 dignus
1551 1436 1749 1504 aperire
1772 1435 1978 1500 librum,
2008 1443 2056 1488 et

466 1520 656 1574 solvere
684 1521 947 1591 signacula
982 1523 1136 1594 ejus?
1158 1536 1204 1578 et
1226 1541 1370 1579 nemo
1396 1526 1626 1581 inventus
1655 1537 1726 1580 est
1754 1526 1938 1597 dignus
1967 1542 2054 1580 ne-
2090 1530 2094 1534 ’

466 1627 561 1684 que
586 1615 638 1667 in
669 1615 794 1670 caelo
823 1631 982 1685 neque
1005 1618 1058 1669 in
1087 1625 1242 1683 terra,
1271 1634 1429 1686 neque
1450 1619 1616 1672 subter
1644 1629 1830 1673 terram
1859 1619 2056 1688 aperire

2153 419 2364 474 fuerant
2386 421 2633 490 replevit.
2658 429 2713 476 et
2743 422 3011 475 hominem
3045 419 3310 486 liberavit,
3332 421 3380 475 id
3410 432 3494 478 est
3516 437 3736 478 carnem

2151 513 2220 570 de
2232 527 2424 581 ntorlc,
2447 524 2502 570 et
2517 514 2723 585 accepit
2740 516 3132 585 possessionem
3150 515 3499 571 subsuntiam
3514 516 3742 572 morien-

2154 614 2242 675 tis,
2267 610 2316 665 id
2340 621 2419 665 est
2442 610 2802 666 membrorum
2823 609 3199 666 humanorum.
3217 607 3288 667 Ut
3304 610 3550 682 sicutper
3571 627 3736 667 unum

2152 717 2349 773 corpus
2374 718 2562 759 omnes
2593 703 2840 758 homines
2859 703 3040 759 debito
3062 703 3248 759 mortis
3272 719 3382 759 sua:
3411 703 3736 771 ceciderant,

2154 813 2251 868 per
2282 814 2443 853 unum
2472 802 2632 853 etiam
2673 813 2870 868 corpus
2903 799 3135 855 universi
3167 798 3449 854 credentes
3483 798 3655 854 renati
3682 797 3740 853 in

2154 890 2316 944 vitam
2346 900 2710 962 resnrgerent.
2735 891 2926 946 Merito
2943 906 3070 962 ergo
3089 891 3252 947 l'acies
3273 890 3402 946 Mosi
3427 891 3665 962 aperitur
3684 899 3743 946 et

2153 984 2454 1051 revelatur;
2504 983 2729 1055 ideoque
2778 984 3164 1056 Apocalypsis,
3210 983 3485 1039 Revelatio
3519 983 3730 1039 dicitur.

2155 1075 2312 1132 Modo
2344 1078 2488 1131 enim
2528 1077 2663 1132 liber
2687 1076 2803 1147 ejus
2831 1078 3156 1148 resignatur,
3183 1077 3346 1133 modo
3375 1078 3561 1133 hostiae
3589 1077 3743 1132 obla-

2158 1169 2318 1224 tionis
2345 1169 2740 1240 intelliguntur,
2768 1169 2928 1224 modo
2947 1169 3288 1226 sacerdotum
3309 1170 3557 1225 chrismze
3575 1169 3738 1226 fabri-

2155 1264 2328 1329 catio;
2359 1264 2453 1319 sed
2483 1273 2537 1318 et
2563 1264 2864 1319 testimonia
2886 1271 3070 1334 aperte
3101 1265 3487 1335 intelliguntur.

2227 1358 2282 1422 8,
2314 1356 2370 1411 9.
2423 1355 2615 1428 Viginti
2665 1366 2884 1428 quatuor
2923 1358 3145 1412 seniores
3174 1366 3220 1412 et
3245 1365 3462 1424 quatuor
3497 1357 3743 1413 animalia

2155 1453 2380 1507 citharas
2404 1462 2455 1508 et
2493 1453 2695 1522 phialas
2726 1453 2985 1519 habentes,
3019 1461 3063 1506 et
3085 1462 3343 1508 cantantes
3365 1453 3615 1508 canticum
3643 1470 3740 1508 no-

2157 1563 2293 1601 vum.
2335 1547 2635 1618 Conjuncta
2673 1546 2881 1602 Veteris
2911 1545 3242 1602 Testatncnti
3271 1547 3579 1617 przedicatio
3617 1564 3740 1604 cum

2157 1653 2318 1703 novo,
2342 1639 2597 1709 populum
2616 1637 2966 1693 christianum
2996 1637 3264 1708 signiﬁcat
3289 1648 3588 1695 cantantem
3615 1656 3743 1695 ean-

466 1707 669 1764 librum.
700 1710 920 1780 Aperire
939 1723 1117 1767 autem
1146 1713 1340 1767 librntn
1361 1721 1464 1781 est,
1499 1729 1592 1783 per
1621 1711 1890 1768 hominem
1908 1728 2054 1768 mor—

2164 1732 2321 1788 ticum
2351 1748 2568 1796 novum,
2596 1732 2647 1787 id
2676 1741 2759 1788 est
2774 1730 3166 1790 confessionem
3195 1749 3344 1789 suam
3378 1732 3589 1804 publice
3613 1749 3744 1790 con-

468 1810 574 1857 tem
604 1795 910 1860 devincere.

537 1896 592 1951 4.
627 1895 741 1951 Hoc
781 1897 965 1969 dignus
996 1900 1163 1968 facere
1201 1917 1346 1956 nemo
1387 1910 1460 1955 est
1504 1901 1754 1958 inventus.
1792 1899 1975 1972 Neque
2002 1900 2054 1957 in

466 1988 671 2062 angelis
701 1991 769 2046 de
793 1993 969 2060 ςωιυ,
1002 2009 1174 2064 neque
1219 1995 1270 2048 in
1313 1994 1618 2049 hominibus
1660 1995 1712 2048 in
1762 2006 1921 2060 terra,
1957 2010 2057 2050 nec

468 2082 609 2141 inter
634 2086 840 2141 animas
870 2097 1178 2142 sanctorum
1207 2089 1259 2141 in
1285 2090 1486 2159 requie,
1519 2089 1620 2143 nisi
1644 2090 1789 2144 solus
1812 2088 2058 2144 Christus

465 2175 633 2233 Filius
652 2175 768 2245 Dei,
790 2195 946 2248 quem
965 2179 1095 2234 dicit
1115 2180 1312 2236 vidisse
1327 2196 1520 2251 agnum
1537 2191 1766 2236 stantem
1787 2192 2055 2252 tamquam

466 2273 728 2338 occisum,
773 2268 1060 2328 habentem
1092 2288 1292 2327 cornua
1335 2283 1562 2343 septem.
1596 2273 1748 2341 Quod
1794 2291 1897 2329 non
1940 2285 2057 2332 erat

474 2370 599 2420 tunc
623 2363 988 2434 praedicatum,
1013 2375 1067 2421 et
1083 2366 1340 2436 quidquid
1371 2383 1464 2437 per
1487 2368 1660 2422 varias
1687 2369 1983 2426 oblationes
2003 2379 2057 2425 et

465 2457 752 2523 sacriﬁcia,
802 2459 888 2514 lex
933 2459 985 2513 itt
1035 2460 1184 2514 illum
1227 2460 1480 2516 meditata
1528 2461 1718 2527 fuerat,
1753 2464 1925 2532 ipsum
1958 2465 2057 2518 im-

471 2552 620 2621 plere
637 2550 940 2621 oportebat.
962 2553 1027 2607 Et
1051 2553 1175 2624 quia
1198 2554 1311 2622 ipse
1327 2564 1442 2609 erat
1460 2563 1688 2609 testator
1711 2557 1800 2626 qui
1827 2570 2055 2612 mortem

465 2642 758 2711 devicerat,
793 2645 963 2715 ipsum
1001 2656 1117 2699 erat
1148 2644 1350 2715 justum
1382 2647 1636 2702 constitui
1668 2648 1921 2703 heredem
1955 2649 2058 2703 Do-

465 2738 619 2803 mini,
643 2749 698 2794 ιιι
717 2738 1018 2810 possideret
1037 2740 1362 2795 subtantiam
1384 2743 1688 2807 morientis,
1714 2742 1765 2797 id
1783 2752 1866 2798 est
1882 2759 2055 2798 mem-

465 2828 560 2886 bra
585 2829 842 2886 humana.

536 2926 592 2983 5.
641 2925 775 2981 Ecce
802 2925 918 2981 vicit
951 2925 1027 2982 leo
1056 2927 1119 2981 de
1139 2927 1271 2981 tribu
1313 2923 1474 2990 Juda.
1499 2928 1651 2983 radix
1681 2926 1866 3003 Dauid.
1907 2928 2060 2985 Hunc

470 3019 683 3077 leonem
712 3021 780 3076 de
815 3021 954 3076 tribu
982 3020 1118 3077 Juda
1147 3021 1339 3077 vicisse
1374 3021 1425 3076 in
1455 3020 1654 3077 Genesi
1694 3021 1935 3092 legimus,
1969 3023 2059 3077 ubi

2160 1829 2439 1883 ferentem.
2490 1827 2697 1883 Novum
2749 1837 2860 1894 est,
2909 1827 3074 1882 ﬁlium
3124 1827 3215 1884 Dei
3275 1827 3546 1885 hominem
3604 1829 3740 1884 ﬁeri.

2157 1919 2364 1976 Novum
2392 1929 2494 1985 est,
2527 1936 2646 1976 cum
2669 1934 2895 1991 corpore
2923 1921 2978 1976 in
3003 1919 3170 1976 caelos
3195 1919 3506 1977 ascendere.
3533 1919 3742 1977 Novum

2159 2026 2261 2080 e5t,
2282 2014 2650 2071 remissionem
2671 2023 3008 2084 peccatorum
3024 2014 3325 2070 hominibus
3340 2014 3490 2071 dare.
3508 2014 3739 2085 Novum,

2158 2119 2346 2163 sancto
2374 2107 2576 2177 Spiritu
2600 2105 2800 2178 signari
2828 2107 3091 2163 homines.
3121 2106 3324 2163 Novum
3361 2117 3465 2175 cst,
3493 2107 3744 2164 sacerdo-

2160 2201 2290 2255 tium
2332 2201 2578 2270 accipere
2627 2216 2796 2257 sacra:
2832 2200 3255 2268 observationis,
3299 2211 3354 2258 et
3389 2216 3610 2274 regnum
3642 2217 3740 2258 ex-

2158 2303 2404 2362 spectare
2425 2291 2704 2347 immensae
2744 2292 3197 2361 repromissionis.
3231 2290 3444 2348 Cithara
3468 2305 3518 2349 et
3541 2293 3742 2350 chorda

2159 2387 2214 2440 in
2257 2386 2397 2458 ligno
2442 2396 2662 2442 extensa
2712 2387 2976 2458 signiﬁcat
3003 2402 3220 2443 carnem
3245 2384 3442 2443 Christi
3477 2388 3742 2460 passionis

2158 2479 2300 2543 ligno
2339 2479 2700 2550 conjunctam.
2748 2480 2926 2535 Phiala
2956 2481 3380 2548 confessionem,
3413 2490 3465 2538 et
3495 2482 3615 2534 novi
3648 2496 3739 2538 sa-

2158 2570 2380 2627 cerdotii
2431 2573 2796 2644 propaginem.
2839 2572 3165 2643 Angelorum
3202 2582 3379 2628 autem
3427 2574 3734 2644 multorum,

2159 2664 2324 2720 immo
2367 2666 2604 2720 omnium
2643 2667 2778 2732 laus,
2818 2668 3055 2722 onmium
3087 2669 3231 2724 salus
3262 2678 3375 2736 est,
3406 2677 3462 2724 et
3498 2668 3743 2726 testimo-

2158 2757 2596 2835 niumquniversa:
2620 2760 2912 2814 creationis
2937 2759 3162 2816 Domino
3180 2771 3365 2816 nostro
3391 2762 3738 2819 referentium

2160 2849 2565 2920 gratulationem
2594 2850 2927 2907 liberationis
2955 2851 3230 2908 hominum
3261 2852 3328 2907 de
3347 2853 3499 2909 clade
3528 2855 3736 2911 mortis.

2161 2941 2474 3012 Resignatio
2505 2942 2834 3013 sigillorum,
2865 2955 2922 2998 ut
2943 2943 3199 3012 diximus,
3233 2947 3440 3015 apertio
3467 2955 3550 3002 est
3579 2946 3741 3004 Vctc-

2161 3036 2237 3091 ris
2285 3035 2650 3100 Testamenti,
2701 3048 2755 3094 et
2806 3037 3214 3108 praedicatorum
3264 3041 3637 3110 praenuntiatio
3688 3043 3742 3097 in

471 3113 639 3172 Jacob
686 3115 987 3186 patriarcha
1013 3116 1087 3170 ait
1112 3133 1125 3169 :
1154 3115 1295 3170 Iuda
1324 3124 1371 3169 te
1396 3116 1678 3170 laudabunt
1723 3120 1908 3188 fratres
1938 3116 2008 3169 tui
2043 3131 2058 3170 :

2164 3129 2455 3185 novissimo
2517 3141 2758 3200 tempore
2803 3131 3130 3198 futurorum;
3163 3149 3280 3204 qua:
3323 3134 3447 3190 licet
3480 3135 3744 3205 scriptura

465 3212 735 3267 recubuisti
755 3253 770 3279 ,
800 3223 846 3268 et
879 3211 1140 3277 dormisti,
1183 3221 1229 3266 et
1265 3211 1530 3266 surrextsti
1571 3223 1826 3281 tamquam
1860 3210 1936 3265 leo
1957 3251 1970 3273 ,
2012 3219 2057 3264 et

467 3313 726 3372 tamquam
752 3305 954 3360 catulus
983 3305 1141 3360 leonis
1171 3303 1353 3372 (Gem,
1382 3321 1532 3370 xm,
1569 3305 1624 3370 8,
1657 3305 1735 3373 9).
1767 3303 1845 3358 Ad
1869 3303 2057 3358 devin-

466 3399 698 3453 ceudum
739 3398 881 3452 enim
923 3407 1148 3451 mortetn
1193 3396 1278 3452 leo
1315 3397 1488 3452 dictus
1515 3407 1626 3462 est;
1655 3397 1719 3452 ad
1752 3397 2058 3467 patiendum

467 3504 598 3544 vero
628 3505 726 3560 pro
759 3488 1087 3556 hominibus,
1131 3497 1382 3559 tauquam
1427 3505 1596 3559 agnus
1629 3490 1694 3544 ad
1737 3489 2058 3544 occisionem

471 3580 663 3638 ductus
704 3591 806 3637 est.
863 3579 968 3638 Sed
1000 3581 1123 3651 quia
1167 3589 1394 3636 mortem
1436 3580 1662 3645 devicit,
1706 3591 1761 3636 et
1806 3581 2061 3650 pratvenit

474 3676 741 3732 carniﬁcis
765 3675 1023 3741 cilicium,
1054 3673 1206 3744 quasi
1236 3674 1447 3728 occisus
1466 3673 1641 3728 dictus
1665 3683 1768 3730 est.
1801 3674 1894 3729 llic
1932 3691 2061 3747 ergo

470 3769 643 3835 aperit
664 3776 720 3823 et
750 3768 1008 3836 resignat,
1031 3765 1175 3837 quod
1201 3765 1316 3836 ipse
1336 3767 1640 3837 signaverat
1661 3777 2055 3823 testamentum.

468 3861 582 3920 Hoc
605 3862 922 3934 signiﬁcans
949 3860 1122 3916 Moses
1143 3861 1438 3932 legislator,
1468 3861 1610 3932 qttod
1637 3861 1918 3932 oportebat
1941 3876 2062 3917 esse

467 3958 734 4028 signatum
751 3966 805 4012 et
822 3955 1052 4012 celatum
1073 3953 1321 4025 usquead
1337 3954 1624 4010 adventum
1643 3955 1907 4023 passionis
1923 3955 2057 4026 ejus,

466 4050 666 4106 velavit
723 4048 914 4105 facient
969 4063 1160 4114 suam,
1190 4056 1246 4102 et
1289 4047 1368 4103 sic
1415 4057 1498 4103 est
1547 4047 1746 4117 populo
1793 4047 2001 4101 locutus
2045 4065 2060 4102 :

468 4141 762 4198 ostendens
794 4143 965 4197 velata
1011 4155 1132 4196 esse
1158 4139 1318 4195 verba
1365 4137 1762 4210 praedicationis
1807 4154 1971 4209 usque
1997 4137 2062 4193 ad

469 4233 756 4290 adventum
805 4232 1061 4302 temporis
1105 4231 1243 4302 ejus.
1278 4230 1408 4286 Nam
1441 4239 1496 4286 et
1526 4231 1641 4300 ipse
1681 4241 1799 4285 cum
1847 4229 2066 4301 legisset

470 4326 688 4398 pOpulo,
735 4335 957 4396 accepta
1009 4326 1130 4379 lana
1159 4325 1373 4380 succina
1406 4323 1507 4396 (ι),
1539 4325 1799 4396 sanguine
1837 4324 1982 4379 vituli
2012 4333 2067 4380 et

469 4437 604 4492 aqua
649 4421 883 4492 aspersit
929 4421 1184 4489 populum
1236 4419 1546 4474 universum
1584 4419 1771 4474 dicens
1806 4435 1818 4472 :
1859 4419 1957 4474 Hic
1984 4425 2067 4475 est

2162 3227 2471 3298 pr0phetica
2504 3242 2599 3297 per
2629 3226 2835 3297 singula
2874 3228 3044 3297 sigilla
3075 3227 3236 3295 dicat,
3277 3229 3526 3285 omnibus
3566 3239 3743 3285 tamen

2162 3323 2341 3390 simul,
2373 3322 2575 3394 apertis
2608 3323 2801 3394 sigillis
2822 3365 2836 3392 ,
2869 3324 3114 3380 ordinem
3152 3340 3306 3381 suum
3351 3325 3511 3382 habet
3553 3324 3748 3396 pra-di-

2161 3415 2325 3472 catio.

2739 3550 2832 3602 lex
2857 3549 3045 3591 came
3071 3549 3147 3590 vt.

2238 3669 2288 3731 1,
2314 3669 2367 3724 2.
2400 3671 2469 3726 Et
2487 3687 2598 3726 cum
2620 3673 2896 3744 aperuisset
2914 3690 3076 3746 agnus
3096 3691 3250 3729 unum
3264 3675 3328 3730 de
3337 3687 3523 3748 septem
3543 3676 3746 3750 sigillis,

2162 3761 2263 3816 vidi
2290 3774 2336 3817 et
2361 3765 2533 3820 audivi
2559 3783 2716 3820 unum
2749 3766 2812 3820 de
2843 3780 3059 3838 quatuor
3087 3769 3390 3825 animalibus
3416 3771 3605 3840 dicens,
3623 3770 3751 3826 Veni

2164 3867 2210 3911 et
2231 3858 2363 3912 uide.
2393 3858 2460 3913 Et
2489 3875 2601 3914 ecce
2619 3878 2775 3932 equus
2802 3863 2948 3919 albus
2968 3904 2983 3930 ,
3020 3873 3068 3918 et
3091 3866 3178 3935 qui
3203 3865 3405 3920 sedebat
3425 3883 3576 3938 super
3600 3866 3750 3920 illum

2165 3953 2351 4006 habens
2379 3970 2575 4008 arcum.
2626 3954 2830 4025 Aperto
2869 3956 3046 4028 sigillo
3085 3960 3258 4028 pritno
3299 3959 3426 4015 dicit
3455 3975 3514 4016 se
3555 3959 3751 4016 vidisse

2166 4060 2360 4116 equum
2379 4046 2559 4102 album
2578 4055 2630 4102 et
2643 4048 2878 4118 equitem
2897 4061 3212 4106 coronatum
3235 4051 3517 4108 habentem
3539 4067 3748 4108 arcum.

2167 4137 2282 4195 Hoc
2309 4141 2448 4194 enim
2499 4156 2594 4211 per
2637 4141 2808 4212 ipsum
2854 4143 3025 4212 primo
3071 4142 3267 4199 factum
3308 4155 3410 4201 est.
3461 4146 3752 4217 Postquam

2168 4233 2307 4289 enim
2337 4235 2578 4290 ascendit
2605 4235 2660 4291 in
2682 4237 2849 4292 ccelos
2874 4237 3146 4298 Dominus.
3164 4251 3218 4294 et
3239 4240 3447 4312 aperuit
3476 4242 3749 4312 universa,

2168 4326 2314 4381 misit
2346 4327 2600 4396 Spiritum
2639 4339 2882 4385 sanctum
2905 4373 2920 4396 ,
2967 4333 3121 4399 cujus
3156 4332 3316 4387 verba
3375 4332 3752 4402 pra-dicatores

2171 4426 2438 4486 tamquam
2496 4419 2716 4489 sagittas
2770 4417 2836 4475 ad
2889 4435 2983 4476 cor
3045 4421 3335 4478 humanum
3390 4426 3751 4496 pertingenles

469 4518 686 4583 sanguis
739 4512 1049 4568 testamenti
1088 4511 1238 4582 ejus,
1271 4512 1358 4581 qui
1392 4511 1670 4566 mundavit
1697 4527 1793 4566 vos
1839 4511 2060 4584 (Exod.,
2089 4540 2142 4602 Β
2169 4511 2460 4567 emiserunt
2489 4510 2586 4583 (‘2),
2619 4520 2677 4566 nt
2714 4513 3026 4568 evincerent
3057 4513 3502 4572 incredulitatem.
3539 4516 3750 4574 Corona

473 4623 622 4666 XXIV.
648 4606 702 4674 7,
731 4603 811 4678 8).
833 4604 1200 4661 Animadverti
1229 4605 1390 4675 igitur
1410 4613 1624 4676 oportet
1641 4603 1910 4661 hominem
1939 4605 2058 4662 dili-

469 4713 659 4773 genter
682 4698 999 4771 prazdicare,
1022 4709 1076 4755 et
1091 4699 1336 4754 universa
1357 4698 1411 4754 in
1430 4713 1596 4754 unum
1615 4697 1911 4755 coha'rere.
1932 4699 2064 4757 Nam

474 4813 582 4853 non
613 4794 812 4851 sufﬁcit
841 4795 1013 4865 legem
1063 4793 1208 4849 illam
1240 4793 1383 4857 dici,
1427 4792 1524 4849 sed
1564 4805 1646 4850 est
1688 4801 2064 4850 testamentum

478 4891 749 4945 nominata
780 4896 890 4945 est.
923 4885 1076 4942 Nulla
1115 4887 1257 4941 enim
1291 4887 1374 4942 lex
1416 4895 1791 4942 testamentum
1822 4897 2062 4949 vocatur.

471 4997 571 5037 nec
613 4990 993 5038 testamentum
1049 4979 1190 5035 aliud
1244 4979 1463 5044 dicitur,
1514 4979 1615 5034 nisi
1664 4979 1806 5048 quod
1867 4981 2067 5036 l'a’ciunt

473 5073 739 5130 morituri.
771 5075 835 5130 Et
856 5074 1232 5144 quodcumque
1259 5074 1584 5128 intrinsecus
1613 5075 1918 5130 testamenti
1945 5085 2061 5143 est,

471 5170 738 5239 signatum
783 5181 866 5225 est
901 5184 1074 5241 usque
1111 5168 1179 5224 ad
1205 5168 1349 5224 diem
1379 5170 1572 5223 mortis
1612 5169 1903 5225 testatoris.
1935 5169 2062 5224 Ideo

470 5261 633 5320 modo
659 5262 852 5318 merito
892 5262 1134 5334 signatur
1159 5276 1254 5334 per
1277 5277 1474 5334 agnum
1514 5263 1772 5332 occisum,
1803 5263 1893 5334 qui
1922 5271 2061 5317 tam-

2169 4614 2345 4661 autem
2374 4622 2536 4675 super
2565 4616 2724 4676 caput
2755 4605 3194 4676 praedicatoribus
3235 4620 3314 4664 est
3348 4610 3603 4680 promissa
3657 4628 3752 4683 per

2169 4696 2426 4768 Spiritum
2456 4707 2719 4753 sam-tum.
2753 4697 2948 4753 Cteteri
2976 4709 3082 4754 tres
3107 4700 3262 4770 equi,
3298 4703 3430 4757 bella
3452 4743 3468 4770 ,
3495 4703 3661 4760 fames
3696 4712 3754 4759 et

2171 4791 2504 4861 pestilentias
2531 4791 2582 4845 in
2612 4789 2907 4862 Evangelio
2932 4807 2962 4846 a
2993 4791 3218 4848 Domino
3245 4804 3433 4849 nostro
3463 4795 3750 4864 prmdicnta

2171 4885 2501 4940 manifestius
2517 4883 2836 4954 signiﬁcant.
2874 4874 3198 4955 Ideoqueait
3217 4927 3232 4953 ,
3264 4901 3426 4941 unum
3454 4886 3522 4942 de
3547 4888 3752 4942 anima-

2171 4977 2310 5033 libus
2329 4977 2528 5034 dixisse
2558 4977 2702 5048 (quia
2733 4977 2914 5032 omnia
2939 4987 3168 5049 quatuor
3205 4995 3368 5034 unum
3398 4985 3545 5052 sunt)
3570 5023 3588 5045 ,
3627 4978 3754 5034 Veni

2169 5082 2216 5126 et
2240 5072 2370 5126 uide.
2400 5069 2532 5126 Veni
2573 5070 2768 5126 dicitur
2805 5070 3028 5127 invitato
3067 5070 3133 5126 ad
3182 5073 3358 5127 Iidem.
3401 5071 3530 5127 Vide
3557 5071 3753 5127 dicitur

2166 5164 2238 5231 ei,
2280 5163 2371 5234 qui
2407 5179 2510 5216 non
2553 5163 2785 5218 videbat.
2839 5163 2978 5234 Ergo
3023 5178 3194 5234 equus
3236 5164 3390 5219 albus
3418 5167 3638 5221 verbum
3671 5173 3754 5222 est

2165 5259 2558 5330 pradicationis
2585 5274 2708 5316 cum
2737 5259 2936 5331 Spiritu
2961 5271 3146 5318 sancto
3189 5262 3242 5318 in
3273 5262 3456 5320 orbem
3500 5265 3742 5320 missum.

1819 5401 2384 5463 COMMENTARIUS.

472 5557 656 5610 sensu,
683 5539 1035 5598 restituimus.

542 5615 622 5688 (t)
653 5613 896 5688 Succina.
927 5613 1004 5670 Ex
1034 5611 1163 5669 Heb.
1186 5630 1261 5683 ix,
1288 5613 1378 5671 20.
1407 5613 1693 5688 legendum
1717 5610 1928 5670 videtur
1953 5631 2066 5669 coc-

473 5685 633 5743 cinea.
665 5685 942 5742 GALLAND.

547 5757 627 5832 (2)
672 5758 978 5816 Emiserunt.
1011 5757 1307 5818 Dictionem
1337 5758 1476 5817 hanc
1504 5758 1823 5833 (emiserunt)
1852 5757 2064 5817 addidi-

2176 5556 2316 5607 mus,
2347 5549 2401 5596 et
2429 5542 2640 5621 sagittas
2666 5542 2754 5598 ubi
2779 5544 2977 5621 sagitta:
2995 5545 3150 5621 prius
3189 5547 3480 5621 legebatur,
3517 5551 3757 5621 reposui-

2168 5630 2288 5669 mus
2318 5630 2330 5666 :
2360 5615 2535 5690 cuivis
2568 5626 2717 5690 certe
2765 5617 2956 5690 melior
2994 5618 3109 5675 htec
3153 5615 3310 5676 lectio
3358 5621 3520 5676 videri
3575 5615 3752 5690 debet,

2168 5701 2326 5815 agam
2357 5685 2445 5741 illa
2473 5685 2708 5758 antiqua:
2731 5688 3014 5762 scriptura:
3034 5733 3048 5760 ,
3073 5691 3158 5748 cui
3188 5708 3286 5750 nos
3312 5707 3417 5748 non
3448 5693 3600 5750 Valde
3628 5685 3756 5753 con;

2249 5772 2408 5815 imus.

2249 5772 2408 5815 tmus.
