4020 6072
233 220 343 277 529

1376 207 1439 264 IN
1475 198 1943 266 APOCALYPSIN
1976 199 2037 256 Β.
2078 197 2379 257 JOANNIS.

3415 192 3519 248 550

234 340 327 394 Ait
373 335 521 392 enim
563 332 821 388 Dominus
848 346 864 387 :
899 328 1282 388 Prmdicabitur
1321 327 1425 384 hoc
1467 327 1814 398 Evangelium
1844 328 1897 387 Α
1922 324 1997 378 sic
2022 331 2078 377 et
2101 336 2191 376 ara
2219 334 2360 374 aerea
2388 327 2530 372 terra
2556 312 2896 384 intelligitur,
2922 310 3022 367 sub
3049 323 3151 382 qua
3174 315 3259 366 est
3278 308 3519 367 infernus

233 448 334 502 per
365 440 532 483 totum
562 426 749 480 orbem
793 436 1056 480 terrarum
1083 423 1136 478 in
1165 420 1527 478 testimonium
1577 419 1826 475 omnibus

229 525 504 599 gentibus,
534 533 588 578 et
616 531 744 577 tunc
769 520 946 576 veniet
975 518 1110 573 ﬁnis.

307 623 366 684 3,
388 621 442 675 4.
473 617 538 675 Et
567 633 680 671 cum
709 615 984 686 aperuisset
1007 613 1324 684 signaculum
1342 607 1825 675 secundum,audivi

228 712 512 768 secundum
548 709 740 763 animal
784 708 974 773 dicens,
1013 705 1135 760 Veni
1171 716 1217 759 et
1250 705 1382 758 vide.
1433 701 1500 755 Et
1545 701 1666 756 exiit
1698 702 1826 753 alter

228 825 393 880 equus
428 804 607 877 rufus,
652 813 698 857 et
728 802 921 880 sedenti
958 817 1109 872 super
1141 799 1287 854 illum
1317 800 1466 852 datus
1505 805 1578 851 est
1623 794 1824 866 gladius

230 877 471 974 magnus.
504 900 690 969 Equus
727 877 875 953 rufus
916 907 969 952 et
1000 897 1090 967 qui
1127 894 1351 950 sedebat
1379 908 1543 962 super
1581 906 1704 946 eum
1730 889 1824 942 ha-

230 998 368 1055 bens
414 976 672 1067 gladium,
706 992 846 1048 bella
877 991 1053 1046 futura
1076 991 1397 1060 signiﬁcant,
1430 997 1489 1044 ut
1517 988 1742 1058 legimus
1771 987 1823 1040 in

230 1091 522 1161 Evangelia
545 1107 559 1142 :
595 1087 782 1160 Surget
810 1087 942 1141 enim
959 1103 1081 1158 gens
1095 1094 1270 1140 contra
1293 1093 1512 1157 gentem,
1544 1093 1592 1136 et
1613 1098 1824 1154 regnum

229 1184 475 1238 adversus
503 1198 738 1253 regnum,
773 1189 820 1234 et
841 1191 987 1234 erunt
1025 1192 1170 1234 teme
1196 1170 1364 1232 motus
1399 1176 1571 1248 magni
1600 1192 1688 1246 per
1714 1177 1824 1229 loca

229 1277 410 1348 (Luc.,
445 1291 560 1338 xxx,
587 1277 673 1336 ID,
706 1273 818 1344 II).
853 1273 946 1328 llic
975 1283 1057 1327 est
1076 1289 1241 1342 equus
1271 1286 1481 1327 roseus.

392 1368 460 1423 Et
492 1384 607 1421 cum
628 1367 908 1437 aperuisset
941 1368 1261 1437 signaculum
1286 1365 1508 1432 tertium,
1531 1364 1705 1418 audiui
1725 1371 1824 1418 ter-

229 1463 569 1518 tiumanimal
588 1464 780 1527 dicens,
814 1458 937 1514 Veni
964 1468 1008 1514 et
1037 1459 1168 1514 vide.
1205 1459 1273 1513 Et
1316 1475 1427 1513 ecce
1472 1475 1628 1528 equus
1658 1459 1820 1530 niger,

229 1571 279 1613 et
335 1558 420 1628 qui
473 1556 676 1612 sedebat
714 1557 768 1609 in
802 1572 861 1609 eo
911 1555 1100 1609 habens
1152 1564 1392 1609 stateram
1435 1556 1488 1607 in
1522 1571 1676 1607 manu
1705 1571 1820 1608 sua.

229 1649 419 1720 Equus
463 1650 612 1722 niger
656 1648 852 1704 famem
905 1648 1199 1719 signiﬁcat;
1245 1649 1319 1702 ait
1348 1649 1490 1703 enim
1542 1647 1821 1713 Dominus,

229 1754 378 1798 erunt
401 1746 560 1815 fames
603 1759 692 1810 per
718 1743 831 1797 loca
857 1759 875 1796 :
906 1743 1124 1813 proprie
1149 1751 1330 1798 autem
1369 1742 1680 1798 extenditur
1709 1757 1828 1796 ver-

226 1839 361 1894 bum
415 1853 585 1908 usque
624 1836 692 1892 ad
735 1836 1034 1892 antichristi
1075 1845 1335 1907 tempora,
1370 1835 1583 1906 quando
1634 1850 1824 1906 magna

230 1932 406 1988 fames
430 1941 515 1990 est
537 1931 738 1997 futura,
757 1931 1077 2002 quandoque
1098 1947 1286 1986 omnes
1306 1931 1591 1986 laedantur.
1614 1930 1824 1986 Statera

227 2035 410 2082 autem
442 2032 493 2081 in
521 2041 684 2081 manu
711 2025 844 2080 libra
867 2025 1129 2080 examinis
1149 2036 1268 2093 est,
1299 2026 1352 2080 in
1373 2042 1476 2098 qua
1501 2026 1694 2081 merita
1715 2025 1823 2080 sin-

227 2122 477 2192 gulorum
506 2119 832 2183 ostenderet,
858 2119 931 2174 ait
957 2118 1101 2172 dein.

301 2213 358 2270 6.
402 2212 586 2268 Vinum
610 2224 658 2268 et
685 2213 849 2266 oleum
876 2230 939 2266 ne
963 2213 1172 2266 lteseris.
1200 2212 1256 2267 Id
1281 2222 1365 2268 est
1393 2213 1666 2268 hominem
1711 2213 1825 2283 spi-

229 2306 483 2362 ritualem
510 2324 576 2361 ne
605 2305 773 2377 plagis
808 2306 1152 2374 percusseris.
1196 2306 1292 2361 llic
1335 2315 1418 2361 est
1445 2323 1615 2376 equus
1653 2307 1822 2376 niger.

307 2400 362 2465 7,
395 2399 450 2453 8.
481 2398 550 2452 Et
578 2416 692 2452 cum
719 2400 995 2467 aperuisset
1025 2398 1342 2470 signaculum
1368 2409 1624 2466 quartum,
1655 2397 1828 2452 audivi

231 2503 472 2565 quartum
493 2494 684 2548 animal
700 2494 893 2559 dicens,
933 2491 1053 2546 Veni
1086 2504 1131 2547 ct
1150 2495 1280 2548 vide.
1309 2493 1377 2547 Et
1402 2511 1514 2549 ecce
1542 2511 1695 2566 equus
1715 2492 1828 2563 pal-

234 2587 377 2640 lidus
398 2588 591 2656 ;etqui
626 2587 826 2642 sedebat
863 2589 915 2642 in
950 2588 1073 2654 illo,
1120 2605 1301 2644 nomen
1330 2588 1407 2643 illi
1441 2588 1603 2643 Mors.
1644 2589 1828 2660 Equus

233 2693 416 2737 autem
445 2681 692 2751 pallidus,
717 2692 767 2738 et
795 2683 887 2753 qui
909 2683 1130 2738 sedebat
1156 2697 1317 2752 super
1340 2699 1486 2747 eum,
1516 2698 1709 2738 nomen
1739 2682 1829 2736 ha-

233 2775 420 2840 bebat,
443 2773 602 2829 Mors.
634 2774 756 2830 Haec
784 2778 968 2830 eadem
998 2792 1209 2846 quoque
1240 2777 1378 2831 inter
1397 2785 1622 2831 caeteras
1648 2776 1828 2831 clades

232 2867 558 2936 promiserat
584 2868 840 2924 Dominus
868 2879 1141 2937 venturas,
1170 2879 1350 2940 pestes
1372 2886 1591 2942 magnas
1611 2880 1664 2927 et
1686 2887 1829 2927 mor-

234 2960 494 3024 talitates,
522 2975 644 3015 cum
673 2961 816 3017 enim
848 2961 1012 3017 dicat.

307 3051 380 3106 Et
421 3053 652 3123 infernus
681 3055 979 3124 sequebatur
1018 3056 1184 3110 illum.
1237 3055 1294 3110 Id
1339 3066 1440 3122 est,
1485 3059 1831 3128 exspectabat

233 3147 952 3204 devorationemanimarum
979 3151 1266 3205 multarum
1295 3151 1602 3222 impiarum.
1631 3152 1728 3208 Hic
1747 3163 1826 3208 est

233 3256 405 3311 equus
428 3241 670 3312 pallidus.

303 3336 364 3392 9.
396 3335 466 3390 Et
488 3354 603 3391 cum
626 3339 904 3408 aperuisset
925 3341 1152 3411 quintum
1175 3343 1512 3413 signaculum,
1531 3343 1633 3398 uidi
1657 3345 1830 3400 subtus

231 3430 398 3483 altare
421 3431 618 3484 animas
643 3431 1043 3496 interfectorum.
1073 3433 1294 3491 Animas
1309 3437 1607 3493 occisorum
1631 3439 1828 3494 vidisse

228 3535 292 3576 se
315 3532 500 3577 narrat
530 3523 630 3578 sub
654 3539 745 3578 ara
777 3523 888 3590 Dei,
921 3525 973 3579 id
1003 3536 1084 3581 est
1120 3527 1220 3581 sub
1256 3537 1418 3585 terra.
1461 3530 1566 3585 Ara
1596 3531 1736 3586 enim
1773 3541 1828 3587 et

231 3616 428 3673 caelum
458 3627 511 3672 et
549 3627 690 3673 terra
719 3618 948 3686 dicitur,
979 3621 1114 3676 sicut
1145 3621 1228 3678 lex
1257 3625 1368 3691 ait,
1399 3625 1708 3696 imaginaria
1738 3642 1827 3682 ve-

228 3710 405 3766 ritatis
429 3711 561 3768 l'acie
586 3713 844 3768 mandans
879 3715 1013 3770 duas
1053 3731 1175 3772 aras
1220 3719 1333 3773 ﬁeri
1362 3719 1465 3792 (l),
1499 3737 1714 3776 auream
1744 3724 1826 3776 in-

230 3805 523 3869 trinsecus.
553 3814 608 3861 et
635 3823 828 3863 aeream
858 3810 1208 3867 extrinsecus.
1235 3811 1344 3866 Nos
1368 3825 1544 3870 autem
1572 3815 1825 3886 intelligi-

227 3913 354 3953 mus
399 3915 549 3954 aram
594 3917 809 3957 auream
855 3903 1051 3960 coelum
1098 3905 1170 3959 ita
1211 3905 1358 3974 dici,
1391 3908 1614 3965 Domino
1641 3920 1824 3965 nostro

229 3992 387 4047 nobis
418 3992 783 4049 tesﬁmonium
803 3996 1151 4065 perhibente;
1193 4000 1265 4052 ait.
1292 4002 1433 4056 enim
1465 4019 1478 4055 :
1511 4001 1638 4056 Cum
1671 4004 1824 4070 offers

229 4103 416 4140 manus
443 4095 588 4140 tuum
635 4090 703 4143 ad
732 4107 876 4144 aram
908 4091 1118 4164 (utique
1147 4109 1367 4150 munera
1410 4106 1594 4151 nostra
1626 4096 1826 4151 oratio-

229 4197 329 4236 nes
358 4191 504 4249 sunt,
537 4198 670 4254 quas
691 4184 986 4258 oﬁ'erimus)
1017 4199 1063 4243 et
1109 4189 1178 4242 ibi
1201 4191 1496 4244 recordatus
1544 4193 1699 4260 [ueris
1733 4192 1825 4245 Iza-

231 4273 347 4328 bere
381 4275 582 4343 aliquid
629 4279 837 4347 fratrem
875 4288 1017 4332 tuum
1058 4279 1327 4334 aduersum
1376 4291 1439 4346 te,
1489 4282 1715 4349 relinque
1755 4285 1823 4338 ibi

231 4385 416 4423 munus
448 4379 588 4424 tuum
613 4379 729 4424 ante
751 4388 894 4425 aram
927 4371 1169 4443 (Mutila,
1198 4391 1251 4441 ν,
1275 4374 1366 4439 9.3,
1389 4374 1506 4446 26).
1533 4375 1726 4446 Utique
1756 4378 1820 4432 ad

231 4461 425 4518 uelum
455 4461 751 4517 ascendunt
773 4463 1064 4520 orationes.
1108 4467 1246 4535 Ergo
1273 4469 1466 4524 coelum
1511 4468 1823 4539 intelligitur

1932 426 2138 473 remota
2166 432 2194 468 a
2223 413 2396 485 pomis
2433 422 2487 467 et
2516 411 2726 481 ignibus
2755 410 2903 479 regio
2923 449 2936 470 ,
2968 415 3023 462 et
3051 405 3264 476 requies
3309 414 3521 462 sancto-

1927 527 2080 575 rum;
2107 512 2158 565 in
2200 525 2300 580 qua
2334 506 2548 578 quidem
2573 504 2640 558 ab
2675 501 2852 571 impiis
2877 499 3127 556 videntur
3153 508 3208 555 et
3234 498 3522 554 audientur

1921 605 2072 674 justi,
2104 604 2198 660 sed
2238 618 2345 657 non
2395 601 2525 656 illuc
2565 595 2908 653 transvectari
2960 603 3200 664 possunt.
3257 593 3366 648 Hos
3392 606 3521 662 ergo

1927 706 2162 763 sanctos,
2193 695 2245 750 id
2279 703 2360 750 est
2387 693 2594 748 animas
2622 691 2922 745 occisorum
2952 695 3203 754 expetere
3230 684 3520 740 vindictam

1927 789 2220 858 sanguinis,
2255 787 2305 842 id
2332 795 2417 843 est
2444 783 2686 854 corporis
2729 781 2811 836 sui
2853 780 2919 834 de
2967 779 3328 833 habitantibus
3359 782 3521 847 super

1927 891 2147 948 terram,
2180 880 2348 935 voluit
2388 893 2487 934 nos
2524 890 2850 946 cognoscere
2875 873 2967 943 qui
3007 871 3183 927 omnia
3211 870 3356 924 videt
3386 867 3522 924 :sed

1925 975 2048 1045 quia
2074 975 2123 1027 in
2148 973 2442 1028 novissimo
2471 979 2712 1039 tempore
2743 967 2904 1022 etiam
2934 975 3238 1018 sanctorum
3267 973 3521 1017 remune-

1927 1068 2064 1123 ratio
2094 1076 2352 1137 perpetua
2387 1106 2402 1131 ,
2433 1073 2490 1119 et
2524 1062 2808 1133 impiorum
2839 1068 2922 1116 est
2961 1066 3179 1113 ventura
3225 1055 3520 1120 damnatio,

1928 1159 2127 1215 dictum
2158 1169 2239 1214 est
2283 1158 2364 1213 eis
2403 1166 2739 1226 exspectare.
2779 1153 2846 1208 Et
2877 1167 2972 1222 pro
2997 1150 3238 1219 corporis
3264 1149 3344 1202 sui
3375 1147 3521 1202 sola-

1927 1255 2024 1320 tio,
2056 1252 2196 1307 data:
2237 1259 2363 1306 sunt
2399 1249 2505 1304 illis
2548 1247 2770 1318 singulae
2807 1245 2959 1301 stola:
2980 1243 3135 1298 albae.
3163 1243 3518 1311 Acceperunt,

1926 1345 2121 1416 inquit,
2150 1345 2318 1399 stolas
2343 1342 2515 1409 albas,
2549 1341 2600 1396 id
2623 1350 2726 1405 est,
2757 1339 2954 1393 donum
2991 1336 3225 1406 Spiritus
3253 1333 3445 1389 sancti.

2001 1438 2088 1493 12.
2143 1435 2211 1491 Et
2260 1437 2363 1490 vidi
2392 1452 2506 1489 cum
2544 1434 2822 1504 aperuisset
2865 1429 3087 1501 sigillum
3125 1436 3344 1491 sextum,
3377 1434 3522 1480 terra:

1929 1542 2092 1585 motus
2126 1531 2292 1601 [actus
2319 1539 2390 1584 est
2419 1544 2650 1599 magnus.
2678 1527 2734 1581 In
2766 1533 2918 1580 sexto
2958 1523 3134 1592 sigillo
3162 1522 3332 1575 factus
3359 1528 3522 1575 terra:

1928 1631 2110 1678 motus
2138 1638 2383 1693 magnus,
2417 1623 2530 1691 ipsa
2560 1629 2641 1674 est
2674 1617 2762 1672 illa
2796 1615 3083 1670 novissima
3113 1613 3436 1684 persecutio.

1856 1729 1905 1789 Β
2006 1713 2074 1769 Et
2100 1717 2266 1786 factus
2289 1723 2363 1768 est
2389 1711 2470 1767 sol
2498 1713 2642 1783 niger
2668 1719 2925 1778 tamquam
2952 1723 3127 1761 saccus
3149 1707 3401 1760 cilicinus.
3429 1705 3524 1760 Sol

1933 1807 1992 1861 ﬁt
2013 1815 2074 1861 ut
2099 1821 2309 1872 saccus,
2343 1804 2396 1860 id
2425 1813 2510 1860 est
2549 1800 2840 1858 incredulis
2869 1798 3244 1855 obscurabitur
3269 1795 3526 1867 splendor

1929 1900 2211 1956 doctrinae.

2001 1989 2068 2044 Et
2091 1991 2216 2044 luna
2244 1998 2348 2044 tota
2385 1992 2521 2061 facta
2547 1998 2620 2042 est
2664 1997 2721 2040 ut
2768 1983 2998 2054 sanguis.
3036 1982 3188 2037 Luna
3227 1980 3520 2050 sanguinea

1929 2085 2175 2141 Ecclesia
2196 2095 2501 2139 sanctorum
2530 2079 2834 2136 ostenditur
2860 2093 2956 2150 pro
2969 2077 3183 2132 Christo
3206 2075 3522 2146 sanguinem

1928 2181 1950 2232 ῐ
1955 2179 2174 2234 undere.

2003 2274 2091 2329 I5.
2123 2272 2188 2326 Et
2217 2272 2376 2327 stellte
2403 2269 2691 2324 ceciderunt
2721 2270 2773 2322 in
2804 2278 3008 2321 terram.
3043 2265 3329 2322 Stellarum
3365 2277 3524 2320 casus

1931 2368 2120 2424 ﬁdeles
2143 2379 2288 2433 sunt,
2338 2367 2426 2437 qui
2456 2381 2552 2436 pro
2581 2363 2795 2420 Christo
2821 2362 3124 2417 turbantur.

2007 2459 2447 2528 Quemadmodum
2474 2459 2602 2528 ﬁcus
2623 2460 2779 2525 iactat
2805 2471 3006 2527 grossos
3035 2471 3172 2508 suos.
3208 2452 3420 2523 Agitala
3456 2452 3521 2506 li—

1931 2566 2028 2609 cus
2055 2552 2252 2607 amittit
2279 2566 2499 2623 grossos
2519 2564 2666 2616 suos,
2692 2547 2907 2618 quando
2935 2547 3313 2618 persecutione
3341 2545 3522 2600 homi-

1933 2662 2030 2701 nes
2058 2645 2128 2699 ab
2167 2644 2402 2700 Ecclesia
2442 2652 2778 2711 separantur.

2009 2740 2096 2796 Μ.
2131 2738 2198 2794 Et
2227 2737 2408 2793 cretum
2436 2737 2638 2792 recessit
2669 2747 2926 2806 tamquam
2954 2733 3079 2788 liber
3107 2734 3191 2804 qui
3231 2731 3519 2787 involvitur.

1933 2832 2139 2888 Coelum
2172 2829 2392 2893 involvi,
2426 2829 2476 2883 id
2508 2837 2588 2883 est
2612 2826 2853 2882 Ecclesia
2875 2825 2944 2880 de
2969 2823 3146 2880 medio
3174 2824 3284 2878 ﬁet.

2008 2926 2075 2981 Et
2119 2927 2280 2981 omnis
2318 2941 2460 2978 mons
2503 2934 2548 2977 et
2583 2923 2766 2976 insula:
2812 2921 2876 2974 de
2922 2920 3047 2974 locis
3072 2919 3176 2974 suis
3203 2928 3352 2973 motw
3381 2928 3521 2972 sunt.

1933 3023 2084 3078 Mons
2115 3032 2168 3077 ct
2197 3021 2386 3076 insulm
2420 3019 2488 3073 de
2515 3018 2650 3073 locis
2684 3016 2797 3071 suis
2829 3023 2987 3071 motae
3015 3014 3302 3069 novissima
3334 3027 3520 3083 perse-

1856 3129 1901 3195 C
1933 3116 2149 3172 cutione
2174 3113 2406 3168 innuunt
2447 3124 2636 3165 omnes
2673 3109 2966 3162 recessisse
2998 3108 3063 3161 de
3117 3106 3250 3159 locis
3283 3107 3416 3160 suis.
3462 3104 3520 3159 Id

1931 3219 2036 3276 est,
2065 3208 2188 3264 boni
2214 3205 2568 3262 movebuntur
2596 3201 3026 3274 persecutionem
3057 3201 3336 3270 fugientes.

2542 3357 2610 3396 EX
2632 3355 2824 3396 CAPITE
2851 3355 2945 3394 VII.

2001 3459 2058 3514 2.
2091 3457 2158 3513 Et
2184 3458 2286 3512 vidi
2316 3458 2534 3512 alterunt
2557 3456 2794 3527 angelum
2816 3459 3164 3510 ascendentem
3190 3471 3222 3508 a
3249 3455 3372 3509 salis
3404 3463 3522 3509 ortu

1931 3551 2192 3606 habentem
2239 3549 2560 3623 signaculum
2615 3547 2712 3602 Dei
2764 3548 2881 3601 vivi.
2933 3547 3137 3602 Heliam
3198 3547 3516 3618 prophetam

1929 3643 2090 3708 dicit,
2139 3641 2230 3712 qui
2262 3641 2665 3711 Anticipaturus
2694 3647 2778 3694 est
2815 3648 3057 3707 tempora
3099 3637 3414 3692 Antichristi
3454 3636 3522 3692 ad

1929 3734 2284 3791 restituendas
2304 3733 2572 3788 Ecelesias
2592 3732 3006 3786 etstabiliendas
3026 3747 3054 3783 a
3083 3746 3270 3802 magna
3299 3741 3354 3786 et
3376 3732 3488 3786 into
3502 3761 3522 3773 -

1929 3827 2137 3901 lerabili
2180 3825 2569 3894 persecutione.
2601 3824 2728 3878 Haec
2754 3825 2805 3878 in
2836 3825 3118 3891 :tpertione
3163 3824 3283 3878 libri
3309 3823 3520 3879 Veteris

1928 3919 2256 3976 Testamenti
2288 3929 2343 3974 et
2368 3917 2501 3972 Novi
2534 3917 2820 3987 prtedieata
2849 3916 3110 3987 legimus,
3152 3918 3227 3970 ait
3252 3918 3394 3972 enim
3427 3933 3523 3986 per

1927 4011 2240 4066 Malachiam
2274 4028 2287 4063 :
2317 4009 2452 4065 Ecce
2480 4026 2572 4080 ego
2598 4009 2795 4062 mittam
2813 4010 2951 4062 vobis
2991 4007 3195 4061 Heliam
3231 4007 3518 4076 Thesbiten,

1927 4116 2210 4160 convertere
2225 4105 2378 4159 corda
2411 4113 2612 4173 patrum
2647 4102 2717 4154 ad
2757 4100 2892 4170 [illos
2927 4100 3206 4173 (Malacin,
3240 4119 3311 4165 tv,
3344 4103 3399 4168 5,
3439 4100 3522 4171 6),

1927 4195 2220 4252 secundum
2278 4204 2488 4264 tempus
2527 4193 2822 4248 vocationis
2873 4192 3088 4248 Judaaos
3134 4193 3199 4249 ad
3253 4195 3524 4266 Sequentis

1928 4288 2107 4359 pepuli
2137 4287 2296 4343 ﬁdem
2329 4302 2603 4342 revocare.
2631 4286 2699 4342 Et
2741 4287 2862 4341 ideo
2891 4287 3144 4352 ostendit,
3181 4296 3237 4342 ut
3263 4288 3520 4356 diximus,

1930 4397 2212 4438 numerum
2244 4397 2307 4435 ex
2349 4379 2548 4434 Judaais
2600 4379 3030 4446 crediturorum,
3078 4391 3132 4435 et
3164 4397 3228 4436 ex
3274 4381 3523 4451 gentibus

1927 4490 2171 4546 magnam
2203 4473 2624 4535 multitudinem,
2655 4489 2812 4541 quam
2848 4488 3008 4529 nemo
3034 4483 3245 4544 poterat
3279 4474 3524 4531 dinume-

229 4573 320 4610 ara
353 4571 513 4610 aurea
537 4571 658 4626 quae
685 4565 800 4611 erat
829 4556 1088 4612 interior:
1115 4574 1234 4612 nam
1250 4568 1303 4613 et
1322 4561 1629 4617 sacerdotes
1652 4564 1818 4619 semel
1848 4533 1900 4592 Β
1927 4583 2065 4622 rare.
2100 4564 2231 4621 Mitti
2253 4567 2411 4620 etiam
2437 4565 2506 4620 de
2536 4564 2674 4621 caelo
2718 4566 2991 4621 orationes
3036 4567 3292 4622 Ecclesia:
3334 4566 3412 4638 (“2)
3452 4567 3521 4621 ab

231 4652 281 4705 in
309 4667 452 4706 anno
505 4652 794 4706 introibant
822 4651 912 4724 qui
955 4652 1224 4709 habebant
1267 4654 1519 4722 chrisma,
1569 4657 1635 4711 ad
1673 4673 1819 4713 aram

227 4757 472 4809 auream,
525 4741 859 4813 signiﬁcante
909 4743 1110 4812 Spiritu
1164 4757 1350 4799 sancto
1393 4746 1664 4804 Christum
1721 4750 1822 4805 hoc

227 4833 706 4890 semcllacturum.
739 4834 890 4892 Sicut
927 4851 1016 4891 ara
1053 4853 1211 4893 aurea
1252 4839 1446 4894 ccelum
1491 4843 1818 4912 agnosdtur,

1925 4661 2135 4730 angelo.
2161 4669 2215 4714 et
2239 4659 2436 4728 suscipi
2482 4658 2602 4712 illos
2625 4666 2810 4712 contra
2855 4657 3013 4724 iram,
3052 4660 3250 4715 eﬁ'undi
3280 4671 3333 4714 et
3379 4661 3523 4714 aesti-

1925 4755 2060 4809 mari
2115 4752 2692 4831 regnum_antichristi
2753 4767 2853 4822 per
2898 4753 3117 4823 angelos
3163 4765 3416 4818 sanctos,
3468 4755 3520 4808 in

1925 4833 2217 4921 Evangelii)
2242 4848 2506 4920 legimus;
2552 4848 2800 4905 ait'enim
2835 4867 2848 4904 :
2883 4849 3072 4916 Orate,
3107 4866 3173 4905 ne
3217 4849 3426 4906 intretis
3465 4849 3518 4907 in

1581 4981 2135 5042 COMMENTARIUS.

306 5114 394 5191 (l)
422 5111 671 5169 Mandans
702 5116 966 5192 duasut-as
990 5118 1124 5192 ﬁeri.
1154 5117 1277 5192 Pro
1301 5136 1409 5192 quo
1445 5123 1495 5176 in
1524 5126 1824 5181 manuscri-

226 5186 327 5265 plo
370 5196 628 5265 corrupte
654 5186 960 5265 admodum
989 5191 1115 5257 (nisi
1147 5186 1333 5265 lallpr)‘
1371 5195 1667 5265 legebatur,
1711 5197 1826 5251 Με.

226 5257 421 5334 ὶιὶαηιε-
459 5257 546 5334 qui
594 5260 722 5334 duas
769 5277 887 5313 aras
933 5261 1140 5334 fecerat.
1207 5261 1392 5334 Neque
1423 5257 1632 5322 vtamen
1689 5268 1825 5324 hanc

226 5329 662 5404 emendationem
687 5331 754 5382 ita
782 5329 950 5386 ratam
982 5329 1544 5404 ﬁrmamque-habebo,
1563 5348 1615 5392 ιιι
1645 5340 1688 5393 si
1712 5356 1822 5395 me-

225 5405 420 5476 liorem
469 5400 729 5472 quispiam
782 5400 1320 5476 connnonstrave'rit,
1373 5423 1475 5464 non
1538 5405 1678 5476 sim,
1735 5412 1822 5465 illa

225 5475 803 5547 deserta,‘eam_quan_t
836 5475 923 5531 ille
948 5477 1209 5533 docuerit.
1238 5477 1578 5547 probaturus.

304 5544 383 5618 (2)
417 5543 550 5597 Mitti
570 5545 720 5597 etiam
752 5544 813 5598 de
832 5548 956 5601 cazlo
981 5543 1510 5606 orationes—Ecclesia;
1534 5553 1708 5610 Locus
1735 5555 1822 5609 hic

226 5619 495 5675 obscurus
515 5625 613 5678 est,
648 5631 745 5670 nec
770 5633 892 5672 eum
942 5619 1135 5674 mendo
1172 5635 1362 5678 vacare
1403 5625 1772 5681 existimamus
1809 5645 1822 5681 :

225 5690 322 5747 sed
352 5703 455 5743 nos
480 5685 704 5767 quidem
729 5699 926 5767 notare
954 5691 1132 5767 illum,
1170 5708 1277 5767 non
1322 5697 1611 5767 emendare
1650 5698 1823 5752 volui-

227 5779 369 5827 ntus,
403 5767 461 5812 ut
506 5757 590 5811 alii
633 5757 796 5813 etiam
834 5762 1065 5832 religiosi
1120 5761 1366 5820 homines
1404 5766 1640 5823 habeant
1681 5769 1821 5822 unde

681 5851 947 5914 PATROL.
980 5854 1055 5914 V.

1926 5126 2213 5204 exercendi
2256 5127 2454 5204 ingenii
2494 5130 2831 5204 occasionem
2871 5129 3154 5204 accipiant.
3183 5131 3516 5204 Quamquam

1931 5213 2035 5254 non
2061 5201 2236 5267 inepte
2255 5199 2407 5272 nobis
2431 5199 2734 5272 conjectare
2751 5200 3010 5264 videmur,
3031 5203 3073 5255 si
3106 5218 3200 5270 pro
3215 5199 3356 5270 illos,
3377 5199 3517 5272 illas,

1929 5278 1996 5343 et,
2035 5285 2133 5339 pro
2183 5270 2446 5343 wslimari,
2488 5269 2711 5343 extingui
2758 5272 2992 5340 legamus
3042 5291 3054 5322 τ
3096 5269 3287 5343 quibus
3328 5278 3370 5331 si
3405 5269 3520 5334 haec

1929 5341 2706 5421 etiatnncorreclioaccesserit,
2724 5351 2781 5395 ut
2807 5343 2951 5411 prior
2973 5343 3060 5398 illa
3088 5341 3395 5421 coniunctio
3422 5352 3516 5421 (et)

1929 5422 2050 5482 post
2077 5411 2320 5466 Ecclesia:
2345 5413 2636 5466 dictionem
2661 5426 2916 5480 ponatur;
2961 5431 3064 5468 non
3104 5417 3260 5471 video
3290 5433 3384 5473 Cur
3412 5411 3517 5475 non

1929 5485 2097 5538 multo
2128 5485 2487 5557 incorruptior
2513 5494 2566 5537 et
2593 5483 2808 5547 clarior,
2840 5502 2958 5554 qua:
2989 5488 3163 5557 primo
3185 5499 3288 5542 tam
3319 5491 3516 5544 obscu-

1923 5571 1980 5609 ra
2013 5565 2129 5609 erat
2154 5566 2208 5610 et
2230 5555 2608 5614 contaminata,
2647 5565 2909 5612 structura
2955 5555 3042 5610 illa
3075 5560 3359 5613 verborum
3399 5561 3521 5613 elﬁ—

1925 5627 2094 5680 ciatur
2126 5642 2139 5677 :
2169 5628 2236 5681 de
2255 5641 2353 5694 qua
2383 5625 2637 5694 quidquid
2662 5629 3015 5684 studiosiores
3043 5629 3292 5683 homines
3319 5637 3521 5684 statue-

1925 5699 2052 5760 rint,
2085 5697 2128 5751 si
2162 5708 2419 5753 rattonem
2448 5696 2677 5766 aliquam
2729 5701 3044 5763 attulerint,
3078 5698 3314 5757 libenter
3337 5715 3526 5768 seque-

1928 5785 2068 5828 lllUl‘.

2811 5865 2879 5926 11
