4020 6072
482 360 588 418 351

1692 351 1750 410 S.
1790 344 2134 409 VlCTORlNl
2169 343 2459 404 SCHOLIA

3674 334 3791 395 532

483 482 856 546 tentationem,
886 480 979 534 erit
1009 476 1145 534 enim
1166 475 1403 549 angustia
1422 490 1626 547 magna,
1666 475 1831 545 qualis
1852 490 1955 529 non
1982 471 2080 545 fuit
2106 474 2159 532 A
2183 482 2257 526 est
2274 469 2533 524 silentium
2558 466 2613 520 in
2638 464 2766 520 creto
2787 461 2955 517 media
2979 465 3137 536 ferme
3166 461 3314 531 hora,
3336 459 3440 517 Per
3459 455 3601 529 quod
3617 456 3789 528 signi-

487 575 550 629 ab
569 573 764 645 origine
782 570 958 625 mundi
976 584 996 625 ε
1015 579 1064 624 et
1084 568 1180 623 nisi
1194 567 1527 622 abbreviasset
1546 565 1800 621 Dominus
1812 566 1918 620 dies
1937 565 2077 630 illos,

484 681 587 720 non
613 672 739 720 esset
766 663 909 717 salta
947 660 1114 715 cannis
1151 672 1269 715 caro
1301 657 1524 732 (Hart,
1557 658 1672 724 xtii,
1715 654 1932 728 18-20).
1972 655 2080 712 llos

483 768 613 831 ergo
654 755 1005 827 srebangelos
1046 768 1269 825 magnos
1301 761 1511 823 septem
1556 751 1624 806 ad
1673 748 2082 820 percutiendum

482 862 704 923 regnum
743 849 1043 906 antichristi
1079 849 1292 913 mittet;
1343 862 1465 902 nam
1509 856 1566 901 et
1612 846 1728 916 ipse
1773 847 1845 899 ita
1883 844 2021 899 dixit
2061 859 2076 896 :

488 942 629 999 Tum:
656 944 817 998 mittet
838 940 1009 996 Filius
1031 941 1250 996 hominis
1267 940 1472 995 nuntios
1494 955 1612 994 suos
1636 937 1746 1009 (ι),
1774 948 1822 992 et
1842 937 2082 1008 colligeret

481 1036 661 1092 stertas
681 1037 792 1108 ejus
810 1036 875 1091 de
895 1044 1110 1105 quatuor
1134 1034 1339 1106 angulis
1352 1034 1488 1089 senti
1514 1050 1547 1086 α
1576 1030 1763 1102 ﬁnibus
1791 1030 1905 1086 cali
1924 1045 2083 1101 usque

480 1130 698 1199 adﬁnes
736 1131 845 1203 ejus
874 1128 1095 1199 (Mare,
1133 1144 1250 1193 xm,
1281 1126 1397 1201 27).
1431 1125 1566 1182 Nam
1615 1135 1669 1182 et
1707 1134 1833 1181 ante
1870 1125 1947 1179 ait
1986 1139 2083 1193 per

476 1225 800 1295 Prtiphetam
830 1242 843 1278 :
871 1222 1018 1279 Tunc
1046 1224 1139 1278 erit
1167 1237 1271 1294 pas:
1290 1232 1440 1276 terra:
1467 1230 1677 1286 nostrae,
1702 1236 1821 1275 sunt
1843 1233 2083 1275 surrepe-

476 1320 581 1374 rint
603 1323 658 1373 in
686 1327 951 1390 easeptem
979 1326 1230 1388 pastores,
1262 1323 1310 1369 et
1337 1324 1454 1369 octo
1490 1328 1691 1368 morsus
1712 1312 1975 1367 hominum
1992 1353 2007 1376 ,
2034 1320 2084 1365 et

480 1406 798 1483 indagabunt
828 1410 1007 1475 Assur,
1038 1408 1091 1464 id
1119 1416 1204 1465 est
1231 1405 1631 1472 antichrislum,
1659 1406 1713 1459 in
1747 1407 1885 1477 fossa
1915 1402 2084 1458 Nem-

479 1505 629 1560 broth
655 1503 866 1576 (Hicin,
905 1518 958 1569 v,
1006 1502 1060 1567 5,
1113 1500 1196 1571 6),
1254 1501 1307 1556 id
1350 1510 1436 1557 est
1489 1501 1541 1555 in
1586 1498 1805 1554 natione
1861 1496 2080 1564 diaboli,

480 1598 737 1655 Ecclesia
766 1597 982 1669 spiritu.
1014 1595 1274 1653 Similiter
1299 1608 1423 1651 cum
1451 1595 1581 1650 moti
1608 1593 1807 1649 fuerint
1829 1591 2085 1647 custodes

478 1688 689 1746 domus.
711 1673 831 1761 Ipse
853 1697 1032 1744 autem
1058 1687 1319 1744 Dominus
1341 1688 1393 1742 in
1424 1686 1676 1757 tiarabola
1702 1685 1769 1740 ad
1782 1684 2082 1756 apostolos,

476 1798 598 1840 cum
630 1782 876 1839 venissen
896 1782 981 1838 tad
997 1797 1121 1838 eum
1142 1783 1403 1852 operarii,
1434 1793 1489 1837 et
1506 1781 1773 1836 dixissent
1800 1798 1815 1834 :
1840 1780 2081 1844 Domine,

477 1891 646 1932 nonne
686 1877 873 1931 bonum
902 1890 1070 1931 semen
1116 1876 1380 1931 seminasti
1418 1876 1471 1928 in
1507 1891 1630 1946 agro
1653 1877 1929 1944 tuohunde
1961 1890 2081 1945 ergo
2112 1872 2160 1933 B

475 1969 546 2024 ibi
568 1970 793 2024 lolium?
816 1968 1079 2039 respondit
1100 1970 1171 2024 eis
1201 1986 1219 2023 :
1245 1967 1494 2022 Inimicus
1513 1968 1664 2022 homo
1692 1967 1785 2022 hoc
1813 1970 1932 2039 fecit
1957 1984 1974 2022 :
1997 1967 2081 2021 cui

476 2064 735 2131 dixerunt,
769 2063 859 2120 Vis
883 2064 1070 2118 ibimus
1101 2062 1179 2136 (Ξ)
1203 2073 1248 2118 et
1277 2062 1646 2118 eradicabimus
1680 2062 1850 2117 illud?
1869 2064 1956 2132 qui
1983 2063 2076 2129 ait,

477 2156 623 2225 Non,
652 2158 741 2213 sed
762 2158 915 2213 sinite
939 2166 1155 2228 utraque
1172 2173 1396 2211 crescere
1418 2172 1572 2227 usque
1600 2157 1668 2210 ad
1697 2170 1929 2219 messem,
1950 2164 2000 2209 et
2027 2156 2082 2209 in

478 2261 705 2324 tentpore
742 2250 917 2305 messis
953 2251 1121 2304 dicam
1157 2248 1483 2323 messoribus,
1514 2248 1754 2320 colligere
1791 2248 1989 2312 lolium,
2030 2255 2082 2301 et

478 2348 647 2415 facere
666 2344 957 2413 manipulos
978 2341 1219 2415 (Matth.,
1252 2356 1368 2410 xm,
1384 2339 1600 2413 27-30),
1628 2351 1684 2396 et
1707 2355 1949 2397 cremare
1968 2340 2081 2410 igni

478 2445 708 2502 aeterno,
740 2436 973 2491 triticum
995 2444 1177 2490 autem
1202 2434 1459 2504 colligere
1494 2434 1547 2488 in
1577 2432 1772 2488 horrea
1800 2448 1940 2490 mea.
1972 2432 2083 2488 Hos

477 2531 639 2603 igitur
676 2540 948 2584 messores
973 2538 1027 2583 et
1053 2537 1298 2597 pastores
1336 2535 1392 2582 et
1418 2526 1694 2597 operarios
1717 2525 1840 2580 beic
1864 2527 2079 2595 Apoca-

489 2624 660 2694 lypsis
684 2621 922 2678 ostendit
946 2634 1070 2677 esse
1095 2619 1335 2690 angelus.
1370 2618 1517 2675 Tuba
1543 2628 1722 2673 autem
1752 2617 1974 2673 verbum
2000 2626 2088 2674 est

481 2716 786 2787 potestatis.
826 2713 896 2769 Et
938 2714 1064 2769 licet
1096 2722 1305 2783 repetat
1347 2726 1445 2782 per
1496 2711 1735 2780 phialas,
1764 2726 1871 2765 non
1903 2720 2083 2766 tamen

478 2808 633 2881 quasi
656 2807 741 2863 bis
772 2804 978 2862 factum
1004 2805 1206 2862 dicitur
1228 2823 1242 2858 :
1266 2805 1363 2860 sed
1379 2804 1630 2875 quoniam
1646 2804 1817 2859 semel
1842 2803 2083 2859 futurum

481 2909 584 2966 est,
612 2897 758 2971 quod
780 2905 866 2954 est
891 2912 921 2952 a
954 2897 1185 2953 Domino
1214 2896 1493 2952 decretum
1522 2903 1582 2949 ut
1607 2896 1718 2962 liat,
1752 2895 1873 2950 ideo
1894 2896 1976 2949 bis
2003 2895 2085 2951 di-

482 2994 641 3051 citur.
669 2992 823 3062 Quod
848 3006 978 3064 ergo
1002 2991 1059 3047 in
1095 2991 1240 3047 tubis
1269 2991 1446 3046 minus
1471 2989 1623 3055 dixit,
1654 2990 1778 3046 hcic
1808 2989 1862 3044 in
1889 2988 2084 3059 phialis

481 3097 582 3145 est.
632 3086 750 3143 Non
797 3084 1138 3158 aspiciendus
1178 3093 1264 3140 est
1313 3082 1447 3139 ordo
1488 3083 1778 3148 dictorum,
1824 3083 2084 3153 quoniam

481 3196 629 3253 saepe
649 3182 881 3253 Spiritus
908 3190 1150 3247 sanctus,
1181 3178 1275 3234 ubi
1302 3178 1371 3233 ad
1410 3178 1687 3233 novissimi
1730 3178 1987 3249 temporis
2015 3179 2082 3231 ti-

2185 563 2375 618 ﬁcatur
2401 561 2607 616 initium
2636 556 2829 629 quietis
2857 565 3074 613 aeternae
3099 575 3113 611 :
3145 555 3239 611 sed
3265 565 3468 625 partem
3492 549 3785 615 intellexit,

2184 658 2308 727 quia
2338 657 2637 724 interrupto
2662 651 2875 707 silentio
2891 666 3007 705 eam
3032 664 3131 721 per
3146 648 3393 704 ordinem
3416 636 3789 715 repetit.Nam

2186 752 2229 806 si
2252 758 2396 806 esset
2425 748 2550 818 iuge
2575 746 2850 802 silentium
2874 787 2888 810 ,
2925 744 3046 800 beic
3073 744 3191 799 linis
3218 740 3467 798 narrandi
3498 740 3672 795 ﬁeret.

2260 843 2349 898 15.
2382 839 2449 895 Ει
2474 840 2578 896 vidi
2605 855 2763 893 unum
2790 837 3029 908 angelum
3055 837 3305 892 volantem
3331 851 3418 902 per
3441 832 3666 888 medium
3685 847 3792 886 cae-

2186 936 2311 990 lum.
2364 933 2468 989 Per
2514 932 2762 1004 angelum
2815 945 2910 1001 per
2963 929 3196 985 medium
3256 927 3451 984 caelum
3511 925 3792 979 volantem

2186 1030 2414 1100 Spiritus
2457 1035 2677 1083 sanctus
2743 1022 3093 1095 signiﬁcatur,
3148 1021 3203 1079 in
3246 1020 3459 1077 duobus
3510 1014 3793 1090 prophetis

2187 1129 2492 1178 contestans
2517 1133 2763 1189 magnam
2787 1117 3062 1188 plagarum
3084 1114 3219 1169 iram
3243 1112 3545 1168 imminere.
3572 1108 3627 1165 Si
3655 1103 3796 1180 quoé

2189 1212 2348 1270 modo
2368 1212 2593 1283 quisque
2619 1210 2810 1266 volens
2835 1209 2903 1263 sit
2937 1207 3236 1264 novissimo
3279 1216 3521 1277 tempore
3558 1216 3789 1259 conver-

2188 1319 2301 1373 sus,
2333 1313 2389 1359 ut
2412 1302 2604 1373 aliquis
2630 1301 2804 1357 adhuc
2828 1300 3008 1357 salvus
3029 1314 3148 1356 esse
3188 1301 3379 1370 possit.

2777 1433 2851 1474 ΒΧ
2890 1432 3088 1474 ωριτε
3116 1433 3192 1472 ιι.

2261 1558 2350 1623 15,
2379 1557 2465 1613 id.
2504 1556 2569 1611 Et
2597 1556 2767 1611 audivi
2816 1564 2988 1611 vocem
3031 1570 3187 1610 unam
3213 1571 3275 1611 ea:
3300 1563 3522 1627 quatuor
3554 1553 3796 1611 cornibus

2187 1648 2363 1703 altaris
2382 1650 2521 1703 aurei
2543 1649 2679 1719 quod
2704 1648 2848 1703 estin
2885 1654 3161 1716 conspectu
3196 1644 3291 1703 Dei
3311 1689 3327 1714 ,
3359 1648 3609 1702 dicentem
3636 1656 3791 1701 sexto

2189 1742 2377 1814 angelo
2405 1742 2490 1811 qui
2527 1741 2740 1796 habebat
2779 1740 2953 1795 tubam
2983 1756 3002 1795 :
3036 1740 3190 1797 Solve
3237 1751 3455 1812 quatuor
3474 1741 3702 1813 angelos.
3734 1737 3795 1796 ld

2189 1844 2292 1899 est,
2324 1844 2554 1905 quatuor
2583 1833 2806 1906 angulos
2854 1841 3013 1889 terra:
3049 1836 3297 1891 tenentes
3325 1845 3555 1903 quatuor
3579 1842 3795 1890 ventos.

2262 1930 2363 1996 Qui
2388 1930 2531 2002 ligati
2551 1940 2667 1985 sunt
2688 1930 2756 1983 ad
2775 1928 2989 2000 ﬂuvium
3020 1942 3263 2000 magnum
3307 1927 3644 1998 Euphratem.
3691 1926 3799 1983 Per

2186 2024 2412 2095 angulos
2440 2034 2619 2089 terrae,
2650 2025 2765 2081 sive
2794 2030 3023 2096 quatuor
3048 2034 3245 2080 ventos
3270 2032 3419 2080 trans
3463 2022 3797 2094 Euphratem

2186 2119 2434 2187 ﬂuvium,
2464 2128 2651 2190 gentes
2677 2128 2802 2175 sunt
2824 2126 3073 2190 quatuor,
3100 2118 3223 2188 quia
3256 2117 3404 2173 omni
3445 2117 3589 2187 genti
3623 2114 3797 2186 depu-

2189 2222 2330 2268 tatus
2358 2222 2441 2267 est
2468 2213 2711 2282 angelus,
2736 2213 2875 2268 sicut
2907 2213 2996 2267 lex
3016 2210 3148 2266 dicit
3185 2227 3199 2263 :
3230 2208 3428 2266 Statuit
3457 2225 3542 2264 eos
3571 2222 3665 2279 per
3694 2224 3800 2263 nu-

2189 2322 2382 2360 merum
2404 2307 2703 2378 angelorum
2732 2304 2830 2360 Dei
2853 2302 3058 2378 (Deut.,
3088 2321 3254 2370 χχιιι,
3283 2304 3362 2377 8),
3388 2304 3563 2360 donec
3582 2312 3803 2359 sancto-

2199 2414 2314 2452 rum
2346 2399 2628 2471 expleatur
2667 2414 2924 2455 numerus
2955 2418 2967 2455 :
3000 2414 3126 2455 suos
3156 2414 3264 2455 non
3305 2395 3652 2469 egrediuntur
3681 2406 3802 2452 ter-

2188 2493 2383 2559 minos,
2422 2493 2543 2564 quia
2586 2496 2643 2549 in
2683 2495 2979 2550 novissimo
3024 2508 3148 2551 cum
3187 2493 3507 2550 antichristo
3550 2492 3797 2550 venient.

2809 2637 2879 2677 ex
2917 2617 3104 2676 enirn
3147 2635 3206 2676 ι.

2262 2734 2314 2797 1,
2355 2734 2411 2788 ‘2.
2453 2734 2570 2789 Vidi
2597 2734 2818 2790 alterum
2845 2734 3089 2805 angelum
3109 2737 3292 2806 fortem
3317 2732 3706 2790 descendentem
3730 2730 3795 2785 de

2199 2827 2344 2893 celo,
2378 2829 2623 2882 amictum
2651 2829 2783 2883 nube
2806 2871 2821 2896 ,
2854 2837 2903 2884 et
2931 2837 3040 2883 erat
3076 2827 3171 2882 iris
3212 2844 3367 2898 super
3412 2836 3564 2896 caput
3592 2826 3723 2898 ejus,
3750 2832 3803 2880 et

2193 2918 2352 2985 facies
2379 2918 2492 2990 ejus
2516 2929 2780 2990 tamquam
2809 2920 2909 2986 sol,
2935 2929 2982 2975 et
3010 2918 3162 2990 pedes
3190 2920 3301 2989 ejus
3320 2928 3582 2990 tamquam
3603 2917 3802 2973 colum-

2191 3026 2271 3064 na:
2298 3011 2468 3081 ignis:
2502 3022 2548 3065 et
2580 3012 2794 3066 habebat
2824 3013 2877 3066 in
2918 3028 3074 3066 manu
3108 3027 3202 3067 sua
3242 3011 3430 3066 librum
3464 3021 3719 3082 apertum,
3753 3018 3804 3065 et

2191 3105 2358 3175 posuit
2383 3105 2563 3175 pedem
2588 3123 2736 3161 suum
2763 3108 3002 3163 dextrum
3027 3122 3181 3175 super
3206 3122 3366 3170 mare,
3394 3106 3660 3161 sinistrum
3699 3120 3803 3158 au-

2190 3207 2290 3252 tent
2308 3216 2461 3271 super
2488 3210 2693 3255 terram.
2738 3200 3003 3271 Angelum
3035 3201 3192 3256 istum
3220 3198 3416 3255 fortem
3443 3240 3457 3265 ,
3483 3214 3643 3271 quem
3670 3197 3806 3252 dicit

484 3290 608 3330 nem
634 3272 963 3344 percurrerit
983 3315 998 3338 ,
1025 3285 1209 3327 rursus
1236 3269 1305 3325 ad
1334 3269 1521 3324 eadem
1550 3279 1790 3339 tempora
1822 3269 1997 3336 redit,
2027 3276 2085 3324 et

2205 3290 2539 3347 descendisse
2565 3293 2634 3347 de
2677 3293 2817 3348 caelo
2858 3293 3112 3347 amictum
3158 3293 3334 3356 nube,
3378 3292 3662 3347 Dominum
3706 3305 3805 3346 no-

485 3366 702 3438 supplet
725 3381 787 3421 ea
808 3381 926 3436 qua:
955 3368 1132 3419 minus
1152 3364 1321 3419 dixit:
1349 3377 1447 3418 nec
1478 3363 1832 3432 requirendus
1852 3372 1934 3417 est
1955 3361 2089 3418 ordo

487 3458 541 3513 in
585 3457 945 3528 Apocalypsi,
975 3455 1072 3512 sed
1108 3454 1415 3511 intellectus
1453 3453 1759 3523 sequendus
1790 3465 1871 3509 εει
1899 3470 2086 3510 eorum

486 3566 607 3619 quae
638 3549 950 3623 prophetata
995 3557 1138 3604 sont.
1187 3548 1323 3605 Sunt
1349 3548 1509 3618 igitur
1535 3548 1832 3619 signiﬁcata
1861 3549 1912 3603 in
1943 3549 2089 3605 tubis

488 3650 543 3700 et
568 3644 759 3715 phialis
805 3651 897 3698 aut
934 3643 1206 3713 plagarum
1245 3641 1363 3697 orbi
1402 3642 1690 3696 missarum
1738 3640 1942 3711 clades,
1999 3646 2091 3698 aut

488 3738 656 3807 ipsius
692 3736 995 3792 antichristi
1042 3735 1272 3802 insania,
1311 3746 1405 3790 aut
1443 3736 1762 3807 populorum
1804 3736 2086 3804 detractio,

490 3832 583 3886 aut
610 3826 886 3901 plagarum
925 3826 1223 3883 differentia
1248 3871 1262 3892 ,
1294 3835 1388 3882 aut
1422 3842 1545 3897 Spes
1586 3829 1640 3883 in
1676 3842 1842 3899 regno
1886 3836 2091 3886 sancto-

492 3936 634 3989 rum,
664 3931 756 3977 aut
783 3923 936 3977 ruina
957 3923 1250 3986 civitatum,
1270 3929 1361 3976 aut
1388 3922 1537 3976 ruina
1564 3934 1752 3993 magna
1775 3921 2088 3993 Babylonis,

496 4012 551 4070 id
573 4021 674 4083 est,
707 4013 938 4069 civitatis
965 4026 1226 4068 romanae.

565 4104 620 4162 9.
650 4093 778 4161 Post
799 4106 906 4160 lucc
932 4104 1058 4173 uidi,
1088 4100 1156 4160 Et
1181 4120 1291 4160 ecce
1322 4106 1467 4160 turba
1495 4106 1659 4160 multa
1682 4122 1836 4177 quam
1862 4107 2091 4162 dinume-

496 4210 610 4258 rare
648 4218 795 4258 nemo
832 4212 1031 4275 poterat
1071 4217 1133 4255 ea:
1173 4201 1312 4255 omni
1346 4209 1510 4272 gente,
1545 4203 1699 4267 tribu,
1729 4211 1773 4256 et
1811 4202 2015 4272 populis
2045 4210 2093 4255 et

499 4295 708 4366 linguis,
733 4296 903 4350 amicti
928 4294 1071 4349 stolis
1097 4294 1243 4367 albis.
1286 4294 1438 4362 Quod
1477 4293 1610 4363 dicit
1634 4295 1789 4349 turba
1817 4295 1979 4349 multa
2026 4306 2092 4350 ex

499 4388 646 4442 omni
675 4387 837 4453 tribu,
863 4401 929 4442 ex
959 4384 1209 4441 omnibus
1229 4386 1571 4441 credentibus
1593 4386 1885 4443 electorum
1908 4402 2093 4442 nume-

498 4494 619 4537 rum
671 4480 925 4547 ostendit,
954 4481 1043 4553 qui
1082 4481 1138 4534 in
1166 4480 1424 4551 sanguine
1467 4479 1602 4551 Agni
1635 4496 1729 4551 per
1771 4481 2092 4552 baptismum

498 4577 708 4649 purgati
731 4590 856 4632 suas
882 4574 1047 4631 stolas
1069 4574 1309 4631 fecerunt
1331 4572 1585 4632 candidas
1611 4617 1625 4642 ,
1656 4586 1932 4633 servantes
1966 4591 2094 4648 gra-

503 4671 629 4726 tiam
651 4682 808 4742 quam
836 4677 1177 4740 acceperunt.

1088 4822 1158 4863 EX
1179 4820 1367 4863 GAPITE
1393 4820 1506 4863 νιιι.

581 4972 627 5030 1.
654 4972 715 5028 Et
743 4988 859 5027 cum
894 4922 1522 5042 aperuisset,signac:tlum
1552 4964 1823 5036 septimum
1850 5006 1864 5033 ,
1899 4969 2095 5036 factum

2196 3392 2365 3447 strum
2397 3400 2518 3441 esse
2545 3385 2833 3457 signiﬁcat,
2870 3386 3010 3440 sicut
3034 3387 3287 3457 superius
3308 3389 3702 3443 enarravimus.

2270 3475 2452 3532 Facies
2482 3479 2592 3549 ejus
2620 3479 2750 3533 sicut
2775 3477 2875 3534 sol.
2908 3477 2963 3532 Id
2991 3489 3096 3540 est,
3133 3478 3203 3535 de
3232 3480 3655 3535 resurrectione.

2268 3569 2437 3641 Super
2481 3581 2637 3640 caput
2685 3570 2798 3642 ejus
2841 3571 2954 3626 iris.
3003 3570 3271 3627 Judicium
3310 3570 3489 3628 innuit
3515 3571 3658 3644 quod
3705 3585 3805 3642 per

2198 3661 2346 3717 illum
2377 3661 2575 3718 factum
2600 3672 2703 3729 est,
2736 3675 2829 3718 aut
2847 3663 3088 3721 tutorum
3116 3672 3221 3719 est.

2266 3755 2419 3811 Liber
2439 3767 2667 3827 apertus.
2696 3756 2976 3813 Revelatio
3006 3772 3232 3828 operum
3273 3758 3327 3813 in
3366 3756 3549 3814 futuro
3577 3756 3801 3828 judicio.

2198 3849 2285 3906 vel
2314 3850 2669 3923 Apocalypsis
2698 3866 2858 3921 quam
2882 3852 3093 3920 accepit
3118 3850 3375 3907 Joannes.

2272 3942 2436 3997 Pedes
2456 3945 2587 4015 ejus.
2621 3943 2687 4000 Ut
2712 3944 2962 4014 superius
2987 3943 3242 4013 diximus,
3257 3944 3642 4016 suntapostoli.
3664 3942 3802 4001 Nam

2198 4035 2391 4091 calcari
2416 4036 2486 4090 ab
2533 4050 2599 4090 eo
2646 4044 2700 4090 et
2741 4037 2947 4092 marina
2991 4043 3049 4092 ct
3084 4046 3320 4104 terrena,
3360 4037 3541 4093 omnia
3578 4036 3804 4107 pedibus

2198 4128 2313 4199 ejus
2337 4128 2574 4198 subjecta
2600 4128 2889 4198 signiﬁcat.
2938 4129 3203 4199 Angelum
3241 4141 3419 4185 autem
3442 4130 3609 4195 dicit,
3637 4128 3691 4184 id
3719 4138 3803 4185 est

2200 4223 2464 4287 nuntium,
2498 4222 2702 4277 scilicet
2726 4221 2901 4277 Patris
2927 4241 2941 4277 ε
2965 4234 3185 4278 vocatur
3205 4225 3347 4279 enim
3374 4224 3549 4295 magni
3588 4222 3803 4279 consilii

2198 4316 2445 4372 Nuntius.
2475 4317 2747 4372 Clamasse
2768 4333 2979 4388 quoque
3011 4333 3135 4373 eum
3163 4332 3295 4374 voce
3330 4333 3522 4388 magna
3544 4318 3639 4372 ait.
3688 4314 3802 4372 Vox

2201 4427 2393 4482 magna
2421 4420 2505 4467 est
2529 4412 2766 4468 caelestis
2789 4412 3178 4483 omnipotentis
3202 4413 3295 4469 Dei
3315 4412 3473 4468 verba
3498 4411 3802 4467 hominibus

2201 4504 2467 4572 nuntiare,
2490 4513 2544 4560 et
2571 4510 2884 4571 contcslari,
2933 4507 3057 4576 quia
3088 4516 3211 4578 post
3246 4506 3484 4562 clausam
3532 4504 3801 4577 paeniten-

2203 4599 2329 4653 tiam
2358 4586 2483 4667 apes
2510 4609 2695 4669 postea
2728 4599 2903 4654 futura
2933 4614 3039 4654 non
3064 4608 3167 4655 est.

2122 4685 2176 4745 D
2274 4691 2326 4746 5.
2354 4687 2550 4745 Locuta
2587 4701 2705 4744 sunt
2729 4701 2921 4762 septem
2947 4696 3176 4747 tonitrua
3219 4710 3361 4749 voces
3397 4708 3541 4748 suas.
3575 4692 3797 4763 Septem

2204 4785 2437 4841 tonitrua
2487 4785 2663 4840 locuta
2706 4801 2866 4842 voces
2909 4802 3055 4854 suas,
3099 4787 3333 4857 Spiritus
3375 4788 3596 4843 sanctus
3637 4787 3802 4858 septi-

2200 4878 2389 4933 formis
2425 4878 2636 4933 virtutis
2662 4886 2747 4934 est
2773 4880 2866 4948 qui
2896 4896 2990 4949 per
3032 4879 3328 4951 prophetas
3358 4887 3687 4950 protestatus
3716 4888 3802 4937 est

2201 4972 2380 5027 omnia
2422 4970 2592 5025 futura
2614 5012 2631 5038 ,
2667 4981 2721 5026 et
2760 4986 2893 5027 voce
2924 4970 3068 5027 illius
3105 4976 3159 5026 in
3184 4971 3402 5044 ,szeculo
3432 4971 3800 5029 testimonium

1855 5078 2419 5144 COMMENTARIUS.

570 5207 649 5284 (l)
676 5206 822 5263 Tunc
842 5207 1002 5260 mittet
1038 5200 1205 5284 Filius
1492 5194 1841 5284 πεζεύειν-,ηε
1894 5212 2088 5284 omnes

500 5264 850 5353 quiscumque
901 5292 1021 5353 cum
1064 5290 1133 5331 ex
1157 5271 1359 5353 Veteri,
1394 5280 1504 5324 tum
1532 5268 1683 5353 Novo
1719 5264 2085 5340 Testamento,

502 5349 731 5408 citantur
757 5350 1121 5410 auctoritates,
1149 5352 1417 5411 Corruptae
1447 5352 1571 5395 sunt
1599 5349 1978 5408 et,pervers:e,
2035 5354 2092 5399 ut

499 5425 689 5495 cuique
714 5421 895 5495 videre
921 5420 1095 5495 liccat,
1126 5417 1456 5495 Victorinum
1489 5413 1630 5467 hunc
1658 5423 1898 5495 nostrum
1928 5457 1942 5479 ,
1972 5417 2090 5486 qui-

500 5483 728 5565 cuniqne
751 5490 1044 5565 illoiuerit,
1070 5498 1163 5541 aut
1182 5487 1404 5565 omnino
1419 5496 1597 5555 grmce
1624 5483 1755 5536 nihil
1781 5486 1972 5565 scisse,
1993 5483 2093 5565 aut

499 5554 783 5623 editionem
812 5564 1044 5631 aliquam
1081 5573 1182 5629 qua
1224 5560 1420 5629 pnsum
1462 5571 1527 5611 eo
1567 5568 1807 5631 tempore
1849 5554 2091 5631 Ecclesia

501 5650 757 5705 uteretur,
782 5626 1031 5703 religiose
1054 5626 1487 5705 nimissecututu
1504 5643 1646 5705 esse.
1677 5626 1811 5680 Nam
1838 5630 1984 5705 qttod
2020 5630 2089 5705 de

499 5712 641 5767 fossa
669 5699 984 5770 Nembroth,
1023 5712 1077 5759 ct
1110 5700 1367 5755 Ecclesia:
1407 5699 1599 5771 spiritu
1630 5714 1753 5771 nth
1792 5702 2111 5771 subjungit,.

500 5796 605 5836 non
630 5794 812 5852 parum
842 5773 1169 5852 difﬁcultatis
1198 5780 1264 5852 et.
1284 5770 1634 5851 obscuritatis
1656 5770 1817 5852 habet
1849 5787 1862 5823 :
1894 5770 2087 5841 praeter

497 5840 645 5908 enim'
669 5868 826 5923 quam
852 5850 994 5920 quod
1022 5846 1182 5902 verba
1211 5844 1298 5897 illa
1327 5840 1568 5923 agrzecis
1582 5842 1726 5923 unde
1743 5840 1928 5923 hausta
1941 5853 2083 5909 sunt,

496 5912 721 5983 multum
766 5912 1101 5993 discrepant,
1148 5912 1416 5989 posterior
1463 5912 1651 5986 etiam,I
1672 5912 1763 5975 ille
1802 5913 2090 5973 verborum

2191 5203 2324 5258 ordo
2354 5202 2483 5273 (nisi
2536 5202 2794 5273 iallimnr)
2840 5202 2913 5257 ita
2961 5201 3284 5272 depraVatus
3322 5212 3429 5273 est,
3470 5208 3531 5259 ut
3572 5202 3796 5262 difﬁcile

2190 5274 2477 5329 admodum
2525 5276 2596 5345 sit
2634 5288 2949 5345 germanum
2980 5290 3045 5329 ex
3092 5274 3174 5328 bis
3223 5290 3442 5332 sensum
3472 5277 3671 5333 elicere
3710 5277 3797 5333 :si

2191 5346 2317 5417 quid
2347 5356 2524 5401 tamen
2550 5344 2820 5402 doctiores
2865 5344 3110 5399 homines
3147 5348 3197 5400 in
3248 5348 3486 5402 medium
3524 5348 3798 5404 attulerint

2194 5417 2337 5487 qum]
2371 5418 2563 5471 rationi
2595 5419 2763 5488 aitagis
2783 5425 3203 5473 consentaneum
3221 5420 3312 5485 sit,
3336 5420 3550 5475 illorum
3578 5431 3798 5477 senten-

2198 5492 2285 5544 lite
2314 5488 2470 5542 facile
2497 5490 2917 5544 subscribetnns.

2270 5559 2350 5633 (-2.)
2391 5559 2705 5633 Vislibimus.
2737 5558 2868 5627 Quis
2888 5560 3008 5615 heic
3032 5576 3139 5618 non
3164 5560 3342 5618 videat
3368 5561 3548 5617 latinis
3574 5564 3796 5622 auribus

2193 5640 2247 5685 et
2277 5632 2532 5686 Orationis
2554 5637 2765 5685 ornatui
2799 5646 3049 5702 usqueeo
3080 5636 3218 5690 male
3245 5633 3549 5689 consultum
3579 5646 3798 5700 e~se.ut

2190 5702 2235 5757 si
2261 5704 2380 5779 quis
2406 5712 2681 5779 auctorem
2727 5703 3100 5779 iujus__vocet,
3131 5720 3455 5779 causamque
3498 5704 3793 5779 laesmglati-

2192 5786 2275 5827 na:
2306 5775 2501 5845 lingua:
2539 5773 2836 5903 maiiestatis
2877 5776 3060 5855 dicere
3095 5773 3406 5848 compellai,
3451 5788 3558 5836 non
3596 5777 3798 5849 injuria

2195 5853 2283 5902 snt
2309 5853 2513 5902 temere
2541 5845 2596 5901 id
2644 5848 2815 5903 coisse
2839 5838 3116 5903 videatur?

2195 5853 2283 5902 aut
2309 5838 2513 5902 temere
2541 5845 2596 5901 id
2620 5838 2815 5904 iecisse
2839 5838 3116 5903 videatur?
