4020 6072
189 285 304 347 335

1346 295 1411 350 IN
1448 292 1925 353 APOCALYPSIN
1963 297 2026 355 Β.
2052 297 2349 358 JOANNIS.

3387 312 3494 368 555

188 405 424 461 Joannes
450 405 688 462 reddidit
716 422 729 460 :
763 406 858 462 sed
881 409 1001 479 quia
1030 408 1159 464 dicit
1184 424 1244 467 se
1269 410 1594 481 scripturum
1625 411 1787 468 fuisse
1813 414 1867 472 A
1891 422 2017 467 runt
2069 431 2189 470 enm
2212 458 2228 484 ,
2279 426 2336 471 ut
2389 425 2448 472 et
2512 417 2626 488 ipse
2689 423 3052 478 testimonium
3103 427 3491 484 conscriberet.

188 511 390 569 quanta
435 500 612 556 locuta
664 502 890 558 fuissent
937 505 1202 568 tonitrua,
1245 505 1296 559 id
1335 516 1417 561 est
1441 522 1797 577 quaecumque

187 592 240 646 in
275 593 455 649 Veteri
505 595 854 651 Testamento
898 608 1052 652 erant
1098 599 1324 654 obscura
1357 601 1670 669 praedicata,
1702 615 1796 656 ve-

188 695 336 740 tatur
360 702 424 742 ea
452 687 690 744 scribere
719 707 730 744 :
766 689 860 744 sed
889 690 1194 761 relinquere
1215 707 1277 747 ea
1303 693 1534 763 signata,
1562 693 1686 763 quia
1712 699 1798 748 est

186 780 504 849 Apostolus,
550 795 652 836 nec
693 783 973 852 oportebat
1016 786 1244 855 gratiam
1285 787 1560 856 sequentis
1598 785 1794 856 gradus

184 863 238 931 in
274 879 446 947 primo
472 879 748 936 collocari.
783 879 1037 954 Tempus,
1067 884 1258 954 inquit,
1293 899 1454 955 prope
1479 895 1550 938 est
1579 883 1791 953 (Apoc.,

182 990 222 1041 1,
254 975 322 1039 ὃς
352 989 485 1041 xxtt,
520 974 629 1048 10).
663 976 904 1046 Apostuli
932 979 1075 1034 enim
1107 979 1412 1044 virtutibus,
1445 981 1634 1050 signis,
1669 995 1793 1051 por-

187 1069 352 1124 tentis
385 1083 446 1122 ac
477 1069 816 1139 magnalibns
854 1071 1010 1125 factis
1048 1071 1291 1127 vicerunt
1331 1073 1792 1127 incredulitatem.
1814 1125 1827 1138 ,

186 1161 321 1216 Post
359 1161 480 1215 illos
502 1160 613 1231 jam
642 1162 846 1217 eisdem
886 1166 1274 1219 consummatis
1317 1164 1578 1221 Ecclesiis
1607 1166 1792 1221 datum

187 1263 275 1310 est
305 1255 554 1310 solatium
586 1256 1024 1326 propheticarum
1058 1259 1446 1328 scripturarum
1480 1269 1597 1329 post
1628 1261 1794 1315 inter-

186 1349 575 1419 pretandarum
621 1366 634 1403 :
677 1361 801 1420 post
847 1352 1263 1423 interpretantes
1315 1355 1606 1424 prophetas
1661 1356 1789 1410 dixi.

185 1445 281 1500 Ait
322 1445 466 1500 enim
513 1447 844 1516 Apostolus:
879 1445 946 1500 Et
990 1449 1159 1517 posuit
1206 1449 1408 1516 quidem
1458 1451 1509 1503 in
1560 1449 1794 1505 Ecclesia

185 1541 414 1610 primum
443 1540 704 1610 apostolos
725 1583 740 1607 ,
779 1542 1003 1596 secundo
1033 1543 1310 1612 prophetas
1330 1587 1343 1606 ,
1385 1543 1531 1596 tertio
1561 1543 1794 1598 doctores

186 1630 232 1703 (Ι
265 1632 410 1699 Cor.,
445 1647 538 1699 xu,
570 1631 686 1703 28),
716 1641 770 1688 et
807 1633 1032 1705 reliqua.
1086 1633 1156 1689 Et
1202 1635 1309 1689 alio
1349 1634 1468 1690 loco
1503 1636 1574 1690 ait
1607 1653 1620 1690 :
1653 1635 1790 1690 Pro-

185 1725 360 1796 pheta
391 1725 490 1780 duo
519 1725 595 1779 uel
639 1735 738 1780 tres
775 1727 970 1794 dicant,
1001 1738 1048 1782 et
1090 1729 1257 1783 ceteri
1296 1729 1545 1783 testiment
1577 1729 1619 1800 (Ι
1643 1727 1787 1798 Cor.,

1901 505 2201 564 ltlensuratn
2235 520 2411 564 autem
2446 512 2628 582 templi
2675 511 2768 568 Dei
2790 513 2896 586 (i),
2928 517 3237 573 mandatum
3281 519 3497 576 Domini

1901 605 2092 670 nostri,
2119 604 2330 660 Patrem
2361 607 2609 660 conﬁteri
2640 608 3064 678 omnipotentem
3094 627 3211 668 esse
3242 612 3490 680 dicimus,

1899 702 1955 748 et
1981 694 2137 765 hujus
2165 697 2332 751 lilium
2373 697 2644 752 Christum
2692 711 2816 755 ante
2841 703 3099 773 originem
3143 705 3327 760 smculi
3354 707 3496 776 apud

1901 785 2114 842 Patrem
2145 790 2382 857 genitum
2405 833 2418 856 ,
2452 791 2724 848 hominem
2754 794 2949 849 factum
2993 798 3044 850 in
3073 799 3248 853 anima
3276 815 3400 854 vera
3440 809 3498 856 et

1900 897 2093 949 carne,
2125 897 2348 954 utraque
2375 888 2589 943 miseria
2620 898 2674 942 et
2701 898 2875 944 morte
2899 890 3137 957 devicta,
3165 902 3218 947 et
3249 893 3301 948 in
3328 894 3498 950 eteius

1900 989 2020 1028 cum
2068 992 2294 1046 corpore
2339 994 2367 1032 a
2411 979 2568 1035 Putre
2615 991 2890 1051 receptum
2940 983 3191 1040 effudisse
3238 985 3497 1054 Spiritum

1899 1082 2169 1137 sanctum,
2203 1071 2404 1127 donum
2437 1085 2491 1128 et
2523 1075 2715 1145 pignus
2741 1076 3160 1132 immortalitatis
3191 1097 3203 1132 :
3235 1080 3378 1135 lnmc
3407 1097 3501 1150 per

1899 1161 2190 1231 prephetas
2215 1165 2584 1233 praedicatum,
2619 1167 2762 1222 hunc
2788 1184 2883 1239 per
2915 1170 3085 1240 legem
3111 1173 3494 1242 conscriptum,

1900 1256 2042 1311 hunc
2088 1274 2207 1312 esse
2257 1275 2472 1313 manum
2526 1259 2642 1328 Dei,
2695 1272 2746 1316 et
2794 1262 3025 1318 Verbum
3069 1264 3243 1320 Patris
3271 1282 3334 1321 ex
3368 1267 3501 1333 Deo,

1898 1364 1996 1418 per
2031 1351 2210 1406 omnia
2257 1351 2540 1408 Dominum
2569 1362 2624 1409 et
2649 1355 2985 1411 conditorem
3029 1358 3176 1412 orbis
3210 1377 3222 1411 :
3259 1361 3372 1414 hate
3419 1369 3504 1415 est

1896 1443 2105 1499 arundo
2159 1454 2213 1499 et
2260 1461 2509 1502 mensura
2560 1447 2685 1503 lidei
2735 1468 2749 1504 :
2797 1459 2851 1505 et
2900 1467 3060 1506 nemo
3111 1452 3303 1508 adorat
3353 1469 3500 1509 aram

1898 1545 2160 1602 sanctam,
2196 1537 2295 1592 nisi
2329 1540 2420 1609 qui
2450 1540 2586 1594 hanc
2620 1540 2780 1596 ﬁdem
2808 1543 3119 1600 conﬁtetur.

1973 1627 2027 1681 2.
2057 1629 2260 1683 Atrium
2289 1633 2426 1701 quod
2452 1643 2524 1688 est
2547 1634 2854 1690 intrinsecus
2880 1638 3075 1707 templi,
3106 1639 3318 1694 exclude
3341 1645 3504 1710 foras.

1898 1719 2034 1776 Aula
2079 1725 2275 1778 atrium
2317 1724 2534 1791 dicitur,
2567 1742 2734 1782 vacua
2779 1728 2919 1784 inter
2957 1730 3191 1800 parietes
3239 1747 3372 1788 ara:
3405 1736 3508 1791 hos

185 1829 341 1884 xxiv,
377 1819 490 1888 29).
515 1819 669 1875 Etait
701 1838 713 1873 ε
747 1819 928 1876 Omnis
957 1823 1141 1877 mulier
1167 1840 1322 1878 orans
1347 1823 1426 1878 vel
1454 1825 1787 1895 prophetam,
1819 1816 1868 1876 B
1901 1813 2037 1868 tales
2058 1829 2164 1870 non
2196 1818 2530 1871 necessarios
2561 1819 2680 1888 ejiei
2703 1818 2865 1888 jussit
2887 1819 2954 1874 de
2982 1821 3243 1877 Ecclesia.

187 1915 388 1968 detecto
428 1914 616 1982 capite,-
663 1916 900 1984 deturpat
924 1925 1077 1985 caput
1115 1929 1265 1970 suum
1302 1916 1366 1988 (l,
1413 1916 1559 1984 Cor.,
1588 1933 1662 1980 χι.
1712 1917 1790 1989 5).

1968 1905 2106 1960 Data
2133 1917 2206 1961 est
2234 1908 2425 1963 calcari
2467 1927 2498 1962 a
2537 1912 2786 1981 gentibus.
2825 1912 2938 1969 l‘loe
2979 1924 3095 1982 est,
3128 1915 3286 1986 hujus
3317 1920 3506 1975 mundi

186 2006 325 2062 Cum
370 1978 548 2061 autem
595 1978 769 2075 diem,
813 1978 1081 2078 ’ρνορήέιω
1109 2011 1212 2062 duo
1253 1978 1330 2064 υεὶ
1355 1978 1466 2064 ὐσεδ
1504 1978 1707 2079 dicam,
1749 1978 1796 2065 ξι
1889 1978 2224 2064 hominibus,
2273 2010 2330 2056 ut
2372 2016 2401 2056 a
2443 2003 2689 2072 gentibus
2719 2004 2806 2060 vel
2840 2021 2962 2059 cum
3001 2009 3253 2077 gentibus
3283 2013 3504 2067 concul-

186 2101 363 2154 ca'tcri
399 2101 681 2165 wstiment,
736 2116 843 2155 non
892 2101 960 2156 de
1012 2101 1273 2158 catholica
1333 2103 1614 2175 prephetia
1668 2104 1797 2159 dicit

188 2191 433 2248 inaudita
458 2201 514 2246 et
539 2192 830 2262 incognita,
864 2194 959 2248 sed
986 2203 1040 2248 et
1066 2195 1351 2265 praedicata
1371 2206 1425 2250 et
1457 2207 1579 2250 nota
1612 2211 1626 2252 :
1654 2198 1796 2251 acsti-

188 2295 345 2344 ment
379 2296 560 2342 autem
585 2296 761 2342 utrum
810 2304 878 2343 ne
922 2289 1294 2359 interpretatio
1319 2305 1438 2346 cum
1480 2291 1799 2346 testimoniis

189 2389 461 2452 congruat
514 2380 764 2436 dictionis
818 2383 1169 2452 prophetiae.
1227 2385 1451 2440 Constat
1508 2401 1638 2456 ergo
1696 2386 1798 2441 hoc

190 2474 390 2532 Joanni
437 2490 544 2530 non
584 2473 752 2530 fuisse
791 2477 1157 2532 necessarium
1198 2477 1463 2548 superiori
1493 2479 1690 2534 virtute
1714 2494 1801 2533 ar-

193 2577 382 2633 mato;
437 2583 561 2624 cum
607 2583 804 2638 corpus
848 2568 1050 2624 Christi
1097 2586 1217 2640 quae
1247 2580 1330 2626 est
1380 2571 1641 2638 Ecclesia,
1689 2572 1800 2627 suis

194 2663 458 2718 membris
484 2673 755 2733 ornatum,
785 2679 882 2719 suo
912 2664 1034 2720 loco
1063 2666 1392 2736 respondere
1419 2666 1632 2722 debent.

269 2754 362 2810 i0.
390 2756 577 2825 Accepi
608 2755 793 2810 librum
819 2758 884 2810 de
914 2774 1071 2812 manu
1103 2759 1306 2830 Angeli,
1331 2771 1378 2813 et
1407 2759 1604 2814 comedi
1628 2759 1797 2814 illum.

196 2847 465 2918 Accipere
507 2847 702 2904 librum
731 2860 786 2906 et
818 2850 1140 2918 comedere,
1169 2853 1480 2909 ostensione
1515 2853 1616 2910 sibi
1661 2852 1800 2910 facta

195 2942 479 2998 memoria:
509 2951 592 2997 est
619 2942 897 2998 mandare.

272 3034 346 3089 Et
372 3046 478 3089 erat
505 3036 556 3089 in
577 3052 664 3090 ore
685 3053 793 3092 meo
816 3051 1075 3107 tamquam
1099 3040 1198 3092 ntel
1224 3038 1410 3093 dulcis.
1441 3038 1660 3094 Dulcem
1684 3053 1804 3093 esse

197 3128 256 3185 in
282 3145 378 3184 ore
403 3129 803 3199 praedicationis
830 3141 911 3184 est
940 3129 1142 3187 fructus
1175 3121 1464 3202 loquentis,
1497 3141 1552 3187 et
1581 3131 1804 3186 audien-

1899 2100 2070 2146 cetur.
2101 2092 2302 2147 Deinde
2331 2095 2526 2165 repetit
2559 2095 2629 2152 de
2667 2097 2945 2153 novissimi
2973 2101 3235 2171 temporis
3267 2103 3420 2158 ruina
3452 2113 3509 2160 et

1899 2187 2133 2253 excidio,
2167 2197 2222 2242 et
2251 2188 2324 2242 ait
2355 2207 2368 2241 :

1974 2280 2028 2334 '5.
2059 2279 2324 2336 Civitatem
2345 2294 2574 2337 sanctam
2595 2285 2865 2340 calcabunt
2885 2288 3140 2344 mensibus
3164 2292 3510 2364 quadraginta

1903 2373 2100 2428 duobus
2133 2392 2152 2428 :
2180 2384 2225 2428 et
2251 2375 2382 2430 dabo
2413 2377 2610 2432 duobus
2659 2380 2864 2434 testibus
2902 2381 3047 2446 meis,
3081 2391 3129 2438 et
3157 2385 3512 2452 prwdicabunt

1903 2465 2081 2520 diebus
2111 2469 2251 2522 mille
2279 2469 2509 2524 ducentis
2548 2475 2836 2544 sexaginta,
2877 2476 3051 2529 amicti
3079 2477 3280 2533 ciliciis.
3314 2479 3372 2534 Id
3403 2490 3506 2549 est,

1904 2559 2197 2615 triennium
2238 2571 2294 2616 et
2332 2578 2550 2620 menses
2580 2580 2675 2620 sex
2705 2579 2720 2619 :
2754 2568 2868 2622 haec
2895 2568 3104 2625 faciunt
3130 2587 3345 2629 menses
3375 2591 3480 2644 qua
3498 2604 3512 2618 -

1904 2650 2146 2722 draginta
2200 2655 2326 2709 duo.
2379 2656 2475 2712 Est
2526 2674 2656 2730 ergo
2707 2659 2920 2714 illorum
2975 2663 3292 2732 praedicatio
3347 2666 3486 2720 trien

1904 2747 2052 2802 nium
2081 2756 2134 2804 et
2159 2765 2374 2806 menses
2415 2767 2532 2821 sex,
2573 2763 2628 2808 et
2666 2769 2890 2825 regnum
2937 2757 3243 2814 antichristi
3281 2759 3511 2816 alterum

1909 2851 2138 2899 tantum.

1978 2938 2034 2992 5.
2067 2937 2130 2993 Si
2154 2939 2266 3008 quis
2301 2941 2514 2995 voluerit
2545 2957 2628 2995 eos
2665 2942 2872 3010 (cedere,
2914 2927 3049 3016 ignis
3083 2947 3315 3018 procedit
3343 2964 3408 3002 ea:
3429 2965 3516 3004 ore

1906 3031 2162 3099 ipsorum,
2209 3044 2256 3087 et
2301 3035 2518 3088 comedit
2565 3037 2796 3091 inimicos
2831 3054 3026 3092 eorum.
3071 3039 3150 3096 De
3191 3057 3288 3097 ore
3334 3051 3514 3098 autem

1911 3128 2129 3183 illorum
2159 3134 2540 3201 prophetarum
2570 3133 2719 3187 exire
2739 3133 2916 3201 ignem
2939 3144 3126 3189 contra
3152 3135 3512 3203 adversarios,

197 3221 350 3278 tibus
383 3221 726 3279 dulcissimus
746 3265 762 3292 ,
799 3223 894 3280 sed
926 3235 978 3280 et
1022 3225 1434 3296 prtedicantibus
1461 3236 1514 3280 ct
1547 3239 1801 3296 perseve-
1829 3221 1875 3285 Ο
1908 3233 2232 3295 potestatem
2260 3225 2410 3282 verbi
2436 3225 2587 3280 dicit.
2620 3226 2822 3282 Omnes
2851 3228 2995 3282 enim
3026 3229 3216 3298 plagae,
3250 3239 3516 3300 quotquot

197 3319 450 3375 tantibus
476 3320 528 3373 in
552 3318 818 3376 mandatis
841 3335 936 3391 per
964 3322 1266 3391 passionem
1299 3321 1690 3375 antarissimus.

276 3413 367 3467 11.
401 3412 468 3466 Et
491 3413 613 3466 dicit
644 3414 766 3466 mihi
801 3430 818 3467 :
849 3425 1047 3483 oportet
1079 3427 1126 3468 te
1159 3415 1342 3468 iterum
1365 3415 1667 3485 prapltetare
1708 3429 1804 3483 po-

199 3506 345 3578 pulis
367 3547 382 3572 ,
425 3513 472 3558 et
515 3505 703 3576 linguis
723 3547 738 3573 ,
770 3515 817 3558 et
844 3506 1106 3577 gentibus,
1139 3515 1187 3560 et
1214 3507 1415 3577 regibus
1460 3506 1657 3560 multis.
1694 3503 1807 3560 Hoc

201 3600 357 3665 dicit,
385 3609 669 3668 propterea
701 3597 845 3669 quod
873 3597 1088 3669 quando
1109 3596 1226 3653 haec
1247 3597 1483 3654 Joannes
1505 3597 1660 3664 vidit,
1690 3605 1808 3652 erat

200 3692 258 3748 in
287 3693 468 3748 insula
496 3692 752 3748 Pathmos
783 3693 834 3748 in
869 3693 1088 3749 metallo
1133 3693 1417 3748 damnatus
1446 3709 1476 3747 a
1505 3691 1808 3746 Domitiano

201 3786 443 3844 Casare.
477 3786 552 3842 lbi
585 3801 715 3857 ergo
741 3783 874 3842 vidit
913 3787 1294 3860 Apocalypsin.
1326 3787 1392 3842 Et
1419 3787 1540 3842 cum
1577 3787 1686 3856 jam
1719 3800 1805 3840 sc-

203 3879 330 3936 nior
358 3889 571 3951 putaret
597 3896 654 3936 se
696 3896 793 3952 per
828 3881 1134 3951 passionem
1165 3889 1509 3950 accepturum
1540 3877 1810 3948 receptio-

204 3989 358 4036 nem,
386 3971 672 4030 interfecto
704 3975 1029 4041 Domitiano,
1060 3975 1237 4030 omnia
1264 3975 1463 4044 judicia
1491 3973 1608 4043 ejus
1639 3971 1810 4028 soluta

205 4077 356 4123 sunt.
391 4067 458 4121 Et
482 4065 719 4122 Joannes
745 4066 814 4124 de
841 4067 1055 4122 metallo
1077 4067 1356 4133 dimissus,
1387 4066 1464 4122 sic
1493 4074 1675 4136 postea
1701 4075 1812 4118 tra-

207 4162 344 4218 didit
390 4160 531 4216 hanc
569 4161 813 4217 eamdem
863 4177 1022 4233 quam
1065 4170 1348 4233 acceperat
1385 4177 1415 4215 a
1457 4161 1567 4214 Deo
1606 4158 1814 4228 Apoca-

210 4253 409 4328 lypsin.
463 4249 576 4308 Hoc
625 4259 707 4309 est
752 4267 880 4325 ergo
931 4253 1072 4325 quod
1101 4255 1216 4309 ait:
1249 4251 1472 4324 Oportet
1518 4261 1571 4308 te
1621 4253 1815 4306 iterum

211 4345 511 4418 praedicare
539 4346 789 4403 omnibus
825 4345 1073 4417 gentibus
1103 4364 1116 4400 :
1148 4347 1271 4417 quia
1313 4345 1492 4402 cernis
1539 4345 1817 4415 insurgere

214 4439 511 4495 antichrisn
551 4439 766 4506 turbas,
811 4446 866 4494 et
900 4449 1090 4494 contra
1134 4439 1262 4495 istas
1303 4447 1523 4494 staturae
1562 4445 1720 4506 sunt,
1763 4443 1819 4493 et

214 4531 396 4606 gladio
424 4533 742 4590 alterutrum
770 4544 895 4589 sunt
919 4547 1146 4590 casurae.

817 4688 886 4727 EX
925 4687 1116 4728 CAPITB
1155 4688 1229 4726 XI.

293 4811 349 4866 1.
379 4805 442 4866 Et
471 4819 672 4866 ostensa
699 4817 769 4866 est
797 4811 922 4866 mihi
948 4809 1145 4865 arundo
1168 4809 1350 4865 similis
1371 4809 1547 4881 virga},
1579 4817 1626 4862 et
1652 4809 1817 4862 stabat

217 4903 434 4977 angelus
457 4907 627 4958 dicens
649 4919 666 4959 :
691 4902 878 4978 Surge,
907 4913 952 4959 et
979 4907 1152 4958 metire
1173 4905 1417 4975 templum
1443 4903 1533 4958 Dei
1560 4915 1608 4958 et
1629 4903 1812 4975 altare,

219 5004 269 5051 et
316 5009 402 5051 eos
450 4999 534 5065 qui
585 4997 803 5051 adorant
848 4998 900 5050 in
930 4997 1041 5050 illo.
1096 4995 1327 5052 Ostensa
1371 4997 1578 5052 arundo
1625 4997 1816 5052 similis

220 5092 388 5163 virgae
419 5109 432 5146 :
461 5091 576 5149 haec
605 5093 717 5162 ipsa
746 5102 827 5148 est
857 5089 1229 5163 Apocalypsis,
1261 5105 1420 5162 quam
1452 5101 1636 5162 postea
1668 5090 1820 5146 exhi-

219 5185 342 5244 buit
389 5185 642 5242 Ecclesiis
676 5203 687 5240 :
722 5201 842 5241 nam
889 5195 943 5240 et
994 5183 1343 5256 Erangelium
1397 5185 1648 5256 perlecta:
1698 5184 1824 5240 ﬁdei

222 5290 423 5334 nostra:
455 5279 645 5334 salutis
669 5293 865 5336 causa:
899 5287 1084 5349 postea
1117 5278 1348 5349 scripsit.
1378 5278 1509 5334 Cum
1545 5279 1687 5334 enim
1734 5295 1822 5334 es-

221 5380 347 5427 sent
388 5371 706 5427 Valentinus
749 5382 803 5428 et
845 5371 1166 5438 Cerinthus,
1211 5382 1264 5428 et
1309 5371 1514 5435 Ebion,
1562 5383 1616 5428 et
1643 5374 1826 5428 emteri

221 5463 426 5520 schola:
443 5473 643 5519 satana:
668 5464 846 5519 diﬁusi
863 5479 960 5536 per
976 5466 1185 5534 orbem,
1199 5475 1562 5519 convenerunt
1588 5467 1654 5518 ad
1678 5465 1825 5520 illum

224 5556 298 5614 de
347 5555 586 5615 ﬁnitimis
626 5559 915 5630 provinciis
953 5573 1141 5615 omnes
1180 5559 1440 5630 episcopi,
1475 5567 1530 5614 et
1554 5559 1828 5628 compule-

1908 3321 2100 3376 l‘uturze
2147 3326 2292 3383 sunt,
2344 3319 2412 3375 ab
2454 3320 2660 3390 angelis
2707 3335 2893 3375 eorum
2935 3322 2988 3375 in
3032 3335 3165 3378 voce
3209 3323 3512 3379 mittentur.

1908 3412 2057 3468 Multi
2105 3421 2312 3484 putant,
2359 3428 2479 3468 cum
2528 3413 2642 3468 Elia
2690 3413 2942 3469 Eliszeum
2975 3430 3115 3482 esse,
3150 3426 3241 3471 aut
3277 3416 3460 3472 Mosen
3498 3435 3514 3472 :

1910 3505 2007 3561 sed
2029 3507 2244 3576 utrique
2273 3505 2471 3561 mortui
2496 3515 2640 3561 sunt.
2676 3506 2808 3560 Elim
2833 3516 3015 3562 autem
3048 3522 3195 3562 mors
3227 3523 3333 3563 non
3367 3509 3516 3563 inve-

1911 3599 2076 3665 nitur,
2124 3614 2220 3669 per
2261 3613 2420 3668 quem
2467 3613 2660 3654 omnes
2706 3606 2918 3653 veteres
2969 3599 3138 3654 nostri
3183 3599 3518 3656 tradiderunt

1914 3707 2036 3748 esse
2085 3693 2236 3751 illum
2278 3692 2589 3748 Jeremiam.
2621 3691 2754 3747 Nam
2797 3701 2852 3746 et
2893 3693 3068 3762 ipsum
3115 3693 3333 3748 verbum
3373 3693 3516 3764 quod

1913 3787 2114 3843 factum
2143 3796 2224 3842 est
2253 3787 2318 3843 ad
2347 3803 2471 3843 eum
2511 3786 2830 3843 testiﬁcatur
2856 3787 2905 3842 ei
2934 3786 3121 3842 dicens
3154 3804 3169 3842 :
3204 3787 3517 3860 Priusquam

1916 3887 1963 3934 te
2009 3881 2282 3950 ﬁgurarem
2325 3880 2380 3933 in
2419 3889 2609 3945 ventre,
2655 3877 2865 3950 cognovi
2912 3891 2978 3947 te,
3023 3890 3072 3934 et
3116 3880 3412 3950 priusquam
3455 3883 3520 3936 de

1915 3973 2064 4025 vulva
2091 3973 2408 4043 procedens,
2451 3972 2771 4041 sanctiﬁcavi
2799 3982 2865 4039 te,
2897 3981 2944 4026 et
2973 3973 3277 4043 prophetam
3304 3975 3358 4028 in
3394 3991 3519 4046 gen-

1918 4065 2049 4119 tibus
2080 4066 2225 4137 posui
2253 4076 2300 4119 te
2322 4064 2480 4135 (Jer.,
2508 4082 2544 4130 ι,
2577 4065 2656 4135 5).
2689 4065 2745 4119 In
2771 4064 3022 4135 gentibus
3047 4075 3224 4120 autem
3254 4067 3537 4137 propheta“

1917 4173 2025 4213 non
2061 4159 2197 4213 fuit:
2223 4168 2278 4213 et
2308 4159 2429 4214 ideo
2455 4158 2677 4213 verbum
2725 4158 2814 4213 Dei
2854 4173 3040 4223 verax,
3090 4175 3312 4216 necesse
3357 4160 3520 4218 habet

1919 4251 2061 4322 quod
2095 4251 2345 4320 promisit
2380 4249 2659 4316 exhibere,
2694 4257 2753 4305 ut
2780 4250 2833 4304 in
2861 4251 3110 4320 gentibus
3136 4252 3206 4307 sit
3233 4253 3518 4323 propheta.

1989 4347 2045 4400 4.
2079 4343 2151 4398 Hi
2176 4355 2292 4401 sunt
2313 4346 2415 4400 duo
2436 4345 2743 4400 candelabra
2764 4345 2819 4399 in
2841 4357 3114 4416 conspectu
3139 4345 3351 4404 Domini
3373 4358 3522 4404 terra:

1919 4447 2128 4492 stantes.
2164 4437 2290 4492 Haec
2319 4436 2427 4492 d'uo
2455 4437 2775 4493 candelabra
2805 4446 2859 4492 et
2885 4437 3020 4492 duas
3043 4439 3214 4494 olivas
3243 4441 3363 4496 ideo
3389 4441 3523 4497 dixit

1920 4541 1978 4587 et
2004 4533 2305 4597 admonuit,
2339 4541 2396 4586 ut
2421 4533 2466 4587 si
2499 4532 2625 4586 alibi
2657 4531 2842 4603 legens
2881 4547 2986 4586 non
3031 4533 3370 4600 intellexisti,
3401 4534 3522 4590 heic

1839 4623 1893 4684 D
1919 4627 2207 4697 intelligas.
2237 4626 2294 4680 ln
2338 4625 2593 4681 Zacharia
2635 4626 2799 4691 enim,
2830 4641 2937 4681 uno
2966 4639 3031 4680 ex
3061 4622 3343 4684 duodecim
3393 4643 3519 4697 pro-

1921 4720 2118 4791 phetis,
2165 4719 2234 4773 ita
2281 4721 2538 4788 scriptum
2585 4727 2668 4772 est
2700 4733 2720 4770 :
2754 4715 2825 4770 Hi
2860 4727 2976 4771 sunt
3016 4719 3133 4772 dua:
3170 4719 3318 4774 oliva:
3343 4728 3388 4771 et
3417 4719 3519 4772 duo

1919 4813 2226 4868 candelabra
2281 4814 2367 4883 qui
2420 4813 2475 4866 in
2528 4822 2800 4881 conspectu
2854 4808 3061 4863 Domini
3119 4820 3266 4864 teme
3317 4809 3525 4864 adstant

1922 4906 2131 4979 (Zaclt.,
2162 4919 2232 4972 tv,
2267 4903 2359 4976 Μ)
2390 4921 2403 4957 :
2433 4903 2484 4959 id
2512 4913 2627 4970 est,
2673 4912 2799 4957 sunt
2843 4903 2896 4956 in
2944 4901 3210 4973 paradiso.
3246 4903 3375 4958 Item
3415 4904 3521 4962 alio

1921 5015 2103 5056 sensu.
2137 4999 2196 5054 in
2229 5005 2521 5068 conspectu
2555 4996 2766 5051 Domini
2805 5006 2958 5050 terra:
2997 4994 3300 5051 adstantis:
3332 4997 3384 5051 id
3413 5010 3518 5066 est,

1925 5094 1977 5148 in
2009 5105 2301 5164 conspectu
2330 5091 2653 5148 antichristi.
2679 5092 2786 5148 Hos
2811 5105 2939 5161 ergo
2967 5097 3178 5160 oportet
3200 5091 3432 5148 interﬁci
3452 5093 3522 5148 ab

1927 5189 2262 5244 antichristo.

2000 5282 2054 5336 7.
2089 5281 2152 5335 Et
2194 5282 2351 5336 bestia
2396 5297 2508 5349 qua:
2555 5279 2780 5335 ascendit
2810 5277 2872 5331 de
2908 5279 3106 5349 abysso.
3154 5278 3282 5336 Post
3327 5269 3524 5336 multas

1929 5373 2110 5445 plagas
2139 5374 2337 5429 saeculo
2384 5375 2647 5444 expletas,
2691 5373 2742 5425 in
2775 5372 2880 5426 line
2911 5371 3038 5426 dicit
3076 5372 3385 5428 ascendisse
3424 5373 3524 5430 be-

1930 5467 2085 5522 stiam
2126 5466 2192 5521 de
2221 5467 2435 5538 abysso.
2470 5466 2546 5520 De
2591 5464 2785 5535 abysso
2825 5471 3004 5519 autem
3047 5465 3189 5535 quod
3234 5479 3528 5521 ascensura

1931 5561 2028 5628 sit,
2077 5561 2258 5618 multis
2299 5560 2617 5617 testimoniis
2654 5568 2737 5615 est
2775 5559 3182 5632 comprobatum
3216 5577 3229 5613 :
3259 5558 3336 5613 ait
3381 5558 3528 5615 enim

1579 5674 2144 5736 COMMENTARIUS.

305 5789 388 5867 (l)
425 5788 718 5867 Mensarum
744 5801 914 5867 autem
943 5790 1118 5867 templi
1145 5790 1260 5867 Qei.
1292 5787 1397 5867 Pro
1417 5809 1534 5867 quo
1559 5794 1610 5848 in
1639 5810 1828 5849 manu-

229 5863 440 5936 scripto
493 5863 770 5936 legebatur
815 5866 911 5935 ﬁlii
967 5863 1086 5924 Dei.
1144 5864 1253 5923 Nos
1303 5863 1460 5924 illud'
1486 5867 1831 5938 mutavimus,

1940 5797 2082 5870 quod
2109 5801 2269 5872 plane
2287 5798 2568 5861 videretur
2598 5798 2844 5871 Apestoli
2868 5795 3050 5856 verbis
3080 5807 3413 5867 repugnare.
