4020 6072
524 297 628 352 553

1739 297 1794 350 S.
1841 294 2183 352 \‘lCTORl-Nl
2224 293 2510 351 SCIIOLIA

3715 294 3818 349 556

508 419 564 472 in
598 433 739 472 xxxi
790 432 909 487 cap.
966 414 1213 471 Ezechiel
1258 434 1270 469 :
1315 412 1447 466 Ecce
1493 413 1680 479 Assur,
1728 428 1996 483 cupressus
2049 413 2100 466 in
2131 421 2395 479 Acorona
2441 409 2706 464 stellarum
2746 407 3060 462 duodecim:
3092 416 3139 463 et
3183 408 3236 461 in
3273 418 3418 463 utero
3459 407 3668 472 habens,
3703 409 3818 463 cla-

523 524 691 567 mante
740 512 921 566 Libani
964 511 1198 583 (Ezeclt.,
1243 525 1396 574 XXXI,
1448 510 1528 574 3).
1572 509 1743 564 Assur
1781 509 2112 578 deprimens,

518 620 810 676 cupressus
836 603 1106 667 excelsus,
1134 618 1380 658 ramosas
1401 643 1415 666 ,
1450 601 1500 656 id
1532 611 1616 658 est
1650 602 1876 672 populus
1916 603 2116 656 multus

514 697 572 751 in
619 707 800 751 monte
829 695 1051 762 Libano,
1099 695 1152 749 in
1183 710 1347 764 regno
1385 709 1670 764 regnorum
1710 695 1760 748 id
1805 703 1888 749 est
1916 694 2115 748 Roma-

517 804 733 845 norum.
760 787 1052 844 Formosus
1072 795 1251 842 autem
1284 786 1426 857 quod
1449 786 1522 839 ait
1550 787 1600 839 in
1631 787 1982 856 germinibus,
2003 785 2115 840 for—

515 891 621 938 tem
653 882 781 938 dicit
810 883 862 936 in
901 881 1246 938 exercitibus.
1278 879 1450 950 Aqua,
1483 880 1673 950 inquit,
1707 880 1907 934 nutriet
1937 879 2108 945 illum,

513 976 567 1030 id
590 985 694 1041 est,
726 975 891 1030 multa
921 975 1084 1030 millia
1117 975 1392 1029 hominum
1422 989 1539 1044 qua:
1561 973 1800 1044 subjecta
1831 982 1987 1028 erunt
2009 971 2107 1025 illi.

514 1072 583 1126 Et
607 1071 834 1142 abyssus
861 1071 1008 1126 auxit
1039 1070 1211 1134 illum,
1242 1069 1292 1123 id
1321 1077 1406 1124 est
1431 1069 1693 1124 eructavit
1722 1084 1870 1124 eum.
1901 1067 2032 1122 Nam
2055 1075 2112 1122 et

509 1164 699 1220 Esaias
745 1163 1114 1240 pene-iisdem
1162 1162 1342 1218 verbis
1386 1162 1640 1233 loquitur.
1686 1160 1873 1216 Fuisse
1921 1171 2105 1216 autem

508 1273 629 1313 eum
665 1258 715 1311 in
746 1273 912 1328 regno
942 1257 1342 1320 Romanorum,
1378 1265 1432 1310 et
1474 1256 1638 1311 fuisse
1667 1257 1806 1310 inter
1828 1255 2102 1321 Caesares,

509 1359 565 1403 et
599 1349 794 1404 Paulus
825 1350 1100 1420 apostolus
1130 1357 1496 1414 contestatur;
1527 1350 1600 1402 ait
1629 1350 1770 1403 enim
1794 1347 1860 1402 ad
1883 1347 2109 1402 Thessa-

504 1443 854 1500 lonicenses:
892 1443 991 1509 Qui
1035 1458 1168 1496 nunc
1211 1452 1360 1508 tenet,
1415 1451 1600 1505 teneat,
1641 1441 1799 1496 donec
1845 1442 1908 1494 de
1939 1441 2106 1495 medio

507 1541 638 1606 ﬁat;
661 1548 711 1593 et
752 1549 871 1592 tunc
896 1536 1161 1608 apparebit
1189 1536 1409 1605 iniquas,
1450 1536 1536 1590 ille
1569 1537 1716 1605 cujus
1753 1545 1825 1589 est
1863 1537 2106 1588 adventus

508 1632 784 1685 secundum
813 1631 1086 1701 efﬁcaciam
1120 1630 1335 1686 Satanae
1359 1629 1517 1699 signis
1547 1638 1592 1682 et
1622 1628 1866 1696 portentis
1893 1626 2103 1680 menda-

503 1724 643 1779 cibus
670 1723 756 1795 (ll,
799 1723 1000 1782 Tltess..
1031 1740 1091 1790 tt,
1116 1725 1168 1787 7,
1199 1723 1275 1795 8).
1310 1723 1376 1777 Et
1409 1733 1465 1776 ut
1492 1723 1693 1776 scirent
1728 1719 1878 1774 illum
1908 1727 2100 1773 ventu-

2224 521 2390 570 mana,
2423 504 2733 572 parturiens,
2763 512 2810 556 et
2837 511 3086 556 tormenta
3111 502 3365 557 sustinens
3390 514 3446 557 ut
3475 508 3665 573 pariat.
3700 501 3819 557 Mu-

2217 598 2318 654 lier
2346 599 2540 652 amicta
2577 597 2725 664 sole,
2769 606 2824 654 et
2849 598 3030 652 lauant
3072 597 3172 652 sub
3201 595 3369 667 pedes
3413 611 3542 651 suos
3576 597 3815 662 habens,

2215 707 2580 762 coronamque
2608 693 2660 746 in
2687 693 2862 762 capite
2887 703 3105 764 gestans
3125 692 3405 748 stellarum
3437 693 3743 757 duodecim,
3763 700 3820 749 et

2217 790 2518 858 parturiens
2568 789 2618 843 in
2666 789 2940 846 doloribus
2983 793 3126 857 suis,
3177 790 3394 862 antiqua
3443 791 3688 847 Ecclesia
3734 799 3820 847 est

2217 889 2427 949 patrum
2458 890 2512 934 et
2548 880 2931 950 prophetarum
2953 923 2967 948 ,
2996 891 3051 936 et
3087 889 3430 947 sanctorum,
3461 895 3517 938 et
3542 883 3820 954 apostolo-

2216 987 2370 1037 rum;
2399 988 2518 1042 quze
2543 973 2772 1044 gemitus
2817 985 2871 1031 et
2911 984 3177 1030 tormenta
3207 975 3464 1031 desiderii
3495 977 3576 1031 sui
3604 976 3818 1043 habuit,

2212 1079 2492 1135 usquequo
2538 1064 2769 1120 fructum
2820 1082 2885 1122 ex
2930 1067 3086 1137 plebe
3136 1083 3230 1123 sua
3271 1071 3563 1124 secundum
3595 1084 3817 1124 carnem

2210 1157 2338 1211 olim
2371 1157 2694 1227 promissum
2725 1158 2824 1214 sibi
2859 1161 3066 1216 videret
3092 1161 3366 1217 Christum
3401 1178 3470 1218 ex
3500 1163 3614 1232 ipsa
3642 1172 3808 1234 gente

2211 1265 2409 1322 corpus
2437 1252 2763 1324 sumpsisse.
2795 1254 2924 1310 Sole
2967 1264 3148 1311 autem
3191 1257 3409 1322 amicta,
3445 1273 3598 1328 spem
3632 1274 3819 1314 resur-

2210 1346 2464 1401 rectionis
2496 1347 2786 1418 signiﬁcat,
2819 1359 2875 1404 et
2904 1349 3131 1419 gloriam
3165 1351 3633 1420 repromissionis.
3666 1351 3817 1406 Luna

2209 1452 2339 1494 vero
2369 1454 2555 1494 casum
2597 1453 2912 1497 sanctorum
2953 1457 3248 1513 corporum
3283 1459 3349 1499 ex
3392 1443 3579 1499 debito
3602 1446 3815 1511 mortis,

2207 1530 2350 1600 quod
2379 1532 2613 1588 deﬁcere
2645 1549 2934 1604 numquam
2963 1543 3163 1604 potest.
3193 1533 3327 1589 Nam
3358 1535 3818 1604 quemadmodum

2206 1627 2465 1680 minuitur
2495 1627 2623 1692 vita,
2652 1627 2732 1681 sic
2763 1638 2818 1682 et
2851 1637 3100 1700 augetur.
3136 1628 3248 1684 Nec
3289 1629 3344 1683 in
3377 1639 3548 1686 totum
3579 1630 3817 1685 extincta
3905 1699 3912 1707 _

2205 1728 2289 1774 est
2317 1736 2441 1790 spes
2461 1721 2878 1789 dormientium,
2907 1731 2966 1778 ut
2993 1723 3213 1795 quidam
3244 1731 3452 1794 putant,
3482 1725 3578 1780 sed
3611 1724 3818 1780 habent

505 1834 646 1881 rum,
679 1817 768 1888 qui
813 1825 938 1872 tunc
966 1827 1081 1872 erat
1125 1818 1394 1885 princeps,
1436 1815 1632 1884 adjecit
1662 1831 1679 1867 :
1708 1815 1965 1867 Arcanum
1987 1815 2103 1884 jam
2131 1821 2179 1883 Β
2208 1814 2260 1868 in
2305 1817 2545 1872 tenebris
2584 1817 2761 1873 lucem
2791 1819 2933 1872 sicut
2962 1818 3108 1874 luna.
3155 1817 3367 1874 Corona
3413 1827 3596 1874 autem
3627 1818 3818 1874 Stella-

505 1913 715 1967 malitite
756 1913 962 1966 molitur
1005 1911 1192 1981 (lbid.,
1235 1911 1293 1979 9)
1334 1928 1348 1963 :
1396 1908 1448 1963 id
1491 1919 1604 1974 est,
1647 1908 1904 1962 malitiam
1943 1923 2100 1977 quam

502 2007 744 2062 facturus
763 2013 867 2070 est,
893 2019 1090 2059 arcane
1117 2004 1358 2066 molitur,
1384 2001 1480 2057 sed
1503 2017 1608 2054 non
1637 2015 1732 2055 sua
1759 2000 1976 2061 virtute,
2004 2015 2103 2055 nec

502 2099 672 2169 patris
692 2100 796 2162 sui,
824 2098 1134 2162 suscitatur,
1159 2096 1253 2152 sed
1277 2096 1428 2167 jussu
1459 2095 1578 2158 Dei,
1606 2109 1708 2165 qua
1732 2093 1800 2150 de
1828 2109 1885 2150 re
1906 2094 2102 2149 Paulus

503 2192 694 2246 iisdem
726 2191 856 2245 dicit
882 2207 895 2244 :
920 2188 1123 2244 Idcirco
1153 2189 1392 2259 quoniam
1423 2205 1524 2241 non
1554 2197 1848 2253 receperunt
1877 2203 2101 2240 amorem

509 2284 622 2350 Dei,
653 2285 807 2337 mittet
835 2284 905 2338 eis
935 2284 1171 2353 spiritum
1193 2282 1380 2336 erroris
1415 2290 1469 2334 ut
1503 2297 1676 2334 omnes
1699 2284 2101 2350 persaadeantur

505 2379 789 2440 ntendacio,
829 2378 915 2448 qui
958 2394 1060 2431 non
1101 2386 1218 2430 sunt
1258 2375 1484 2443 persuasi
1520 2373 1728 2427 veritate
1756 2371 1942 2445 (lbid.,
1982 2371 2096 2443 10).

498 2469 567 2525 Εῑ
599 2470 784 2524 Esaias
809 2469 920 2522 ait:
948 2467 1328 2524 Sustinentibus
1365 2465 1471 2520 illis
1514 2465 1696 2531 lucem,
1727 2466 1942 2519 tenebrat
1974 2475 2100 2518 orta:

499 2571 618 2615 sunt
648 2561 751 2614 illis
801 2557 975 2632 (Esa.,
1022 2575 1130 2623 th,
1162 2559 1239 2628 9).
1271 2557 1381 2612 llos
1421 2573 1550 2628 ergo
1594 2557 1884 2628 prophetas
1910 2559 1978 2612 ab
2006 2572 2100 2613 eo-

499 2656 620 2710 dem
661 2654 890 2709 interﬁci
934 2652 1238 2708 manifestat
1265 2651 1640 2723 Apocalypsis,
1682 2661 1738 2707 et
1775 2660 1963 2722 quarta
2011 2651 2100 2706 die

500 2762 801 2818 resurgere,
835 2762 903 2801 ne
933 2746 1052 2814 quis
1073 2745 1294 2816 (aqualis
1327 2745 1439 2800 Deo
1471 2745 1798 2800 inveniatur.

571 2841 626 2896 8.
674 2837 742 2892 Et
779 2839 1021 2908 jacebant
1065 2854 1282 2907 corpora
1331 2853 1503 2890 eorum
1556 2838 1607 2890 in
1658 2837 1840 2908 plateis
1885 2838 2097 2893 civitatis

493 2950 698 3004 magna:
726 2949 840 3001 quia
864 2942 1074 2988 vocatur
1107 2932 1442 3002 spiritualiter
1469 2932 1697 2986 Sodoma
1726 2942 1773 2985 et
1807 2930 1881 2985 1E
1887 2943 2089 3003 gyptus.

493 3028 730 3084 Sodoma
778 3034 957 3080 autem
1012 3034 1069 3080 et
1121 3024 1409 3095 zEgyptum
1460 3023 1589 3078 dicit
1641 3023 2090 3094 Hierosiilylnam,

491 3133 745 3177 acervum
807 3116 991 3188 populi
1047 3117 1409 3186 persecutoris
1463 3115 1730 3170 eﬁ‘ectam.
1803 3115 2096 3186 Diligenter

493 3231 622 3284 ergo
649 3223 852 3268 etcum
881 3226 1090 3266 summa
1134 3210 1495 3266 sollicitudine
1537 3211 1688 3280 sequi
1729 3221 1941 3282 oportet
1971 3227 2095 3281 pro-

491 3306 762 3376 pheticam
793 3303 1251 3376 praedicationem,
1277 3313 1331 3357 et
1357 3301 1662 3373 intelligere
1688 3305 1827 3372 quod
1861 3303 2092 3374 Spiritus

493 3414 561 3452 ex
612 3397 771 3452 Patre
814 3407 870 3451 et
919 3395 1196 3466 prazdicat,
1240 3405 1292 3449 et
1340 3393 1824 3465 praaposteratU);
1873 3405 1928 3450 et
1968 3412 2090 3451 cum

501 3490 847 3563 prtccurrerit
876 3506 1042 3562 nSque
1070 3489 1138 3545 ad
1179 3489 1549 3554 novissimum,
1591 3505 1802 3542 rursum
1849 3501 2087 3560 tempora
2176 3535 2180 3541 .

490 3590 769 3659 superiora
802 3590 1016 3656 repetit.
1049 3585 1112 3638 Et
1136 3584 1276 3654 quod
1311 3583 1545 3637 facturus
1567 3593 1648 3637 est
1669 3583 1859 3649 semel,
1884 3583 2090 3653 aliquo-

489 3684 590 3738 ties
616 3680 768 3751 quasi
809 3681 1006 3734 factum
1043 3676 1320 3733 ostendit:
1355 3675 1494 3746 quod
1537 3677 1637 3729 nisi
1678 3677 1942 3746 intelligas
1985 3679 2084 3731 ali-

489 3777 700 3848 quoties
723 3783 781 3830 ut
805 3773 1027 3839 factum,
1057 3771 1337 3841 aliquoties
1373 3778 1430 3823 ut
1456 3769 1714 3837 futurum,
1746 3772 1796 3824 in
1826 3771 2082 3840 grandem

487 3871 770 3942 caliginem
835 3865 1060 3922 incides.
1119 3864 1260 3935 Ergo
1323 3863 1692 3946 interpretatio
1744 3865 2079 3934 sequentiqu

485 3965 754 4019 dictorum
784 3961 836 4016 in
862 3975 925 4015 ea
952 3957 1288 4023 monstravit,
1314 3967 1374 4011 ut
1403 3972 1511 4012 non
1531 3955 1665 4012 ordo
1691 3955 1959 4024 lectionis,
1985 3957 2080 4014 sed

486 4055 750 4113 orationis
779 4053 1127 4124 intelligatur.

565 4153 649 4207 19.
682 4149 753 4203 Et
787 4159 1019 4220 apertum
1054 4157 1129 4200 est
1172 4146 1413 4217 templum
1441 4143 1537 4200 Dei
1579 4147 1716 4216 quod
1745 4156 1817 4202 est
1847 4148 1901 4202 in
1931 4150 2075 4204 caelo.

487 4242 768 4312 Templum
816 4250 1061 4310 apertum
1104 4239 1462 4294 manifestatio
1505 4249 1589 4295 est
1629 4241 1836 4296 Domini
1884 4243 2073 4297 nostri.

481 4335 768 4405 Templum
792 4334 936 4389 enim
973 4335 1066 4388 Dei
1097 4332 1136 4385 F
1143 4333 1263 4386 ilius
1302 4342 1406 4400 est,
1437 4333 1577 4387 sicut
1606 4334 1722 4402 ipse
1746 4337 1819 4389 ait
1847 4353 1859 4388 :
1887 4334 2079 4390 Solvite

486 4427 731 4498 templum
753 4428 868 4489 hoc,
897 4433 942 4477 et
967 4424 1020 4477 in
1046 4422 1204 4477 tribus
1233 4422 1410 4477 diebus
1435 4424 1686 4478 suscitabo
1715 4425 1843 4479 illud
1873 4425 2074 4496 (Joan.,

482 4537 544 4587 11,
579 4521 666 4585 19,
695 4518 786 4580 ‘20.
815 4516 930 4588 21).
964 4516 1028 4571 Et
1069 4516 1371 4572 dicentibus
1414 4515 1635 4583 Judaeis,
1667 4519 2006 4590 quadraginta
2033 4529 2078 4574 et

2208 1924 2329 1963 rum
2373 1910 2662 1968 duodecim
2702 1911 2928 1968 chorum
2971 1922 3181 1982 patrum
3215 1912 3486 1982 signiﬁcat
3514 1911 3815 1969 secundum

2206 2003 2390 2056 carnis
2428 2003 2798 2073 nativitatem,
2842 2020 2912 2061 ex
2941 2004 3136 2076 quibus
3175 2015 3294 2062 erat
3317 2003 3568 2062 Christus
3591 2021 3814 2065 carnem

2217 2105 2554 2164 sumpturus.

2275 2212 2329 2266 5.
2361 2209 2428 2265 Et
2471 2212 2634 2266 visam
2655 2222 2728 2268 est
2771 2213 2917 2268 aliud
2954 2214 3162 2286 signant
3200 2216 3256 2270 in
3285 2216 3413 2272 ctelo
3440 2232 3461 2272 :
3491 2217 3624 2274 Ecce
3651 2219 3814 2275 draco

2203 2302 2388 2358 rabeus
2413 2304 2606 2360 habens
2631 2307 2806 2376 capita
2831 2317 3045 2378 septem.
3085 2309 3240 2376 Quod
3273 2318 3456 2366 autem
3493 2312 3640 2367 illum
3678 2312 3814 2370 dicit

2203 2397 2408 2453 coloris
2449 2413 2572 2454 esse
2618 2399 2793 2466 rubei,
2832 2400 2884 2455 id
2927 2411 3013 2457 est
3059 2403 3325 2469 coccinei,
3373 2406 3555 2475 operis
3599 2394 3812 2462 fructus

2202 2493 2365 2546 talem
2397 2491 2546 2547 dedit
2571 2493 2621 2548 ei
2661 2494 2922 2550 colorem.
2956 2495 3216 2552 Abinitio
3247 2501 3390 2554 enim
3439 2498 3541 2554 fuit
3579 2502 3658 2571 (ut
3695 2501 3809 2557 Do-

2202 2584 2378 2640 minus
2400 2584 2500 2659 ait)
2531 2587 2832 2658 homicida,
2869 2599 2924 2646 et
2950 2605 3114 2646 omne
3155 2609 3325 2663 genus
3363 2593 3657 2650 humanum
3694 2611 3805 2653 non

2203 2687 2309 2732 tam
2331 2678 2514 2736 debito
2545 2683 2754 2748 mortis,
2791 2698 2978 2738 verum
3021 2687 3184 2740 etiam
3213 2688 3380 2742 variis
3407 2688 3605 2759 gladiis
3637 2691 3808 2746 obiti-

2200 2773 2407 2844 busque
2438 2778 2731 2846 oppressit.
2769 2777 2989 2846 Septem
3018 2781 3214 2850 capita,
3263 2791 3471 2852 septem
3500 2799 3655 2856 reges
3692 2785 3805 2841 Ro-

2200 2882 2481 2923 manorum
2507 2885 2572 2924 ex
2605 2869 2798 2941 quibus
2834 2879 2890 2928 et
2918 2873 3274 2928 antichristus
3313 2887 3418 2943 est,
3457 2887 3514 2930 ut
3546 2878 3599 2931 in
3635 2876 3803 2948 priori

2197 2959 2453 3017 diximus.

2266 3079 2337 3132 Et
2369 3097 2561 3136 cornua
2588 3081 2779 3137 decem.
2810 3083 3006 3140 Decem
3042 3099 3198 3156 reges
3227 3085 3282 3140 in
3314 3085 3610 3142 novissimo
3642 3094 3789 3142 tem-

2119 3221 2163 3284 Ο
2198 3189 2328 3245 pore
2372 3176 2470 3233 hos
2512 3176 2733 3233 eosdem
2773 3177 2925 3246 dicit,
2969 3189 3026 3234 ut
3056 3180 3265 3250 plenius
3304 3180 3375 3235 ibi
3421 3180 3797 3238 tractabimus.

2267 3270 2320 3323 4.
2353 3267 2423 3322 Ει
2460 3270 2626 3324 cauda
2654 3273 2766 3342 ejus
2799 3272 3015 3327 habebat
3054 3274 3256 3328 tertiant
3299 3284 3494 3344 partem
3532 3273 3801 3328 stellarum

2195 3362 2329 3426 cazli,
2360 3371 2406 3416 et
2445 3363 2582 3416 misit
2616 3363 2735 3418 illas
2764 3365 2818 3419 in
2855 3374 3063 3419 terram.
3096 3365 3250 3434 Quod
3287 3375 3467 3422 autem
3500 3367 3634 3422 dicit
3665 3365 3797 3421 dra-

2193 3455 2342 3509 conis
2367 3455 2591 3510 caudam
2618 3457 2846 3513 traxisse
2871 3459 3082 3513 tertiam
3109 3469 3314 3528 partem
3338 3458 3616 3514 stellarum
3643 3458 3794 3524 cteli,

2191 3546 2436 3602 bifariam
2485 3547 2588 3604 hoc
2622 3549 2790 3619 accipi
2832 3559 3041 3620 potest;
3083 3553 3236 3607 multi
3274 3554 3419 3608 enim
3461 3553 3797 3608 arbitrantur

2192 3639 2404 3695 tertiam
2437 3653 2645 3712 partem
2687 3643 2965 3700 hominum
2994 3646 3333 3702 credentium
3363 3663 3526 3717 posse
3555 3663 3677 3702 cum
3706 3663 3796 3704 se-

2190 3733 2410 3790 ducere.
2439 3736 2546 3792 Sed
2586 3739 2731 3808 quod
2771 3740 2953 3794 verius
2992 3740 3221 3812 intelligi
3250 3741 3449 3798 dt-beat
3477 3743 3793 3814 angelorum

2188 3827 2288 3882 sibi
2316 3829 2652 3886 subditorum
2683 3847 2806 3887 cum
2843 3833 3022 3890 adhuc
3053 3836 3308 3906 princeps
3342 3847 3508 3903 esset,
3539 3852 3662 3892 cum
3689 3839 3795 3894 de-

2185 3921 2470 3978 scenderet
2523 3924 2911 3982 constitutione
2965 3942 3096 3993 sua,
3159 3931 3374 3985 tertiam
3430 3940 3641 4000 partem
3695 3944 3793 3988 se-

2184 4013 2444 4071 duxisse:
2485 4033 2614 4090 ergo
2660 4020 2803 4087 quod
2849 4022 3100 4092 superius
3146 4023 3463 4081 dicebamus
3505 4026 3582 4080 ait
3635 4027 3791 4097 Apo-

2182 4109 2435 4180 calypsis.
3646 4128 3651 4132 '

2259 4221 2323 4276 Et
2353 4223 2508 4278 draco
2537 4228 2671 4280 stetit
2700 4228 2754 4280 in
2792 4237 3070 4296 conspectu
3109 4231 3340 4288 mulieris
3373 4249 3487 4304 qua:
3512 4233 3791 4304 incipiebat

2184 4332 2381 4382 parere,
2411 4328 2466 4370 ut
2494 4334 2608 4371 cum
2637 4320 2932 4390 peperisset,
2965 4321 3132 4390 filium
3157 4326 3270 4395 ejus
3299 4325 3582 4383 devoraret.
3613 4329 3789 4384 Draco

2180 4407 2331 4462 rufus
2366 4418 2515 4464 stans
2557 4422 2612 4466 et
2652 4422 2941 4482 exoptans,
2989 4423 3046 4468 ut
3083 4431 3206 4470 cum
3247 4419 3546 4487 peperisset
3587 4419 3783 4488 ﬁlium,

2181 4500 2468 4558 devoraret
2497 4519 2642 4571 eum,
2670 4505 2916 4562 diabolus
2941 4518 3041 4573 est,
3069 4509 3308 4580 Angelus
3334 4510 3519 4582 refuga
3550 4529 3591 4568 si
3610 4513 3779 4580 ilicet,

481 4631 572 4668 sea:
597 4612 744 4666 annis
769 4611 1080 4678 a'diﬁcatum
1108 4619 1180 4663 est
1211 4610 1453 4680 temptant
1477 4609 1615 4663 istud
1635 4626 1653 4676 ;
1675 4610 1781 4675 ille,
1800 4611 1875 4665 ait
1901 4611 2078 4666 Evan-

2204 4596 2271 4665 ιιιί
2309 4596 2587 4652 hominum
2630 4600 2868 4655 omnium
2901 4602 3172 4658 interitum
3205 4621 3301 4674 per
3337 4616 3567 4662 mortem
3593 4623 3781 4678 atqua-

479 4708 690 4778 gelista,
715 4704 908 4759 dicebat
940 4703 1002 4757 de
1022 4702 1210 4771 templo
1237 4703 1465 4772 corporis
1491 4703 1590 4756 sui.

555 4803 621 4856 Et
649 4805 756 4854 visa
800 4808 871 4854 est
914 4815 1035 4852 arca
1075 4797 1356 4852 testamenti
1393 4795 1602 4852 Domini
1632 4797 1684 4850 in
1714 4799 1902 4867 templo
1939 4800 2072 4868 ejus.

481 4895 756 4966 Evangelii
803 4891 1111 4964 praedicatio
1155 4899 1209 4944 et
1256 4890 1580 4961 indulgentia
1631 4891 1976 4958 delictorum,
2021 4904 2076 4948 et

477 4991 661 5044 omnia
708 4989 845 5044 dona
887 5001 1238 5058 quaecumque
1281 5001 1401 5040 cum
1445 4985 1538 5040 illo
1580 4985 1941 5055 advenerunt,
1982 4987 2072 5043 illa

476 5085 608 5141 dicit
635 5083 964 5154 apparuisse.

1064 5238 1132 5277 EX
1170 5235 1359 5276 CAPITE
1397 5235 1493 5275 XII.

550 5366 604 5428 i,
630 5364 684 5418 2.
719 5361 781 5417 Et
810 5363 1009 5432 signant
1051 5361 1246 5434 grande
1289 5360 1451 5415 visum
1480 5369 1550 5415 est
1587 5360 1641 5414 in
1683 5362 1808 5417 caelo
1829 5379 1848 5415 .'
1881 5361 2069 5417 Mulier

473 5459 660 5517 amicta
697 5457 824 5522 sole,
854 5465 901 5510 et
931 5456 1056 5509 luna
1083 5456 1173 5510 sub
1201 5453 1412 5525 pedibus
1443 5456 1574 5522 ejus,
1601 5465 1647 5509 et
1674 5455 1727 5509 in
1755 5457 1921 5528 capite
1958 5460 2067 5528 ejus

2183 4688 2291 4744 lem
2327 4704 2448 4746 esse
2482 4691 2804 4761 opinabatur
2832 4713 2846 4749 :
2879 4695 2975 4750 sed
3023 4697 3111 4767 qui
3144 4697 3212 4753 de
3242 4699 3452 4755 semine
3480 4710 3637 4756 natus
3667 4718 3781 4759 non

2181 4791 2328 4853 erat,
2375 4783 2504 4839 nihil
2546 4786 2703 4840 morti
2748 4786 3013 4854 debebat,
3061 4800 3283 4860 pr0pter
3326 4793 3469 4861 quod
3510 4792 3781 4852 devorare

2180 4889 2302 4930 eum
2337 4893 2441 4931 non
2469 4878 2659 4948 potuit,
2688 4877 2742 4935 id
2769 4889 2853 4935 est
2881 4881 2932 4935 in
2962 4893 3135 4938 tnorte
3171 4883 3446 4952 detinere,
3470 4901 3594 4942 nam
3617 4890 3778 4945 tertia

2177 4965 2266 5022 die
2284 4970 2594 5025 resurrexit.
2621 4972 2856 5044 Denique
2869 4987 2920 5029 et
2943 4976 3249 5047 priusquam
3275 4987 3780 5048 patereturtentat'e

2179 5077 2299 5117 eum
2321 5065 2547 5120 accessit
2569 5075 2838 5138 tamquam
2869 5069 3137 5125 hominem
3168 5089 3182 5125 :
3213 5071 3308 5128 sed
3333 5089 3456 5128 eum
3481 5091 3584 5129 ltOlI
3618 5077 3777 5132 inve-

2175 5159 2346 5212 nisset
2389 5159 2540 5214 illum
2594 5177 2716 5217 esse
2763 5179 2924 5233 quem
2975 5163 3215 5232 putabat,
3260 5166 3515 5224 discessit
3561 5168 3631 5224 ab
3677 5170 3777 5227 illo

2175 5266 2344 5322 usque
2369 5262 2435 5308 au
2468 5263 2714 5325 tempus;
2744 5257 2885 5312 unde
2915 5256 3035 5312 heic
3060 5258 3258 5314 dicitur
3287 5277 3302 5313 :

2243 5368 2298 5423 5.
2333 5367 2400 5421 Et
2436 5372 2630 5441 peperit
2659 5371 2930 5442 ﬁliumqui
2967 5373 3152 5445 incipit
3179 5390 3353 5448 regere
3382 5393 3553 5434 omnes
3593 5388 3774 5451 gentes

2168 5460 2222 5514 in
2242 5463 2386 5533 virga
2406 5461 2592 5532 ferrea.
2621 5462 2779 5534 Virga
2800 5463 2996 5532 ferrea,
3020 5467 3230 5538 gladius
3247 5478 3333 5526 est
3352 5473 3767 5541 persecutionis.

1817 5593 2380 5655 COMMENTARIUS.

547 5737 625 5811 (l)
648 5737 1011 5809 Prteposterat.
1039 5732 1142 5789 Pro
1164 5741 1497 5804 prtepostero
1513 5733 1704 5811 ordine
1725 5735 1909 5811 utitur,
1929 5751 2052 5807 pro-

473 5805 645 5889 prium
670 5805 882 5872 illorum
915 5815 1241 5880 temporum,
1277 5813 1331 5862 et
1368 5820 1481 5862 suae
1507 5805 1736 5864 fortasse
1764 5805 2052 5866 etiam'na-

2163 5737 2322 5796 tionis
2350 5757 2502 5799 usum
2535 5741 2790 5816 loquendi
2813 5758 3051 5805 secutus.
