4020 6072
222 109 335 167 35⁸1

1362 102 1427 159 IN
1466 97 1942 159 APOCALYPSIN
1981 97 2043 154 Β.
2081 96 2383 154 JOANNIS.

3329 130 3332 139 .
3407 90 3511 147 558

302 225 491 281 Onmes
516 223 623 280 uidi
663 224 925 280 recessisse
952 222 1017 279 de
1054 223 1178 278 locis
1219 222 1346 276 suis.
1380 205 1494 305 liae
1534 226 1638 283 est,
1684 215 1813 272 boni
1839 214 1895 277 Α
1920 214 2103 284 pardo.
2130 214 2376 283 Regnum
2408 209 2551 265 illius
2593 206 2852 277 temporis
2895 202 3243 270 Antichristi,
3276 216 3398 258 cum
3428 220 3519 257 va-

222 319 589 376 movebuntur
612 317 1043 388 persecutionem
1070 314 1353 386 fugientes.

302 412 368 467 Et
398 411 538 481 ﬁlms
565 418 746 481 raptus
771 419 844 463 est
888 408 957 464 ad
995 406 1160 462 Deum
1199 415 1245 461 et
1286 404 1355 458 ad
1401 404 1642 458 thronum
1687 402 1819 467 eius.

220 509 462 579 Raptum
498 504 567 561 ad
591 503 785 560 solium
826 503 920 558 Dei
945 511 998 557 et
1025 516 1123 558 nos
1148 500 1379 570 legimus
1418 499 1471 552 in
1516 496 1663 551 Actis
1688 510 1823 565 apo-

216 603 519 667 stolorum,
580 598 1038 671 quemadmodum
1090 598 1318 669 loquens
1369 610 1491 650 cum
1544 591 1823 663 discipulis

216 707 415 768 raptus
439 703 520 751 est
544 696 598 749 in
629 692 819 750 cmlos.
1604 748 1608 753 ,

298 791 352 846 6.
398 787 591 845 Mulier
610 796 782 842 autem
817 786 949 858 fugit
971 786 1027 839 in
1063 783 1423 848 solitudinem;
1450 790 1498 837 et
1531 780 1667 834 data:
1704 786 1823 832 sunt

218 887 306 943 illi
335 885 454 940 dure
481 883 584 939 alte
610 882 798 954 aquila:
822 896 1040 953 ntagnte.
1080 879 1348 935 Auxilium
1376 877 1584 932 alarum
1616 886 1824 942 magna:

219 982 442 1053 aquilae,
470 979 673 1036 donum
702 977 909 1033 scilicet
930 977 1334 1049 prophetarum,
1359 973 1654 1029 Ecclesium
1678 971 1824 1027 illam

216 1075 544 1132 catholicam
575 1089 646 1130 ex
678 1087 785 1144 qua
829 1072 883 1126 in
928 1071 1226 1127 novissimo
1273 1079 1517 1141 tempore
1549 1065 1822 1122 creditura

217 1179 352 1226 sunt
376 1178 593 1226 centum
624 1165 978 1239 quadraginta
1000 1173 1232 1235 quatuor
1254 1161 1420 1217 millia
1449 1159 1731 1231 hominum
1756 1156 1825 1212 ad

217 1266 664 1339 praedicationem
688 1262 856 1327 Elite;
885 1260 979 1316 sed
1001 1270 1054 1315 et
1075 1267 1329 1315 cmterum
1353 1255 1611 1327 populum
1638 1254 1824 1308 vivum

216 1359 452 1416 inveniri
495 1359 548 1412 in
589 1356 829 1412 adventu
874 1353 1105 1419 Domini,
1137 1352 1260 1406 beic
1285 1350 1437 1405 dicit.
1467 1349 1535 1404 Et
1569 1348 1826 1404 Dominus

215 1452 275 1508 in
307 1451 603 1522 Evangelio
627 1449 703 1506 ait
731 1468 746 1504 :
776 1448 919 1503 Tune
949 1450 1035 1518 qui
1062 1447 1118 1500 in
1142 1444 1330 1499 Iudaea
1362 1452 1514 1507 sunt,
1544 1443 1746 1519 fugiant
1772 1443 1830 1496 in

216 1555 418 1603 montes
457 1545 638 1619 (Luc.,
675 1560 787 1609 ιιι,
833 1541 931 1613 2|)
966 1560 979 1596 :
1011 1539 1065 1596 id
1093 1550 1214 1605 est,
1263 1544 1528 1608 quotquot
1555 1535 1609 1590 in
1636 1533 1826 1591 Judaea

1928 310 2119 366 rietate
2144 308 2382 379 gentium
2411 314 2463 361 et
2492 303 2744 375 populum
2768 301 3138 365 commixtum,
3164 297 3439 373 signiﬁcat.

1997 403 2054 457 2.
2094 400 2257 457 Pedes
2288 402 2397 471 ejus
2430 409 2688 467 tamquam
2712 396 2838 450 ursi.
2868 393 3047 448 Fortis
3076 402 3131 449 et
3160 392 3523 463 spurcissima,

1927 497 2113 554 bestia:
2141 514 2154 549 :
2189 494 2372 563 pedes,
2406 492 2574 548 duces
2600 491 2717 561 ejus
2744 486 3070 558 intelligendi
3103 495 3249 543 sunt.

2000 590 2065 644 Et
2105 606 2159 643 os
2184 588 2294 657 ejus
2324 596 2581 655 tamquam
2610 584 2823 637 leonem.
2869 581 2921 636 Id
2968 592 3080 645 est,
3107 580 3172 634 ad
3202 579 3520 650 sanguinem

1927 690 2193 739 armatum
2222 696 2285 736 os
2321 679 2471 750 ejus,
2496 676 2668 748 jussio
2705 674 2849 729 illius
2876 683 2989 740 est,
3020 683 3071 728 et
3101 673 3278 742 lingua
3308 686 3429 743 quae
3455 670 3523 727 ad

1928 776 2154 831 nihilum
2188 772 2332 829 aliud
2374 783 2689 843 processura
2720 776 2840 834 est,
2870 766 2971 822 nisi
2998 764 3066 820 ad
3092 764 3411 835 sanguinem
3439 762 3525 818 cf-

1929 866 2281 924 fundendum.

2000 977 2131 1028 xvn,
2170 959 2223 1013 9.
2257 957 2465 1029 Septem
2508 956 2677 1026 capita
2722 961 2913 1023 septem
2954 960 3147 1004 montes
3181 960 3298 1005 sunt
3333 947 3435 1021 (l),
3471 948 3526 1002 in

1928 1052 2109 1124 quibus
2137 1051 2321 1105 mulier
2341 1050 2499 1105 sedet.
2528 1046 2585 1102 Id
2615 1055 2718 1111 est,
2746 1044 2944 1100 civitas
2976 1043 3238 1098 Rmuana.

2004 1145 2091 1201 10.
2127 1144 2194 1197 Et
2226 1159 2369 1215 reges
2403 1154 2595 1211 septem
2628 1148 2785 1193 sunt:
2807 1138 3028 1209 quinque
3059 1136 3370 1197 ceciderunt,
3392 1151 3529 1189 unus

1928 1249 2037 1304 est,
2068 1249 2116 1295 et
2143 1239 2277 1293 alius
2314 1237 2542 1293 nondum
2581 1236 2745 1297 venit;
2768 1245 2813 1287 et
2843 1248 2958 1287 cum
2987 1232 3204 1297 venerit,
3234 1230 3368 1284 breui
3397 1238 3529 1284 tem-

1931 1351 2055 1406 pore
2107 1334 2200 1389 erit
2250 1330 2351 1405 (2).
2389 1330 2618 1401 lntelligi
2656 1336 2873 1398 oportet
2913 1335 3125 1394 tempus
3172 1338 3278 1394 quo
3327 1324 3527 1392 scripta

1932 1429 2283 1500 Apocalypsis
2312 1426 2455 1483 edita
2480 1434 2564 1480 est
2592 1442 2606 1478 :
2638 1424 2890 1494 quoniam
2919 1430 3045 1475 tunc
3071 1429 3187 1475 erat
3215 1418 3395 1473 Caesar
3419 1416 3528 1472 Do-

1932 1523 2223 1586 mitianus;
2256 1532 2384 1575 ante
2414 1519 2562 1574 illum
2593 1526 2773 1572 autem
2803 1516 2974 1570 fuerat
2997 1513 3149 1569 Titus
3178 1511 3344 1567 frater
3365 1511 3530 1574 illius,

218 1642 427 1698 fuerint
453 1602 700 1704 collecti,
734 1644 863 1692 eant
898 1602 964 1690 ad
996 1633 1148 1689 illum
1181 1602 1359 1688 locum
1387 1602 1547 1699 quem
1575 1636 1825 1700 paratum
1855 1619 1903 1677 B
1929 1628 1985 1673 et
2020 1615 2411 1685 Vespasianus,
2449 1612 2621 1678 Otho,
2659 1609 2910 1665 Vitellius
2946 1616 3003 1664 et
3038 1605 3227 1663 Galba.
3274 1602 3371 1660 Isti
3405 1615 3533 1659 sunt

214 1735 450 1800 habent,
478 1743 533 1789 et
561 1731 870 1788 nutriantur
911 1728 982 1785 ibi
1025 1725 1313 1782 triennium
1338 1733 1393 1779 et
1418 1735 1636 1778 menses
1672 1735 1768 1776 sex
1793 1735 1824 1774 a

216 1830 362 1886 facie
389 1827 605 1883 diaboli.

292 1925 386 1980 14.
411 1922 523 1977 Ala:
546 1921 667 1976 dare
693 1933 917 1992 magna.
952 1918 1071 1972 Duo
1096 1924 1224 1971 sunt
1248 1913 1527 1986 prophetae
1548 1955 1562 1979 ,
1590 1910 1738 1969 Elias
1771 1920 1826 1968 et

219 2020 314 2090 qui
345 2033 469 2074 cum
495 2017 587 2072 illo
613 2017 770 2072 fuerit
798 2013 1082 2087 propheta.

287 2112 384 2168 15.
410 2110 476 2166 Ει
491 2111 659 2165 emisit
680 2127 888 2179 serpens
907 2125 972 2163 ea:
991 2124 1080 2162 ore
1099 2123 1192 2161 suo
1220 2115 1333 2177 post
1356 2105 1617 2160 mulierem
1638 2120 1824 2176 aquam

214 2210 355 2265 velut
383 2210 595 2280 ﬂumen,
621 2215 673 2261 ut
701 2222 817 2261 eam
841 2221 899 2260 eo
925 2204 1140 2275 ﬂumine
1157 2202 1401 2273 auferret.
1427 2202 1634 2271 Aquam
1661 2214 1822 2270 quam

219 2301 410 2359 emisit
432 2301 499 2356 de
526 2315 624 2357 ore
667 2314 767 2354 suo
805 2313 1066 2369 serpens,
1102 2296 1257 2367 jussu
1301 2309 1400 2351 suo
1429 2292 1687 2365 populum
1732 2292 1823 2364 qui

222 2404 586 2469 persequatur
609 2408 753 2460 eam,
785 2391 1067 2461 signiﬁcat.
1684 2440 1691 2447 ,
1750 2408 1755 2415 ·

292 2487 389 2545 16.
420 2487 489 2543 Et
530 2486 728 2556 adjuvit
758 2485 1017 2540 mulierem
1046 2492 1203 2547 terra,
1248 2491 1295 2535 et
1335 2481 1538 2551 aperuit
1567 2497 1623 2534 os
1648 2495 1821 2547 suum,

217 2594 271 2640 et
298 2581 560 2637 absorbuit
582 2580 715 2636 illud
733 2582 925 2651 flumen
954 2578 1092 2650 quod
1129 2578 1285 2632 draco
1315 2576 1478 2631 emisit
1505 2592 1567 2630 ex
1592 2591 1681 2629 ore
1708 2590 1821 2629 suo.

222 2677 523 2747 Aperuisse
550 2690 612 2731 os
637 2690 793 2731 suum
827 2686 1050 2740 terram,
1083 2683 1138 2727 et
1166 2672 1458 2729 devorasse
1484 2687 1673 2742 aquas,
1701 2671 1824 2725 viu-

216 2770 421 2825 dictam
454 2769 524 2826 de
563 2769 918 2841 praisentibus
959 2767 1289 2823 manifestat.
1326 2767 1475 2823 llanc
1506 2735 1668 2838 igitur
1697 2768 1829 2822 licet
1924 2741 2028 2797 ai“
2057 2740 2293 2841 Mlufil‘"
2319 2736 2387 2792 ab
2418 2735 2549 2841 “"E’e

219 2863 610 2934 parturientem
633 2861 916 2932 signiﬁcet,
950 2870 1131 2928 postea
1166 2858 1319 2932 partu
1352 2859 1497 2915 edito
1529 2858 1823 2930 fugientem

216 2955 488 3021 ostendit;
517 2955 641 3026 quia
672 2969 779 3010 nou
808 2969 916 3010 uno
946 2964 1190 3026 tempore
1221 2963 1449 3025 utraque
1475 2965 1601 3008 sunt
1631 2951 1772 3008 facta
1807 2968 1822 3005 :

217 3048 470 3104 Christus
490 3025 633 3103 enim
673 3048 814 3119 quod
857 3056 1014 3102 natus
1040 3025 1124 3103 est
1164 3047 1399 3111 scimus;
1445 3046 1539 3100 sed
1571 3053 1815 3115 tempora
1841 3025 1886 3088 Ο
1919 3034 1954 3090 Ρ

220 3138 626 3206 futercessisse,
655 3149 713 3196 ut
746 3140 835 3196 illa
858 3138 1098 3211 aufugiat
1120 3154 1147 3192 a
1177 3138 1316 3194 facie
1337 3139 1630 3210 serpentis,
1656 3136 1836 3193 adhuc

246 3248 430 3293 actum
457 3252 565 3291 non
593 3251 734 3292 esse.
771 3234 975 3292 Deinde
999 3234 1075 3290 ait
1104 3253 1117 3289 :

291 3333 345 3384 7ο
358 3329 413 3386 9.
432 3328 652 3383 Factum
665 3338 738 3384 est
754 3328 990 3400 praelium
1003 3328 1055 3381 in
1070 3328 1194 3381 cazlo
1211 3343 1229 3381 :
1242 3325 1467 3383 Michael
1481 3337 1528 3381 et
1545 3326 1715 3397 angeli
1724 3326 1836 3396 ejus

223 3425 527 3496 pugnabant
555 3440 671 3478 cum
701 3424 933 3491 dracone,
960 3431 1005 3476 et
1021 3421 1175 3476 draco
1198 3420 1462 3490 prazliatus
1492 3431 1564 3475 est
1582 3430 1630 3475 et
1663 3421 1837 3490 angeli

220 3524 339 3593 ejus
358 3537 377 3574 :
396 3529 445 3575 et
472 3537 573 3575 non
592 3519 878 3583 valuerunt,
908 3534 1000 3573 nec
1020 3522 1248 3572 itwentus
1265 3517 1404 3571 locus
1421 3532 1590 3570 eorum
1612 3515 1837 3587 amplius

219 3618 275 3670 in
297 3612 447 3667 caelo.
466 3609 532 3665 Et
555 3613 811 3684 prajectus
831 3610 1073 3666 esldraco
1102 3610 1189 3664 ille
1218 3626 1455 3681 magnus,
1469 3616 1678 3677 serpens
1703 3611 1837 3662 anti-

220 3724 386 3779 quus:
403 3708 657 3779 projeclus
668 3716 740 3761 est
757 3707 807 3758 in
829 3714 1033 3758 terram.
1054 3702 1165 3758 Hoc
1181 3703 1480 3779 estinitium
1502 3701 1835 3777 Antichristi:

222 3811 354 3858 ante
381 3809 561 3855 tamen
582 3806 793 3870 oportet
820 3796 1112 3868 praedicare
1137 3774 1330 3860 Ellam;
1350 3804 1405 3851 et
1427 3796 1570 3866 pacis
1592 3774 1837 3867 tempora

221 3908 380 3978 esse;
405 3908 470 3946 ac
496 3901 682 3962 postea
706 3890 1095 3946 consummatis
1118 3890 1350 3944 triennio
1371 3902 1424 3945 et
1444 3904 1537 3945 sex
1562 3889 1839 3945 mensibus

223 3984 275 4041 'n
307 3984 691 4057 praedicatione
723 3984 849 4039 Elia:
869 4026 883 4049 ,
915 3983 1073 4038 etiam
1100 3981 1289 4053 jactari
1329 3998 1450 4038 eum
1479 3983 1546 4038 de
1587 3982 1727 4039 crelo
1749 3983 1839 4037 ubi

223 4082 487 4136 habuerat
504 4088 821 4148 potestatem
836 4076 1162 4133 ascendendi
1181 4091 1349 4147 usque
1365 4075 1431 4130 ad
1449 4075 1579 4131 illud
1605 4086 1835 4147 tempus:

225 4185 280 4229 et
309 4172 535 4244 angelos
572 4172 785 4242 refugas
819 4171 1119 4236 universos,
1151 4170 1229 4225 sic
1254 4180 1310 4224 et
1330 4168 1739 4236 Anticltristum,
1770 4169 1840 4226 de

227 4266 446 4322 inferno
460 4265 731 4330 suscitari,
749 4265 941 4320 Paulus
954 4264 1232 4335 apostolus
1246 4264 1322 4319 ait
1337 4281 1349 4318 :
1367 4263 1488 4318 Nisi
1499 4265 1640 4336 prius
1651 4265 1840 4320 venerit

229 4362 494 4426 discessio,
514 4368 563 4414 et
582 4361 877 4431 apparuerit
893 4360 1044 4414 homo
1070 4360 1280 4431 peccati,
1310 4360 1450 4429 filius
1471 4359 1772 4432 perditionis
1793 4371 1840 4416 et

229 4458 581 4524 aduersarius,
615 4457 711 4528 qui
739 4456 1003 4512 scelerauit
1028 4473 1182 4526 super
1207 4472 1354 4510 omne
1380 4455 1517 4529 quod
1546 4456 1840 4512 nominatur
1861 4439 1915 4506 D
1941 4425 2049 4481 lum

232 4551 405 4618 Deus,
438 4561 527 4605 aut
550 4550 686 4619 quod
713 4550 898 4606 colitur
929 4548 1002 4621 (II
1032 4548 1238 4615 Thess.,
1267 4565 1303 4603 ll
1323 4590 1337 4614 ,
1370 4549 1425 4615 5,
1456 4550 1507 4603 4.
1530 4547 1575 4620 ).

804 4681 874 4720 EX
911 4679 1105 4721 CAPITE
1145 4678 1257 4719 XIII.

1929 1712 2165 1784 quinque
2193 1711 2280 1778 qui
2310 1707 2643 1765 ceciderunt.
2674 1703 2819 1772 Unus
2847 1712 3042 1768 exstat,
3064 1702 3167 1757 sub
3192 1716 3301 1771 quo
3328 1699 3527 1770 scripta

1930 1817 2011 1861 est
2040 1802 2426 1875 Apocalypsis,
2461 1799 2793 1855 Domitianus
2834 1796 3060 1851 scilicet.
3108 1794 3256 1848 Alius
3293 1791 3523 1858 nondum

1926 1900 2092 1964 uenit,
2114 1898 2344 1955 Nervam
2369 1895 2499 1951 dicit
2523 1912 2537 1948 :
2562 1904 2609 1948 et
2635 1909 2751 1946 cum
2774 1891 2984 1955 venerit,
3007 1889 3143 1943 brevi
3167 1897 3391 1957 tempore
3411 1885 3530 1951 erit,

1927 1993 2206 2051 biennium
2234 1990 2377 2047 enim
2410 2005 2518 2045 non
2550 1986 2818 2059 implevit.
3424 2028 3437 2044 ,

2006 2087 2093 2142 11.
2131 2084 2199 2139 Et
2228 2084 2383 2139 bestia
2412 2098 2565 2154 quam
2594 2080 2766 2135 vidisti
2787 2120 2803 2145 ,
2834 2079 2896 2133 de
2921 2088 3110 2149 septem
3138 2085 3230 2131 est.
3261 2072 3527 2144 Quoniam

1926 2190 2053 2236 ante
2080 2180 2212 2234 istos
2240 2193 2426 2249 reges,
2457 2175 2599 2231 Nero
2626 2174 2889 2244 regnavit.

2004 2272 2072 2328 Et
2109 2287 2285 2328 octava
2315 2281 2407 2326 est.
2439 2270 2530 2324 Ait
2555 2267 2715 2322 modo
2747 2265 2865 2340 (5):
2900 2280 3022 2320 cum
3072 2264 3159 2319 illa
3204 2260 3528 2325 advenerit,

1929 2376 2181 2437 computa
2218 2367 2396 2421 locum
2436 2373 2683 2418 octavum
2708 2404 2722 2428 ,
2750 2361 3003 2431 quoniam
3046 2359 3100 2413 in
3144 2356 3237 2412 illo
3276 2366 3362 2412 est
3397 2369 3529 2412 con-

1928 2460 2217 2517 summatio
2234 2500 2248 2522 ,
2287 2456 2506 2526 adjecit.

2000 2552 2070 2607 Et
2094 2554 2147 2607 in
2173 2551 2434 2606 interitum
2460 2550 2627 2603 vadet.
2651 2546 2786 2602 Nam
2824 2545 3012 2600 decem
3050 2544 3228 2614 Reges
3251 2541 3531 2611 accepisse

1930 2648 2167 2720 regalem
2213 2653 2569 2715 potestatem,
2611 2656 2731 2695 cum
2782 2639 2875 2695 ille
2916 2638 3144 2693 moverit
3172 2637 3240 2691 ab
3260 2634 3518 2697 Oriente,

2577 2734 2744 2788 Roma
2776 2747 2898 2786 cum
2929 2728 3260 2786 exercitibus
3287 2727 3421 2783 suis.
3456 2726 3529 2782 Et

1928 2848 2127 2890 cornua
2154 2830 2343 2887 decem
2380 2838 2435 2883 et
2472 2827 2660 2882 decem
2697 2824 2997 2879 diademata
3044 2821 3232 2905 Daniel
3271 2817 3527 2875 ostendit.

1930 2926 1998 2980 Et
2036 2924 2138 2978 tria
2181 2921 2443 2978 cradicari
2485 2920 2551 2973 de
2594 2915 2891 2988 prioribus,
2925 2914 3027 2968 hoc
3062 2922 3178 2975 est,
3212 2923 3322 2966 tres
3365 2910 3532 2966 duces

1958 3017 2207 3073 rimarios
2251 3014 2320 3069 ab
2359 3011 2696 3070 Antichristo
2740 3005 2991 3063 interﬁci.
3041 3003 3282 3060 Caeteros
3324 3009 3533 3073 septem

1937 3111 2068 3166 dare
2096 3108 2172 3163 illi
2208 3097 2470 3162 honorem
2492 3147 2507 3171 ,
2547 3113 2602 3159 et
2644 3100 2963 3163 consilium,
2994 3110 3049 3152 et
3081 3104 3398 3168 potestatem
3418 3136 3431 3161 ,
3464 3094 3534 3150 de

1938 3204 2130 3277 quibus
2157 3203 2232 3257 ait
2260 3220 2273 3257 :

2010 3297 2099 3353 16.
2131 3295 2205 3350 Hi
2234 3296 2403 3350 edient
2436 3291 2779 3359 meretricem,
2814 3289 2988 3343 urbem
3012 3285 3233 3351 scilicet,
3260 3292 3308 3337 et
3348 3295 3528 3336 carnes

1939 3395 2054 3465 ejus
2090 3391 2379 3446 comburent
2413 3388 2543 3460 igni.
2577 3385 2751 3442 Unum
2791 3392 2969 3438 autem
2998 3381 3065 3435 de
3091 3377 3356 3449 capitibus
3381 3376 3534 3445 quasi

1941 3489 2179 3546 occisum
2209 3485 2262 3540 in
2293 3490 2553 3548 mortem,
2584 3491 2639 3536 et
2661 3479 2870 3551 plagam
2899 3475 3087 3531 mortis
3115 3472 3233 3542 ejus
3264 3478 3529 3534 curatam,

1943 3583 2213 3639 Neronem
2235 3578 2385 3634 dicit.
2412 3574 2633 3632 Constat
2657 3574 2821 3637 enim,
2854 3569 2980 3625 dum
3010 3569 3384 3636 insequeretur
3408 3575 3531 3616 eum

1942 3674 2211 3745 equitatus
2236 3672 2432 3726 missus
2474 3684 2503 3721 a
2541 3675 2761 3731 senatu,
2792 3665 2963 3733 ipsum
3005 3658 3104 3714 sibi
3142 3658 3321 3728 gulam
3360 3652 3533 3708 succi-

1942 3770 2107 3825 disse.
2125 3768 2276 3823 Hunc
2290 3779 2418 3834 ergo
2433 3763 2746 3817 suscitatam
2763 3760 2899 3812 Deus
2911 3756 3083 3810 mittet
3097 3766 3276 3821 regem
3292 3750 3531 3822 dignum,

1942 3862 2036 3919 sed
2058 3861 2272 3930 dignum
2285 3855 2498 3927 qualem
2513 3848 3029 3908 merueruntJudtei.
3046 3847 3108 3901 Et
3120 3844 3371 3916 quoniam
3387 3841 3537 3896 aliud

1943 3968 2136 4010 notuen
2161 3950 2439 4005 habiturus
2465 3957 2579 4012 est,
2609 3944 2752 4000 aliud
2783 3942 2943 3997 etiam
2975 3940 3314 3993 instituturus
3335 3976 3349 3999 ,
3374 3941 3430 3987 ut
3455 3932 3533 3985 sic

1900 4045 1907 4050 ⁷
1943 4065 2064 4105 eum
2097 4056 2366 4117 tamquam
2392 4042 2663 4098 Christum
2693 4038 2964 4107 excipiant
2994 4034 3188 4099 Judaei,
3228 4032 3303 4085 ait
3346 4028 3535 4083 Daniel

1943 4143 2140 4216 (Dan.,
2174 4157 2259 4208 χι,
2284 4138 2385 4209 57)
2406 4180 2420 4203 ,
2444 4134 2722 4193 Desideria
2753 4132 3037 4187 mulierum
3066 4142 3171 4182 non
3207 4129 3536 4196 cognoscet,

1942 4253 2063 4294 cum
2082 4235 2227 4307 prius
2240 4233 2403 4290 fuerit
2424 4229 2838 4302 impurissimus,
2853 4223 3124 4283 etnullum
3143 4221 3307 4276 Deum
3323 4226 3536 4290 patrum

1941 4346 2162 4388 suorum
2192 4336 2501 4400 cognoscet.
2530 4323 2645 4379 Non
2674 4325 2818 4378 enim
2850 4320 3108 4376 seducere
3134 4314 3332 4386 poterit
3368 4325 3539 4383 popu-

2090 4419 2548 4484 circumcisiouis,
2581 4416 2682 4471 nisi
2710 4414 2845 4485 legis
2872 4413 2942 4467 sit
2971 4410 3263 4481 judicator.
3297 4406 3539 4475 Denique

1938 4528 1994 4574 et
2022 4528 2241 4573 sanctos
2270 4529 2379 4572 non
2406 4512 2474 4567 ad
2498 4510 2640 4567 idola
2670 4506 2892 4563 colenda
2924 4510 3268 4559 revocaturus
3299 4505 3415 4562 est,
3439 4496 3539 4551 sed

1933 4613 2001 4669 ad
2031 4612 2495 4670 circumcisionem
2524 4602 2940 4676 suscipiendam,
2968 4610 3021 4656 et
3048 4598 3092 4653 si
3135 4610 3269 4667 quos
3297 4590 3540 4666 potuerit

1893 4708 2227 4773 .seducere;
2265 4707 2337 4762 ita
2384 4704 2527 4791 epim
2572 4700 2733 4757 faciet
2776 4696 2909 4762 sibi,
2953 4706 3009 4749 ut
3056 4691 3302 4747 Christus
3336 4686 3410 4741 ab
3453 4685 3534 4741 eis

314 4805 364 4860 1.
414 4803 477 4861 Et
521 4805 624 4860 vidi
673 4805 737 4859 de
781 4805 912 4860 mari
953 4804 1306 4859 ascendentem
1352 4800 1563 4859 bestiam
1614 4802 1830 4857 similem
1928 4802 2252 4875 appelletur.
2298 4799 2376 4855 De
2416 4788 2629 4853 inferno
2677 4801 2857 4849 autem
2898 4789 2980 4861 (4)
3023 4788 3171 4842 illum
3216 4792 3534 4851 resurgere,

1548 4994 1552 4999 .
1603 4936 2162 4997 COMMENTARIUS.

313 5078 397 5151 (1)
425 5080 632 5149 Septem
671 5078 843 5148 capita
870 5085 1058 5147 septem
1087 5084 1437 5151 montessunt.
1472 5073 1587 5130 Hoc
1615 5090 1681 5151 es
1708 5088 1827 5151 cap.

236 5146 454 5218 xvtt,'9.
474 5146 744 5219 sumptum
770 5160 873 5217 est,
904 5146 1070 5219 usque
1096 5164 1184 5214 eo,
1213 5146 1301 5202 ubi
1331 5149 1519 5219 iterum
1551 5146 1714 5200 verba
1739 5146 1823 5208 15,

230 5216 429 5293 capitis
480 5216 663 5294 incipit
710 5216 1072 5294 interpretari,
1099 5235 1219 5275 cum
1265 5219 1374 5294 ait,
1404 5216 1662 5294 Numerus
1698 5219 1832 5294 enim

231 5288 460 5350 hominis
479 5304 553 5349 est
580 5288 602 5345 Ξ
626 5309 747 5363 quae
785 5288 946 5347 verba
980 5300 1188 5346 mutare
1214 5290 1481 5345 noluimus
1506 5288 1577 5344 ob
1607 5288 1657 5343 id
1687 5288 1829 5357 quod

233 5370 506 5436 interpres
540 5366 656 5435 ipse
692 5364 821 5418 dicit
862 5363 1120 5436 Spiritum
1167 5374 1411 5436 sanctum
1447 5377 1566 5436 _non
1613 5375 1833 5436 servare

233 5432 523 5491 verborum
541 5432 808 5503 ordinem,
823 5432 919 5491 sed
936 5450 964 5489 a
986 5434 1269 5505 postremis
1292 5432 1555 5489 interdum
1572 5433 1639 5487 ad
1662 5433 1831 5504 prima

233 5509 640 5575 interpretanda
670 5507 919 5562 transire.

313 5574 403 5650 (2)
446 5579 552 5635 Hoc
568 5596 634 5634 es
661 5595 781 5649 cap.
803 5595 936 5642 xvii.
959 5586 1234 5650 sumptum
1260 5585 1362 5633 est.
1388 5574 1559 5650 CALL.

311 5646 399 5723 (5)
428 5650 511 5706 Ait
536 5651 706 5709 modo.
730 5646 835 5710 llic
868 5652 1015 5711 locus
1042 5646 1130 5709 nte
1169 5649 1261 5706 diu
1303 5649 1489 5719 torsit,
1529 5663 1651 5705 cum
1694 5646 1836 5705 foede

1938 5074 1959 5145 (
1981 5074 2032 5128 ni
2058 5072 2246 5147 fallor)
2271 5082 2558 5147 corruptus
2582 5081 2727 5128 esset
2755 5086 2770 5123 :
2798 5081 2921 5122 eum
2946 5074 3122 5146 tamen
3149 5061 3421 5147 corrigere
3443 5073 3536 5114 co-

1936 5132 2093 5200 natus
2142 5132 2295 5210 sum,
2335 5132 2475 5213 quo'd
2519 5160 2585 5199 an
2651 5148 2970 5213 consecutus
3023 5136 3160 5213 sim,
3215 5132 3537 5213 eruditiores

1897 5233 1901 5237 ·
1936 5216 2186 5272 ltOmines
2209 5204 2547 5286 judicahunt.
2574 5213 2631 5268 In
2688 5209 3062 5286 manuscripto-
3098 5206 3170 5260 ita
3218 5204 3534 5274 legebatur:

1936 5288 2022 5342 Att
2044 5288 2194 5342 modo
2209 5279 2336 5341 ‘cum
2365 5288 2453 5341 ille
2476 5286 2758 5348 advenerit,
2787 5290 3027 5351 amputas
3045 5279 3156 5333 loco
3183 5285 3384 5351 octauo.
3405 5291 3538 5344 quo-

1937 5361 2073 5413 niam
2096 5363 2147 5413 in
2170 5359 2260 5413 illa
2284 5369 2353 5414 est
2374 5347 2761 5412 consummatio.
2788 5347 2988 5408 Octavo
3016 5350 3134 5404 loco
3161 5347 3538 5402 antichristum

1941 5441 2225 5485 venturum
2252 5431 2408 5494 dicit;
2442 5444 2561 5482 nam
2591 5425 2866 5480 octonario
2892 5436 3118 5494 numero
3148 5418 3406 5494 perfectio
3434 5416 3537 5472 dc-

1936 5503 2196 5569 siguatur,
2226 5515 2346 5555 cum
2376 5488 2559 5554 mundi
2589 5498 2712 5551 linis
2737 5495 3032 5557 advenerit,
3057 5488 3181 5548 ideo
3203 5488 3384 5545 addit:
3409 5501 3538 5555 quo-

1941 5575 2078 5629 niam
2107 5575 2161 5626 in
2186 5573 2278 5627 illo
2304 5582 2376 5625 est
2396 5569 2784 5624 consummatio.

2015 5644 2096 5718 (Ιι)
2122 5644 2273 5702 Nunc
2302 5643 2441 5700 redit
2468 5640 2533 5697 ad
2564 5656 2683 5714 cap.
2715 5656 2830 5698 xm.
2858 5640 3033 5698 Caua
