  <div class='ocr_page' id='page_1' title='image "/cluster/home/n/w/nwhite01/storage/ocr_20150623/5/hvd.32044073505083/175.png"; bbox 0 0 4020 6072; ppageno 0'>
   <div class='ocr_carea' id='block_1_1' title="bbox 507 169 611 226">
    <p class='ocr_par' dir='ltr' id='par_1_1' title="bbox 507 169 611 226">
     <span class='ocr_line' id='line_1_1' title="bbox 507 169 611 226; baseline 0.01 -1"><span class='ocrx_word' id='word_1_1' title='bbox 507 169 611 226; x_wconf 75' lang='grc'><strong>539</strong></span> 
     </span>
    </p>
   </div>
   <div class='ocr_carea' id='block_1_2' title="bbox 1783 170 2558 236">
    <p class='ocr_par' dir='ltr' id='par_1_2' title="bbox 1783 170 2558 236">
     <span class='ocr_line' id='line_1_2' title="bbox 1783 170 2558 236; baseline 0.01 -8"><span class='ocrx_word' id='word_1_2' title='bbox 1783 171 1839 228; x_wconf 86' lang='lat' dir='ltr'><strong>S.</strong></span> <span class='ocrx_word' id='word_1_3' title='bbox 1885 170 2229 231; x_wconf 76' lang='lat' dir='ltr'><strong>VICTORINI</strong></span> <span class='ocrx_word' id='word_1_4' title='bbox 2269 172 2558 236; x_wconf 79' lang='lat' dir='ltr'><strong>SCHOLIA</strong></span> 
     </span>
    </p>
   </div>
   <div class='ocr_carea' id='block_1_3' title="bbox 3618 138 3820 243">
    <p class='ocr_par' dir='ltr' id='par_1_3' title="bbox 3618 138 3820 243">
     <span class='ocr_line' id='line_1_3' title="bbox 3618 138 3820 243; baseline -0.005 0"><span class='ocrx_word' id='word_1_5' title='bbox 3618 138 3820 243; x_wconf 30' lang='lat'><strong>.340</strong></span> 
     </span>
    </p>
   </div>
   <div class='ocr_carea' id='block_1_4' title="bbox 504 288 3823 366">
    <p class='ocr_par' dir='ltr' id='par_1_4' title="bbox 504 288 3823 366">
     <span class='ocr_line' id='line_1_4' title="bbox 504 288 3823 366; baseline 0.004 -20"><span class='ocrx_word' id='word_1_6' title='bbox 504 288 758 362; x_wconf 77' lang='lat' dir='ltr'><strong>superius</strong></span> <span class='ocrx_word' id='word_1_7' title='bbox 784 289 1020 349; x_wconf 80' lang='lat' dir='ltr'><strong>diximus</strong></span> <span class='ocrx_word' id='word_1_8' title='bbox 1045 292 1214 349; x_wconf 88' lang='lat' dir='ltr'><strong>verbo</strong></span> <span class='ocrx_word' id='word_1_9' title='bbox 1259 292 1433 349; x_wconf 78' lang='lat' dir='ltr'><strong>Esaiae</strong></span> <span class='ocrx_word' id='word_1_10' title='bbox 1451 334 1467 361; x_wconf 96' lang='lat'><strong>,</strong></span> <span class='ocrx_word' id='word_1_11' title='bbox 1500 292 1654 365; x_wconf 80' lang='lat' dir='ltr'><strong>Aqua</strong></span> <span class='ocrx_word' id='word_1_12' title='bbox 1681 294 1882 349; x_wconf 84' lang='lat' dir='ltr'><strong>nutriet</strong></span> <span class='ocrx_word' id='word_1_13' title='bbox 1928 293 2074 349; x_wconf 90' lang='lat' dir='ltr'><strong>illum</strong></span> <span class='ocrx_word' id='word_1_14' title='bbox 2092 337 2108 361; x_wconf 92' lang='lat'><strong>,</strong></span> <span class='ocrx_word' id='word_1_15' title='bbox 2136 294 2192 355; x_wconf 82' lang='grc' dir='ltr'><strong>Α</strong></span> <span class='ocrx_word' id='word_1_16' title='bbox 2217 297 2365 366; x_wconf 92' lang='lat' dir='ltr'><strong>piant</strong></span> <span class='ocrx_word' id='word_1_17' title='bbox 2388 300 2531 355; x_wconf 88' lang='lat' dir='ltr'><strong>servi</strong></span> <span class='ocrx_word' id='word_1_18' title='bbox 2550 308 2606 358; x_wconf 91' lang='lat' dir='ltr'><strong>et</strong></span> <span class='ocrx_word' id='word_1_19' title='bbox 2624 301 2781 359; x_wconf 81' lang='lat' dir='ltr'><strong>liberi</strong></span> <span class='ocrx_word' id='word_1_20' title='bbox 2809 310 2990 359; x_wconf 87' lang='lat' dir='ltr'><strong>notam</strong></span> <span class='ocrx_word' id='word_1_21' title='bbox 3012 301 3066 358; x_wconf 88' lang='lat' dir='ltr'><strong>in</strong></span> <span class='ocrx_word' id='word_1_22' title='bbox 3094 300 3364 358; x_wconf 75' lang='lat' dir='ltr'><strong>frontibus</strong></span> <span class='ocrx_word' id='word_1_23' title='bbox 3378 312 3471 357; x_wconf 84' lang='lat' dir='ltr'><strong>aut</strong></span> <span class='ocrx_word' id='word_1_24' title='bbox 3492 302 3545 358; x_wconf 91' lang='lat' dir='ltr'><strong>in</strong></span> <span class='ocrx_word' id='word_1_25' title='bbox 3560 304 3823 359; x_wconf 77' lang='lat' dir='ltr'><strong>manibus</strong></span> 
     </span>
    </p>
   </div>
   <div class='ocr_carea' id='block_1_5' title="bbox 505 384 2107 457">
    <p class='ocr_par' dir='ltr' id='par_1_5' title="bbox 505 384 2107 457">
     <span class='ocr_line' id='line_1_5' title="bbox 505 384 2107 457; baseline 0.001 -16"><span class='ocrx_word' id='word_1_26' title='bbox 505 392 568 441; x_wconf 85' lang='lat' dir='ltr'><strong>et</strong></span> <span class='ocrx_word' id='word_1_27' title='bbox 596 384 836 443; x_wconf 78' lang='lat' dir='ltr'><strong>infernus</strong></span> <span class='ocrx_word' id='word_1_28' title='bbox 863 387 1014 441; x_wconf 87' lang='lat' dir='ltr'><strong>auxit</strong></span> <span class='ocrx_word' id='word_1_29' title='bbox 1039 384 1219 452; x_wconf 90' lang='lat' dir='ltr'><strong>illum;</strong></span> <span class='ocrx_word' id='word_1_30' title='bbox 1262 386 1352 457; x_wconf 87' lang='lat' dir='ltr'><strong>qui</strong></span> <span class='ocrx_word' id='word_1_31' title='bbox 1400 395 1578 443; x_wconf 84' lang='lat' dir='ltr'><strong>tamen</strong></span> <span class='ocrx_word' id='word_1_32' title='bbox 1622 385 1749 442; x_wconf 89' lang='lat' dir='ltr'><strong>licet</strong></span> <span class='ocrx_word' id='word_1_33' title='bbox 1795 398 1851 445; x_wconf 86' lang='lat' dir='ltr'><strong>et</strong></span> <span class='ocrx_word' id='word_1_34' title='bbox 1892 393 2107 442; x_wconf 85' lang='lat' dir='ltr'><strong>nomine</strong></span> 
     </span>
    </p>
   </div>
   <div class='ocr_carea' id='block_1_6' title="bbox 507 476 1941 548">
    <p class='ocr_par' dir='ltr' id='par_1_6' title="bbox 507 476 1941 548">
     <span class='ocr_line' id='line_1_6' title="bbox 507 476 1941 548; baseline -0.002 -14"><span class='ocrx_word' id='word_1_35' title='bbox 507 478 793 534; x_wconf 87' lang='lat' dir='ltr'><strong>immutato</strong></span> <span class='ocrx_word' id='word_1_36' title='bbox 812 486 868 533; x_wconf 92' lang='lat' dir='ltr'><strong>et</strong></span> <span class='ocrx_word' id='word_1_37' title='bbox 893 487 1015 533; x_wconf 89' lang='lat' dir='ltr'><strong>actu</strong></span> <span class='ocrx_word' id='word_1_38' title='bbox 1034 477 1318 533; x_wconf 90' lang='lat' dir='ltr'><strong>immutato</strong></span> <span class='ocrx_word' id='word_1_39' title='bbox 1349 479 1548 544; x_wconf 89' lang='lat' dir='ltr'><strong>veniat,</strong></span> <span class='ocrx_word' id='word_1_40' title='bbox 1576 480 1651 533; x_wconf 92' lang='lat' dir='ltr'><strong>ait</strong></span> <span class='ocrx_word' id='word_1_41' title='bbox 1675 476 1905 548; x_wconf 79' lang='lat' dir='ltr'><strong>Spiritus</strong></span> <span class='ocrx_word' id='word_1_42' title='bbox 1929 496 1941 531; x_wconf 95' lang='lat'>:</span> 
     </span>
    </p>
   </div>
   <div class='ocr_carea' id='block_1_7' title="bbox 584 569 2108 645">
    <p class='ocr_par' dir='ltr' id='par_1_7' title="bbox 584 569 2108 645">
     <span class='ocr_line' id='line_1_7' title="bbox 584 569 2108 645; baseline 0.001 -19"><span class='ocrx_word' id='word_1_43' title='bbox 584 587 700 635; x_wconf 68' lang='grc' dir='ltr'>χιιι,</span> <span class='ocrx_word' id='word_1_44' title='bbox 733 571 819 626; x_wconf 77' lang='grc'><strong>18.</strong></span> <span class='ocrx_word' id='word_1_45' title='bbox 854 569 1115 626; x_wconf 85' lang='lat' dir='ltr'><strong>Numerus</strong></span> <span class='ocrx_word' id='word_1_46' title='bbox 1139 572 1253 642; x_wconf 87' lang='lat' dir='ltr'><strong>ejus</strong></span> <span class='ocrx_word' id='word_1_47' title='bbox 1282 587 1465 631; x_wconf 79' lang='lat' dir='ltr'><strong>nomen</strong></span> <span class='ocrx_word' id='word_1_48' title='bbox 1494 571 1712 626; x_wconf 81' lang='lat' dir='ltr'><strong>hominis</strong></span> <span class='ocrx_word' id='word_1_49' title='bbox 1739 582 1834 639; x_wconf 87' lang='lat' dir='ltr'><strong>est,</strong></span> <span class='ocrx_word' id='word_1_50' title='bbox 1864 580 1911 645; x_wconf 65' lang='grc' dir='ltr'>ει</span> <span class='ocrx_word' id='word_1_51' title='bbox 1934 586 2108 627; x_wconf 80' lang='lat' dir='ltr'><strong>nume-</strong></span> 
     </span>
    </p>
   </div>
   <div class='ocr_carea' id='block_1_8' title="bbox 510 666 2108 739">
    <p class='ocr_par' dir='ltr' id='par_1_8' title="bbox 510 666 2108 739">
     <span class='ocr_line' id='line_1_8' title="bbox 510 666 2108 739; baseline 0.002 -19"><span class='ocrx_word' id='word_1_52' title='bbox 510 680 603 720; x_wconf 87' lang='lat' dir='ltr'><strong>rus</strong></span> <span class='ocrx_word' id='word_1_53' title='bbox 631 666 743 737; x_wconf 81' lang='lat' dir='ltr'><strong>ejus</strong></span> <span class='ocrx_word' id='word_1_54' title='bbox 762 666 986 719; x_wconf 70' lang='lat' dir='ltr'><strong>sexcenti</strong></span> <span class='ocrx_word' id='word_1_55' title='bbox 1004 666 1272 737; x_wconf 77' lang='lat' dir='ltr'><strong>sexaginta</strong></span> <span class='ocrx_word' id='word_1_56' title='bbox 1300 682 1406 722; x_wconf 69' lang='lat' dir='ltr'><strong>seat.</strong></span> <span class='ocrx_word' id='word_1_57' title='bbox 1439 666 1590 722; x_wconf 88' lang='lat' dir='ltr'><strong>Sicut</strong></span> <span class='ocrx_word' id='word_1_58' title='bbox 1608 682 1675 723; x_wconf 89' lang='lat' dir='ltr'><strong>ex</strong></span> <span class='ocrx_word' id='word_1_59' title='bbox 1698 667 1892 724; x_wconf 88' lang='lat' dir='ltr'><strong>litteris</strong></span> <span class='ocrx_word' id='word_1_60' title='bbox 1915 668 2108 739; x_wconf 82' lang='lat' dir='ltr'><strong>graccis</strong></span> 
     </span>
    </p>
   </div>
   <div class='ocr_carea' id='block_1_9' title="bbox 512 759 2107 832">
    <p class='ocr_par' dir='ltr' id='par_1_9' title="bbox 512 759 2107 832">
     <span class='ocr_line' id='line_1_9' title="bbox 512 759 2107 832; baseline 0.003 -18"><span class='ocrx_word' id='word_1_61' title='bbox 512 768 827 829; x_wconf 85' lang='lat' dir='ltr'><strong>computum</strong></span> <span class='ocrx_word' id='word_1_62' title='bbox 870 759 1098 827; x_wconf 84' lang='lat' dir='ltr'><strong>habent,</strong></span> <span class='ocrx_word' id='word_1_63' title='bbox 1128 760 1207 814; x_wconf 89' lang='lat' dir='ltr'><strong>sic</strong></span> <span class='ocrx_word' id='word_1_64' title='bbox 1247 760 1303 816; x_wconf 92' lang='lat' dir='ltr'><strong>in</strong></span> <span class='ocrx_word' id='word_1_65' title='bbox 1341 760 1710 832; x_wconf 84' lang='lat' dir='ltr'><strong>compluribus</strong></span> <span class='ocrx_word' id='word_1_66' title='bbox 1745 785 1911 819; x_wconf 78' lang='grc' dir='ltr'><strong>τειταν</strong></span> <span class='ocrx_word' id='word_1_67' title='bbox 1950 764 2107 818; x_wconf 89' lang='lat' dir='ltr'><strong>inve-</strong></span> 
     </span>
    </p>
   </div>
   <div class='ocr_carea' id='block_1_10' title="bbox 511 852 2107 928">
    <p class='ocr_par' dir='ltr' id='par_1_10' title="bbox 511 852 2107 928">
     <span class='ocr_line' id='line_1_10' title="bbox 511 852 2107 928; baseline 0.003 -21"><span class='ocrx_word' id='word_1_68' title='bbox 511 852 752 908; x_wconf 89' lang='lat' dir='ltr'><strong>niuntur.</strong></span> <span class='ocrx_word' id='word_1_69' title='bbox 785 875 957 910; x_wconf 79' lang='grc' dir='ltr'><strong>τειταν</strong></span> <span class='ocrx_word' id='word_1_70' title='bbox 987 854 1065 925; x_wconf 82' lang='lat' dir='ltr'><strong>(l)</strong></span> <span class='ocrx_word' id='word_1_71' title='bbox 1092 854 1232 909; x_wconf 89' lang='lat' dir='ltr'><strong>enim</strong></span> <span class='ocrx_word' id='word_1_72' title='bbox 1261 854 1405 910; x_wconf 88' lang='lat' dir='ltr'><strong>hunc</strong></span> <span class='ocrx_word' id='word_1_73' title='bbox 1433 871 1714 911; x_wconf 87' lang='lat' dir='ltr'><strong>numerum</strong></span> <span class='ocrx_word' id='word_1_74' title='bbox 1744 855 1924 922; x_wconf 89' lang='lat' dir='ltr'><strong>habet,</strong></span> <span class='ocrx_word' id='word_1_75' title='bbox 1949 873 2107 928; x_wconf 85' lang='lat' dir='ltr'><strong>quem</strong></span> 
     </span>
    </p>
   </div>
   <div class='ocr_carea' id='block_1_11' title="bbox 509 947 2109 1022">
    <p class='ocr_par' dir='ltr' id='par_1_11' title="bbox 509 947 2109 1022">
     <span class='ocr_line' id='line_1_11' title="bbox 509 947 2109 1022; baseline 0.003 -19"><span class='ocrx_word' id='word_1_76' title='bbox 509 947 741 1020; x_wconf 77' lang='lat' dir='ltr'><strong>gentiles</strong></span> <span class='ocrx_word' id='word_1_77' title='bbox 765 948 946 1004; x_wconf 91' lang='lat' dir='ltr'><strong>Solem</strong></span> <span class='ocrx_word' id='word_1_78' title='bbox 970 948 1336 1020; x_wconf 70' lang='lat' dir='ltr'><strong>Phazbumque</strong></span> <span class='ocrx_word' id='word_1_79' title='bbox 1356 950 1647 1021; x_wconf 88' lang='lat' dir='ltr'><strong>appellant,</strong></span> <span class='ocrx_word' id='word_1_80' title='bbox 1665 960 2109 1022; x_wconf 87' lang='lat' dir='ltr'><strong>computaturque</strong></span> 
     </span>
    </p>
   </div>
   <div class='ocr_carea' id='block_1_12' title="bbox 511 1042 2106 1114">
    <p class='ocr_par' dir='ltr' id='par_1_12' title="bbox 511 1042 2106 1114">
     <span class='ocr_line' id='line_1_12' title="bbox 511 1042 2106 1114; baseline 0.003 -17"><span class='ocrx_word' id='word_1_81' title='bbox 511 1056 685 1114; x_wconf 72' lang='lat' dir='ltr'><strong>graece</strong></span> <span class='ocrx_word' id='word_1_82' title='bbox 710 1042 787 1097; x_wconf 88' lang='lat' dir='ltr'><strong>sic</strong></span> <span class='ocrx_word' id='word_1_83' title='bbox 811 1058 826 1097; x_wconf 91' lang='lat'><strong>:</strong></span> <span class='ocrx_word' id='word_1_84' title='bbox 848 1064 881 1097; x_wconf 87' lang='grc' dir='ltr'>τ</span> <span class='ocrx_word' id='word_1_85' title='bbox 910 1043 1156 1108; x_wconf 84' lang='lat' dir='ltr'><strong>trecenti,</strong></span> <span class='ocrx_word' id='word_1_86' title='bbox 1184 1066 1208 1098; x_wconf 84' lang='grc' dir='ltr'><strong><em>ε</em></strong></span> <span class='ocrx_word' id='word_1_87' title='bbox 1236 1044 1493 1114; x_wconf 88' lang='lat' dir='ltr'><strong>quinque,</strong></span> <span class='ocrx_word' id='word_1_88' title='bbox 1522 1068 1538 1099; x_wconf 85' lang='lat' dir='ltr'><strong>t</strong></span> <span class='ocrx_word' id='word_1_89' title='bbox 1564 1045 1772 1110; x_wconf 91' lang='lat' dir='ltr'><strong>decem,</strong></span> <span class='ocrx_word' id='word_1_90' title='bbox 1803 1069 1834 1102; x_wconf 85' lang='grc' dir='ltr'><strong><em>τ</em></strong></span> <span class='ocrx_word' id='word_1_91' title='bbox 1861 1047 2106 1112; x_wconf 89' lang='lat' dir='ltr'><strong>trecenti,</strong></span> 
     </span>
    </p>
   </div>
   <div class='ocr_carea' id='block_1_13' title="bbox 510 1137 2108 1209">
    <p class='ocr_par' dir='ltr' id='par_1_13' title="bbox 510 1137 2108 1209">
     <span class='ocr_line' id='line_1_13' title="bbox 510 1137 2108 1209; baseline 0.003 -15"><span class='ocrx_word' id='word_1_92' title='bbox 510 1160 545 1194; x_wconf 88' lang='grc' dir='ltr'>α</span> <span class='ocrx_word' id='word_1_93' title='bbox 574 1152 763 1202; x_wconf 90' lang='lat' dir='ltr'><strong>unum,</strong></span> <span class='ocrx_word' id='word_1_94' title='bbox 789 1160 816 1192; x_wconf 85' lang='grc' dir='ltr'><strong><em>ν</em></strong></span> <span class='ocrx_word' id='word_1_95' title='bbox 842 1137 1259 1209; x_wconf 79' lang='lat' dir='ltr'><strong>quinquaginta;</strong></span> <span class='ocrx_word' id='word_1_96' title='bbox 1288 1141 1378 1209; x_wconf 91' lang='lat' dir='ltr'><strong>qui</strong></span> <span class='ocrx_word' id='word_1_97' title='bbox 1419 1140 1579 1195; x_wconf 89' lang='lat' dir='ltr'><strong>simul</strong></span> <span class='ocrx_word' id='word_1_98' title='bbox 1622 1141 1766 1197; x_wconf 91' lang='lat' dir='ltr'><strong>ducti</strong></span> <span class='ocrx_word' id='word_1_99' title='bbox 1807 1142 1944 1197; x_wconf 78' lang='lat' dir='ltr'><strong>ﬁunt</strong></span> <span class='ocrx_word' id='word_1_100' title='bbox 1984 1158 2108 1199; x_wconf 81' lang='lat' dir='ltr'><strong>sex-</strong></span> 
     </span>
    </p>
   </div>
   <div class='ocr_carea' id='block_1_14' title="bbox 509 1232 2110 1304">
    <p class='ocr_par' dir='ltr' id='par_1_14' title="bbox 509 1232 2110 1304">
     <span class='ocr_line' id='line_1_14' title="bbox 509 1232 2110 1304; baseline 0.004 -16"><span class='ocrx_word' id='word_1_101' title='bbox 509 1232 655 1288; x_wconf 91' lang='lat' dir='ltr'><strong>centi</strong></span> <span class='ocrx_word' id='word_1_102' title='bbox 685 1232 961 1303; x_wconf 84' lang='lat' dir='ltr'><strong>sexaginta</strong></span> <span class='ocrx_word' id='word_1_103' title='bbox 985 1247 1080 1288; x_wconf 85' lang='lat' dir='ltr'><strong>sex</strong></span> <span class='ocrx_word' id='word_1_104' title='bbox 1107 1251 1120 1288; x_wconf 88' lang='lat'><strong>:</strong></span> <span class='ocrx_word' id='word_1_105' title='bbox 1144 1243 1403 1304; x_wconf 89' lang='lat' dir='ltr'><strong>quantum</strong></span> <span class='ocrx_word' id='word_1_106' title='bbox 1431 1235 1574 1289; x_wconf 90' lang='lat' dir='ltr'><strong>enim</strong></span> <span class='ocrx_word' id='word_1_107' title='bbox 1598 1236 1790 1290; x_wconf 87' lang='lat' dir='ltr'><strong>attinet</strong></span> <span class='ocrx_word' id='word_1_108' title='bbox 1813 1236 1878 1291; x_wconf 91' lang='lat' dir='ltr'><strong>ad</strong></span> <span class='ocrx_word' id='word_1_109' title='bbox 1904 1237 2110 1295; x_wconf 82' lang='lat' dir='ltr'><strong>litteras</strong></span> 
     </span>
    </p>
   </div>
   <div class='ocr_carea' id='block_1_15' title="bbox 509 1326 2111 1401">
    <p class='ocr_par' dir='ltr' id='par_1_15' title="bbox 509 1326 2111 1401">
     <span class='ocr_line' id='line_1_15' title="bbox 509 1326 2111 1401; baseline 0.004 -21"><span class='ocrx_word' id='word_1_110' title='bbox 509 1340 747 1396; x_wconf 74' lang='lat' dir='ltr'><strong>graecas,</strong></span> <span class='ocrx_word' id='word_1_111' title='bbox 793 1326 933 1380; x_wconf 88' lang='lat' dir='ltr'><strong>hunc</strong></span> <span class='ocrx_word' id='word_1_112' title='bbox 980 1341 1265 1381; x_wconf 86' lang='lat' dir='ltr'><strong>numerum</strong></span> <span class='ocrx_word' id='word_1_113' title='bbox 1315 1342 1621 1399; x_wconf 87' lang='lat' dir='ltr'><strong>nomenque</strong></span> <span class='ocrx_word' id='word_1_114' title='bbox 1661 1330 1925 1398; x_wconf 86' lang='lat' dir='ltr'><strong>explent:</strong></span> <span class='ocrx_word' id='word_1_115' title='bbox 1968 1331 2111 1401; x_wconf 91' lang='lat' dir='ltr'><strong>quod</strong></span> 
     </span>
    </p>
   </div>
   <div class='ocr_carea' id='block_1_16' title="bbox 509 1418 2113 1496">
    <p class='ocr_par' dir='ltr' id='par_1_16' title="bbox 509 1418 2113 1496">
     <span class='ocr_line' id='line_1_16' title="bbox 509 1418 2113 1496; baseline 0.002 -20"><span class='ocrx_word' id='word_1_116' title='bbox 509 1434 712 1476; x_wconf 86' lang='lat' dir='ltr'><strong>nomen</strong></span> <span class='ocrx_word' id='word_1_117' title='bbox 743 1419 790 1474; x_wconf 89' lang='lat' dir='ltr'><strong>si</strong></span> <span class='ocrx_word' id='word_1_118' title='bbox 821 1419 960 1474; x_wconf 86' lang='lat' dir='ltr'><strong>velis</strong></span> <span class='ocrx_word' id='word_1_119' title='bbox 982 1418 1033 1473; x_wconf 89' lang='lat' dir='ltr'><strong>in</strong></span> <span class='ocrx_word' id='word_1_120' title='bbox 1058 1419 1282 1475; x_wconf 89' lang='lat' dir='ltr'><strong>latinum</strong></span> <span class='ocrx_word' id='word_1_121' title='bbox 1310 1430 1658 1489; x_wconf 80' lang='lat' dir='ltr'><strong>convertere,</strong></span> <span class='ocrx_word' id='word_1_122' title='bbox 1682 1421 1996 1495; x_wconf 78' lang='lat' dir='ltr'><strong>intelligitur</strong></span> <span class='ocrx_word' id='word_1_123' title='bbox 2015 1440 2113 1496; x_wconf 91' lang='lat' dir='ltr'><strong>per</strong></span> 
     </span>
    </p>
   </div>
   <div class='ocr_carea' id='block_1_17' title="bbox 511 1508 2114 1583">
    <p class='ocr_par' dir='ltr' id='par_1_17' title="bbox 511 1508 2114 1583">
     <span class='ocr_line' id='line_1_17' title="bbox 511 1508 2114 1583; baseline 0.004 -17"><span class='ocrx_word' id='word_1_124' title='bbox 511 1508 849 1580; x_wconf 86' lang='lat' dir='ltr'><strong>antiphrasin</strong></span> <span class='ocrx_word' id='word_1_125' title='bbox 887 1525 1077 1565; x_wconf 71' lang='lat' dir='ltr'><strong>mcux</strong></span> <span class='ocrx_word' id='word_1_126' title='bbox 1103 1508 1213 1583; x_wconf 72' lang='lat'><strong>(2);</strong></span> <span class='ocrx_word' id='word_1_127' title='bbox 1245 1527 1366 1582; x_wconf 73' lang='lat' dir='ltr'><strong>quae</strong></span> <span class='ocrx_word' id='word_1_128' title='bbox 1406 1512 1601 1568; x_wconf 63' lang='lat' dir='ltr'><strong>litterae</strong></span> <span class='ocrx_word' id='word_1_129' title='bbox 1639 1512 1744 1568; x_wconf 89' lang='lat' dir='ltr'><strong>hoc</strong></span> <span class='ocrx_word' id='word_1_130' title='bbox 1780 1514 1942 1571; x_wconf 92' lang='lat' dir='ltr'><strong>modo</strong></span> <span class='ocrx_word' id='word_1_131' title='bbox 1966 1530 2114 1571; x_wconf 91' lang='lat' dir='ltr'><strong>com-</strong></span> 
     </span>
    </p>
   </div>
   <div class='ocr_carea' id='block_1_18' title="bbox 511 1602 2112 1676">
    <p class='ocr_par' dir='ltr' id='par_1_18' title="bbox 511 1602 2112 1676">
     <span class='ocr_line' id='line_1_18' title="bbox 511 1602 2112 1676; baseline 0.006 -21"><span class='ocrx_word' id='word_1_132' title='bbox 511 1610 805 1672; x_wconf 87' lang='lat' dir='ltr'><strong>putantur:</strong></span> <span class='ocrx_word' id='word_1_133' title='bbox 840 1618 873 1656; x_wconf 81' lang='grc' dir='ltr'>ι)</span> <span class='ocrx_word' id='word_1_134' title='bbox 898 1602 1098 1673; x_wconf 89' lang='lat' dir='ltr'><strong>quippe</strong></span> <span class='ocrx_word' id='word_1_135' title='bbox 1138 1604 1412 1674; x_wconf 74' lang='lat' dir='ltr'><strong>quingenti</strong></span> <span class='ocrx_word' id='word_1_136' title='bbox 1453 1602 1536 1676; x_wconf 81' lang='grc'><strong>(5)</strong></span> <span class='ocrx_word' id='word_1_137' title='bbox 1561 1604 1784 1676; x_wconf 85' lang='lat' dir='ltr'><strong>ligurat,</strong></span> <span class='ocrx_word' id='word_1_138' title='bbox 1812 1622 1830 1660; x_wconf 86' lang='grc' dir='ltr'><strong>ι</strong></span> <span class='ocrx_word' id='word_1_139' title='bbox 1862 1623 2055 1676; x_wconf 91' lang='lat' dir='ltr'><strong>unum,</strong></span> <span class='ocrx_word' id='word_1_140' title='bbox 2082 1624 2112 1664; x_wconf 89' lang='lat' dir='ltr'><strong>c</strong></span> 
     </span>
    </p>
   </div>
   <div class='ocr_carea' id='block_1_19' title="bbox 2212 388 3825 466">
    <p class='ocr_par' dir='ltr' id='par_1_19' title="bbox 2212 388 3825 466">
     <span class='ocr_line' id='line_1_19' title="bbox 2212 388 3825 466; baseline 0.006 -23"><span class='ocrx_word' id='word_1_141' title='bbox 2212 388 2417 445; x_wconf 79' lang='lat' dir='ltr'><strong>dextris</strong></span> <span class='ocrx_word' id='word_1_142' title='bbox 2445 407 2730 450; x_wconf 90' lang='lat' dir='ltr'><strong>numerum</strong></span> <span class='ocrx_word' id='word_1_143' title='bbox 2763 394 2995 453; x_wconf 82' lang='lat' dir='ltr'><strong>nominis</strong></span> <span class='ocrx_word' id='word_1_144' title='bbox 3015 394 3152 466; x_wconf 75' lang='lat' dir='ltr'><strong>eius,</strong></span> <span class='ocrx_word' id='word_1_145' title='bbox 3176 410 3248 451; x_wconf 87' lang='lat' dir='ltr'><strong>ne</strong></span> <span class='ocrx_word' id='word_1_146' title='bbox 3269 395 3390 466; x_wconf 83' lang='lat' dir='ltr'><strong>quis</strong></span> <span class='ocrx_word' id='word_1_147' title='bbox 3410 405 3556 451; x_wconf 73' lang='lat' dir='ltr'><strong>emat</strong></span> <span class='ocrx_word' id='word_1_148' title='bbox 3581 396 3664 451; x_wconf 86' lang='lat' dir='ltr'><strong>vel</strong></span> <span class='ocrx_word' id='word_1_149' title='bbox 3686 411 3825 452; x_wconf 79' lang='lat' dir='ltr'><strong>ven-</strong></span> 
     </span>
    </p>
   </div>
   <div class='ocr_carea' id='block_1_20' title="bbox 2210 483 3821 559">
    <p class='ocr_par' dir='ltr' id='par_1_20' title="bbox 2210 483 3821 559">
     <span class='ocr_line' id='line_1_20' title="bbox 2210 483 3821 559; baseline 0.004 -21"><span class='ocrx_word' id='word_1_150' title='bbox 2210 483 2320 539; x_wconf 87' lang='lat' dir='ltr'><strong>dat.</strong></span> <span class='ocrx_word' id='word_1_151' title='bbox 2367 487 2817 559; x_wconf 84' lang='lat' dir='ltr'><strong>Aspernationem</strong></span> <span class='ocrx_word' id='word_1_152' title='bbox 2866 489 2960 545; x_wconf 91' lang='lat' dir='ltr'><strong>Dei</strong></span> <span class='ocrx_word' id='word_1_153' title='bbox 3010 498 3065 545; x_wconf 92' lang='lat' dir='ltr'><strong>et</strong></span> <span class='ocrx_word' id='word_1_154' title='bbox 3108 490 3579 546; x_wconf 82' lang='lat' dir='ltr'><strong>exacerbationetn</strong></span> <span class='ocrx_word' id='word_1_155' title='bbox 3622 491 3821 545; x_wconf 78' lang='lat' dir='ltr'><strong>Daniel</strong></span> 
     </span>
    </p>
   </div>
   <div class='ocr_carea' id='block_1_21' title="bbox 2210 578 3816 655">
    <p class='ocr_par' dir='ltr' id='par_1_21' title="bbox 2210 578 3816 655">
     <span class='ocr_line' id='line_1_21' title="bbox 2210 578 3816 655; baseline 0.003 -24"><span class='ocrx_word' id='word_1_156' title='bbox 2210 586 2336 632; x_wconf 79' lang='lat' dir='ltr'><strong>ante</strong></span> <span class='ocrx_word' id='word_1_157' title='bbox 2379 578 2699 648; x_wconf 65' lang='lat' dir='ltr'><strong>praedixerat</strong></span> <span class='ocrx_word' id='word_1_158' title='bbox 2726 579 2747 655; x_wconf 95' lang='lat'>(</span> <span class='ocrx_word' id='word_1_159' title='bbox 2770 580 2933 647; x_wconf 87' lang='lat' dir='ltr'><strong>Dan.,</strong></span> <span class='ocrx_word' id='word_1_160' title='bbox 2981 597 3058 646; x_wconf 85' lang='lat' dir='ltr'><strong>xt,</strong></span> <span class='ocrx_word' id='word_1_161' title='bbox 3104 581 3220 653; x_wconf 73' lang='grc'><strong>45).</strong></span> <span class='ocrx_word' id='word_1_162' title='bbox 3253 581 3324 639; x_wconf 83' lang='lat' dir='ltr'><strong>Et</strong></span> <span class='ocrx_word' id='word_1_163' title='bbox 3348 591 3579 648; x_wconf 82' lang='lat' dir='ltr'><strong>statuet,</strong></span> <span class='ocrx_word' id='word_1_164' title='bbox 3609 582 3816 654; x_wconf 87' lang='lat' dir='ltr'><strong>inquit,</strong></span> 
     </span>
    </p>
   </div>
   <div class='ocr_carea' id='block_1_22' title="bbox 2211 670 3819 748">
    <p class='ocr_par' dir='ltr' id='par_1_22' title="bbox 2211 670 3819 748">
     <span class='ocr_line' id='line_1_22' title="bbox 2211 670 3819 748; baseline 0.004 -25"><span class='ocrx_word' id='word_1_165' title='bbox 2211 670 2470 740; x_wconf 87' lang='lat' dir='ltr'><strong>templum</strong></span> <span class='ocrx_word' id='word_1_166' title='bbox 2498 686 2651 727; x_wconf 89' lang='lat' dir='ltr'><strong>suum</strong></span> <span class='ocrx_word' id='word_1_167' title='bbox 2683 674 2823 729; x_wconf 88' lang='lat' dir='ltr'><strong>inter</strong></span> <span class='ocrx_word' id='word_1_168' title='bbox 2838 674 3159 742; x_wconf 80' lang='lat' dir='ltr'><strong>Samariam,</strong></span> <span class='ocrx_word' id='word_1_169' title='bbox 3183 688 3348 741; x_wconf 86' lang='lat' dir='ltr'><strong>super</strong></span> <span class='ocrx_word' id='word_1_170' title='bbox 3369 685 3607 733; x_wconf 88' lang='lat' dir='ltr'><strong>montem</strong></span> <span class='ocrx_word' id='word_1_171' title='bbox 3634 676 3819 748; x_wconf 82' lang='lat' dir='ltr'><strong>incly-</strong></span> 
     </span>
    </p>
   </div>
   <div class='ocr_carea' id='block_1_23' title="bbox 2213 766 3820 839">
    <p class='ocr_par' dir='ltr' id='par_1_23' title="bbox 2213 766 3820 839">
     <span class='ocr_line' id='line_1_23' title="bbox 2213 766 3820 839; baseline 0.005 -23"><span class='ocrx_word' id='word_1_172' title='bbox 2213 770 2324 817; x_wconf 91' lang='lat' dir='ltr'><strong>tum</strong></span> <span class='ocrx_word' id='word_1_173' title='bbox 2356 772 2412 818; x_wconf 91' lang='lat' dir='ltr'><strong>et</strong></span> <span class='ocrx_word' id='word_1_174' title='bbox 2439 774 2704 832; x_wconf 90' lang='lat' dir='ltr'><strong>sanctum,</strong></span> <span class='ocrx_word' id='word_1_175' title='bbox 2722 766 2771 820; x_wconf 88' lang='lat' dir='ltr'><strong>id</strong></span> <span class='ocrx_word' id='word_1_176' title='bbox 2793 777 2877 822; x_wconf 90' lang='lat' dir='ltr'><strong>est</strong></span> <span class='ocrx_word' id='word_1_177' title='bbox 2904 766 3316 838; x_wconf 83' lang='lat' dir='ltr'><strong>Hierosolymis,</strong></span> <span class='ocrx_word' id='word_1_178' title='bbox 3337 768 3644 839; x_wconf 85' lang='lat' dir='ltr'><strong>imaginem,</strong></span> <span class='ocrx_word' id='word_1_179' title='bbox 3668 770 3820 825; x_wconf 85' lang='lat' dir='ltr'><strong>sicut</strong></span> 
     </span>
    </p>
   </div>
   <div class='ocr_carea' id='block_1_24' title="bbox 2212 852 3818 929">
    <p class='ocr_par' dir='ltr' id='par_1_24' title="bbox 2212 852 3818 929">
     <span class='ocr_line' id='line_1_24' title="bbox 2212 852 3818 929; baseline 0.006 -22"><span class='ocrx_word' id='word_1_180' title='bbox 2212 852 2413 910; x_wconf 84' lang='lat' dir='ltr'><strong>fecerat</strong></span> <span class='ocrx_word' id='word_1_181' title='bbox 2432 855 2950 914; x_wconf 84' lang='lat' dir='ltr'><strong>Nabuchodonosor.</strong></span> <span class='ocrx_word' id='word_1_182' title='bbox 2976 859 3128 915; x_wconf 88' lang='lat' dir='ltr'><strong>Tunc</strong></span> <span class='ocrx_word' id='word_1_183' title='bbox 3148 858 3269 915; x_wconf 89' lang='lat' dir='ltr'><strong>heic</strong></span> <span class='ocrx_word' id='word_1_184' title='bbox 3300 860 3611 929; x_wconf 83' lang='lat' dir='ltr'><strong>substituit,</strong></span> <span class='ocrx_word' id='word_1_185' title='bbox 3646 862 3818 917; x_wconf 86' lang='lat' dir='ltr'><strong>modo</strong></span> 
     </span>
    </p>
   </div>
   <div class='ocr_carea' id='block_1_25' title="bbox 2212 947 3817 1022">
    <p class='ocr_par' dir='ltr' id='par_1_25' title="bbox 2212 947 3817 1022">
     <span class='ocr_line' id='line_1_25' title="bbox 2212 947 3817 1022; baseline 0.005 -21"><span class='ocrx_word' id='word_1_186' title='bbox 2212 959 2392 1007; x_wconf 90' lang='lat' dir='ltr'><strong>autem</strong></span> <span class='ocrx_word' id='word_1_187' title='bbox 2423 947 2544 1004; x_wconf 88' lang='lat' dir='ltr'><strong>heic</strong></span> <span class='ocrx_word' id='word_1_188' title='bbox 2569 950 2780 1016; x_wconf 86' lang='lat' dir='ltr'><strong>recolit,</strong></span> <span class='ocrx_word' id='word_1_189' title='bbox 2808 951 2952 1022; x_wconf 88' lang='lat' dir='ltr'><strong>quod</strong></span> <span class='ocrx_word' id='word_1_190' title='bbox 2992 952 3252 1007; x_wconf 85' lang='lat' dir='ltr'><strong>Dominus</strong></span> <span class='ocrx_word' id='word_1_191' title='bbox 3278 952 3577 1009; x_wconf 82' lang='lat' dir='ltr'><strong>admonens</strong></span> <span class='ocrx_word' id='word_1_192' title='bbox 3617 955 3817 1010; x_wconf 85' lang='lat' dir='ltr'><strong>Eccle-</strong></span> 
     </span>
    </p>
   </div>
   <div class='ocr_carea' id='block_1_26' title="bbox 2212 1041 3812 1115">
    <p class='ocr_par' dir='ltr' id='par_1_26' title="bbox 2212 1041 3812 1115">
     <span class='ocr_line' id='line_1_26' title="bbox 2212 1041 3812 1115; baseline 0.005 -21"><span class='ocrx_word' id='word_1_193' title='bbox 2212 1041 2321 1095; x_wconf 88' lang='lat' dir='ltr'><strong>sias</strong></span> <span class='ocrx_word' id='word_1_194' title='bbox 2345 1055 2471 1097; x_wconf 88' lang='lat' dir='ltr'><strong>suas</strong></span> <span class='ocrx_word' id='word_1_195' title='bbox 2493 1041 2562 1097; x_wconf 89' lang='lat' dir='ltr'><strong>de</strong></span> <span class='ocrx_word' id='word_1_196' title='bbox 2594 1044 2902 1101; x_wconf 78' lang='lat' dir='ltr'><strong>novissimis</strong></span> <span class='ocrx_word' id='word_1_197' title='bbox 2932 1045 3267 1113; x_wconf 84' lang='lat' dir='ltr'><strong>temporibus</strong></span> <span class='ocrx_word' id='word_1_198' title='bbox 3305 1055 3363 1101; x_wconf 88' lang='lat' dir='ltr'><strong>et</strong></span> <span class='ocrx_word' id='word_1_199' title='bbox 3397 1046 3650 1115; x_wconf 85' lang='lat' dir='ltr'><strong>periculis</strong></span> <span class='ocrx_word' id='word_1_200' title='bbox 3691 1048 3812 1102; x_wconf 88' lang='lat' dir='ltr'><strong>ait:</strong></span> 
     </span>
    </p>
   </div>
   <div class='ocr_carea' id='block_1_27' title="bbox 2212 1130 3818 1211">
    <p class='ocr_par' dir='ltr' id='par_1_27' title="bbox 2212 1130 3818 1211">
     <span class='ocr_line' id='line_1_27' title="bbox 2212 1130 3818 1211; baseline 0.006 -22"><span class='ocrx_word' id='word_1_201' title='bbox 2212 1130 2340 1190; x_wconf 85' lang='lat' dir='ltr'><strong>Cum</strong></span> <span class='ocrx_word' id='word_1_202' title='bbox 2379 1147 2549 1191; x_wconf 88' lang='lat' dir='ltr'><strong>autem</strong></span> <span class='ocrx_word' id='word_1_203' title='bbox 2591 1136 2817 1193; x_wconf 80' lang='lat' dir='ltr'><strong>videritis</strong></span> <span class='ocrx_word' id='word_1_204' title='bbox 2861 1138 3270 1207; x_wconf 83' lang='lat' dir='ltr'><strong>aspernationem</strong></span> <span class='ocrx_word' id='word_1_205' title='bbox 3301 1153 3416 1208; x_wconf 66' lang='lat' dir='ltr'><strong>quae</strong></span> <span class='ocrx_word' id='word_1_206' title='bbox 3439 1138 3577 1194; x_wconf 86' lang='lat' dir='ltr'><strong>dicta</strong></span> <span class='ocrx_word' id='word_1_207' title='bbox 3605 1148 3679 1197; x_wconf 76' lang='lat' dir='ltr'><strong>est</strong></span> <span class='ocrx_word' id='word_1_208' title='bbox 3720 1156 3818 1211; x_wconf 75' lang='lat' dir='ltr'><strong>per</strong></span> 
     </span>
    </p>
   </div>
   <div class='ocr_carea' id='block_1_28' title="bbox 2213 1227 3817 1303">
    <p class='ocr_par' dir='ltr' id='par_1_28' title="bbox 2213 1227 3817 1303">
     <span class='ocr_line' id='line_1_28' title="bbox 2213 1227 3817 1303; baseline 0.002 -21"><span class='ocrx_word' id='word_1_209' title='bbox 2213 1227 2481 1284; x_wconf 86' lang='lat' dir='ltr'><strong>Danielem</strong></span> <span class='ocrx_word' id='word_1_210' title='bbox 2516 1229 2838 1300; x_wconf 77' lang='lat' dir='ltr'><strong>prophetam,</strong></span> <span class='ocrx_word' id='word_1_211' title='bbox 2868 1238 3085 1285; x_wconf 78' lang='lat' dir='ltr'><strong>stantem</strong></span> <span class='ocrx_word' id='word_1_212' title='bbox 3110 1229 3164 1284; x_wconf 82' lang='lat' dir='ltr'><strong>in</strong></span> <span class='ocrx_word' id='word_1_213' title='bbox 3190 1227 3303 1289; x_wconf 81' lang='lat' dir='ltr'><strong>loco</strong></span> <span class='ocrx_word' id='word_1_214' title='bbox 3331 1240 3539 1296; x_wconf 79' lang='lat' dir='ltr'><strong>sancto,</strong></span> <span class='ocrx_word' id='word_1_215' title='bbox 3567 1232 3654 1303; x_wconf 84' lang='lat' dir='ltr'><strong>qui</strong></span> <span class='ocrx_word' id='word_1_216' title='bbox 3687 1230 3817 1303; x_wconf 81' lang='lat' dir='ltr'><strong>legit</strong></span> 
     </span>
    </p>
   </div>
   <div class='ocr_carea' id='block_1_29' title="bbox 2214 1320 3815 1395">
    <p class='ocr_par' dir='ltr' id='par_1_29' title="bbox 2214 1320 3815 1395">
     <span class='ocr_line' id='line_1_29' title="bbox 2214 1320 3815 1395; baseline 0.001 -18"><span class='ocrx_word' id='word_1_217' title='bbox 2214 1323 2465 1393; x_wconf 75' lang='lat' dir='ltr'><strong>intelligat</strong></span> <span class='ocrx_word' id='word_1_218' title='bbox 2506 1321 2764 1395; x_wconf 59' lang='lat' dir='ltr'><strong>(illailla,</strong></span> <span class='ocrx_word' id='word_1_219' title='bbox 2802 1338 2948 1388; x_wconf 83' lang='lat' dir='ltr'><strong>xxtv,</strong></span> <span class='ocrx_word' id='word_1_220' title='bbox 2984 1323 3086 1388; x_wconf 75' lang='lat'><strong>15;</strong></span> <span class='ocrx_word' id='word_1_221' title='bbox 3116 1320 3290 1390; x_wconf 63' lang='lat' dir='ltr'><strong>Dum,</strong></span> <span class='ocrx_word' id='word_1_222' title='bbox 3323 1339 3409 1388; x_wconf 86' lang='lat' dir='ltr'><strong>tx,</strong></span> <span class='ocrx_word' id='word_1_223' title='bbox 3443 1322 3571 1395; x_wconf 77' lang='grc'><strong>27).</strong></span> <span class='ocrx_word' id='word_1_224' title='bbox 3608 1326 3815 1395; x_wconf 80' lang='lat' dir='ltr'><strong>Asper-</strong></span> 
     </span>
    </p>
   </div>
   <div class='ocr_carea' id='block_1_30' title="bbox 2216 1414 3812 1487">
    <p class='ocr_par' dir='ltr' id='par_1_30' title="bbox 2216 1414 3812 1487">
     <span class='ocr_line' id='line_1_30' title="bbox 2216 1414 3812 1487; baseline 0.001 -17"><span class='ocrx_word' id='word_1_225' title='bbox 2216 1415 2366 1471; x_wconf 90' lang='lat' dir='ltr'><strong>natio</strong></span> <span class='ocrx_word' id='word_1_226' title='bbox 2393 1415 2592 1473; x_wconf 90' lang='lat' dir='ltr'><strong>dicitur</strong></span> <span class='ocrx_word' id='word_1_227' title='bbox 2612 1414 2827 1483; x_wconf 79' lang='lat' dir='ltr'><strong>quando</strong></span> <span class='ocrx_word' id='word_1_228' title='bbox 2847 1426 3198 1485; x_wconf 75' lang='lat' dir='ltr'><strong>exasperatur</strong></span> <span class='ocrx_word' id='word_1_229' title='bbox 3227 1416 3388 1482; x_wconf 82' lang='lat' dir='ltr'><strong>Deus,</strong></span> <span class='ocrx_word' id='word_1_230' title='bbox 3411 1431 3478 1471; x_wconf 91' lang='lat' dir='ltr'><strong>eo</strong></span> <span class='ocrx_word' id='word_1_231' title='bbox 3500 1416 3644 1487; x_wconf 90' lang='lat' dir='ltr'><strong>quod</strong></span> <span class='ocrx_word' id='word_1_232' title='bbox 3666 1418 3812 1473; x_wconf 85' lang='lat' dir='ltr'><strong>idola</strong></span> 
     </span>
    </p>
   </div>
   <div class='ocr_carea' id='block_1_31' title="bbox 2217 1507 3818 1580">
    <p class='ocr_par' dir='ltr' id='par_1_31' title="bbox 2217 1507 3818 1580">
     <span class='ocr_line' id='line_1_31' title="bbox 2217 1507 3818 1580; baseline 0.001 -18"><span class='ocrx_word' id='word_1_233' title='bbox 2217 1523 2316 1580; x_wconf 89' lang='lat' dir='ltr'><strong>pro</strong></span> <span class='ocrx_word' id='word_1_234' title='bbox 2344 1507 2458 1565; x_wconf 90' lang='lat' dir='ltr'><strong>Deo</strong></span> <span class='ocrx_word' id='word_1_235' title='bbox 2496 1508 2762 1575; x_wconf 86' lang='lat' dir='ltr'><strong>colantur,</strong></span> <span class='ocrx_word' id='word_1_236' title='bbox 2795 1508 2877 1564; x_wconf 86' lang='lat' dir='ltr'><strong>vel</strong></span> <span class='ocrx_word' id='word_1_237' title='bbox 2923 1523 3045 1565; x_wconf 89' lang='lat' dir='ltr'><strong>cum</strong></span> <span class='ocrx_word' id='word_1_238' title='bbox 3089 1507 3283 1577; x_wconf 82' lang='lat' dir='ltr'><strong>dogma</strong></span> <span class='ocrx_word' id='word_1_239' title='bbox 3325 1508 3697 1571; x_wconf 66' lang='lat' dir='ltr'><strong>haereticorum</strong></span> <span class='ocrx_word' id='word_1_240' title='bbox 3730 1510 3818 1571; x_wconf 81' lang='lat' dir='ltr'><strong>in-</strong></span> 
     </span>
    </p>
   </div>
   <div class='ocr_carea' id='block_1_32' title="bbox 2219 1602 3815 1673">
    <p class='ocr_par' dir='ltr' id='par_1_32' title="bbox 2219 1602 3815 1673">
     <span class='ocr_line' id='line_1_32' title="bbox 2219 1602 3815 1673; baseline 0 -15"><span class='ocrx_word' id='word_1_241' title='bbox 2219 1602 2516 1659; x_wconf 90' lang='lat' dir='ltr'><strong>troducitur</strong></span> <span class='ocrx_word' id='word_1_242' title='bbox 2544 1603 2597 1659; x_wconf 93' lang='lat' dir='ltr'><strong>in</strong></span> <span class='ocrx_word' id='word_1_243' title='bbox 2626 1602 2891 1659; x_wconf 88' lang='lat' dir='ltr'><strong>ecclesiis.</strong></span> <span class='ocrx_word' id='word_1_244' title='bbox 2923 1602 3150 1661; x_wconf 83' lang='lat' dir='ltr'><strong>Aversio</strong></span> <span class='ocrx_word' id='word_1_245' title='bbox 3178 1611 3358 1663; x_wconf 83' lang='lat' dir='ltr'><strong>autem</strong></span> <span class='ocrx_word' id='word_1_246' title='bbox 3395 1602 3539 1673; x_wconf 86' lang='lat' dir='ltr'><strong>quOd</strong></span> <span class='ocrx_word' id='word_1_247' title='bbox 3588 1603 3815 1665; x_wconf 82' lang='lat' dir='ltr'><strong>stabiles</strong></span> 
     </span>
    </p>
   </div>
   <div class='ocr_carea' id='block_1_33' title="bbox 512 1695 3814 1773">
    <p class='ocr_par' dir='ltr' id='par_1_33' title="bbox 512 1695 3814 1773">
     <span class='ocr_line' id='line_1_33' title="bbox 512 1695 3814 1773; baseline 0.001 -23"><span class='ocrx_word' id='word_1_248' title='bbox 512 1706 760 1760; x_wconf 90' lang='lat' dir='ltr'><strong>centum,</strong></span> <span class='ocrx_word' id='word_1_249' title='bbox 797 1712 828 1750; x_wconf 83' lang='grc' dir='ltr'>ι.</span> <span class='ocrx_word' id='word_1_250' title='bbox 858 1695 1240 1767; x_wconf 83' lang='lat' dir='ltr'><strong>quinquaginta</strong></span> <span class='ocrx_word' id='word_1_251' title='bbox 1260 1739 1274 1763; x_wconf 91' lang='lat'><strong>,</strong></span> <span class='ocrx_word' id='word_1_252' title='bbox 1308 1713 1341 1751; x_wconf 89' lang='lat' dir='ltr'><strong>v</strong></span> <span class='ocrx_word' id='word_1_253' title='bbox 1368 1699 1622 1769; x_wconf 88' lang='lat' dir='ltr'><strong>quinque,</strong></span> <span class='ocrx_word' id='word_1_254' title='bbox 1655 1716 1686 1753; x_wconf 78' lang='grc' dir='ltr'><strong>ι</strong></span> <span class='ocrx_word' id='word_1_255' title='bbox 1711 1700 1935 1769; x_wconf 85' lang='lat' dir='ltr'><strong>decem;</strong></span> <span class='ocrx_word' id='word_1_256' title='bbox 1971 1705 2115 1773; x_wconf 86' lang='lat' dir='ltr'><strong>quod</strong></span> <span class='ocrx_word' id='word_1_257' title='bbox 2142 1698 2192 1759; x_wconf 87' lang='lat' dir='ltr'><strong>B</strong></span> <span class='ocrx_word' id='word_1_258' title='bbox 2220 1696 2469 1754; x_wconf 89' lang='lat' dir='ltr'><strong>homines</strong></span> <span class='ocrx_word' id='word_1_259' title='bbox 2496 1697 2664 1770; x_wconf 87' lang='lat' dir='ltr'><strong>signis</strong></span> <span class='ocrx_word' id='word_1_260' title='bbox 2691 1696 2842 1756; x_wconf 79' lang='lat' dir='ltr'><strong>falsis</strong></span> <span class='ocrx_word' id='word_1_261' title='bbox 2868 1706 2923 1754; x_wconf 88' lang='lat' dir='ltr'><strong>et</strong></span> <span class='ocrx_word' id='word_1_262' title='bbox 2949 1697 3211 1768; x_wconf 83' lang='lat' dir='ltr'><strong>portentis</strong></span> <span class='ocrx_word' id='word_1_263' title='bbox 3249 1696 3456 1757; x_wconf 82' lang='lat' dir='ltr'><strong>seducti</strong></span> <span class='ocrx_word' id='word_1_264' title='bbox 3495 1705 3814 1757; x_wconf 75' lang='lat' dir='ltr'><strong>avertantur</strong></span> 
     </span>
    </p>
   </div>
   <div class='ocr_carea' id='block_1_34' title="bbox 514 1788 2113 1868">
    <p class='ocr_par' dir='ltr' id='par_1_34' title="bbox 514 1788 2113 1868">
     <span class='ocr_line' id='line_1_34' title="bbox 514 1788 2113 1868; baseline 0.007 -25"><span class='ocrx_word' id='word_1_265' title='bbox 514 1788 840 1858; x_wconf 87' lang='lat' dir='ltr'><strong>computatis</strong></span> <span class='ocrx_word' id='word_1_266' title='bbox 883 1788 1075 1844; x_wconf 89' lang='lat' dir='ltr'><strong>litteris</strong></span> <span class='ocrx_word' id='word_1_267' title='bbox 1124 1788 1252 1843; x_wconf 79' lang='lat' dir='ltr'><strong>facit</strong></span> <span class='ocrx_word' id='word_1_268' title='bbox 1276 1789 1527 1846; x_wconf 89' lang='lat' dir='ltr'><strong>similiter</strong></span> <span class='ocrx_word' id='word_1_269' title='bbox 1553 1793 1796 1849; x_wconf 81' lang='lat' dir='ltr'><strong>sexcenti</strong></span> <span class='ocrx_word' id='word_1_270' title='bbox 1841 1797 2113 1868; x_wconf 81' lang='lat' dir='ltr'><strong>sexaginta</strong></span> 
     </span>
    </p>
   </div>
   <div class='ocr_carea' id='block_1_35' title="bbox 514 1878 2116 1958">
    <p class='ocr_par' dir='ltr' id='par_1_35' title="bbox 514 1878 2116 1958">
     <span class='ocr_line' id='line_1_35' title="bbox 514 1878 2116 1958; baseline 0.006 -23"><span class='ocrx_word' id='word_1_271' title='bbox 514 1893 632 1945; x_wconf 87' lang='lat' dir='ltr'><strong>sex,</strong></span> <span class='ocrx_word' id='word_1_272' title='bbox 666 1878 722 1935; x_wconf 89' lang='lat' dir='ltr'><strong>id</strong></span> <span class='ocrx_word' id='word_1_273' title='bbox 748 1888 831 1934; x_wconf 90' lang='lat' dir='ltr'><strong>est</strong></span> <span class='ocrx_word' id='word_1_274' title='bbox 854 1879 997 1950; x_wconf 92' lang='lat' dir='ltr'><strong>quod</strong></span> <span class='ocrx_word' id='word_1_275' title='bbox 1036 1894 1215 1950; x_wconf 66' lang='lat' dir='ltr'><strong>graece</strong></span> <span class='ocrx_word' id='word_1_276' title='bbox 1247 1890 1404 1936; x_wconf 83' lang='lat' dir='ltr'><strong>sonat</strong></span> <span class='ocrx_word' id='word_1_277' title='bbox 1430 1903 1599 1938; x_wconf 74' lang='grc' dir='ltr'>τειταν</span> <span class='ocrx_word' id='word_1_278' title='bbox 1620 1926 1635 1951; x_wconf 92' lang='grc'><strong><em>,</em></strong></span> <span class='ocrx_word' id='word_1_279' title='bbox 1670 1899 1863 1955; x_wconf 90' lang='lat' dir='ltr'><strong>nempe</strong></span> <span class='ocrx_word' id='word_1_280' title='bbox 1890 1886 1942 1941; x_wconf 89' lang='lat' dir='ltr'><strong>id</strong></span> <span class='ocrx_word' id='word_1_281' title='bbox 1972 1889 2116 1958; x_wconf 87' lang='lat' dir='ltr'><strong>quod</strong></span> 
     </span>
    </p>
   </div>
   <div class='ocr_carea' id='block_1_36' title="bbox 511 1971 2117 2051">
    <p class='ocr_par' dir='ltr' id='par_1_36' title="bbox 511 1971 2117 2051">
     <span class='ocr_line' id='line_1_36' title="bbox 511 1971 2117 2051; baseline 0.006 -23"><span class='ocrx_word' id='word_1_282' title='bbox 511 1973 681 2028; x_wconf 89' lang='lat' dir='ltr'><strong>latine</strong></span> <span class='ocrx_word' id='word_1_283' title='bbox 729 1971 925 2028; x_wconf 92' lang='lat' dir='ltr'><strong>dicitur</strong></span> <span class='ocrx_word' id='word_1_284' title='bbox 967 1988 1180 2040; x_wconf 73' lang='lat' dir='ltr'><strong>DICLVX,</strong></span> <span class='ocrx_word' id='word_1_285' title='bbox 1228 1989 1335 2044; x_wconf 93' lang='lat' dir='ltr'><strong>quo</strong></span> <span class='ocrx_word' id='word_1_286' title='bbox 1381 1975 1599 2032; x_wconf 85' lang='lat' dir='ltr'><strong>nomine</strong></span> <span class='ocrx_word' id='word_1_287' title='bbox 1645 1991 1741 2047; x_wconf 91' lang='lat' dir='ltr'><strong>per</strong></span> <span class='ocrx_word' id='word_1_288' title='bbox 1782 1979 2117 2051; x_wconf 86' lang='lat' dir='ltr'><strong>antiphrasin</strong></span> 
     </span>
    </p>
   </div>
   <div class='ocr_carea' id='block_1_37' title="bbox 515 2064 2118 2141">
    <p class='ocr_par' dir='ltr' id='par_1_37' title="bbox 515 2064 2118 2141">
     <span class='ocr_line' id='line_1_37' title="bbox 515 2064 2118 2141; baseline 0.007 -21"><span class='ocrx_word' id='word_1_289' title='bbox 515 2078 774 2135; x_wconf 90' lang='lat' dir='ltr'><strong>expresso</strong></span> <span class='ocrx_word' id='word_1_290' title='bbox 821 2064 1171 2136; x_wconf 77' lang='lat' dir='ltr'><strong>intelligimus</strong></span> <span class='ocrx_word' id='word_1_291' title='bbox 1211 2065 1619 2135; x_wconf 88' lang='lat' dir='ltr'><strong>antichristum,</strong></span> <span class='ocrx_word' id='word_1_292' title='bbox 1655 2071 1745 2141; x_wconf 93' lang='lat' dir='ltr'><strong>qui</strong></span> <span class='ocrx_word' id='word_1_293' title='bbox 1785 2086 1906 2126; x_wconf 90' lang='lat' dir='ltr'><strong>cum</strong></span> <span class='ocrx_word' id='word_1_294' title='bbox 1937 2090 1967 2128; x_wconf 86' lang='lat' dir='ltr'><strong>a</strong></span> <span class='ocrx_word' id='word_1_295' title='bbox 2000 2075 2118 2131; x_wconf 89' lang='lat' dir='ltr'><strong>luce</strong></span> 
     </span>
    </p>
   </div>
   <div class='ocr_carea' id='block_1_38' title="bbox 515 2158 2118 2234">
    <p class='ocr_par' dir='ltr' id='par_1_38' title="bbox 515 2158 2118 2234">
     <span class='ocr_line' id='line_1_38' title="bbox 515 2158 2118 2234; baseline 0.007 -21"><span class='ocrx_word' id='word_1_296' title='bbox 515 2172 748 2229; x_wconf 87' lang='lat' dir='ltr'><strong>superna</strong></span> <span class='ocrx_word' id='word_1_297' title='bbox 767 2158 1039 2215; x_wconf 86' lang='lat' dir='ltr'><strong>abscissus</strong></span> <span class='ocrx_word' id='word_1_298' title='bbox 1057 2159 1128 2213; x_wconf 90' lang='lat' dir='ltr'><strong>sit</strong></span> <span class='ocrx_word' id='word_1_299' title='bbox 1142 2166 1197 2214; x_wconf 91' lang='lat' dir='ltr'><strong>et</strong></span> <span class='ocrx_word' id='word_1_300' title='bbox 1213 2175 1276 2214; x_wconf 88' lang='lat' dir='ltr'><strong>ea</strong></span> <span class='ocrx_word' id='word_1_301' title='bbox 1296 2161 1557 2229; x_wconf 87' lang='lat' dir='ltr'><strong>privatus,</strong></span> <span class='ocrx_word' id='word_1_302' title='bbox 1575 2164 1919 2234; x_wconf 83' lang='lat' dir='ltr'><strong>transﬁgurat</strong></span> <span class='ocrx_word' id='word_1_303' title='bbox 1941 2176 2118 2225; x_wconf 90' lang='lat' dir='ltr'><strong>tamen</strong></span> 
     </span>
    </p>
   </div>
   <div class='ocr_carea' id='block_1_39' title="bbox 516 2252 2117 2323">
    <p class='ocr_par' dir='ltr' id='par_1_39' title="bbox 516 2252 2117 2323">
     <span class='ocr_line' id='line_1_39' title="bbox 516 2252 2117 2323; baseline 0.007 -15"><span class='ocrx_word' id='word_1_304' title='bbox 516 2267 577 2308; x_wconf 92' lang='lat' dir='ltr'><strong>se</strong></span> <span class='ocrx_word' id='word_1_305' title='bbox 604 2252 657 2307; x_wconf 91' lang='lat' dir='ltr'><strong>in</strong></span> <span class='ocrx_word' id='word_1_306' title='bbox 684 2253 934 2323; x_wconf 91' lang='lat' dir='ltr'><strong>angelum</strong></span> <span class='ocrx_word' id='word_1_307' title='bbox 960 2252 1117 2318; x_wconf 91' lang='lat' dir='ltr'><strong>lucis,</strong></span> <span class='ocrx_word' id='word_1_308' title='bbox 1147 2254 1355 2311; x_wconf 85' lang='lat' dir='ltr'><strong>audens</strong></span> <span class='ocrx_word' id='word_1_309' title='bbox 1390 2268 1512 2309; x_wconf 88' lang='lat' dir='ltr'><strong>sese</strong></span> <span class='ocrx_word' id='word_1_310' title='bbox 1547 2254 1728 2313; x_wconf 89' lang='lat' dir='ltr'><strong>dicere</strong></span> <span class='ocrx_word' id='word_1_311' title='bbox 1767 2258 1963 2315; x_wconf 92' lang='lat' dir='ltr'><strong>lucem.</strong></span> <span class='ocrx_word' id='word_1_312' title='bbox 1987 2261 2117 2319; x_wconf 86' lang='lat' dir='ltr'><strong>item</strong></span> 
     </span>
    </p>
   </div>
   <div class='ocr_carea' id='block_1_40' title="bbox 514 2343 2120 2423">
    <p class='ocr_par' dir='ltr' id='par_1_40' title="bbox 514 2343 2120 2423">
     <span class='ocr_line' id='line_1_40' title="bbox 514 2343 2120 2423; baseline 0.006 -24"><span class='ocrx_word' id='word_1_313' title='bbox 514 2344 822 2400; x_wconf 83' lang='lat' dir='ltr'><strong>invenimus</strong></span> <span class='ocrx_word' id='word_1_314' title='bbox 861 2344 914 2398; x_wconf 94' lang='lat' dir='ltr'><strong>in</strong></span> <span class='ocrx_word' id='word_1_315' title='bbox 950 2343 1183 2414; x_wconf 90' lang='lat' dir='ltr'><strong>quodam</strong></span> <span class='ocrx_word' id='word_1_316' title='bbox 1225 2345 1412 2401; x_wconf 88' lang='lat' dir='ltr'><strong>codice</strong></span> <span class='ocrx_word' id='word_1_317' title='bbox 1435 2361 1616 2417; x_wconf 83' lang='lat' dir='ltr'><strong>graeco</strong></span> <span class='ocrx_word' id='word_1_318' title='bbox 1645 2360 1859 2423; x_wconf 56' lang='lat' dir='ltr'><strong>«verpos</strong></span> <span class='ocrx_word' id='word_1_319' title='bbox 1884 2368 1898 2405; x_wconf 91' lang='lat'><strong>:</strong></span> <span class='ocrx_word' id='word_1_320' title='bbox 1926 2355 2120 2421; x_wconf 90' lang='lat' dir='ltr'><strong>quibus</strong></span> 
     </span>
    </p>
   </div>
   <div class='ocr_carea' id='block_1_41' title="bbox 517 2439 2122 2518">
    <p class='ocr_par' dir='ltr' id='par_1_41' title="bbox 517 2439 2122 2518">
     <span class='ocr_line' id='line_1_41' title="bbox 517 2439 2122 2518; baseline 0.007 -23"><span class='ocrx_word' id='word_1_321' title='bbox 517 2439 847 2511; x_wconf 89' lang='lat' dir='ltr'><strong>computatis</strong></span> <span class='ocrx_word' id='word_1_322' title='bbox 891 2439 1087 2494; x_wconf 88' lang='lat' dir='ltr'><strong>litteris</strong></span> <span class='ocrx_word' id='word_1_323' title='bbox 1132 2440 1377 2496; x_wconf 88' lang='lat' dir='ltr'><strong>invenies</strong></span> <span class='ocrx_word' id='word_1_324' title='bbox 1426 2457 1709 2498; x_wconf 91' lang='lat' dir='ltr'><strong>numerum</strong></span> <span class='ocrx_word' id='word_1_325' title='bbox 1758 2455 1815 2499; x_wconf 91' lang='lat' dir='ltr'><strong>ut</strong></span> <span class='ocrx_word' id='word_1_326' title='bbox 1862 2461 2060 2518; x_wconf 86' lang='lat' dir='ltr'><strong>supra,</strong></span> <span class='ocrx_word' id='word_1_327' title='bbox 2088 2475 2122 2507; x_wconf 86' lang='grc' dir='ltr'>α</span> 
     </span>
    </p>
   </div>
   <div class='ocr_carea' id='block_1_42' title="bbox 520 2530 2120 2613">
    <p class='ocr_par' dir='ltr' id='par_1_42' title="bbox 520 2530 2120 2613">
     <span class='ocr_line' id='line_1_42' title="bbox 520 2530 2120 2613; baseline 0.004 -28"><span class='ocrx_word' id='word_1_328' title='bbox 520 2546 685 2585; x_wconf 91' lang='lat' dir='ltr'><strong>unum</strong></span> <span class='ocrx_word' id='word_1_329' title='bbox 707 2572 723 2597; x_wconf 93' lang='lat'><strong>,</strong></span> <span class='ocrx_word' id='word_1_330' title='bbox 752 2554 778 2585; x_wconf 84' lang='grc' dir='ltr'><strong>ν</strong></span> <span class='ocrx_word' id='word_1_331' title='bbox 811 2530 1217 2602; x_wconf 85' lang='lat' dir='ltr'><strong>quinquaginta,</strong></span> <span class='ocrx_word' id='word_1_332' title='bbox 1247 2554 1278 2586; x_wconf 85' lang='grc' dir='ltr'>τ</span> <span class='ocrx_word' id='word_1_333' title='bbox 1309 2532 1564 2599; x_wconf 88' lang='lat' dir='ltr'><strong>trecenti,</strong></span> <span class='ocrx_word' id='word_1_334' title='bbox 1596 2555 1618 2589; x_wconf 83' lang='lat' dir='ltr'><strong>s</strong></span> <span class='ocrx_word' id='word_1_335' title='bbox 1649 2536 1903 2606; x_wconf 89' lang='lat' dir='ltr'><strong>quinque,</strong></span> <span class='ocrx_word' id='word_1_336' title='bbox 1928 2562 1967 2613; x_wconf 84' lang='grc' dir='ltr'><strong>μ.</strong></span> <span class='ocrx_word' id='word_1_337' title='bbox 1987 2555 2120 2613; x_wconf 57' lang='lat' dir='ltr'><strong>qua:-</strong></span> 
     </span>
    </p>
   </div>
   <div class='ocr_carea' id='block_1_43' title="bbox 519 2624 2121 2698">
    <p class='ocr_par' dir='ltr' id='par_1_43' title="bbox 519 2624 2121 2698">
     <span class='ocr_line' id='line_1_43' title="bbox 519 2624 2121 2698; baseline 0.006 -18"><span class='ocrx_word' id='word_1_338' title='bbox 519 2625 798 2696; x_wconf 85' lang='lat' dir='ltr'><strong>draginta,</strong></span> <span class='ocrx_word' id='word_1_339' title='bbox 831 2646 858 2679; x_wconf 92' lang='grc' dir='ltr'>ο</span> <span class='ocrx_word' id='word_1_340' title='bbox 888 2627 1263 2695; x_wconf 89' lang='lat' dir='ltr'><strong>septuaginta,</strong></span> <span class='ocrx_word' id='word_1_341' title='bbox 1308 2647 1334 2686; x_wconf 85' lang='grc' dir='ltr'><em>ς</em></span> <span class='ocrx_word' id='word_1_342' title='bbox 1363 2624 1617 2691; x_wconf 88' lang='lat' dir='ltr'><strong>ducenti;</strong></span> <span class='ocrx_word' id='word_1_343' title='bbox 1644 2643 1764 2698; x_wconf 62' lang='lat' dir='ltr'><strong>qua:</strong></span> <span class='ocrx_word' id='word_1_344' title='bbox 1807 2631 1969 2687; x_wconf 86' lang='lat' dir='ltr'><strong>simul</strong></span> <span class='ocrx_word' id='word_1_345' title='bbox 1995 2649 2121 2689; x_wconf 86' lang='lat' dir='ltr'><strong>sex-</strong></span> 
     </span>
    </p>
   </div>
   <div class='ocr_carea' id='block_1_44' title="bbox 520 2720 2121 2792">
    <p class='ocr_par' dir='ltr' id='par_1_44' title="bbox 520 2720 2121 2792">
     <span class='ocr_line' id='line_1_44' title="bbox 520 2720 2121 2792; baseline 0.004 -15"><span class='ocrx_word' id='word_1_346' title='bbox 520 2721 663 2777; x_wconf 90' lang='lat' dir='ltr'><strong>centi</strong></span> <span class='ocrx_word' id='word_1_347' title='bbox 703 2720 981 2791; x_wconf 83' lang='lat' dir='ltr'><strong>sexaginta</strong></span> <span class='ocrx_word' id='word_1_348' title='bbox 1021 2735 1116 2775; x_wconf 88' lang='lat' dir='ltr'><strong>sex</strong></span> <span class='ocrx_word' id='word_1_349' title='bbox 1156 2721 1452 2778; x_wconf 89' lang='lat' dir='ltr'><strong>secundum</strong></span> <span class='ocrx_word' id='word_1_350' title='bbox 1495 2738 1700 2792; x_wconf 63' lang='lat' dir='ltr'><strong>graecos</strong></span> <span class='ocrx_word' id='word_1_351' title='bbox 1740 2725 1961 2781; x_wconf 85' lang='lat' dir='ltr'><strong>faciunt.</strong></span> <span class='ocrx_word' id='word_1_352' title='bbox 1990 2727 2121 2783; x_wconf 84' lang='lat' dir='ltr'><strong>item</strong></span> 
     </span>
    </p>
   </div>
   <div class='ocr_carea' id='block_1_45' title="bbox 520 2813 2125 2888">
    <p class='ocr_par' dir='ltr' id='par_1_45' title="bbox 520 2813 2125 2888">
     <span class='ocr_line' id='line_1_45' title="bbox 520 2813 2125 2888; baseline 0.005 -20"><span class='ocrx_word' id='word_1_353' title='bbox 520 2813 665 2870; x_wconf 89' lang='lat' dir='ltr'><strong>aliud</strong></span> <span class='ocrx_word' id='word_1_354' title='bbox 698 2815 816 2886; x_wconf 85' lang='lat' dir='ltr'><strong>ejus</strong></span> <span class='ocrx_word' id='word_1_355' title='bbox 846 2829 1041 2870; x_wconf 87' lang='lat' dir='ltr'><strong>nomen</strong></span> <span class='ocrx_word' id='word_1_356' title='bbox 1070 2813 1286 2884; x_wconf 81' lang='lat' dir='ltr'><strong>gotliice</strong></span> <span class='ocrx_word' id='word_1_357' title='bbox 1311 2816 1452 2885; x_wconf 87' lang='lat' dir='ltr'><strong>quod</strong></span> <span class='ocrx_word' id='word_1_358' title='bbox 1476 2833 1573 2887; x_wconf 89' lang='lat' dir='ltr'><strong>per</strong></span> <span class='ocrx_word' id='word_1_359' title='bbox 1593 2833 1653 2872; x_wconf 89' lang='lat' dir='ltr'><strong>se</strong></span> <span class='ocrx_word' id='word_1_360' title='bbox 1676 2818 1919 2888; x_wconf 88' lang='lat' dir='ltr'><strong>liquebit,</strong></span> <span class='ocrx_word' id='word_1_361' title='bbox 1951 2820 2000 2875; x_wconf 91' lang='lat' dir='ltr'><strong>id</strong></span> <span class='ocrx_word' id='word_1_362' title='bbox 2042 2831 2125 2876; x_wconf 88' lang='lat' dir='ltr'><strong>est</strong></span> 
     </span>
    </p>
   </div>
   <div class='ocr_carea' id='block_1_46' title="bbox 519 2906 2125 2985">
    <p class='ocr_par' dir='ltr' id='par_1_46' title="bbox 519 2906 2125 2985">
     <span class='ocr_line' id='line_1_46' title="bbox 519 2906 2125 2985; baseline 0.006 -24"><span class='ocrx_word' id='word_1_363' title='bbox 519 2911 851 2984; x_wconf 71' lang='grc' dir='ltr'><strong>γενσήρικος,</strong></span> <span class='ocrx_word' id='word_1_364' title='bbox 875 2906 1017 2976; x_wconf 90' lang='lat' dir='ltr'><strong>quod</strong></span> <span class='ocrx_word' id='word_1_365' title='bbox 1055 2906 1245 2963; x_wconf 87' lang='lat' dir='ltr'><strong>eodem</strong></span> <span class='ocrx_word' id='word_1_366' title='bbox 1278 2910 1438 2963; x_wconf 90' lang='lat' dir='ltr'><strong>modo</strong></span> <span class='ocrx_word' id='word_1_367' title='bbox 1466 2912 1657 2981; x_wconf 67' lang='lat' dir='ltr'><strong>graecis</strong></span> <span class='ocrx_word' id='word_1_368' title='bbox 1687 2911 1879 2967; x_wconf 90' lang='lat' dir='ltr'><strong>litteris</strong></span> <span class='ocrx_word' id='word_1_369' title='bbox 1903 2928 2125 2985; x_wconf 86' lang='lat' dir='ltr'><strong>compu-</strong></span> 
     </span>
    </p>
   </div>
   <div class='ocr_carea' id='block_1_47' title="bbox 520 3000 2124 3074">
    <p class='ocr_par' dir='ltr' id='par_1_47' title="bbox 520 3000 2124 3074">
     <span class='ocr_line' id='line_1_47' title="bbox 520 3000 2124 3074; baseline 0.006 -22"><span class='ocrx_word' id='word_1_370' title='bbox 520 3000 683 3068; x_wconf 84' lang='lat' dir='ltr'><strong>tabis,</strong></span> <span class='ocrx_word' id='word_1_371' title='bbox 708 3023 742 3074; x_wconf 76' lang='grc' dir='ltr'><em>γ</em></span> <span class='ocrx_word' id='word_1_372' title='bbox 769 3010 900 3067; x_wconf 87' lang='lat' dir='ltr'><strong>tres,</strong></span> <span class='ocrx_word' id='word_1_373' title='bbox 932 3021 955 3054; x_wconf 82' lang='lat' dir='ltr'><strong>s</strong></span> <span class='ocrx_word' id='word_1_374' title='bbox 983 3000 1238 3071; x_wconf 85' lang='lat' dir='ltr'><strong>quinque,</strong></span> <span class='ocrx_word' id='word_1_375' title='bbox 1265 3025 1292 3055; x_wconf 80' lang='grc' dir='ltr'>ν</span> <span class='ocrx_word' id='word_1_376' title='bbox 1324 3003 1730 3073; x_wconf 83' lang='lat' dir='ltr'><strong>quinquaginta,</strong></span> <span class='ocrx_word' id='word_1_377' title='bbox 1757 3029 1792 3061; x_wconf 85' lang='grc' dir='ltr'><strong>σ</strong></span> <span class='ocrx_word' id='word_1_378' title='bbox 1818 3006 2066 3074; x_wconf 90' lang='lat' dir='ltr'><strong>ducenti,</strong></span> <span class='ocrx_word' id='word_1_379' title='bbox 2094 3031 2124 3068; x_wconf 89' lang='grc' dir='ltr'><strong>η</strong></span> 
     </span>
    </p>
   </div>
   <div class='ocr_carea' id='block_1_48' title="bbox 2218 1790 2503 1847">
    <p class='ocr_par' dir='ltr' id='par_1_48' title="bbox 2218 1790 2503 1847">
     <span class='ocr_line' id='line_1_48' title="bbox 2218 1790 2503 1847; baseline 0 -1"><span class='ocrx_word' id='word_1_380' title='bbox 2218 1791 2286 1846; x_wconf 88' lang='lat' dir='ltr'><strong>de</strong></span> <span class='ocrx_word' id='word_1_381' title='bbox 2311 1790 2503 1847; x_wconf 87' lang='lat' dir='ltr'><strong>salute.</strong></span> 
     </span>
    </p>
   </div>
   <div class='ocr_carea' id='block_1_49' title="bbox 2787 1920 3215 1962">
    <p class='ocr_par' dir='ltr' id='par_1_49' title="bbox 2787 1920 3215 1962">
     <span class='ocr_line' id='line_1_49' title="bbox 2787 1920 3215 1962; baseline -0.007 -1"><span class='ocrx_word' id='word_1_382' title='bbox 2787 1922 2854 1961; x_wconf 70' lang='lat' dir='ltr'><strong>EX</strong></span> <span class='ocrx_word' id='word_1_383' title='bbox 2884 1920 3076 1962; x_wconf 76' lang='lat' dir='ltr'><strong>CAPITB</strong></span> <span class='ocrx_word' id='word_1_384' title='bbox 3107 1920 3215 1960; x_wconf 74' lang='lat' dir='ltr'><strong>XIV.</strong></span> 
     </span>
    </p>
   </div>
   <div class='ocr_carea' id='block_1_50' title="bbox 2293 2044 3815 2118">
    <p class='ocr_par' dir='ltr' id='par_1_50' title="bbox 2293 2044 3815 2118">
     <span class='ocr_line' id='line_1_50' title="bbox 2293 2044 3815 2118; baseline 0 -17"><span class='ocrx_word' id='word_1_385' title='bbox 2293 2046 2343 2101; x_wconf 89' lang='lat'><strong>6.</strong></span> <span class='ocrx_word' id='word_1_386' title='bbox 2376 2045 2441 2099; x_wconf 86' lang='lat' dir='ltr'><strong>Et</strong></span> <span class='ocrx_word' id='word_1_387' title='bbox 2480 2046 2583 2101; x_wconf 82' lang='lat' dir='ltr'><strong>vidi</strong></span> <span class='ocrx_word' id='word_1_388' title='bbox 2624 2047 2862 2118; x_wconf 87' lang='lat' dir='ltr'><strong>angelum</strong></span> <span class='ocrx_word' id='word_1_389' title='bbox 2905 2046 3159 2101; x_wconf 83' lang='lat' dir='ltr'><strong>volantem</strong></span> <span class='ocrx_word' id='word_1_390' title='bbox 3205 2061 3295 2117; x_wconf 83' lang='lat' dir='ltr'><strong>per</strong></span> <span class='ocrx_word' id='word_1_391' title='bbox 3340 2044 3566 2101; x_wconf 89' lang='lat' dir='ltr'><strong>medium</strong></span> <span class='ocrx_word' id='word_1_392' title='bbox 3607 2047 3815 2101; x_wconf 74' lang='lat' dir='ltr'><strong>coelum.</strong></span> 
     </span>
    </p>
   </div>
   <div class='ocr_carea' id='block_1_51' title="bbox 2221 2137 3823 2210">
    <p class='ocr_par' dir='ltr' id='par_1_51' title="bbox 2221 2137 3823 2210">
     <span class='ocr_line' id='line_1_51' title="bbox 2221 2137 3823 2210; baseline 0.001 -17"><span class='ocrx_word' id='word_1_393' title='bbox 2221 2139 2485 2210; x_wconf 86' lang='lat' dir='ltr'><strong>Angelum</strong></span> <span class='ocrx_word' id='word_1_394' title='bbox 2515 2139 2781 2197; x_wconf 86' lang='lat' dir='ltr'><strong>volantem</strong></span> <span class='ocrx_word' id='word_1_395' title='bbox 2808 2154 2904 2210; x_wconf 89' lang='lat' dir='ltr'><strong>per</strong></span> <span class='ocrx_word' id='word_1_396' title='bbox 2925 2139 3157 2193; x_wconf 88' lang='lat' dir='ltr'><strong>medium</strong></span> <span class='ocrx_word' id='word_1_397' title='bbox 3184 2137 3402 2205; x_wconf 86' lang='lat' dir='ltr'><strong>coelum,</strong></span> <span class='ocrx_word' id='word_1_398' title='bbox 3428 2142 3586 2210; x_wconf 87' lang='lat' dir='ltr'><strong>quem</strong></span> <span class='ocrx_word' id='word_1_399' title='bbox 3607 2138 3735 2194; x_wconf 89' lang='lat' dir='ltr'><strong>dicit</strong></span> <span class='ocrx_word' id='word_1_400' title='bbox 3758 2153 3823 2194; x_wconf 86' lang='lat' dir='ltr'><strong>se</strong></span> 
     </span>
    </p>
   </div>
   <div class='ocr_carea' id='block_1_52' title="bbox 2222 2230 3818 2304">
    <p class='ocr_par' dir='ltr' id='par_1_52' title="bbox 2222 2230 3818 2304">
     <span class='ocr_line' id='line_1_52' title="bbox 2222 2230 3818 2304; baseline -0.001 -19"><span class='ocrx_word' id='word_1_401' title='bbox 2222 2233 2448 2302; x_wconf 84' lang='lat' dir='ltr'><strong>vidisse,</strong></span> <span class='ocrx_word' id='word_1_402' title='bbox 2475 2233 2587 2304; x_wconf 88' lang='lat' dir='ltr'><strong>jam</strong></span> <span class='ocrx_word' id='word_1_403' title='bbox 2626 2231 2873 2303; x_wconf 87' lang='lat' dir='ltr'><strong>superius</strong></span> <span class='ocrx_word' id='word_1_404' title='bbox 2920 2231 3269 2291; x_wconf 84' lang='lat' dir='ltr'><strong>tractavimus</strong></span> <span class='ocrx_word' id='word_1_405' title='bbox 3315 2230 3564 2286; x_wconf 90' lang='lat' dir='ltr'><strong>eumdem</strong></span> <span class='ocrx_word' id='word_1_406' title='bbox 3607 2230 3818 2288; x_wconf 87' lang='lat' dir='ltr'><strong>Heliam</strong></span> 
     </span>
    </p>
   </div>
   <div class='ocr_carea' id='block_1_53' title="bbox 2224 2322 3819 2405">
    <p class='ocr_par' dir='ltr' id='par_1_53' title="bbox 2224 2322 3819 2405">
     <span class='ocr_line' id='line_1_53' title="bbox 2224 2322 3819 2405; baseline -0.002 -25"><span class='ocrx_word' id='word_1_407' title='bbox 2224 2340 2372 2393; x_wconf 81' lang='lat' dir='ltr'><strong>esse,</strong></span> <span class='ocrx_word' id='word_1_408' title='bbox 2402 2327 2493 2397; x_wconf 88' lang='lat' dir='ltr'><strong>qui</strong></span> <span class='ocrx_word' id='word_1_409' title='bbox 2530 2325 2787 2396; x_wconf 85' lang='lat' dir='ltr'><strong>anticipat</strong></span> <span class='ocrx_word' id='word_1_410' title='bbox 2838 2323 3218 2397; x_wconf 72' lang='lat' dir='ltr'><strong>przcdicatione</strong></span> <span class='ocrx_word' id='word_1_411' title='bbox 3263 2339 3357 2379; x_wconf 91' lang='lat' dir='ltr'><strong>sua</strong></span> <span class='ocrx_word' id='word_1_412' title='bbox 3407 2338 3630 2405; x_wconf 82' lang='lat' dir='ltr'><strong>regnum</strong></span> <span class='ocrx_word' id='word_1_413' title='bbox 3660 2322 3819 2379; x_wconf 86' lang='lat' dir='ltr'><strong>Anti-</strong></span> 
     </span>
    </p>
   </div>
   <div class='ocr_carea' id='block_1_54' title="bbox 2224 2422 2434 2477">
    <p class='ocr_par' dir='ltr' id='par_1_54' title="bbox 2224 2422 2434 2477">
     <span class='ocr_line' id='line_1_54' title="bbox 2224 2422 2434 2477; baseline 0.005 -1"><span class='ocrx_word' id='word_1_414' title='bbox 2224 2422 2434 2477; x_wconf 90' lang='lat' dir='ltr'><strong>christi.</strong></span> 
     </span>
    </p>
   </div>
   <div class='ocr_carea' id='block_1_55' title="bbox 2297 2512 3820 2590">
    <p class='ocr_par' dir='ltr' id='par_1_55' title="bbox 2297 2512 3820 2590">
     <span class='ocr_line' id='line_1_55' title="bbox 2297 2512 3820 2590; baseline -0.005 -16"><span class='ocrx_word' id='word_1_415' title='bbox 2297 2518 2351 2574; x_wconf 91' lang='lat'><strong>8.</strong></span> <span class='ocrx_word' id='word_1_416' title='bbox 2394 2515 2462 2572; x_wconf 90' lang='lat' dir='ltr'><strong>Et</strong></span> <span class='ocrx_word' id='word_1_417' title='bbox 2508 2518 2641 2572; x_wconf 85' lang='lat' dir='ltr'><strong>alius</strong></span> <span class='ocrx_word' id='word_1_418' title='bbox 2685 2518 2897 2590; x_wconf 84' lang='lat' dir='ltr'><strong>angelus</strong></span> <span class='ocrx_word' id='word_1_419' title='bbox 2926 2532 3135 2585; x_wconf 83' lang='lat' dir='ltr'><strong>sequens</strong></span> <span class='ocrx_word' id='word_1_420' title='bbox 3161 2514 3329 2571; x_wconf 87' lang='lat' dir='ltr'><strong>illum.</strong></span> <span class='ocrx_word' id='word_1_421' title='bbox 3360 2513 3534 2575; x_wconf 89' lang='lat' dir='ltr'><strong>Alium</strong></span> <span class='ocrx_word' id='word_1_422' title='bbox 3564 2512 3820 2584; x_wconf 81' lang='lat' dir='ltr'><strong>angelum</strong></span> 
     </span>
    </p>
   </div>
   <div class='ocr_carea' id='block_1_56' title="bbox 2226 2605 3821 2682">
    <p class='ocr_par' dir='ltr' id='par_1_56' title="bbox 2226 2605 3821 2682">
     <span class='ocr_line' id='line_1_56' title="bbox 2226 2605 3821 2682; baseline -0.005 -15"><span class='ocrx_word' id='word_1_423' title='bbox 2226 2621 2557 2682; x_wconf 87' lang='lat' dir='ltr'><strong>sequentem,</strong></span> <span class='ocrx_word' id='word_1_424' title='bbox 2577 2608 2935 2680; x_wconf 90' lang='lat' dir='ltr'><strong>eumdemque</strong></span> <span class='ocrx_word' id='word_1_425' title='bbox 2955 2608 3206 2662; x_wconf 89' lang='lat' dir='ltr'><strong>comitem</strong></span> <span class='ocrx_word' id='word_1_426' title='bbox 3230 2605 3626 2679; x_wconf 61' lang='lat' dir='ltr'><strong>prccdicationis</strong></span> <span class='ocrx_word' id='word_1_427' title='bbox 3650 2605 3821 2677; x_wconf 84' lang='lat' dir='ltr'><strong>ipsius</strong></span> 
     </span>
    </p>
   </div>
   <div class='ocr_carea' id='block_1_57' title="bbox 2225 2701 3246 2776">
    <p class='ocr_par' dir='ltr' id='par_1_57' title="bbox 2225 2701 3246 2776">
     <span class='ocr_line' id='line_1_57' title="bbox 2225 2701 3246 2776; baseline -0.003 -18"><span class='ocrx_word' id='word_1_428' title='bbox 2225 2704 2356 2769; x_wconf 86' lang='lat' dir='ltr'><strong>dicit</strong></span> <span class='ocrx_word' id='word_1_429' title='bbox 2382 2703 2718 2776; x_wconf 88' lang='lat' dir='ltr'><strong>pr0phetam.</strong></span> <span class='ocrx_word' id='word_1_430' title='bbox 2753 2701 2902 2772; x_wconf 81' lang='lat' dir='ltr'><strong>Quod</strong></span> <span class='ocrx_word' id='word_1_431' title='bbox 2934 2709 3110 2756; x_wconf 89' lang='lat' dir='ltr'><strong>autem</strong></span> <span class='ocrx_word' id='word_1_432' title='bbox 3134 2701 3209 2755; x_wconf 88' lang='lat' dir='ltr'><strong>ait</strong></span> <span class='ocrx_word' id='word_1_433' title='bbox 3233 2719 3246 2755; x_wconf 91' lang='lat'>:</span> 
     </span>
    </p>
   </div>
   <div class='ocr_carea' id='block_1_58' title="bbox 2300 2793 3821 2866">
    <p class='ocr_par' dir='ltr' id='par_1_58' title="bbox 2300 2793 3821 2866">
     <span class='ocr_line' id='line_1_58' title="bbox 2300 2793 3821 2866; baseline -0.005 -14"><span class='ocrx_word' id='word_1_434' title='bbox 2300 2798 2388 2852; x_wconf 80' lang='lat' dir='ltr'><strong>i5.</strong></span> <span class='ocrx_word' id='word_1_435' title='bbox 2424 2796 2572 2852; x_wconf 82' lang='lat' dir='ltr'><strong>Mitte</strong></span> <span class='ocrx_word' id='word_1_436' title='bbox 2601 2797 2786 2866; x_wconf 80' lang='lat' dir='ltr'><strong>falcem</strong></span> <span class='ocrx_word' id='word_1_437' title='bbox 2828 2805 2967 2849; x_wconf 90' lang='lat' dir='ltr'><strong>tuam</strong></span> <span class='ocrx_word' id='word_1_438' title='bbox 3010 2804 3245 2862; x_wconf 89' lang='lat' dir='ltr'><strong>acutam,</strong></span> <span class='ocrx_word' id='word_1_439' title='bbox 3279 2804 3324 2847; x_wconf 93' lang='lat' dir='ltr'><strong>et</strong></span> <span class='ocrx_word' id='word_1_440' title='bbox 3368 2794 3621 2848; x_wconf 80' lang='lat' dir='ltr'><strong>vindemia</strong></span> <span class='ocrx_word' id='word_1_441' title='bbox 3652 2793 3821 2847; x_wconf 82' lang='lat' dir='ltr'><strong>botros</strong></span> 
     </span>
    </p>
   </div>
   <div class='ocr_carea' id='block_1_59' title="bbox 2226 2885 3820 2961">
    <p class='ocr_par' dir='ltr' id='par_1_59' title="bbox 2226 2885 3820 2961">
     <span class='ocr_line' id='line_1_59' title="bbox 2226 2885 3820 2961; baseline -0.003 -16"><span class='ocrx_word' id='word_1_442' title='bbox 2226 2891 2403 2945; x_wconf 75' lang='lat' dir='ltr'><strong>vincte.</strong></span> <span class='ocrx_word' id='word_1_443' title='bbox 2454 2890 2525 2944; x_wconf 91' lang='lat' dir='ltr'><strong>De</strong></span> <span class='ocrx_word' id='word_1_444' title='bbox 2568 2889 2819 2961; x_wconf 84' lang='lat' dir='ltr'><strong>gentibus</strong></span> <span class='ocrx_word' id='word_1_445' title='bbox 2864 2888 3113 2957; x_wconf 88' lang='lat' dir='ltr'><strong>perituris</strong></span> <span class='ocrx_word' id='word_1_446' title='bbox 3171 2886 3438 2957; x_wconf 82' lang='lat' dir='ltr'><strong>signiﬁcat</strong></span> <span class='ocrx_word' id='word_1_447' title='bbox 3488 2891 3537 2940; x_wconf 88' lang='lat' dir='ltr'><strong>in</strong></span> <span class='ocrx_word' id='word_1_448' title='bbox 3585 2885 3820 2940; x_wconf 87' lang='lat' dir='ltr'><strong>adventu</strong></span> 
     </span>
    </p>
   </div>
   <div class='ocr_carea' id='block_1_60' title="bbox 2229 2981 3822 3059">
    <p class='ocr_par' dir='ltr' id='par_1_60' title="bbox 2229 2981 3822 3059">
     <span class='ocr_line' id='line_1_60' title="bbox 2229 2981 3822 3059; baseline -0.003 -20"><span class='ocrx_word' id='word_1_449' title='bbox 2229 2985 2459 3047; x_wconf 86' lang='lat' dir='ltr'><strong>Domini.</strong></span> <span class='ocrx_word' id='word_1_450' title='bbox 2480 2986 2546 3043; x_wconf 87' lang='lat' dir='ltr'><strong>Et</strong></span> <span class='ocrx_word' id='word_1_451' title='bbox 2561 2984 2775 3059; x_wconf 89' lang='lat' dir='ltr'><strong>quidem</strong></span> <span class='ocrx_word' id='word_1_452' title='bbox 2801 2983 3041 3052; x_wconf 83' lang='lat' dir='ltr'><strong>pluribus</strong></span> <span class='ocrx_word' id='word_1_453' title='bbox 3062 2981 3345 3055; x_wconf 85' lang='lat' dir='ltr'><strong>speciebus</strong></span> <span class='ocrx_word' id='word_1_454' title='bbox 3365 2981 3469 3037; x_wconf 89' lang='lat' dir='ltr'><strong>hoc</strong></span> <span class='ocrx_word' id='word_1_455' title='bbox 3492 2982 3621 3038; x_wconf 89' lang='lat' dir='ltr'><strong>illud</strong></span> <span class='ocrx_word' id='word_1_456' title='bbox 3644 2992 3822 3037; x_wconf 90' lang='lat' dir='ltr'><strong>osten-</strong></span> 
     </span>
    </p>
   </div>
   <div class='ocr_carea' id='block_1_61' title="bbox 525 3073 3818 3171">
    <p class='ocr_par' dir='ltr' id='par_1_61' title="bbox 525 3073 3818 3171">
     <span class='ocr_line' id='line_1_61' title="bbox 525 3073 3818 3171; baseline -0 -42"><span class='ocrx_word' id='word_1_457' title='bbox 525 3103 671 3161; x_wconf 54' lang='grc' dir='ltr'><strong>σου),</strong></span> <span class='ocrx_word' id='word_1_458' title='bbox 697 3116 728 3170; x_wconf 69' lang='grc' dir='ltr'><strong><em>ρ</em></strong></span> <span class='ocrx_word' id='word_1_459' title='bbox 758 3104 993 3159; x_wconf 53' lang='lat' dir='ltr'><strong>centum,</strong></span> <span class='ocrx_word' id='word_1_460' title='bbox 1022 3117 1039 3148; x_wconf 70' lang='grc' dir='ltr'><strong>ι</strong></span> <span class='ocrx_word' id='word_1_461' title='bbox 1060 3094 1280 3162; x_wconf 55' lang='lat' dir='ltr'><strong>decem,</strong></span> <span class='ocrx_word' id='word_1_462' title='bbox 1322 3120 1352 3151; x_wconf 75' lang='grc' dir='ltr'><strong>κ</strong></span> <span class='ocrx_word' id='word_1_463' title='bbox 1379 3098 1578 3168; x_wconf 65' lang='lat' dir='ltr'><strong>vigemi</strong></span> <span class='ocrx_word' id='word_1_464' title='bbox 1601 3139 1615 3165; x_wconf 44' lang='grc' dir='ltr'><strong>ν</strong></span> <span class='ocrx_word' id='word_1_465' title='bbox 1641 3122 1666 3154; x_wconf 75' lang='grc' dir='ltr'>ο</span> <span class='ocrx_word' id='word_1_466' title='bbox 1695 3103 2067 3171; x_wconf 55' lang='grc' dir='ltr'><strong>εεριυθεεηιε,</strong></span> <span class='ocrx_word' id='word_1_467' title='bbox 2098 3126 2122 3163; x_wconf 69' lang='grc' dir='ltr'><em>ς</em></span> <span class='ocrx_word' id='word_1_468' title='bbox 2149 3096 2195 3160; x_wconf 75' lang='lat' dir='ltr'><strong>C</strong></span> <span class='ocrx_word' id='word_1_469' title='bbox 2229 3079 2324 3146; x_wconf 86' lang='lat' dir='ltr'><strong>dit,</strong></span> <span class='ocrx_word' id='word_1_470' title='bbox 2356 3080 2496 3135; x_wconf 87' lang='lat' dir='ltr'><strong>sicut</strong></span> <span class='ocrx_word' id='word_1_471' title='bbox 2527 3080 2577 3133; x_wconf 92' lang='lat' dir='ltr'><strong>in</strong></span> <span class='ocrx_word' id='word_1_472' title='bbox 2617 3093 2820 3133; x_wconf 85' lang='lat' dir='ltr'><strong>messes</strong></span> <span class='ocrx_word' id='word_1_473' title='bbox 2862 3076 3071 3141; x_wconf 88' lang='lat' dir='ltr'><strong>aridas,</strong></span> <span class='ocrx_word' id='word_1_474' title='bbox 3108 3086 3163 3131; x_wconf 88' lang='lat' dir='ltr'><strong>et</strong></span> <span class='ocrx_word' id='word_1_475' title='bbox 3206 3090 3397 3171; x_wconf 81' lang='lat' dir='ltr'><strong>semen</strong></span> <span class='ocrx_word' id='word_1_476' title='bbox 3438 3076 3489 3130; x_wconf 91' lang='lat' dir='ltr'><strong>in</strong></span> <span class='ocrx_word' id='word_1_477' title='bbox 3533 3073 3818 3129; x_wconf 82' lang='lat' dir='ltr'><strong>adventum</strong></span> 
     </span>
    </p>
   </div>
   <div class='ocr_carea' id='block_1_62' title="bbox 524 3186 2122 3258">
    <p class='ocr_par' dir='ltr' id='par_1_62' title="bbox 524 3186 2122 3258">
     <span class='ocr_line' id='line_1_62' title="bbox 524 3186 2122 3258; baseline 0.004 -17"><span class='ocrx_word' id='word_1_478' title='bbox 524 3186 653 3242; x_wconf 89' lang='lat' dir='ltr'><strong>item</strong></span> <span class='ocrx_word' id='word_1_479' title='bbox 685 3186 936 3252; x_wconf 88' lang='lat' dir='ltr'><strong>ducenti;</strong></span> <span class='ocrx_word' id='word_1_480' title='bbox 961 3201 1081 3258; x_wconf 73' lang='lat' dir='ltr'><strong>qua:</strong></span> <span class='ocrx_word' id='word_1_481' title='bbox 1108 3196 1165 3241; x_wconf 94' lang='lat' dir='ltr'><strong>ut</strong></span> <span class='ocrx_word' id='word_1_482' title='bbox 1193 3202 1350 3258; x_wconf 88' lang='lat' dir='ltr'><strong>supra</strong></span> <span class='ocrx_word' id='word_1_483' title='bbox 1380 3189 1580 3246; x_wconf 91' lang='lat' dir='ltr'><strong>dictum</strong></span> <span class='ocrx_word' id='word_1_484' title='bbox 1602 3200 1686 3247; x_wconf 87' lang='lat' dir='ltr'><strong>est</strong></span> <span class='ocrx_word' id='word_1_485' title='bbox 1710 3194 1948 3248; x_wconf 83' lang='lat' dir='ltr'><strong>sexcenti</strong></span> <span class='ocrx_word' id='word_1_486' title='bbox 1968 3208 2122 3249; x_wconf 84' lang='lat' dir='ltr'><strong>sexa-</strong></span> 
     </span>
    </p>
   </div>
   <div class='ocr_carea' id='block_1_63' title="bbox 516 3280 1021 3351">
    <p class='ocr_par' dir='ltr' id='par_1_63' title="bbox 516 3280 1021 3351">
     <span class='ocr_line' id='line_1_63' title="bbox 516 3280 1021 3351; baseline 0.002 -16"><span class='ocrx_word' id='word_1_487' title='bbox 516 3281 659 3351; x_wconf 86' lang='lat' dir='ltr'><strong>ginta</strong></span> <span class='ocrx_word' id='word_1_488' title='bbox 687 3296 780 3336; x_wconf 89' lang='lat' dir='ltr'><strong>sex</strong></span> <span class='ocrx_word' id='word_1_489' title='bbox 804 3280 1021 3337; x_wconf 83' lang='lat' dir='ltr'><strong>faciunt.</strong></span> 
     </span>
    </p>
   </div>
   <div class='ocr_carea' id='block_1_64' title="bbox 602 3372 2120 3434">
    <p class='ocr_par' dir='ltr' id='par_1_64' title="bbox 602 3372 2120 3434">
     <span class='ocr_line' id='line_1_64' title="bbox 602 3372 2120 3434; baseline 0.003 -6"><span class='ocrx_word' id='word_1_490' title='bbox 602 3373 688 3428; x_wconf 80' lang='grc' dir='ltr'><strong>Η.</strong></span> <span class='ocrx_word' id='word_1_491' title='bbox 729 3372 797 3426; x_wconf 86' lang='lat' dir='ltr'><strong>Et</strong></span> <span class='ocrx_word' id='word_1_492' title='bbox 822 3373 926 3426; x_wconf 84' lang='lat' dir='ltr'><strong>vidi</strong></span> <span class='ocrx_word' id='word_1_493' title='bbox 953 3375 1110 3429; x_wconf 88' lang='lat' dir='ltr'><strong>aliam</strong></span> <span class='ocrx_word' id='word_1_494' title='bbox 1133 3375 1342 3431; x_wconf 85' lang='lat' dir='ltr'><strong>bestiam</strong></span> <span class='ocrx_word' id='word_1_495' title='bbox 1366 3377 1721 3431; x_wconf 80' lang='lat' dir='ltr'><strong>ascendentem</strong></span> <span class='ocrx_word' id='word_1_496' title='bbox 1747 3377 1811 3431; x_wconf 86' lang='lat' dir='ltr'><strong>de</strong></span> <span class='ocrx_word' id='word_1_497' title='bbox 1832 3386 1986 3434; x_wconf 82' lang='lat' dir='ltr'><strong>terra.</strong></span> <span class='ocrx_word' id='word_1_498' title='bbox 2018 3379 2120 3432; x_wconf 79' lang='lat' dir='ltr'><strong>illa-</strong></span> 
     </span>
    </p>
   </div>
   <div class='ocr_carea' id='block_1_65' title="bbox 526 3464 2121 3537">
    <p class='ocr_par' dir='ltr' id='par_1_65' title="bbox 526 3464 2121 3537">
     <span class='ocr_line' id='line_1_65' title="bbox 526 3464 2121 3537; baseline 0.004 -17"><span class='ocrx_word' id='word_1_499' title='bbox 526 3480 690 3537; x_wconf 89' lang='lat' dir='ltr'><strong>gnum</strong></span> <span class='ocrx_word' id='word_1_500' title='bbox 738 3464 1037 3536; x_wconf 80' lang='lat' dir='ltr'><strong>lalsumqoe</strong></span> <span class='ocrx_word' id='word_1_501' title='bbox 1080 3466 1395 3536; x_wconf 86' lang='lat' dir='ltr'><strong>prophetam</strong></span> <span class='ocrx_word' id='word_1_502' title='bbox 1428 3467 1589 3531; x_wconf 84' lang='lat' dir='ltr'><strong>dicit,</strong></span> <span class='ocrx_word' id='word_1_503' title='bbox 1623 3467 1715 3537; x_wconf 88' lang='lat' dir='ltr'><strong>qui</strong></span> <span class='ocrx_word' id='word_1_504' title='bbox 1758 3467 1998 3524; x_wconf 77' lang='lat' dir='ltr'><strong>facturus</strong></span> <span class='ocrx_word' id='word_1_505' title='bbox 2037 3480 2121 3526; x_wconf 90' lang='lat' dir='ltr'><strong>est</strong></span> 
     </span>
    </p>
   </div>
   <div class='ocr_carea' id='block_1_66' title="bbox 523 3561 2118 3631">
    <p class='ocr_par' dir='ltr' id='par_1_66' title="bbox 523 3561 2118 3631">
     <span class='ocr_line' id='line_1_66' title="bbox 523 3561 2118 3631; baseline 0.003 -16"><span class='ocrx_word' id='word_1_506' title='bbox 523 3561 673 3630; x_wconf 83' lang='lat' dir='ltr'><strong>signa</strong></span> <span class='ocrx_word' id='word_1_507' title='bbox 697 3568 752 3614; x_wconf 92' lang='lat' dir='ltr'><strong>et</strong></span> <span class='ocrx_word' id='word_1_508' title='bbox 770 3568 1043 3630; x_wconf 88' lang='lat' dir='ltr'><strong>portenta,</strong></span> <span class='ocrx_word' id='word_1_509' title='bbox 1064 3569 1117 3615; x_wconf 91' lang='lat' dir='ltr'><strong>et</strong></span> <span class='ocrx_word' id='word_1_510' title='bbox 1133 3561 1409 3619; x_wconf 87' lang='lat' dir='ltr'><strong>mendacia</strong></span> <span class='ocrx_word' id='word_1_511' title='bbox 1435 3571 1561 3616; x_wconf 89' lang='lat' dir='ltr'><strong>ante</strong></span> <span class='ocrx_word' id='word_1_512' title='bbox 1583 3562 1729 3617; x_wconf 90' lang='lat' dir='ltr'><strong>illum</strong></span> <span class='ocrx_word' id='word_1_513' title='bbox 1752 3564 1805 3617; x_wconf 91' lang='lat' dir='ltr'><strong>in</strong></span> <span class='ocrx_word' id='word_1_514' title='bbox 1828 3575 2118 3631; x_wconf 89' lang='lat' dir='ltr'><strong>conspectu</strong></span> 
     </span>
    </p>
   </div>
   <div class='ocr_carea' id='block_1_67' title="bbox 524 3652 823 3708">
    <p class='ocr_par' dir='ltr' id='par_1_67' title="bbox 524 3652 823 3708">
     <span class='ocr_line' id='line_1_67' title="bbox 524 3652 823 3708; baseline 0 -2"><span class='ocrx_word' id='word_1_515' title='bbox 524 3652 823 3708; x_wconf 87' lang='lat' dir='ltr'><strong>hominum.</strong></span> 
     </span>
    </p>
   </div>
   <div class='ocr_carea' id='block_1_68' title="bbox 595 3744 2117 3822">
    <p class='ocr_par' dir='ltr' id='par_1_68' title="bbox 595 3744 2117 3822">
     <span class='ocr_line' id='line_1_68' title="bbox 595 3744 2117 3822; baseline 0.007 -25"><span class='ocrx_word' id='word_1_516' title='bbox 595 3744 662 3798; x_wconf 85' lang='lat' dir='ltr'><strong>Et</strong></span> <span class='ocrx_word' id='word_1_517' title='bbox 692 3745 906 3799; x_wconf 84' lang='lat' dir='ltr'><strong>habebat</strong></span> <span class='ocrx_word' id='word_1_518' title='bbox 944 3759 1137 3801; x_wconf 85' lang='lat' dir='ltr'><strong>cornua</strong></span> <span class='ocrx_word' id='word_1_519' title='bbox 1172 3747 1273 3801; x_wconf 88' lang='lat' dir='ltr'><strong>duo</strong></span> <span class='ocrx_word' id='word_1_520' title='bbox 1311 3746 1503 3802; x_wconf 89' lang='lat' dir='ltr'><strong>similia</strong></span> <span class='ocrx_word' id='word_1_521' title='bbox 1529 3765 1695 3821; x_wconf 87' lang='lat' dir='ltr'><strong>agno,</strong></span> <span class='ocrx_word' id='word_1_522' title='bbox 1720 3751 1776 3805; x_wconf 91' lang='lat' dir='ltr'><strong>id</strong></span> <span class='ocrx_word' id='word_1_523' title='bbox 1798 3761 1871 3807; x_wconf 83' lang='lat' dir='ltr'><strong>est</strong></span> <span class='ocrx_word' id='word_1_524' title='bbox 1900 3752 2117 3822; x_wconf 83' lang='lat' dir='ltr'><strong>speciem</strong></span> 
     </span>
    </p>
   </div>
   <div class='ocr_carea' id='block_1_69' title="bbox 521 3836 2119 3915">
    <p class='ocr_par' dir='ltr' id='par_1_69' title="bbox 521 3836 2119 3915">
     <span class='ocr_line' id='line_1_69' title="bbox 521 3836 2119 3915; baseline 0.008 -25"><span class='ocrx_word' id='word_1_525' title='bbox 521 3836 661 3891; x_wconf 89' lang='lat' dir='ltr'><strong>intus</strong></span> <span class='ocrx_word' id='word_1_526' title='bbox 701 3837 949 3903; x_wconf 75' lang='lat' dir='ltr'><strong>hominis,</strong></span> <span class='ocrx_word' id='word_1_527' title='bbox 996 3848 1040 3892; x_wconf 88' lang='lat' dir='ltr'><strong>et</strong></span> <span class='ocrx_word' id='word_1_528' title='bbox 1081 3839 1378 3909; x_wconf 84' lang='lat' dir='ltr'><strong>loquebatur</strong></span> <span class='ocrx_word' id='word_1_529' title='bbox 1429 3842 1575 3910; x_wconf 83' lang='lat' dir='ltr'><strong>quasi</strong></span> <span class='ocrx_word' id='word_1_530' title='bbox 1620 3842 1799 3899; x_wconf 85' lang='lat' dir='ltr'><strong>draco.</strong></span> <span class='ocrx_word' id='word_1_531' title='bbox 1855 3843 2119 3915; x_wconf 88' lang='lat' dir='ltr'><strong>Loquitur</strong></span> 
     </span>
    </p>
   </div>
   <div class='ocr_carea' id='block_1_70' title="bbox 522 3928 2117 4002">
    <p class='ocr_par' dir='ltr' id='par_1_70' title="bbox 522 3928 2117 4002">
     <span class='ocr_line' id='line_1_70' title="bbox 522 3928 2117 4002; baseline 0.005 -18"><span class='ocrx_word' id='word_1_532' title='bbox 522 3936 703 3985; x_wconf 88' lang='lat' dir='ltr'><strong>autem</strong></span> <span class='ocrx_word' id='word_1_533' title='bbox 750 3928 995 3985; x_wconf 87' lang='lat' dir='ltr'><strong>diabolus</strong></span> <span class='ocrx_word' id='word_1_534' title='bbox 1040 3930 1238 3986; x_wconf 88' lang='lat' dir='ltr'><strong>malitia</strong></span> <span class='ocrx_word' id='word_1_535' title='bbox 1281 3932 1506 4002; x_wconf 84' lang='lat' dir='ltr'><strong>plenus;</strong></span> <span class='ocrx_word' id='word_1_536' title='bbox 1548 3932 1663 3989; x_wconf 60' lang='lat' dir='ltr'><strong>haec</strong></span> <span class='ocrx_word' id='word_1_537' title='bbox 1706 3936 1848 3990; x_wconf 90' lang='lat' dir='ltr'><strong>enim</strong></span> <span class='ocrx_word' id='word_1_538' title='bbox 1880 3935 2117 3992; x_wconf 82' lang='lat' dir='ltr'><strong>facturus</strong></span> 
     </span>
    </p>
   </div>
   <div class='ocr_carea' id='block_1_71' title="bbox 526 4024 2118 4095">
    <p class='ocr_par' dir='ltr' id='par_1_71' title="bbox 526 4024 2118 4095">
     <span class='ocr_line' id='line_1_71' title="bbox 526 4024 2118 4095; baseline 0.004 -16"><span class='ocrx_word' id='word_1_539' title='bbox 526 4024 693 4079; x_wconf 89' lang='lat' dir='ltr'><strong>estin</strong></span> <span class='ocrx_word' id='word_1_540' title='bbox 724 4034 1019 4095; x_wconf 90' lang='lat' dir='ltr'><strong>conspectu</strong></span> <span class='ocrx_word' id='word_1_541' title='bbox 1060 4025 1370 4095; x_wconf 90' lang='lat' dir='ltr'><strong>hominum,</strong></span> <span class='ocrx_word' id='word_1_542' title='bbox 1403 4037 1460 4081; x_wconf 92' lang='lat' dir='ltr'><strong>ut</strong></span> <span class='ocrx_word' id='word_1_543' title='bbox 1502 4039 1556 4083; x_wconf 92' lang='lat' dir='ltr'><strong>et</strong></span> <span class='ocrx_word' id='word_1_544' title='bbox 1598 4030 1792 4084; x_wconf 90' lang='lat' dir='ltr'><strong>mortui</strong></span> <span class='ocrx_word' id='word_1_545' title='bbox 1839 4030 2118 4086; x_wconf 87' lang='lat' dir='ltr'><strong>videantur</strong></span> 
     </span>
    </p>
   </div>
   <div class='ocr_carea' id='block_1_72' title="bbox 522 4132 831 4191">
    <p class='ocr_par' dir='ltr' id='par_1_72' title="bbox 522 4132 831 4191">
     <span class='ocr_line' id='line_1_72' title="bbox 522 4132 831 4191; baseline 0.003 -18"><span class='ocrx_word' id='word_1_546' title='bbox 522 4132 831 4191; x_wconf 85' lang='lat' dir='ltr'><strong>resurgere.</strong></span> 
     </span>
    </p>
   </div>
   <div class='ocr_carea' id='block_1_73' title="bbox 595 4212 2117 4289">
    <p class='ocr_par' dir='ltr' id='par_1_73' title="bbox 595 4212 2117 4289">
     <span class='ocr_line' id='line_1_73' title="bbox 595 4212 2117 4289; baseline 0.005 -22"><span class='ocrx_word' id='word_1_547' title='bbox 595 4214 684 4268; x_wconf 76' lang='lat' dir='ltr'><strong>l5.</strong></span> <span class='ocrx_word' id='word_1_548' title='bbox 717 4212 785 4269; x_wconf 81' lang='lat' dir='ltr'><strong>Et</strong></span> <span class='ocrx_word' id='word_1_549' title='bbox 811 4214 982 4285; x_wconf 83' lang='lat' dir='ltr'><strong>ignem</strong></span> <span class='ocrx_word' id='word_1_550' title='bbox 1012 4214 1074 4268; x_wconf 88' lang='lat' dir='ltr'><strong>de</strong></span> <span class='ocrx_word' id='word_1_551' title='bbox 1103 4214 1228 4269; x_wconf 79' lang='lat' dir='ltr'><strong>ctelo</strong></span> <span class='ocrx_word' id='word_1_552' title='bbox 1257 4215 1560 4272; x_wconf 85' lang='lat' dir='ltr'><strong>descendere</strong></span> <span class='ocrx_word' id='word_1_553' title='bbox 1587 4217 1741 4289; x_wconf 76' lang='lat' dir='ltr'><strong>faciet</strong></span> <span class='ocrx_word' id='word_1_554' title='bbox 1764 4218 1818 4273; x_wconf 86' lang='lat' dir='ltr'><strong>in</strong></span> <span class='ocrx_word' id='word_1_555' title='bbox 1846 4229 2117 4289; x_wconf 81' lang='lat' dir='ltr'><strong>conspectu</strong></span> 
     </span>
    </p>
   </div>
   <div class='ocr_carea' id='block_1_74' title="bbox 523 4306 2112 4382">
    <p class='ocr_par' dir='ltr' id='par_1_74' title="bbox 523 4306 2112 4382">
     <span class='ocr_line' id='line_1_74' title="bbox 523 4306 2112 4382; baseline 0.006 -23"><span class='ocrx_word' id='word_1_556' title='bbox 523 4306 806 4363; x_wconf 84' lang='lat' dir='ltr'><strong>hominum.</strong></span> <span class='ocrx_word' id='word_1_557' title='bbox 837 4306 943 4362; x_wconf 89' lang='lat' dir='ltr'><strong>Sed</strong></span> <span class='ocrx_word' id='word_1_558' title='bbox 963 4306 1175 4376; x_wconf 87' lang='lat' dir='ltr'><strong>(utdixi</strong></span> <span class='ocrx_word' id='word_1_559' title='bbox 1198 4308 1390 4379; x_wconf 86' lang='lat' dir='ltr'><strong>etiam)</strong></span> <span class='ocrx_word' id='word_1_560' title='bbox 1418 4310 1470 4364; x_wconf 91' lang='lat' dir='ltr'><strong>in</strong></span> <span class='ocrx_word' id='word_1_561' title='bbox 1492 4320 1784 4382; x_wconf 90' lang='lat' dir='ltr'><strong>conspectu</strong></span> <span class='ocrx_word' id='word_1_562' title='bbox 1816 4314 2112 4369; x_wconf 88' lang='lat' dir='ltr'><strong>hominum.</strong></span> 
     </span>
    </p>
   </div>
   <div class='ocr_carea' id='block_1_75' title="bbox 517 4396 2111 4474">
    <p class='ocr_par' dir='ltr' id='par_1_75' title="bbox 517 4396 2111 4474">
     <span class='ocr_line' id='line_1_75' title="bbox 517 4396 2111 4474; baseline 0.008 -23"><span class='ocrx_word' id='word_1_563' title='bbox 517 4396 648 4453; x_wconf 67' lang='lat' dir='ltr'><strong>Haec</strong></span> <span class='ocrx_word' id='word_1_564' title='bbox 674 4398 809 4468; x_wconf 87' lang='lat' dir='ltr'><strong>magi</strong></span> <span class='ocrx_word' id='word_1_565' title='bbox 835 4413 931 4468; x_wconf 90' lang='lat' dir='ltr'><strong>per</strong></span> <span class='ocrx_word' id='word_1_566' title='bbox 951 4400 1171 4469; x_wconf 87' lang='lat' dir='ltr'><strong>angelos</strong></span> <span class='ocrx_word' id='word_1_567' title='bbox 1199 4399 1410 4471; x_wconf 83' lang='lat' dir='ltr'><strong>refugas</strong></span> <span class='ocrx_word' id='word_1_568' title='bbox 1434 4412 1488 4457; x_wconf 93' lang='lat' dir='ltr'><strong>et</strong></span> <span class='ocrx_word' id='word_1_569' title='bbox 1509 4419 1679 4474; x_wconf 89' lang='lat' dir='ltr'><strong>usque</strong></span> <span class='ocrx_word' id='word_1_570' title='bbox 1707 4404 1868 4461; x_wconf 88' lang='lat' dir='ltr'><strong>hodie</strong></span> <span class='ocrx_word' id='word_1_571' title='bbox 1892 4407 2111 4464; x_wconf 81' lang='lat' dir='ltr'><strong>iaciunt.</strong></span> 
     </span>
    </p>
   </div>
   <div class='ocr_carea' id='block_1_76' title="bbox 2226 3169 3818 3245">
    <p class='ocr_par' dir='ltr' id='par_1_76' title="bbox 2226 3169 3818 3245">
     <span class='ocr_line' id='line_1_76' title="bbox 2226 3169 3818 3245; baseline -0.005 -14"><span class='ocrx_word' id='word_1_572' title='bbox 2226 3175 2478 3239; x_wconf 87' lang='lat' dir='ltr'><strong>Domini,</strong></span> <span class='ocrx_word' id='word_1_573' title='bbox 2534 3181 2588 3229; x_wconf 90' lang='lat' dir='ltr'><strong>et</strong></span> <span class='ocrx_word' id='word_1_574' title='bbox 2642 3172 3163 3227; x_wconf 83' lang='lat' dir='ltr'><strong>consummationem</strong></span> <span class='ocrx_word' id='word_1_575' title='bbox 3219 3169 3442 3245; x_wconf 82' lang='lat' dir='ltr'><strong>mundi,</strong></span> <span class='ocrx_word' id='word_1_576' title='bbox 3492 3178 3547 3224; x_wconf 91' lang='lat' dir='ltr'><strong>et</strong></span> <span class='ocrx_word' id='word_1_577' title='bbox 3593 3184 3818 3240; x_wconf 88' lang='lat' dir='ltr'><strong>regnum</strong></span> 
     </span>
    </p>
   </div>
   <div class='ocr_carea' id='block_1_77' title="bbox 2222 3262 3709 3337">
    <p class='ocr_par' dir='ltr' id='par_1_77' title="bbox 2222 3262 3709 3337">
     <span class='ocr_line' id='line_1_77' title="bbox 2222 3262 3709 3337; baseline -0.008 -10"><span class='ocrx_word' id='word_1_578' title='bbox 2222 3270 2444 3337; x_wconf 75' lang='lat' dir='ltr'><strong>Christi,</strong></span> <span class='ocrx_word' id='word_1_579' title='bbox 2473 3279 2527 3323; x_wconf 90' lang='lat' dir='ltr'><strong>et</strong></span> <span class='ocrx_word' id='word_1_580' title='bbox 2552 3267 2941 3337; x_wconf 88' lang='lat' dir='ltr'><strong>apparitionem</strong></span> <span class='ocrx_word' id='word_1_581' title='bbox 2969 3264 3119 3336; x_wconf 85' lang='lat' dir='ltr'><strong>regni</strong></span> <span class='ocrx_word' id='word_1_582' title='bbox 3143 3265 3419 3319; x_wconf 85' lang='lat' dir='ltr'><strong>beatorum</strong></span> <span class='ocrx_word' id='word_1_583' title='bbox 3453 3262 3709 3318; x_wconf 80' lang='lat' dir='ltr'><strong>futuram.</strong></span> 
     </span>
    </p>
   </div>
   <div class='ocr_carea' id='block_1_78' title="bbox 2297 3357 3816 3430">
    <p class='ocr_par' dir='ltr' id='par_1_78' title="bbox 2297 3357 3816 3430">
     <span class='ocr_line' id='line_1_78' title="bbox 2297 3357 3816 3430; baseline -0.005 -13"><span class='ocrx_word' id='word_1_584' title='bbox 2297 3362 2384 3427; x_wconf 72' lang='grc'><strong>19,</strong></span> <span class='ocrx_word' id='word_1_585' title='bbox 2414 3360 2505 3415; x_wconf 76' lang='lat'><strong>‘20.</strong></span> <span class='ocrx_word' id='word_1_586' title='bbox 2537 3359 2604 3414; x_wconf 85' lang='lat' dir='ltr'><strong>Et</strong></span> <span class='ocrx_word' id='word_1_587' title='bbox 2631 3360 2765 3413; x_wconf 87' lang='lat' dir='ltr'><strong>misit</strong></span> <span class='ocrx_word' id='word_1_588' title='bbox 2795 3358 3006 3430; x_wconf 86' lang='lat' dir='ltr'><strong>angelus</strong></span> <span class='ocrx_word' id='word_1_589' title='bbox 3046 3358 3261 3430; x_wconf 74' lang='lat' dir='ltr'><strong>falcem,</strong></span> <span class='ocrx_word' id='word_1_590' title='bbox 3297 3367 3345 3410; x_wconf 88' lang='lat' dir='ltr'><strong>et</strong></span> <span class='ocrx_word' id='word_1_591' title='bbox 3380 3357 3701 3411; x_wconf 84' lang='lat' dir='ltr'><strong>vindentiavit</strong></span> <span class='ocrx_word' id='word_1_592' title='bbox 3742 3357 3816 3410; x_wconf 82' lang='lat' dir='ltr'><strong>vi-</strong></span> 
     </span>
    </p>
   </div>
   <div class='ocr_carea' id='block_1_79' title="bbox 2225 3450 3819 3522">
    <p class='ocr_par' dir='ltr' id='par_1_79' title="bbox 2225 3450 3819 3522">
     <span class='ocr_line' id='line_1_79' title="bbox 2225 3450 3819 3522; baseline -0.004 -11"><span class='ocrx_word' id='word_1_593' title='bbox 2225 3474 2369 3519; x_wconf 82' lang='lat' dir='ltr'><strong>neam</strong></span> <span class='ocrx_word' id='word_1_594' title='bbox 2414 3466 2589 3522; x_wconf 70' lang='lat' dir='ltr'><strong>terrm,</strong></span> <span class='ocrx_word' id='word_1_595' title='bbox 2620 3465 2665 3508; x_wconf 86' lang='lat' dir='ltr'><strong>et</strong></span> <span class='ocrx_word' id='word_1_596' title='bbox 2696 3454 2829 3507; x_wconf 84' lang='lat' dir='ltr'><strong>misit</strong></span> <span class='ocrx_word' id='word_1_597' title='bbox 2869 3454 2922 3506; x_wconf 86' lang='lat' dir='ltr'><strong>in</strong></span> <span class='ocrx_word' id='word_1_598' title='bbox 2965 3453 3192 3506; x_wconf 86' lang='lat' dir='ltr'><strong>torcular</strong></span> <span class='ocrx_word' id='word_1_599' title='bbox 3215 3454 3308 3507; x_wconf 72' lang='lat' dir='ltr'><strong>irae</strong></span> <span class='ocrx_word' id='word_1_600' title='bbox 3332 3450 3467 3506; x_wconf 86' lang='lat' dir='ltr'><strong>Dei:</strong></span> <span class='ocrx_word' id='word_1_601' title='bbox 3492 3462 3540 3505; x_wconf 88' lang='lat' dir='ltr'><strong>et</strong></span> <span class='ocrx_word' id='word_1_602' title='bbox 3566 3452 3819 3507; x_wconf 86' lang='lat' dir='ltr'><strong>calcatum</strong></span> 
     </span>
    </p>
   </div>
   <div class='ocr_carea' id='block_1_80' title="bbox 2223 3543 3817 3617">
    <p class='ocr_par' dir='ltr' id='par_1_80' title="bbox 2223 3543 3817 3617">
     <span class='ocr_line' id='line_1_80' title="bbox 2223 3543 3817 3617; baseline -0.004 -11"><span class='ocrx_word' id='word_1_603' title='bbox 2223 3560 2296 3606; x_wconf 82' lang='lat' dir='ltr'><strong>est</strong></span> <span class='ocrx_word' id='word_1_604' title='bbox 2318 3548 2542 3603; x_wconf 84' lang='lat' dir='ltr'><strong>torcular</strong></span> <span class='ocrx_word' id='word_1_605' title='bbox 2571 3548 2763 3617; x_wconf 80' lang='lat' dir='ltr'><strong>furoris</strong></span> <span class='ocrx_word' id='word_1_606' title='bbox 2786 3556 2928 3601; x_wconf 73' lang='lat' dir='ltr'><strong>extra</strong></span> <span class='ocrx_word' id='word_1_607' title='bbox 2953 3546 3225 3599; x_wconf 85' lang='lat' dir='ltr'><strong>civitatem.</strong></span> <span class='ocrx_word' id='word_1_608' title='bbox 3243 3544 3397 3612; x_wconf 85' lang='lat' dir='ltr'><strong>Quod</strong></span> <span class='ocrx_word' id='word_1_609' title='bbox 3423 3543 3572 3607; x_wconf 87' lang='lat' dir='ltr'><strong>dicit,</strong></span> <span class='ocrx_word' id='word_1_610' title='bbox 3593 3549 3817 3599; x_wconf 82' lang='lat' dir='ltr'><strong>missum</strong></span> 
     </span>
    </p>
   </div>
   <div class='ocr_carea' id='block_1_81' title="bbox 2221 3638 3817 3707">
    <p class='ocr_par' dir='ltr' id='par_1_81' title="bbox 2221 3638 3817 3707">
     <span class='ocr_line' id='line_1_81' title="bbox 2221 3638 3817 3707; baseline -0.003 -9"><span class='ocrx_word' id='word_1_611' title='bbox 2221 3645 2274 3699; x_wconf 92' lang='lat' dir='ltr'><strong>in</strong></span> <span class='ocrx_word' id='word_1_612' title='bbox 2300 3644 2532 3698; x_wconf 89' lang='lat' dir='ltr'><strong>torcular</strong></span> <span class='ocrx_word' id='word_1_613' title='bbox 2564 3643 2656 3697; x_wconf 65' lang='lat' dir='ltr'><strong>irae</strong></span> <span class='ocrx_word' id='word_1_614' title='bbox 2688 3642 2801 3707; x_wconf 89' lang='lat' dir='ltr'><strong>Dei,</strong></span> <span class='ocrx_word' id='word_1_615' title='bbox 2835 3650 2889 3696; x_wconf 91' lang='lat' dir='ltr'><strong>et</strong></span> <span class='ocrx_word' id='word_1_616' title='bbox 2916 3642 3176 3695; x_wconf 81' lang='lat' dir='ltr'><strong>calcatum</strong></span> <span class='ocrx_word' id='word_1_617' title='bbox 3205 3649 3355 3695; x_wconf 85' lang='lat' dir='ltr'><strong>extra</strong></span> <span class='ocrx_word' id='word_1_618' title='bbox 3378 3640 3682 3704; x_wconf 87' lang='lat' dir='ltr'><strong>civitatem;</strong></span> <span class='ocrx_word' id='word_1_619' title='bbox 3708 3638 3817 3694; x_wconf 85' lang='lat' dir='ltr'><strong>cal-</strong></span> 
     </span>
    </p>
   </div>
   <div class='ocr_carea' id='block_1_82' title="bbox 2222 3733 3454 3803">
    <p class='ocr_par' dir='ltr' id='par_1_82' title="bbox 2222 3733 3454 3803">
     <span class='ocr_line' id='line_1_82' title="bbox 2222 3733 3454 3803; baseline -0.006 -10"><span class='ocrx_word' id='word_1_620' title='bbox 2222 3738 2360 3793; x_wconf 84' lang='lat' dir='ltr'><strong>catio</strong></span> <span class='ocrx_word' id='word_1_621' title='bbox 2390 3736 2691 3797; x_wconf 86' lang='lat' dir='ltr'><strong>torcularis,</strong></span> <span class='ocrx_word' id='word_1_622' title='bbox 2722 3734 3001 3789; x_wconf 86' lang='lat' dir='ltr'><strong>retributio</strong></span> <span class='ocrx_word' id='word_1_623' title='bbox 3030 3743 3111 3790; x_wconf 89' lang='lat' dir='ltr'><strong>est</strong></span> <span class='ocrx_word' id='word_1_624' title='bbox 3138 3733 3454 3803; x_wconf 87' lang='lat' dir='ltr'><strong>peccatoris.</strong></span> 
     </span>
    </p>
   </div>
   <div class='ocr_carea' id='block_1_83' title="bbox 2293 3827 3817 3900">
    <p class='ocr_par' dir='ltr' id='par_1_83' title="bbox 2293 3827 3817 3900">
     <span class='ocr_line' id='line_1_83' title="bbox 2293 3827 3817 3900; baseline -0.003 -15"><span class='ocrx_word' id='word_1_625' title='bbox 2293 3830 2364 3885; x_wconf 85' lang='lat' dir='ltr'><strong>Et</strong></span> <span class='ocrx_word' id='word_1_626' title='bbox 2392 3831 2540 3885; x_wconf 72' lang='lat' dir='ltr'><strong>exivit</strong></span> <span class='ocrx_word' id='word_1_627' title='bbox 2575 3830 2781 3899; x_wconf 85' lang='lat' dir='ltr'><strong>sanguis</strong></span> <span class='ocrx_word' id='word_1_628' title='bbox 2811 3828 2874 3884; x_wconf 90' lang='lat' dir='ltr'><strong>de</strong></span> <span class='ocrx_word' id='word_1_629' title='bbox 2900 3827 3142 3883; x_wconf 86' lang='lat' dir='ltr'><strong>torculari</strong></span> <span class='ocrx_word' id='word_1_630' title='bbox 3172 3844 3327 3900; x_wconf 86' lang='lat' dir='ltr'><strong>usque</strong></span> <span class='ocrx_word' id='word_1_631' title='bbox 3366 3828 3432 3881; x_wconf 83' lang='lat' dir='ltr'><strong>ad</strong></span> <span class='ocrx_word' id='word_1_632' title='bbox 3465 3832 3637 3900; x_wconf 80' lang='lat' dir='ltr'><strong>frenos</strong></span> <span class='ocrx_word' id='word_1_633' title='bbox 3663 3843 3817 3899; x_wconf 87' lang='lat' dir='ltr'><strong>equo-</strong></span> 
     </span>
    </p>
   </div>
   <div class='ocr_carea' id='block_1_84' title="bbox 2219 3919 3817 3992">
    <p class='ocr_par' dir='ltr' id='par_1_84' title="bbox 2219 3919 3817 3992">
     <span class='ocr_line' id='line_1_84' title="bbox 2219 3919 3817 3992; baseline -0.001 -15"><span class='ocrx_word' id='word_1_634' title='bbox 2219 3940 2353 3977; x_wconf 87' lang='lat' dir='ltr'><strong>rum.</strong></span> <span class='ocrx_word' id='word_1_635' title='bbox 2386 3922 2541 3976; x_wconf 86' lang='lat' dir='ltr'><strong>Exict</strong></span> <span class='ocrx_word' id='word_1_636' title='bbox 2568 3923 2698 3976; x_wconf 90' lang='lat' dir='ltr'><strong>ultio</strong></span> <span class='ocrx_word' id='word_1_637' title='bbox 2724 3922 2997 3991; x_wconf 85' lang='lat' dir='ltr'><strong>sanguinis</strong></span> <span class='ocrx_word' id='word_1_638' title='bbox 3025 3919 3177 3975; x_wconf 83' lang='lat' dir='ltr'><strong>ell&#39;usi</strong></span> <span class='ocrx_word' id='word_1_639' title='bbox 3199 3964 3214 3987; x_wconf 90' lang='lat'><strong>,</strong></span> <span class='ocrx_word' id='word_1_640' title='bbox 3246 3924 3385 3975; x_wconf 88' lang='lat' dir='ltr'><strong>sicut</strong></span> <span class='ocrx_word' id='word_1_641' title='bbox 3422 3931 3547 3975; x_wconf 90' lang='lat' dir='ltr'><strong>ante</strong></span> <span class='ocrx_word' id='word_1_642' title='bbox 3592 3921 3817 3992; x_wconf 64' lang='lat' dir='ltr'><strong>praedic-</strong></span> 
     </span>
    </p>
   </div>
   <div class='ocr_carea' id='block_1_85' title="bbox 2224 4014 3816 4088">
    <p class='ocr_par' dir='ltr' id='par_1_85' title="bbox 2224 4014 3816 4088">
     <span class='ocr_line' id='line_1_85' title="bbox 2224 4014 3816 4088; baseline 0 -16"><span class='ocrx_word' id='word_1_643' title='bbox 2224 4026 2334 4072; x_wconf 91' lang='lat' dir='ltr'><strong>tum</strong></span> <span class='ocrx_word' id='word_1_644' title='bbox 2364 4027 2482 4072; x_wconf 89' lang='lat' dir='ltr'><strong>est:</strong></span> <span class='ocrx_word' id='word_1_645' title='bbox 2513 4014 2580 4069; x_wconf 89' lang='lat' dir='ltr'><strong>In</strong></span> <span class='ocrx_word' id='word_1_646' title='bbox 2611 4015 2859 4087; x_wconf 85' lang='lat' dir='ltr'><strong>sanguine</strong></span> <span class='ocrx_word' id='word_1_647' title='bbox 2891 4016 3138 4086; x_wconf 84' lang='lat' dir='ltr'><strong>peccasti,</strong></span> <span class='ocrx_word' id='word_1_648' title='bbox 3167 4025 3213 4070; x_wconf 90' lang='lat' dir='ltr'><strong>et</strong></span> <span class='ocrx_word' id='word_1_649' title='bbox 3242 4018 3449 4088; x_wconf 84' lang='lat' dir='ltr'><strong>sanguis</strong></span> <span class='ocrx_word' id='word_1_650' title='bbox 3479 4026 3526 4070; x_wconf 89' lang='lat' dir='ltr'><strong>te</strong></span> <span class='ocrx_word' id='word_1_651' title='bbox 3550 4032 3816 4085; x_wconf 82' lang='lat' dir='ltr'><strong>perseque-</strong></span> 
     </span>
    </p>
   </div>
   <div class='ocr_carea' id='block_1_86' title="bbox 2222 4107 2877 4185">
    <p class='ocr_par' dir='ltr' id='par_1_86' title="bbox 2222 4107 2877 4185">
     <span class='ocr_line' id='line_1_86' title="bbox 2222 4107 2877 4185; baseline -0.002 -22"><span class='ocrx_word' id='word_1_652' title='bbox 2222 4119 2305 4163; x_wconf 87' lang='lat' dir='ltr'><strong>tur</strong></span> <span class='ocrx_word' id='word_1_653' title='bbox 2330 4107 2581 4185; x_wconf 58' lang='grc' dir='ltr'><strong>(Επειδὴ.ν</strong></span> <span class='ocrx_word' id='word_1_654' title='bbox 2612 4125 2773 4177; x_wconf 80' lang='lat' dir='ltr'><strong>xxxv,</strong></span> <span class='ocrx_word' id='word_1_655' title='bbox 2799 4107 2877 4181; x_wconf 85' lang='lat'><strong>6).</strong></span> 
     </span>
    </p>
   </div>
   <div class='ocr_carea' id='block_1_87' title="bbox 2293 4201 3814 4272">
    <p class='ocr_par' dir='ltr' id='par_1_87' title="bbox 2293 4201 3814 4272">
     <span class='ocr_line' id='line_1_87' title="bbox 2293 4201 3814 4272; baseline 0.001 -15"><span class='ocrx_word' id='word_1_656' title='bbox 2293 4202 2396 4257; x_wconf 88' lang='lat' dir='ltr'><strong>Per</strong></span> <span class='ocrx_word' id='word_1_657' title='bbox 2420 4202 2585 4256; x_wconf 79' lang='lat' dir='ltr'><strong>stadia</strong></span> <span class='ocrx_word' id='word_1_658' title='bbox 2626 4202 2763 4256; x_wconf 84' lang='lat' dir='ltr'><strong>mille</strong></span> <span class='ocrx_word' id='word_1_659' title='bbox 2798 4212 3053 4257; x_wconf 74' lang='lat' dir='ltr'><strong>sexcenta.</strong></span> <span class='ocrx_word' id='word_1_660' title='bbox 3081 4201 3137 4257; x_wconf 91' lang='lat' dir='ltr'><strong>Id</strong></span> <span class='ocrx_word' id='word_1_661' title='bbox 3166 4212 3269 4271; x_wconf 91' lang='lat' dir='ltr'><strong>est,</strong></span> <span class='ocrx_word' id='word_1_662' title='bbox 3301 4218 3396 4272; x_wconf 88' lang='lat' dir='ltr'><strong>per</strong></span> <span class='ocrx_word' id='word_1_663' title='bbox 3420 4217 3610 4259; x_wconf 90' lang='lat' dir='ltr'><strong>omnes</strong></span> <span class='ocrx_word' id='word_1_664' title='bbox 3633 4203 3814 4259; x_wconf 89' lang='lat' dir='ltr'><strong>mundi</strong></span> 
     </span>
    </p>
   </div>
   <div class='ocr_carea' id='block_1_88' title="bbox 2218 4296 3811 4370">
    <p class='ocr_par' dir='ltr' id='par_1_88' title="bbox 2218 4296 3811 4370">
     <span class='ocr_line' id='line_1_88' title="bbox 2218 4296 3811 4370; baseline 0.002 -20"><span class='ocrx_word' id='word_1_665' title='bbox 2218 4307 2447 4370; x_wconf 76' lang='lat' dir='ltr'><strong>quatuor</strong></span> <span class='ocrx_word' id='word_1_666' title='bbox 2476 4304 2683 4365; x_wconf 87' lang='lat' dir='ltr'><strong>partes;</strong></span> <span class='ocrx_word' id='word_1_667' title='bbox 2716 4296 3042 4366; x_wconf 88' lang='lat' dir='ltr'><strong>quaternitas</strong></span> <span class='ocrx_word' id='word_1_668' title='bbox 3069 4297 3210 4351; x_wconf 89' lang='lat' dir='ltr'><strong>enim</strong></span> <span class='ocrx_word' id='word_1_669' title='bbox 3248 4304 3329 4351; x_wconf 90' lang='lat' dir='ltr'><strong>est</strong></span> <span class='ocrx_word' id='word_1_670' title='bbox 3364 4306 3811 4366; x_wconf 85' lang='lat' dir='ltr'><strong>conquatcrnata,</strong></span> 
     </span>
    </p>
   </div>
   <div class='ocr_carea' id='block_1_89' title="bbox 2219 4387 3812 4467">
    <p class='ocr_par' dir='ltr' id='par_1_89' title="bbox 2219 4387 3812 4467">
     <span class='ocr_line' id='line_1_89' title="bbox 2219 4387 3812 4467; baseline -0.001 -21"><span class='ocrx_word' id='word_1_671' title='bbox 2219 4393 2356 4447; x_wconf 88' lang='lat' dir='ltr'><strong>sicut</strong></span> <span class='ocrx_word' id='word_1_672' title='bbox 2397 4391 2448 4447; x_wconf 92' lang='lat' dir='ltr'><strong>in</strong></span> <span class='ocrx_word' id='word_1_673' title='bbox 2488 4399 2713 4461; x_wconf 89' lang='lat' dir='ltr'><strong>quatuor</strong></span> <span class='ocrx_word' id='word_1_674' title='bbox 2748 4388 2985 4444; x_wconf 70' lang='lat' dir='ltr'><strong>{aciebus</strong></span> <span class='ocrx_word' id='word_1_675' title='bbox 3009 4398 3063 4467; x_wconf 76' lang='lat' dir='ltr'><strong>et</strong></span> <span class='ocrx_word' id='word_1_676' title='bbox 3091 4387 3572 4459; x_wconf 81' lang='lat' dir='ltr'><strong>quadriformibus,</strong></span> <span class='ocrx_word' id='word_1_677' title='bbox 3602 4398 3656 4443; x_wconf 86' lang='lat' dir='ltr'><strong>et</strong></span> <span class='ocrx_word' id='word_1_678' title='bbox 3684 4389 3812 4445; x_wconf 90' lang='lat' dir='ltr'><strong>rotis</strong></span> 
     </span>
    </p>
   </div>
   <div class='ocr_carea' id='block_1_90' title="bbox 517 4481 2110 4571">
    <p class='ocr_par' dir='ltr' id='par_1_90' title="bbox 517 4490 2110 4571">
     <span class='ocr_line' id='line_1_90' title="bbox 517 4490 2110 4571; baseline 0.009 -26"><span class='ocrx_word' id='word_1_679' title='bbox 517 4490 708 4547; x_wconf 88' lang='lat' dir='ltr'><strong>Faciet</strong></span> <span class='ocrx_word' id='word_1_680' title='bbox 722 4502 776 4547; x_wconf 90' lang='lat' dir='ltr'><strong>et</strong></span> <span class='ocrx_word' id='word_1_681' title='bbox 798 4500 854 4547; x_wconf 89' lang='lat' dir='ltr'><strong>ut</strong></span> <span class='ocrx_word' id='word_1_682' title='bbox 879 4493 1052 4563; x_wconf 86' lang='lat' dir='ltr'><strong>imago</strong></span> <span class='ocrx_word' id='word_1_683' title='bbox 1079 4510 1239 4550; x_wconf 88' lang='lat' dir='ltr'><strong>aurea</strong></span> <span class='ocrx_word' id='word_1_684' title='bbox 1268 4496 1585 4553; x_wconf 81' lang='lat' dir='ltr'><strong>Antichristi</strong></span> <span class='ocrx_word' id='word_1_685' title='bbox 1614 4501 1668 4554; x_wconf 93' lang='lat' dir='ltr'><strong>in</strong></span> <span class='ocrx_word' id='word_1_686' title='bbox 1699 4502 1899 4571; x_wconf 86' lang='lat' dir='ltr'><strong>templo</strong></span> <span class='ocrx_word' id='word_1_687' title='bbox 1922 4503 2110 4561; x_wconf 87' lang='lat' dir='ltr'><strong>Hiero-</strong></span> 
     </span>
    </p>
   </div>
   <div class='ocr_carea' id='block_1_91' title="bbox 2226 4481 3812 4571">
    <p class='ocr_par' dir='ltr' id='par_1_91' title="bbox 2226 4481 3812 4567">
     <span class='ocr_line' id='line_1_91' title="bbox 2226 4481 3812 4567; baseline -0.004 -23"><span class='ocrx_word' id='word_1_688' title='bbox 2226 4484 2491 4567; x_wconf 76' lang='lat' dir='ltr'><strong>quadratis</strong></span> <span class='ocrx_word' id='word_1_689' title='bbox 2535 4500 2547 4536; x_wconf 93' lang='lat'><strong>:</strong></span> <span class='ocrx_word' id='word_1_690' title='bbox 2590 4492 2779 4559; x_wconf 87' lang='lat' dir='ltr'><strong>quater</strong></span> <span class='ocrx_word' id='word_1_691' title='bbox 2827 4482 2970 4538; x_wconf 90' lang='lat' dir='ltr'><strong>enim</strong></span> <span class='ocrx_word' id='word_1_692' title='bbox 3013 4481 3331 4553; x_wconf 84' lang='lat' dir='ltr'><strong>quadragies</strong></span> <span class='ocrx_word' id='word_1_693' title='bbox 3374 4481 3521 4536; x_wconf 87' lang='lat' dir='ltr'><strong>mille</strong></span> <span class='ocrx_word' id='word_1_694' title='bbox 3568 4483 3812 4538; x_wconf 87' lang='lat' dir='ltr'><strong>sexcenti</strong></span> 
     </span>
    </p>
   </div>
   <div class='ocr_carea' id='block_1_92' title="bbox 516 4589 2113 4670">
    <p class='ocr_par' dir='ltr' id='par_1_92' title="bbox 516 4589 2113 4670">
     <span class='ocr_line' id='line_1_92' title="bbox 516 4589 2113 4670; baseline 0.009 -26"><span class='ocrx_word' id='word_1_695' title='bbox 516 4589 740 4662; x_wconf 84' lang='lat' dir='ltr'><strong>solymis</strong></span> <span class='ocrx_word' id='word_1_696' title='bbox 768 4601 1017 4661; x_wconf 88' lang='lat' dir='ltr'><strong>ponatur.</strong></span> <span class='ocrx_word' id='word_1_697' title='bbox 1046 4590 1115 4646; x_wconf 90' lang='lat' dir='ltr'><strong>Et</strong></span> <span class='ocrx_word' id='word_1_698' title='bbox 1160 4591 1322 4648; x_wconf 89' lang='lat' dir='ltr'><strong>intret</strong></span> <span class='ocrx_word' id='word_1_699' title='bbox 1368 4594 1592 4663; x_wconf 88' lang='lat' dir='ltr'><strong>angelus</strong></span> <span class='ocrx_word' id='word_1_700' title='bbox 1632 4597 1846 4670; x_wconf 79' lang='lat' dir='ltr'><strong>refuga,</strong></span> <span class='ocrx_word' id='word_1_701' title='bbox 1888 4610 1943 4655; x_wconf 89' lang='lat' dir='ltr'><strong>et</strong></span> <span class='ocrx_word' id='word_1_702' title='bbox 1988 4603 2113 4659; x_wconf 91' lang='lat' dir='ltr'><strong>inde</strong></span> 
     </span>
    </p>
   </div>
   <div class='ocr_carea' id='block_1_93' title="bbox 514 4683 2111 4763">
    <p class='ocr_par' dir='ltr' id='par_1_93' title="bbox 514 4683 2111 4763">
     <span class='ocr_line' id='line_1_93' title="bbox 514 4683 2111 4763; baseline 0.013 -26"><span class='ocrx_word' id='word_1_703' title='bbox 514 4695 677 4738; x_wconf 89' lang='lat' dir='ltr'><strong>voces</strong></span> <span class='ocrx_word' id='word_1_704' title='bbox 702 4691 756 4739; x_wconf 81' lang='lat' dir='ltr'><strong>et</strong></span> <span class='ocrx_word' id='word_1_705' title='bbox 779 4690 954 4739; x_wconf 90' lang='lat' dir='ltr'><strong>sortes</strong></span> <span class='ocrx_word' id='word_1_706' title='bbox 979 4683 1168 4740; x_wconf 87' lang='lat' dir='ltr'><strong>reddat</strong></span> <span class='ocrx_word' id='word_1_707' title='bbox 1195 4703 1207 4738; x_wconf 92' lang='lat'>:</span> <span class='ocrx_word' id='word_1_708' title='bbox 1240 4684 1399 4741; x_wconf 81' lang='lat' dir='ltr'><strong>faciet</strong></span> <span class='ocrx_word' id='word_1_709' title='bbox 1420 4687 1582 4743; x_wconf 86' lang='lat' dir='ltr'><strong>etiam</strong></span> <span class='ocrx_word' id='word_1_710' title='bbox 1610 4686 1713 4744; x_wconf 89' lang='lat' dir='ltr'><strong>hoc</strong></span> <span class='ocrx_word' id='word_1_711' title='bbox 1734 4690 1870 4763; x_wconf 85' lang='lat' dir='ltr'><strong>ipse,</strong></span> <span class='ocrx_word' id='word_1_712' title='bbox 1896 4707 1949 4753; x_wconf 94' lang='lat' dir='ltr'><strong>ut</strong></span> <span class='ocrx_word' id='word_1_713' title='bbox 1971 4702 2111 4758; x_wconf 89' lang='lat' dir='ltr'><strong>acci-</strong></span> 
     </span>
    </p>
   </div>
   <div class='ocr_carea' id='block_1_94' title="bbox 2220 4576 3810 4651">
    <p class='ocr_par' dir='ltr' id='par_1_94' title="bbox 2220 4576 3810 4651">
     <span class='ocr_line' id='line_1_94' title="bbox 2220 4576 3810 4651; baseline -0.006 -9"><span class='ocrx_word' id='word_1_714' title='bbox 2220 4594 2364 4643; x_wconf 90' lang='lat' dir='ltr'><strong>sunt.</strong></span> <span class='ocrx_word' id='word_1_715' title='bbox 2407 4581 2663 4643; x_wconf 85' lang='lat' dir='ltr'><strong>Eamdem</strong></span> <span class='ocrx_word' id='word_1_716' title='bbox 2705 4588 2951 4649; x_wconf 89' lang='lat' dir='ltr'><strong>repetens</strong></span> <span class='ocrx_word' id='word_1_717' title='bbox 3000 4576 3423 4647; x_wconf 83' lang='lat' dir='ltr'><strong>persecutionem</strong></span> <span class='ocrx_word' id='word_1_718' title='bbox 3464 4577 3810 4651; x_wconf 84' lang='lat' dir='ltr'><strong>Apocalypsis</strong></span> 
     </span>
    </p>
   </div>
   <div class='ocr_carea' id='block_1_95' title="bbox 2214 4682 2359 4737">
    <p class='ocr_par' dir='ltr' id='par_1_95' title="bbox 2214 4682 2359 4737">
     <span class='ocr_line' id='line_1_95' title="bbox 2214 4682 2359 4737; baseline -0.021 0"><span class='ocrx_word' id='word_1_719' title='bbox 2214 4682 2359 4737; x_wconf 91' lang='lat' dir='ltr'><strong>dicit.</strong></span> 
     </span>
    </p>
   </div>
   <div class='ocr_carea' id='block_1_96' title="bbox 1586 4814 2434 4884">
    <p class='ocr_par' dir='ltr' id='par_1_96' title="bbox 1586 4814 2434 4884">
     <span class='ocr_line' id='line_1_96' title="bbox 1586 4814 2434 4884; baseline -0.002 -9"><span class='ocrx_word' id='word_1_720' title='bbox 1586 4840 1623 4875; x_wconf 68' lang='lat' dir='ltr'><strong>e</strong></span> <span class='ocrx_word' id='word_1_721' title='bbox 1877 4814 2434 4884; x_wconf 83' lang='lat' dir='ltr'><strong>COMMENTARIUS.</strong></span> 
     </span>
    </p>
   </div>
   <div class='ocr_carea' id='block_1_97' title="bbox 588 4941 2102 5026">
    <p class='ocr_par' dir='ltr' id='par_1_97' title="bbox 588 4941 2102 5026">
     <span class='ocr_line' id='line_1_97' title="bbox 588 4941 2102 5026; baseline 0.011 -28"><span class='ocrx_word' id='word_1_722' title='bbox 588 4943 670 5017; x_wconf 84' lang='lat' dir='ltr'><strong>(l)</strong></span> <span class='ocrx_word' id='word_1_723' title='bbox 687 4952 921 5026; x_wconf 58' lang='lat' dir='ltr'><strong>utrm.</strong></span> <span class='ocrx_word' id='word_1_724' title='bbox 939 4941 1180 5026; x_wconf 45' lang='lat' dir='ltr'><strong>lmita_tuﬂtr</strong></span> <span class='ocrx_word' id='word_1_725' title='bbox 1327 4944 1633 5026; x_wconf 78' lang='lat' dir='ltr'><strong>Victorinus</strong></span> <span class='ocrx_word' id='word_1_726' title='bbox 1646 4952 2102 5026; x_wconf 12' lang='lat' dir='ltr'><strong>lrenﬁmum,contr.</strong></span> 
     </span>
    </p>
   </div>
   <div class='ocr_carea' id='block_1_98' title="bbox 518 5014 2102 5103">
    <p class='ocr_par' dir='ltr' id='par_1_98' title="bbox 518 5014 2102 5103">
     <span class='ocr_line' id='line_1_98' title="bbox 518 5014 2102 5103; baseline 0.011 -33"><span class='ocrx_word' id='word_1_727' title='bbox 518 5014 745 5103; x_wconf 39' lang='lat' dir='ltr'><strong>ﬂueres.”</strong></span> <span class='ocrx_word' id='word_1_728' title='bbox 775 5017 893 5103; x_wconf 64' lang='lat' dir='ltr'><strong>lib.,</strong></span> <span class='ocrx_word' id='word_1_729' title='bbox 922 5031 974 5078; x_wconf 89' lang='lat' dir='ltr'><strong>v,</strong></span> <span class='ocrx_word' id='word_1_730' title='bbox 1001 5014 1165 5103; x_wconf 45' lang='grc' dir='ltr'><strong>θέο,</strong></span> <span class='ocrx_word' id='word_1_731' title='bbox 1195 5014 1298 5103; x_wconf 55' lang='grc' dir='ltr'><strong>ἐξ.</strong></span> <span class='ocrx_word' id='word_1_732' title='bbox 1331 5020 1509 5103; x_wconf 64' lang='lat' dir='ltr'><strong>veLsi</strong></span> <span class='ocrx_word' id='word_1_733' title='bbox 1538 5024 1724 5103; x_wconf 72' lang='lat' dir='ltr'><strong>mavis,</strong></span> <span class='ocrx_word' id='word_1_734' title='bbox 1756 5014 2102 5103; x_wconf 76' lang='lat' dir='ltr'><strong>Hippolytum</strong></span> 
     </span>
    </p>
   </div>
   <div class='ocr_carea' id='block_1_99' title="bbox 517 5085 2098 5166">
    <p class='ocr_par' dir='ltr' id='par_1_99' title="bbox 517 5085 2098 5166">
     <span class='ocr_line' id='line_1_99' title="bbox 517 5085 2098 5166; baseline 0.015 -29"><span class='ocrx_word' id='word_1_735' title='bbox 517 5090 635 5166; x_wconf 58' lang='lat' dir='ltr'><strong>gius</strong></span> <span class='ocrx_word' id='word_1_736' title='bbox 661 5088 1002 5166; x_wconf 81' lang='lat' dir='ltr'><strong>discipulum,</strong></span> <span class='ocrx_word' id='word_1_737' title='bbox 1037 5085 1421 5166; x_wconf 72' lang='lat' dir='ltr'><strong>D_emoirstr._de_</strong></span> <span class='ocrx_word' id='word_1_738' title='bbox 1447 5091 1571 5146; x_wconf 82' lang='lat' dir='ltr'><strong>Chr.</strong></span> <span class='ocrx_word' id='word_1_739' title='bbox 1600 5105 1646 5147; x_wconf 88' lang='lat' dir='ltr'><strong>et</strong></span> <span class='ocrx_word' id='word_1_740' title='bbox 1681 5085 2098 5166; x_wconf 45' lang='grc' dir='ltr'><strong>Ᾱηιὶἐνιὲηδοζιξξ</strong></span> 
     </span>
    </p>
   </div>
   <div class='ocr_carea' id='block_1_100' title="bbox 566 5159 2099 5247">
    <p class='ocr_par' dir='ltr' id='par_1_100' title="bbox 566 5159 2099 5247">
     <span class='ocr_line' id='line_1_100' title="bbox 566 5159 2099 5247; baseline 0.011 -33"><span class='ocrx_word' id='word_1_741' title='bbox 566 5159 726 5247; x_wconf 76' lang='lat' dir='ltr'><strong>idesis</strong></span> <span class='ocrx_word' id='word_1_742' title='bbox 740 5159 1354 5247; x_wconf 16' lang='lat' dir='ltr'><strong>q&#39;t‘taelantiotabamus‘ad</strong></span> <span class='ocrx_word' id='word_1_743' title='bbox 1375 5162 1591 5247; x_wconf 57' lang='lat' dir='ltr'><strong>citatum</strong></span> <span class='ocrx_word' id='word_1_744' title='bbox 1611 5167 1784 5247; x_wconf 72' lang='lat' dir='ltr'><strong>locum</strong></span> <span class='ocrx_word' id='word_1_745' title='bbox 1811 5159 2099 5247; x_wconf 71' lang='lat' dir='ltr'><strong>Hippolyti,</strong></span> 
     </span>
    </p>
   </div>
   <div class='ocr_carea' id='block_1_101' title="bbox 514 5229 2097 5314">
    <p class='ocr_par' dir='ltr' id='par_1_101' title="bbox 514 5229 2097 5314">
     <span class='ocr_line' id='line_1_101' title="bbox 514 5229 2097 5314; baseline 0.01 -29"><span class='ocrx_word' id='word_1_746' title='bbox 514 5241 648 5286; x_wconf 89' lang='lat' dir='ltr'><strong>tom.</strong></span> <span class='ocrx_word' id='word_1_747' title='bbox 684 5245 719 5283; x_wconf 84' lang='grc' dir='ltr'><strong>ιι</strong></span> <span class='ocrx_word' id='word_1_748' title='bbox 765 5229 899 5284; x_wconf 82' lang='lat' dir='ltr'><strong>Bibl.</strong></span> <span class='ocrx_word' id='word_1_749' title='bbox 939 5230 1191 5314; x_wconf 43' lang='lat' dir='ltr'><strong>fagum:</strong></span> <span class='ocrx_word' id='word_1_750' title='bbox 1220 5231 1513 5314; x_wconf 46' lang='lat' dir='ltr'><strong>pag..455_.</strong></span> <span class='ocrx_word' id='word_1_751' title='bbox 1555 5236 1635 5291; x_wconf 83' lang='lat' dir='ltr'><strong>Ad</strong></span> <span class='ocrx_word' id='word_1_752' title='bbox 1679 5229 2097 5314; x_wconf 68' lang='lat' dir='ltr'><strong>subsequentem</strong></span> 
     </span>
    </p>
   </div>
   <div class='ocr_carea' id='block_1_102' title="bbox 514 5299 2095 5387">
    <p class='ocr_par' dir='ltr' id='par_1_102' title="bbox 514 5299 2095 5387">
     <span class='ocr_line' id='line_1_102' title="bbox 514 5299 2095 5387; baseline 0.011 -30"><span class='ocrx_word' id='word_1_753' title='bbox 514 5314 694 5357; x_wconf 88' lang='lat' dir='ltr'><strong>autem</strong></span> <span class='ocrx_word' id='word_1_754' title='bbox 720 5299 1184 5387; x_wconf 14' lang='lat' dir='ltr'><strong>vocemEDICLVAX</strong></span> <span class='ocrx_word' id='word_1_755' title='bbox 1223 5299 1366 5387; x_wconf 69' lang='lat' dir='ltr'><strong>quod</strong></span> <span class='ocrx_word' id='word_1_756' title='bbox 1400 5306 1618 5387; x_wconf 69' lang='lat' dir='ltr'><strong>attinet,</strong></span> <span class='ocrx_word' id='word_1_757' title='bbox 1646 5311 1733 5387; x_wconf 76' lang='lat' dir='ltr'><strong>vix</strong></span> <span class='ocrx_word' id='word_1_758' title='bbox 1758 5299 1944 5387; x_wconf 62' lang='lat' dir='ltr'><strong>dubito</strong></span> <span class='ocrx_word' id='word_1_759' title='bbox 1969 5299 2095 5387; x_wconf 76' lang='lat' dir='ltr'><strong>quin</strong></span> 
     </span>
    </p>
   </div>
   <div class='ocr_carea' id='block_1_103' title="bbox 513 5370 2093 5446">
    <p class='ocr_par' dir='ltr' id='par_1_103' title="bbox 513 5370 2093 5446">
     <span class='ocr_line' id='line_1_103' title="bbox 513 5370 2093 5446; baseline 0.012 -19"><span class='ocrx_word' id='word_1_760' title='bbox 513 5389 635 5446; x_wconf 86' lang='lat' dir='ltr'><strong>cam</strong></span> <span class='ocrx_word' id='word_1_761' title='bbox 659 5370 953 5446; x_wconf 67' lang='lat' dir='ltr'><strong>sumpserit</strong></span> <span class='ocrx_word' id='word_1_762' title='bbox 972 5390 1000 5422; x_wconf 73' lang='grc' dir='ltr'>ει</span> <span class='ocrx_word' id='word_1_763' title='bbox 1032 5385 1215 5430; x_wconf 90' lang='lat' dir='ltr'><strong>nostro</strong></span> <span class='ocrx_word' id='word_1_764' title='bbox 1248 5370 1521 5431; x_wconf 79' lang='lat' dir='ltr'><strong>Victorino</strong></span> <span class='ocrx_word' id='word_1_765' title='bbox 1535 5377 1785 5437; x_wconf 86' lang='lat' dir='ltr'><strong>Nicolaus</strong></span> <span class='ocrx_word' id='word_1_766' title='bbox 1802 5370 2093 5446; x_wconf 65' lang='lat' dir='ltr'><strong>Lirantisin</strong></span> 
     </span>
    </p>
   </div>
   <div class='ocr_carea' id='block_1_104' title="bbox 512 5442 2095 5521">
    <p class='ocr_par' dir='ltr' id='par_1_104' title="bbox 512 5442 2095 5521">
     <span class='ocr_line' id='line_1_104' title="bbox 512 5442 2095 5521; baseline 0.011 -22"><span class='ocrx_word' id='word_1_767' title='bbox 512 5444 626 5521; x_wconf 85' lang='lat' dir='ltr'><strong>suis</strong></span> <span class='ocrx_word' id='word_1_768' title='bbox 649 5442 854 5521; x_wconf 77' lang='lat' dir='ltr'><strong>P_ostill_.</strong></span> <span class='ocrx_word' id='word_1_769' title='bbox 882 5453 1070 5521; x_wconf 83' lang='lat' dir='ltr'><strong>perpet.</strong></span> <span class='ocrx_word' id='word_1_770' title='bbox 1100 5446 1166 5501; x_wconf 91' lang='lat' dir='ltr'><strong>ad</strong></span> <span class='ocrx_word' id='word_1_771' title='bbox 1189 5448 1381 5521; x_wconf 57' lang='lat' dir='ltr'><strong>Apoc,</strong></span> <span class='ocrx_word' id='word_1_772' title='bbox 1405 5463 1518 5515; x_wconf 86' lang='lat' dir='ltr'><strong>xm,</strong></span> <span class='ocrx_word' id='word_1_773' title='bbox 1545 5449 1634 5506; x_wconf 80' lang='grc'><strong>18.</strong></span> <span class='ocrx_word' id='word_1_774' title='bbox 1656 5452 1769 5521; x_wconf 83' lang='lat' dir='ltr'><strong>Qua</strong></span> <span class='ocrx_word' id='word_1_775' title='bbox 1796 5457 1862 5511; x_wconf 88' lang='lat' dir='ltr'><strong>de</strong></span> <span class='ocrx_word' id='word_1_776' title='bbox 1890 5475 1945 5515; x_wconf 92' lang='lat' dir='ltr'><strong>re</strong></span> <span class='ocrx_word' id='word_1_777' title='bbox 1966 5442 2095 5517; x_wconf 50' lang='lat' dir='ltr'><strong>con:</strong></span> 
     </span>
    </p>
   </div>
   <div class='ocr_carea' id='block_1_105' title="bbox 514 5514 2094 5599">
    <p class='ocr_par' dir='ltr' id='par_1_105' title="bbox 514 5514 2094 5599">
     <span class='ocr_line' id='line_1_105' title="bbox 514 5514 2094 5599; baseline 0.01 -27"><span class='ocrx_word' id='word_1_778' title='bbox 514 5516 768 5572; x_wconf 75' lang='lat' dir='ltr'><strong>sulendus</strong></span> <span class='ocrx_word' id='word_1_779' title='bbox 808 5514 1151 5599; x_wconf 57' lang='lat' dir='ltr'><strong>DpSsuetius,</strong></span> <span class='ocrx_word' id='word_1_780' title='bbox 1180 5514 1527 5599; x_wconf 40' lang='lat' dir='ltr'><strong>dlictissimus</strong></span> <span class='ocrx_word' id='word_1_781' title='bbox 1566 5514 1850 5599; x_wconf 72' lang='lat' dir='ltr'><strong>Mcldensis</strong></span> <span class='ocrx_word' id='word_1_782' title='bbox 1887 5514 2094 5599; x_wconf 83' lang='lat' dir='ltr'><strong>episco-</strong></span> 
     </span>
    </p>
   </div>
   <div class='ocr_carea' id='block_1_106' title="bbox 512 5584 2095 5673">
    <p class='ocr_par' dir='ltr' id='par_1_106' title="bbox 512 5584 2095 5673">
     <span class='ocr_line' id='line_1_106' title="bbox 512 5584 2095 5673; baseline -0.012 -14"><span class='ocrx_word' id='word_1_783' title='bbox 512 5603 634 5670; x_wconf 62' lang='lat' dir='ltr'><strong>p“?~</strong></span> <span class='ocrx_word' id='word_1_784' title='bbox 666 5603 752 5641; x_wconf 69' lang='grc' dir='ltr'><strong>δατ</strong></span> <span class='ocrx_word' id='word_1_785' title='bbox 800 5584 999 5673; x_wconf 57' lang='grc' dir='ltr'><strong>έἈρος·</strong></span> <span class='ocrx_word' id='word_1_786' title='bbox 1029 5601 1152 5673; x_wconf 43' lang='lat' dir='ltr'><strong>XIIII:</strong></span> <span class='ocrx_word' id='word_1_787' title='bbox 1174 5588 1260 5673; x_wconf 66' lang='lat' dir='ltr'><strong>i8.</strong></span> <span class='ocrx_word' id='word_1_788' title='bbox 1295 5589 1430 5646; x_wconf 88' lang='lat' dir='ltr'><strong>Hinc</strong></span> <span class='ocrx_word' id='word_1_789' title='bbox 1467 5603 1611 5656; x_wconf 85' lang='lat' dir='ltr'><strong>patet</strong></span> <span class='ocrx_word' id='word_1_790' title='bbox 1655 5596 1829 5673; x_wconf 71' lang='lat' dir='ltr'><strong>minus</strong></span> <span class='ocrx_word' id='word_1_791' title='bbox 1872 5584 2095 5673; x_wconf 52' lang='grc' dir='ltr'><strong>ρέος-ᾖδε</strong></span> 
     </span>
    </p>
   </div>
   <div class='ocr_carea' id='block_1_107' title="bbox 514 5657 2089 5731">
    <p class='ocr_par' dir='ltr' id='par_1_107' title="bbox 514 5657 2089 5731">
     <span class='ocr_line' id='line_1_107' title="bbox 514 5657 2089 5731; baseline 0.01 -21"><span class='ocrx_word' id='word_1_792' title='bbox 514 5657 814 5731; x_wconf 59' lang='grc' dir='ltr'><strong>λιθῆςαςςιιξ</strong></span> <span class='ocrx_word' id='word_1_793' title='bbox 832 5667 1079 5731; x_wconf 64' lang='lat' dir='ltr'><strong>sanctum</strong></span> <span class='ocrx_word' id='word_1_794' title='bbox 1107 5659 1323 5731; x_wconf 76' lang='lat' dir='ltr'><strong>Patrem</strong></span> <span class='ocrx_word' id='word_1_795' title='bbox 1352 5676 1592 5719; x_wconf 81' lang='lat' dir='ltr'><strong>nosu&#39;um</strong></span> <span class='ocrx_word' id='word_1_796' title='bbox 1619 5685 1648 5720; x_wconf 87' lang='lat' dir='ltr'><strong>a</strong></span> <span class='ocrx_word' id='word_1_797' title='bbox 1676 5657 1932 5730; x_wconf 67' lang='lat' dir='ltr'><strong>Millanib.</strong></span> <span class='ocrx_word' id='word_1_798' title='bbox 1955 5657 2089 5731; x_wconf 56' lang='lat' dir='ltr'><strong>Gtc:</strong></span> 
     </span>
    </p>
   </div>
   <div class='ocr_carea' id='block_1_108' title="bbox 583 5727 2094 5802">
    <p class='ocr_par' dir='ltr' id='par_1_108' title="bbox 583 5727 2094 5802">
     <span class='ocr_line' id='line_1_108' title="bbox 583 5727 2094 5802; baseline 0.012 -18"><span class='ocrx_word' id='word_1_799' title='bbox 583 5729 665 5802; x_wconf 75' lang='lat'><strong>(2)</strong></span> <span class='ocrx_word' id='word_1_800' title='bbox 692 5728 858 5786; x_wconf 85' lang='lat' dir='ltr'><strong>DlCL</strong></span> <span class='ocrx_word' id='word_1_801' title='bbox 878 5727 990 5785; x_wconf 81' lang='lat' dir='ltr'><strong>VX.</strong></span> <span class='ocrx_word' id='word_1_802' title='bbox 1016 5728 1332 5801; x_wconf 75' lang='lat' dir='ltr'><strong>Huiusmodi</strong></span> <span class='ocrx_word' id='word_1_803' title='bbox 1360 5733 1612 5794; x_wconf 88' lang='lat' dir='ltr'><strong>deductio</strong></span> <span class='ocrx_word' id='word_1_804' title='bbox 1634 5753 1731 5795; x_wconf 89' lang='lat' dir='ltr'><strong>seu</strong></span> <span class='ocrx_word' id='word_1_805' title='bbox 1759 5727 2094 5802; x_wconf 47' lang='lat' dir='ltr'><strong>tralatione?</strong></span> 
     </span>
    </p>
   </div>
   <div class='ocr_carea' id='block_1_109' title="bbox 2208 4946 3806 5024">
    <p class='ocr_par' dir='ltr' id='par_1_109' title="bbox 2208 4946 3806 5024">
     <span class='ocr_line' id='line_1_109' title="bbox 2208 4946 3806 5024; baseline 0.005 -25"><span class='ocrx_word' id='word_1_806' title='bbox 2208 4959 2368 5021; x_wconf 65' lang='lat' dir='ltr'><strong>minis</strong></span> <span class='ocrx_word' id='word_1_807' title='bbox 2397 4949 2863 5024; x_wconf 80' lang='lat' dir='ltr'><strong>arguithomiuem</strong></span> <span class='ocrx_word' id='word_1_808' title='bbox 2898 4948 3062 5024; x_wconf 82' lang='lat' dir='ltr'><strong>istum</strong></span> <span class='ocrx_word' id='word_1_809' title='bbox 3091 4946 3426 5024; x_wconf 67' lang='lat' dir='ltr'><strong>humanioris</strong></span> <span class='ocrx_word' id='word_1_810' title='bbox 3452 4962 3517 5004; x_wconf 90' lang='lat' dir='ltr'><strong>ac</strong></span> <span class='ocrx_word' id='word_1_811' title='bbox 3539 4949 3806 5024; x_wconf 83' lang='lat' dir='ltr'><strong>politioris</strong></span> 
     </span>
    </p>
   </div>
   <div class='ocr_carea' id='block_1_110' title="bbox 2207 5018 3806 5094">
    <p class='ocr_par' dir='ltr' id='par_1_110' title="bbox 2207 5018 3806 5094">
     <span class='ocr_line' id='line_1_110' title="bbox 2207 5018 3806 5094; baseline -0.028 -6"><span class='ocrx_word' id='word_1_812' title='bbox 2207 5018 2522 5088; x_wconf 60' lang='lat' dir='ltr'><strong>litteratttﬁc</strong></span> <span class='ocrx_word' id='word_1_813' title='bbox 2548 5023 2705 5094; x_wconf 84' lang='lat' dir='ltr'><strong>plane</strong></span> <span class='ocrx_word' id='word_1_814' title='bbox 2734 5021 2960 5094; x_wconf 83' lang='lat' dir='ltr'><strong>inscium</strong></span> <span class='ocrx_word' id='word_1_815' title='bbox 2995 5020 3174 5094; x_wconf 76' lang='lat' dir='ltr'><strong>fuisse.</strong></span> <span class='ocrx_word' id='word_1_816' title='bbox 3217 5018 3486 5094; x_wconf 7' lang='lat' dir='ltr'><strong>quuegeo</strong></span> <span class='ocrx_word' id='word_1_817' title='bbox 3516 5023 3662 5077; x_wconf 70' lang='lat' dir='ltr'><strong>enim</strong></span> <span class='ocrx_word' id='word_1_818' title='bbox 3693 5024 3806 5077; x_wconf 50' lang='lat' dir='ltr'><strong>ine-</strong></span> 
     </span>
    </p>
   </div>
   <div class='ocr_carea' id='block_1_111' title="bbox 2207 5089 3801 5174">
    <p class='ocr_par' dir='ltr' id='par_1_111' title="bbox 2207 5089 3801 5174">
     <span class='ocr_line' id='line_1_111' title="bbox 2207 5089 3801 5174; baseline 0.007 -36"><span class='ocrx_word' id='word_1_819' title='bbox 2207 5116 2295 5174; x_wconf 63' lang='lat' dir='ltr'><strong>pm</strong></span> <span class='ocrx_word' id='word_1_820' title='bbox 2325 5103 2437 5155; x_wconf 68' lang='lat' dir='ltr'><strong>visa</strong></span> <span class='ocrx_word' id='word_1_821' title='bbox 2469 5089 2572 5160; x_wconf 53' lang='grc' dir='ltr'><strong>εει]</strong></span> <span class='ocrx_word' id='word_1_822' title='bbox 2598 5105 2652 5174; x_wconf 73' lang='lat' dir='ltr'><strong>et</strong></span> <span class='ocrx_word' id='word_1_823' title='bbox 2682 5090 3225 5174; x_wconf 38' lang='lat' dir='ltr'><strong>vironloctohindigna</strong></span> <span class='ocrx_word' id='word_1_824' title='bbox 3258 5089 3373 5145; x_wconf 65' lang='lat' dir='ltr'><strong>haec</strong></span> <span class='ocrx_word' id='word_1_825' title='bbox 3403 5092 3801 5174; x_wconf 74' lang='lat' dir='ltr'><strong>interpretatio.</strong></span> 
     </span>
    </p>
   </div>
   <div class='ocr_carea' id='block_1_112' title="bbox 2206 5162 3806 5245">
    <p class='ocr_par' dir='ltr' id='par_1_112' title="bbox 2206 5162 3806 5245">
     <span class='ocr_line' id='line_1_112' title="bbox 2206 5162 3806 5245; baseline -0.004 -18"><span class='ocrx_word' id='word_1_826' title='bbox 2206 5162 2263 5231; x_wconf 71' lang='lat' dir='ltr'><strong>in</strong></span> <span class='ocrx_word' id='word_1_827' title='bbox 2296 5174 2452 5245; x_wconf 89' lang='lat' dir='ltr'><strong>plane</strong></span> <span class='ocrx_word' id='word_1_828' title='bbox 2499 5165 2757 5245; x_wconf 76' lang='lat' dir='ltr'><strong>suspicari</strong></span> <span class='ocrx_word' id='word_1_829' title='bbox 2801 5162 3014 5245; x_wconf 71' lang='lat' dir='ltr'><strong>libuerit</strong></span> <span class='ocrx_word' id='word_1_830' title='bbox 3040 5176 3157 5216; x_wconf 86' lang='lat' dir='ltr'><strong>eam</strong></span> <span class='ocrx_word' id='word_1_831' title='bbox 3189 5163 3239 5215; x_wconf 91' lang='lat' dir='ltr'><strong>in</strong></span> <span class='ocrx_word' id='word_1_832' title='bbox 3271 5165 3516 5245; x_wconf 71' lang='lat' dir='ltr'><strong>margine</strong></span> <span class='ocrx_word' id='word_1_833' title='bbox 3542 5162 3611 5245; x_wconf 81' lang='lat' dir='ltr'><strong>ab</strong></span> <span class='ocrx_word' id='word_1_834' title='bbox 3640 5166 3806 5245; x_wconf 84' lang='lat' dir='ltr'><strong>impe-</strong></span> 
     </span>
    </p>
   </div>
   <div class='ocr_carea' id='block_1_113' title="bbox 2205 5234 3802 5313">
    <p class='ocr_par' dir='ltr' id='par_1_113' title="bbox 2205 5234 3802 5313">
     <span class='ocr_line' id='line_1_113' title="bbox 2205 5234 3802 5313; baseline -0.007 -11"><span class='ocrx_word' id='word_1_835' title='bbox 2205 5234 2311 5302; x_wconf 79' lang='lat' dir='ltr'><strong>rito</strong></span> <span class='ocrx_word' id='word_1_836' title='bbox 2340 5245 2520 5313; x_wconf 82' lang='lat' dir='ltr'><strong>aliquo</strong></span> <span class='ocrx_word' id='word_1_837' title='bbox 2550 5234 3074 5313; x_wconf 77' lang='lat' dir='ltr'><strong>ascriptampotius,</strong></span> <span class='ocrx_word' id='word_1_838' title='bbox 3128 5247 3287 5313; x_wconf 84' lang='lat' dir='ltr'><strong>quam</strong></span> <span class='ocrx_word' id='word_1_839' title='bbox 3337 5234 3428 5289; x_wconf 87' lang='lat' dir='ltr'><strong>alii</strong></span> <span class='ocrx_word' id='word_1_840' title='bbox 3472 5242 3659 5313; x_wconf 79' lang='lat' dir='ltr'><strong>postea</strong></span> <span class='ocrx_word' id='word_1_841' title='bbox 3707 5234 3802 5292; x_wconf 87' lang='lat' dir='ltr'><strong>im-</strong></span> 
     </span>
    </p>
   </div>
   <div class='ocr_carea' id='block_1_114' title="bbox 2203 5306 3802 5388">
    <p class='ocr_par' dir='ltr' id='par_1_114' title="bbox 2203 5306 3802 5388">
     <span class='ocr_line' id='line_1_114' title="bbox 2203 5306 3802 5388; baseline -0.006 -15"><span class='ocrx_word' id='word_1_842' title='bbox 2203 5306 2904 5388; x_wconf 72' lang='lat' dir='ltr'><strong>peritiorescommentario</strong></span> <span class='ocrx_word' id='word_1_843' title='bbox 2928 5306 3275 5370; x_wconf 87' lang='lat' dir='ltr'><strong>attexuerint,</strong></span> <span class='ocrx_word' id='word_1_844' title='bbox 3308 5320 3467 5377; x_wconf 90' lang='lat' dir='ltr'><strong>quam</strong></span> <span class='ocrx_word' id='word_1_845' title='bbox 3491 5307 3558 5361; x_wconf 90' lang='lat' dir='ltr'><strong>ab</strong></span> <span class='ocrx_word' id='word_1_846' title='bbox 3585 5317 3802 5366; x_wconf 89' lang='lat' dir='ltr'><strong>auctore</strong></span> 
     </span>
    </p>
   </div>
   <div class='ocr_carea' id='block_1_115' title="bbox 2204 5384 2666 5444">
    <p class='ocr_par' dir='ltr' id='par_1_115' title="bbox 2204 5384 2666 5444">
     <span class='ocr_line' id='line_1_115' title="bbox 2204 5384 2666 5444; baseline -0.022 1"><span class='ocrx_word' id='word_1_847' title='bbox 2204 5384 2455 5444; x_wconf 77' lang='lat' dir='ltr'><strong>traditam</strong></span> <span class='ocrx_word' id='word_1_848' title='bbox 2482 5384 2666 5438; x_wconf 76' lang='lat' dir='ltr'><strong>fuisse.</strong></span> 
     </span>
    </p>
   </div>
   <div class='ocr_carea' id='block_1_116' title="bbox 2275 5446 3801 5534">
    <p class='ocr_par' dir='ltr' id='par_1_116' title="bbox 2275 5446 3801 5534">
     <span class='ocr_line' id='line_1_116' title="bbox 2275 5446 3801 5534; baseline -0.012 -22"><span class='ocrx_word' id='word_1_849' title='bbox 2275 5462 2355 5534; x_wconf 83' lang='lat'><strong>(‘5)</strong></span> <span class='ocrx_word' id='word_1_850' title='bbox 2387 5456 2434 5510; x_wconf 81' lang='grc' dir='ltr'>ι)</span> <span class='ocrx_word' id='word_1_851' title='bbox 2459 5457 2646 5525; x_wconf 81' lang='lat' dir='ltr'><strong>quippe</strong></span> <span class='ocrx_word' id='word_1_852' title='bbox 2666 5449 2952 5534; x_wconf 79' lang='lat' dir='ltr'><strong>quingenti.</strong></span> <span class='ocrx_word' id='word_1_853' title='bbox 3001 5446 3071 5503; x_wconf 87' lang='lat' dir='ltr'><strong>Ut.</strong></span> <span class='ocrx_word' id='word_1_854' title='bbox 3108 5447 3252 5534; x_wconf 71' lang='lat' dir='ltr'><strong>heic,</strong></span> <span class='ocrx_word' id='word_1_855' title='bbox 3283 5448 3512 5534; x_wconf 55' lang='lat' dir='ltr'><strong>itaqu</strong></span> <span class='ocrx_word' id='word_1_856' title='bbox 3540 5450 3676 5505; x_wconf 85' lang='lat' dir='ltr'><strong>locis</strong></span> <span class='ocrx_word' id='word_1_857' title='bbox 3705 5452 3801 5507; x_wconf 71' lang='lat' dir='ltr'><strong>ali-</strong></span> 
     </span>
    </p>
   </div>
   <div class='ocr_carea' id='block_1_117' title="bbox 2199 5520 3793 5602">
    <p class='ocr_par' dir='ltr' id='par_1_117' title="bbox 2199 5520 3793 5602">
     <span class='ocr_line' id='line_1_117' title="bbox 2199 5520 3793 5602; baseline -0.002 -19"><span class='ocrx_word' id='word_1_858' title='bbox 2199 5520 2885 5602; x_wconf 17' lang='lat' dir='ltr'><strong>quot&#39;rect’us&#39;pro&#39;quarto</strong></span> <span class='ocrx_word' id='word_1_859' title='bbox 2910 5534 3037 5575; x_wconf 87' lang='lat' dir='ltr'><strong>casu</strong></span> <span class='ocrx_word' id='word_1_860' title='bbox 3062 5528 3248 5602; x_wconf 79' lang='lat' dir='ltr'><strong>manet</strong></span> <span class='ocrx_word' id='word_1_861' title='bbox 3272 5537 3286 5574; x_wconf 91' lang='lat'><strong>:</strong></span> <span class='ocrx_word' id='word_1_862' title='bbox 3318 5520 3505 5602; x_wconf 79' lang='lat' dir='ltr'><strong>frigida</strong></span> <span class='ocrx_word' id='word_1_863' title='bbox 3535 5537 3668 5602; x_wconf 77' lang='lat' dir='ltr'><strong>sane</strong></span> <span class='ocrx_word' id='word_1_864' title='bbox 3694 5534 3793 5590; x_wconf 90' lang='lat' dir='ltr'><strong>est,</strong></span> 
     </span>
    </p>
   </div>
   <div class='ocr_carea' id='block_1_118' title="bbox 2198 5591 3795 5665">
    <p class='ocr_par' dir='ltr' id='par_1_118' title="bbox 2198 5591 3795 5665">
     <span class='ocr_line' id='line_1_118' title="bbox 2198 5591 3795 5665; baseline -0.006 -7"><span class='ocrx_word' id='word_1_865' title='bbox 2198 5591 2254 5659; x_wconf 75' lang='lat' dir='ltr'><strong>et</strong></span> <span class='ocrx_word' id='word_1_866' title='bbox 2282 5604 2412 5656; x_wconf 87' lang='lat' dir='ltr'><strong>levis</strong></span> <span class='ocrx_word' id='word_1_867' title='bbox 2444 5591 2787 5663; x_wconf 30' lang='lat' dir='ltr'><strong>meo-judicio</strong></span> <span class='ocrx_word' id='word_1_868' title='bbox 2815 5591 3219 5665; x_wconf 82' lang='lat' dir='ltr'><strong>interpretatio;</strong></span> <span class='ocrx_word' id='word_1_869' title='bbox 3246 5606 3404 5665; x_wconf 87' lang='lat' dir='ltr'><strong>quam</strong></span> <span class='ocrx_word' id='word_1_870' title='bbox 3435 5594 3795 5665; x_wconf 87' lang='lat' dir='ltr'><strong>tamenipsam</strong></span> 
     </span>
    </p>
   </div>
   <div class='ocr_carea' id='block_1_119' title="bbox 2200 5663 3797 5739">
    <p class='ocr_par' dir='ltr' id='par_1_119' title="bbox 2200 5663 3797 5739">
     <span class='ocr_line' id='line_1_119' title="bbox 2200 5663 3797 5739; baseline -0.005 -9"><span class='ocrx_word' id='word_1_871' title='bbox 2200 5674 2554 5730; x_wconf 90' lang='lat' dir='ltr'><strong>eruditiorum</strong></span> <span class='ocrx_word' id='word_1_872' title='bbox 2579 5666 2782 5739; x_wconf 80' lang='lat' dir='ltr'><strong>judicio</strong></span> <span class='ocrx_word' id='word_1_873' title='bbox 2810 5663 3173 5735; x_wconf 88' lang='lat' dir='ltr'><strong>castigandam</strong></span> <span class='ocrx_word' id='word_1_874' title='bbox 3199 5663 3528 5739; x_wconf 78' lang='lat' dir='ltr'><strong>relinquere,</strong></span> <span class='ocrx_word' id='word_1_875' title='bbox 3548 5663 3708 5739; x_wconf 84' lang='lat' dir='ltr'><strong>quam</strong></span> <span class='ocrx_word' id='word_1_876' title='bbox 3732 5667 3797 5722; x_wconf 88' lang='lat' dir='ltr'><strong>de</strong></span> 
     </span>
    </p>
   </div>
   <div class='ocr_carea' id='block_1_120' title="bbox 2199 5732 3461 5810">
    <p class='ocr_par' dir='ltr' id='par_1_120' title="bbox 2199 5732 3461 5810">
     <span class='ocr_line' id='line_1_120' title="bbox 2199 5732 3461 5810; baseline -0.011 -6"><span class='ocrx_word' id='word_1_877' title='bbox 2199 5761 2263 5803; x_wconf 83' lang='lat' dir='ltr'><strong>ea</strong></span> <span class='ocrx_word' id='word_1_878' title='bbox 2290 5745 2542 5802; x_wconf 84' lang='lat' dir='ltr'><strong>audacter</strong></span> <span class='ocrx_word' id='word_1_879' title='bbox 2566 5732 2853 5810; x_wconf 82' lang='lat' dir='ltr'><strong>quidquam</strong></span> <span class='ocrx_word' id='word_1_880' title='bbox 2878 5732 3117 5792; x_wconf 76' lang='lat' dir='ltr'><strong>statuere</strong></span> <span class='ocrx_word' id='word_1_881' title='bbox 3154 5732 3461 5790; x_wconf 82' lang='lat' dir='ltr'><strong>tnaluimus.</strong></span> 
     </span>
    </p>
   </div>
  </div>
