  <div class='ocr_page' id='page_1' title='image "/cluster/home/n/w/nwhite01/storage/ocr_20150623/5/hvd.32044073505083/176.png"; bbox 0 0 4020 6072; ppageno 0'>
   <div class='ocr_carea' id='block_1_1' title="bbox 285 65 388 123">
    <p class='ocr_par' dir='ltr' id='par_1_1' title="bbox 285 65 388 123">
     <span class='ocr_line' id='line_1_1' title="bbox 285 65 388 123; baseline -0.01 0"><span class='ocrx_word' id='word_1_1' title='bbox 285 65 388 123; x_wconf 74' lang='lat' dir='ltr'><strong>3M</strong></span> 
     </span>
    </p>
   </div>
   <div class='ocr_carea' id='block_1_2' title="bbox 887 194 1290 237">
    <p class='ocr_par' dir='ltr' id='par_1_2' title="bbox 887 194 1290 237">
     <span class='ocr_line' id='line_1_2' title="bbox 887 194 1290 237; baseline -0.015 1"><span class='ocrx_word' id='word_1_2' title='bbox 887 196 956 237; x_wconf 75' lang='lat' dir='ltr'><strong>EX</strong></span> <span class='ocrx_word' id='word_1_3' title='bbox 985 194 1174 237; x_wconf 72' lang='lat' dir='ltr'><strong>CAPITE</strong></span> <span class='ocrx_word' id='word_1_4' title='bbox 1199 194 1290 235; x_wconf 75' lang='lat' dir='ltr'><strong>XV.</strong></span> 
     </span>
    </p>
   </div>
   <div class='ocr_carea' id='block_1_3' title="bbox 280 338 1888 414">
    <p class='ocr_par' dir='ltr' id='par_1_3' title="bbox 280 338 1888 414">
     <span class='ocr_line' id='line_1_3' title="bbox 280 338 1888 414; baseline -0.005 -13"><span class='ocrx_word' id='word_1_5' title='bbox 280 347 289 357; x_wconf 82' lang='grc'><em>’</em></span> <span class='ocrx_word' id='word_1_6' title='bbox 354 346 406 401; x_wconf 77' lang='grc'><strong>1.</strong></span> <span class='ocrx_word' id='word_1_7' title='bbox 440 343 513 399; x_wconf 83' lang='lat' dir='ltr'><strong>Et</strong></span> <span class='ocrx_word' id='word_1_8' title='bbox 531 342 638 398; x_wconf 76' lang='lat' dir='ltr'><strong>vidi</strong></span> <span class='ocrx_word' id='word_1_9' title='bbox 658 342 804 398; x_wconf 79' lang='lat' dir='ltr'><strong>aliud</strong></span> <span class='ocrx_word' id='word_1_10' title='bbox 823 343 1026 414; x_wconf 76' lang='lat' dir='ltr'><strong>signum</strong></span> <span class='ocrx_word' id='word_1_11' title='bbox 1052 355 1297 412; x_wconf 74' lang='lat' dir='ltr'><strong>magnum</strong></span> <span class='ocrx_word' id='word_1_12' title='bbox 1317 346 1371 394; x_wconf 83' lang='lat' dir='ltr'><strong>et</strong></span> <span class='ocrx_word' id='word_1_13' title='bbox 1395 339 1649 406; x_wconf 73' lang='lat' dir='ltr'><strong>mirabile,</strong></span> <span class='ocrx_word' id='word_1_14' title='bbox 1678 338 1888 411; x_wconf 62' lang='lat' dir='ltr'><strong>angelos</strong></span> 
     </span>
    </p>
   </div>
   <div class='ocr_carea' id='block_1_4' title="bbox 280 429 1887 509">
    <p class='ocr_par' dir='ltr' id='par_1_4' title="bbox 280 429 1887 509">
     <span class='ocr_line' id='line_1_4' title="bbox 280 429 1887 509; baseline -0.003 -19"><span class='ocrx_word' id='word_1_15' title='bbox 280 445 475 509; x_wconf 85' lang='lat' dir='ltr'><strong>septem</strong></span> <span class='ocrx_word' id='word_1_16' title='bbox 494 477 509 501; x_wconf 94' lang='lat'><strong>,</strong></span> <span class='ocrx_word' id='word_1_17' title='bbox 555 433 793 489; x_wconf 75' lang='lat' dir='ltr'><strong>habentes</strong></span> <span class='ocrx_word' id='word_1_18' title='bbox 840 433 1018 503; x_wconf 77' lang='lat' dir='ltr'><strong>plagas</strong></span> <span class='ocrx_word' id='word_1_19' title='bbox 1061 443 1257 500; x_wconf 76' lang='lat' dir='ltr'><strong>septem</strong></span> <span class='ocrx_word' id='word_1_20' title='bbox 1297 429 1597 485; x_wconf 65' lang='lat' dir='ltr'><strong>tenuissimas</strong></span> <span class='ocrx_word' id='word_1_21' title='bbox 1620 444 1642 484; x_wconf 88' lang='lat'><strong><em>:</em></strong></span> <span class='ocrx_word' id='word_1_22' title='bbox 1666 431 1786 498; x_wconf 85' lang='lat' dir='ltr'><strong>quia</strong></span> <span class='ocrx_word' id='word_1_23' title='bbox 1832 431 1887 485; x_wconf 80' lang='lat' dir='ltr'><strong>in</strong></span> 
     </span>
    </p>
   </div>
   <div class='ocr_carea' id='block_1_5' title="bbox 279 525 1884 606">
    <p class='ocr_par' dir='ltr' id='par_1_5' title="bbox 279 525 1884 606">
     <span class='ocr_line' id='line_1_5' title="bbox 279 525 1884 606; baseline -0.004 -18"><span class='ocrx_word' id='word_1_24' title='bbox 279 534 413 606; x_wconf 85' lang='lat' dir='ltr'><strong>ipsis</strong></span> <span class='ocrx_word' id='word_1_25' title='bbox 437 534 787 586; x_wconf 84' lang='lat' dir='ltr'><strong>consummata</strong></span> <span class='ocrx_word' id='word_1_26' title='bbox 813 538 888 583; x_wconf 84' lang='lat' dir='ltr'><strong>est</strong></span> <span class='ocrx_word' id='word_1_27' title='bbox 915 527 1196 597; x_wconf 70' lang='lat' dir='ltr'><strong>indignatio</strong></span> <span class='ocrx_word' id='word_1_28' title='bbox 1226 525 1343 581; x_wconf 85' lang='lat' dir='ltr'><strong>Dei.</strong></span> <span class='ocrx_word' id='word_1_29' title='bbox 1371 526 1596 595; x_wconf 81' lang='lat' dir='ltr'><strong>Semper</strong></span> <span class='ocrx_word' id='word_1_30' title='bbox 1622 525 1767 581; x_wconf 80' lang='lat' dir='ltr'><strong>enim</strong></span> <span class='ocrx_word' id='word_1_31' title='bbox 1807 526 1884 581; x_wconf 80' lang='lat' dir='ltr'><strong>ira</strong></span> 
     </span>
    </p>
   </div>
   <div class='ocr_carea' id='block_1_6' title="bbox 247 617 1884 698">
    <p class='ocr_par' dir='ltr' id='par_1_6' title="bbox 247 617 1884 698">
     <span class='ocr_line' id='line_1_6' title="bbox 247 617 1884 698; baseline -0.005 -15"><span class='ocrx_word' id='word_1_32' title='bbox 247 694 252 698; x_wconf 39' lang='grc'>,</span> <span class='ocrx_word' id='word_1_33' title='bbox 280 627 384 683; x_wconf 88' lang='lat' dir='ltr'><strong>Dei</strong></span> <span class='ocrx_word' id='word_1_34' title='bbox 412 624 639 696; x_wconf 77' lang='lat' dir='ltr'><strong>percutit</strong></span> <span class='ocrx_word' id='word_1_35' title='bbox 668 623 925 694; x_wconf 82' lang='lat' dir='ltr'><strong>pupulum</strong></span> <span class='ocrx_word' id='word_1_36' title='bbox 965 629 1335 675; x_wconf 82' lang='lat' dir='ltr'><strong>contumacem</strong></span> <span class='ocrx_word' id='word_1_37' title='bbox 1365 628 1573 689; x_wconf 89' lang='lat' dir='ltr'><strong>septem</strong></span> <span class='ocrx_word' id='word_1_38' title='bbox 1602 617 1803 689; x_wconf 76' lang='lat' dir='ltr'><strong>plagis;</strong></span> <span class='ocrx_word' id='word_1_39' title='bbox 1830 618 1884 674; x_wconf 83' lang='lat' dir='ltr'><strong>id</strong></span> 
     </span>
    </p>
   </div>
   <div class='ocr_carea' id='block_1_7' title="bbox 280 709 1878 794">
    <p class='ocr_par' dir='ltr' id='par_1_7' title="bbox 280 709 1878 794">
     <span class='ocr_line' id='line_1_7' title="bbox 280 709 1878 794; baseline -0.008 -16"><span class='ocrx_word' id='word_1_40' title='bbox 280 732 369 778; x_wconf 88' lang='lat' dir='ltr'><strong>est</strong></span> <span class='ocrx_word' id='word_1_41' title='bbox 389 720 656 794; x_wconf 75' lang='lat' dir='ltr'><strong>perfecte,</strong></span> <span class='ocrx_word' id='word_1_42' title='bbox 681 724 743 772; x_wconf 90' lang='lat' dir='ltr'><strong>ut</strong></span> <span class='ocrx_word' id='word_1_43' title='bbox 766 714 818 770; x_wconf 89' lang='lat' dir='ltr'><strong>in</strong></span> <span class='ocrx_word' id='word_1_44' title='bbox 852 715 1089 770; x_wconf 72' lang='lat' dir='ltr'><strong>Levitico</strong></span> <span class='ocrx_word' id='word_1_45' title='bbox 1115 713 1244 773; x_wconf 84' lang='lat' dir='ltr'><strong>dicit</strong></span> <span class='ocrx_word' id='word_1_46' title='bbox 1291 711 1494 784; x_wconf 79' lang='lat' dir='ltr'><strong>(Leuit.</strong></span> <span class='ocrx_word' id='word_1_47' title='bbox 1516 753 1530 779; x_wconf 93' lang='lat'><strong>,</strong></span> <span class='ocrx_word' id='word_1_48' title='bbox 1553 726 1709 776; x_wconf 78' lang='lat' dir='ltr'><strong>xxvt,</strong></span> <span class='ocrx_word' id='word_1_49' title='bbox 1739 709 1836 782; x_wconf 67' lang='grc'><strong>24)</strong></span> <span class='ocrx_word' id='word_1_50' title='bbox 1864 729 1878 766; x_wconf 90' lang='lat'><strong>:</strong></span> 
     </span>
    </p>
   </div>
   <div class='ocr_carea' id='block_1_8' title="bbox 280 802 1883 886">
    <p class='ocr_par' dir='ltr' id='par_1_8' title="bbox 280 802 1883 886">
     <span class='ocr_line' id='line_1_8' title="bbox 280 802 1883 886; baseline -0.006 -17"><span class='ocrx_word' id='word_1_51' title='bbox 280 830 403 886; x_wconf 71' lang='lat' dir='ltr'><strong>qua:</strong></span> <span class='ocrx_word' id='word_1_52' title='bbox 444 813 495 867; x_wconf 93' lang='lat' dir='ltr'><strong>in</strong></span> <span class='ocrx_word' id='word_1_53' title='bbox 538 810 731 866; x_wconf 89' lang='lat' dir='ltr'><strong>ultimo</strong></span> <span class='ocrx_word' id='word_1_54' title='bbox 768 806 962 863; x_wconf 71' lang='lat' dir='ltr'><strong>futura:</strong></span> <span class='ocrx_word' id='word_1_55' title='bbox 1001 814 1157 873; x_wconf 87' lang='lat' dir='ltr'><strong>sunt,</strong></span> <span class='ocrx_word' id='word_1_56' title='bbox 1186 819 1312 860; x_wconf 81' lang='lat' dir='ltr'><strong>cum</strong></span> <span class='ocrx_word' id='word_1_57' title='bbox 1336 804 1574 860; x_wconf 73' lang='lat' dir='ltr'><strong>Ecclesia</strong></span> <span class='ocrx_word' id='word_1_58' title='bbox 1605 802 1675 860; x_wconf 86' lang='lat' dir='ltr'><strong>de</strong></span> <span class='ocrx_word' id='word_1_59' title='bbox 1703 802 1883 859; x_wconf 85' lang='lat' dir='ltr'><strong>medio</strong></span> 
     </span>
    </p>
   </div>
   <div class='ocr_carea' id='block_1_9' title="bbox 280 908 489 965">
    <p class='ocr_par' dir='ltr' id='par_1_9' title="bbox 280 908 489 965">
     <span class='ocr_line' id='line_1_9' title="bbox 280 908 489 965; baseline -0.024 0"><span class='ocrx_word' id='word_1_60' title='bbox 280 908 489 965; x_wconf 77' lang='lat' dir='ltr'><strong>exierit.</strong></span> 
     </span>
    </p>
   </div>
   <div class='ocr_carea' id='block_1_10' title="bbox 350 987 1876 1065">
    <p class='ocr_par' dir='ltr' id='par_1_10' title="bbox 350 987 1876 1065">
     <span class='ocr_line' id='line_1_10' title="bbox 350 987 1876 1065; baseline -0.009 -12"><span class='ocrx_word' id='word_1_61' title='bbox 350 999 407 1053; x_wconf 77' lang='lat'><strong>‘2.</strong></span> <span class='ocrx_word' id='word_1_62' title='bbox 444 998 651 1053; x_wconf 88' lang='lat' dir='ltr'><strong>Stantes</strong></span> <span class='ocrx_word' id='word_1_63' title='bbox 688 1009 847 1065; x_wconf 87' lang='lat' dir='ltr'><strong>supra</strong></span> <span class='ocrx_word' id='word_1_64' title='bbox 886 1008 1032 1047; x_wconf 85' lang='lat' dir='ltr'><strong>mare</strong></span> <span class='ocrx_word' id='word_1_65' title='bbox 1073 992 1317 1058; x_wconf 75' lang='lat' dir='ltr'><strong>vitreum,</strong></span> <span class='ocrx_word' id='word_1_66' title='bbox 1352 989 1592 1044; x_wconf 73' lang='lat' dir='ltr'><strong>habentes</strong></span> <span class='ocrx_word' id='word_1_67' title='bbox 1636 987 1876 1042; x_wconf 65' lang='lat' dir='ltr'><strong>citharas.</strong></span> 
     </span>
    </p>
   </div>
   <div class='ocr_carea' id='block_1_11' title="bbox 274 1079 1878 1159">
    <p class='ocr_par' dir='ltr' id='par_1_11' title="bbox 274 1079 1878 1159">
     <span class='ocr_line' id='line_1_11' title="bbox 274 1079 1878 1159; baseline -0.011 -8"><span class='ocrx_word' id='word_1_68' title='bbox 274 1092 338 1150; x_wconf 78' lang='lat' dir='ltr'><strong>Id</strong></span> <span class='ocrx_word' id='word_1_69' title='bbox 369 1100 473 1159; x_wconf 87' lang='lat' dir='ltr'><strong>est,</strong></span> <span class='ocrx_word' id='word_1_70' title='bbox 507 1105 670 1157; x_wconf 82' lang='lat' dir='ltr'><strong>super</strong></span> <span class='ocrx_word' id='word_1_71' title='bbox 692 1088 1015 1159; x_wconf 71' lang='lat' dir='ltr'><strong>baptismum</strong></span> <span class='ocrx_word' id='word_1_72' title='bbox 1040 1098 1196 1141; x_wconf 83' lang='lat' dir='ltr'><strong>suum</strong></span> <span class='ocrx_word' id='word_1_73' title='bbox 1227 1083 1488 1138; x_wconf 70' lang='lat' dir='ltr'><strong>stabiliter</strong></span> <span class='ocrx_word' id='word_1_74' title='bbox 1519 1081 1577 1135; x_wconf 88' lang='lat' dir='ltr'><strong>in</strong></span> <span class='ocrx_word' id='word_1_75' title='bbox 1603 1079 1715 1135; x_wconf 82' lang='lat' dir='ltr'><strong>ﬁde</strong></span> <span class='ocrx_word' id='word_1_76' title='bbox 1742 1094 1878 1134; x_wconf 78' lang='lat' dir='ltr'><strong>con-</strong></span> 
     </span>
    </p>
   </div>
   <div class='ocr_carea' id='block_1_12' title="bbox 278 1172 1880 1253">
    <p class='ocr_par' dir='ltr' id='par_1_12' title="bbox 278 1172 1880 1253">
     <span class='ocr_line' id='line_1_12' title="bbox 278 1172 1880 1253; baseline -0.012 -9"><span class='ocrx_word' id='word_1_77' title='bbox 278 1188 505 1253; x_wconf 90' lang='lat' dir='ltr'><strong>stitisse,</strong></span> <span class='ocrx_word' id='word_1_78' title='bbox 528 1194 581 1240; x_wconf 90' lang='lat' dir='ltr'><strong>et</strong></span> <span class='ocrx_word' id='word_1_79' title='bbox 600 1182 998 1240; x_wconf 83' lang='lat' dir='ltr'><strong>confessionem</strong></span> <span class='ocrx_word' id='word_1_80' title='bbox 1022 1180 1076 1235; x_wconf 91' lang='lat' dir='ltr'><strong>in</strong></span> <span class='ocrx_word' id='word_1_81' title='bbox 1103 1192 1198 1234; x_wconf 89' lang='lat' dir='ltr'><strong>ore</strong></span> <span class='ocrx_word' id='word_1_82' title='bbox 1221 1192 1371 1232; x_wconf 87' lang='lat' dir='ltr'><strong>suam</strong></span> <span class='ocrx_word' id='word_1_83' title='bbox 1397 1175 1675 1241; x_wconf 75' lang='lat' dir='ltr'><strong>habentes,</strong></span> <span class='ocrx_word' id='word_1_84' title='bbox 1698 1172 1880 1231; x_wconf 73' lang='lat' dir='ltr'><strong>exsul-</strong></span> 
     </span>
    </p>
   </div>
   <div class='ocr_carea' id='block_1_13' title="bbox 271 1268 1878 1349">
    <p class='ocr_par' dir='ltr' id='par_1_13' title="bbox 271 1268 1878 1349">
     <span class='ocr_line' id='line_1_13' title="bbox 271 1268 1878 1349; baseline -0.009 -12"><span class='ocrx_word' id='word_1_85' title='bbox 271 1289 485 1337; x_wconf 86' lang='lat' dir='ltr'><strong>taturos</strong></span> <span class='ocrx_word' id='word_1_86' title='bbox 514 1280 568 1334; x_wconf 87' lang='lat' dir='ltr'><strong>in</strong></span> <span class='ocrx_word' id='word_1_87' title='bbox 607 1290 776 1349; x_wconf 85' lang='lat' dir='ltr'><strong>regno</strong></span> <span class='ocrx_word' id='word_1_88' title='bbox 816 1288 999 1331; x_wconf 88' lang='lat' dir='ltr'><strong>coram</strong></span> <span class='ocrx_word' id='word_1_89' title='bbox 1047 1273 1178 1327; x_wconf 86' lang='lat' dir='ltr'><strong>Deo.</strong></span> <span class='ocrx_word' id='word_1_90' title='bbox 1212 1270 1320 1327; x_wconf 77' lang='lat' dir='ltr'><strong>Sed</strong></span> <span class='ocrx_word' id='word_1_91' title='bbox 1363 1268 1431 1325; x_wconf 88' lang='lat' dir='ltr'><strong>ad</strong></span> <span class='ocrx_word' id='word_1_92' title='bbox 1478 1268 1752 1340; x_wconf 88' lang='lat' dir='ltr'><strong>proposita</strong></span> <span class='ocrx_word' id='word_1_93' title='bbox 1791 1281 1878 1323; x_wconf 82' lang='lat' dir='ltr'><strong>re-</strong></span> 
     </span>
    </p>
   </div>
   <div class='ocr_carea' id='block_1_14' title="bbox 265 1383 557 1431">
    <p class='ocr_par' dir='ltr' id='par_1_14' title="bbox 265 1383 557 1431">
     <span class='ocr_line' id='line_1_14' title="bbox 265 1383 557 1431; baseline -0.014 0"><span class='ocrx_word' id='word_1_94' title='bbox 265 1383 557 1431; x_wconf 79' lang='lat' dir='ltr'><strong>vertamur.</strong></span> 
     </span>
    </p>
   </div>
   <div class='ocr_carea' id='block_1_15' title="bbox 851 1500 1301 1571">
    <p class='ocr_par' dir='ltr' id='par_1_15' title="bbox 851 1500 1301 1571">
     <span class='ocr_line' id='line_1_15' title="bbox 851 1500 1301 1571; baseline 0.004 -9"><span class='ocrx_word' id='word_1_95' title='bbox 851 1521 924 1571; x_wconf 71' lang='lat' dir='ltr'><strong>ex</strong></span> <span class='ocrx_word' id='word_1_96' title='bbox 950 1518 1142 1571; x_wconf 63' lang='grc' dir='ltr'><strong>ωριτε</strong></span> <span class='ocrx_word' id='word_1_97' title='bbox 1172 1500 1301 1565; x_wconf 77' lang='lat' dir='ltr'><strong>xvti-</strong></span> 
     </span>
    </p>
   </div>
   <div class='ocr_carea' id='block_1_16' title="bbox 343 1661 1873 1741">
    <p class='ocr_par' dir='ltr' id='par_1_16' title="bbox 343 1661 1873 1741">
     <span class='ocr_line' id='line_1_16' title="bbox 343 1661 1873 1741; baseline -0.01 -13"><span class='ocrx_word' id='word_1_98' title='bbox 343 1673 394 1739; x_wconf 77' lang='lat' dir='ltr'><strong>i,</strong></span> <span class='ocrx_word' id='word_1_99' title='bbox 429 1671 483 1728; x_wconf 87' lang='lat'><strong>6.</strong></span> <span class='ocrx_word' id='word_1_100' title='bbox 519 1667 671 1725; x_wconf 82' lang='lat' dir='ltr'><strong>Venit</strong></span> <span class='ocrx_word' id='word_1_101' title='bbox 699 1684 828 1723; x_wconf 90' lang='lat' dir='ltr'><strong>unus</strong></span> <span class='ocrx_word' id='word_1_102' title='bbox 857 1685 883 1722; x_wconf 94' lang='lat' dir='ltr'><strong>e</strong></span> <span class='ocrx_word' id='word_1_103' title='bbox 911 1676 1100 1741; x_wconf 87' lang='lat' dir='ltr'><strong>septent</strong></span> <span class='ocrx_word' id='word_1_104' title='bbox 1133 1663 1328 1737; x_wconf 77' lang='lat' dir='ltr'><strong>angelis</strong></span> <span class='ocrx_word' id='word_1_105' title='bbox 1354 1662 1443 1736; x_wconf 96' lang='lat' dir='ltr'><strong>qui</strong></span> <span class='ocrx_word' id='word_1_106' title='bbox 1475 1661 1658 1716; x_wconf 81' lang='lat' dir='ltr'><strong>habent</strong></span> <span class='ocrx_word' id='word_1_107' title='bbox 1682 1667 1873 1731; x_wconf 79' lang='lat' dir='ltr'><strong>septem</strong></span> 
     </span>
    </p>
   </div>
   <div class='ocr_carea' id='block_1_17' title="bbox 266 1753 1873 1845">
    <p class='ocr_par' dir='ltr' id='par_1_17' title="bbox 266 1753 1873 1845">
     <span class='ocr_line' id='line_1_17' title="bbox 266 1753 1873 1845; baseline -0.01 -23"><span class='ocrx_word' id='word_1_108' title='bbox 266 1776 497 1845; x_wconf 88' lang='lat' dir='ltr'><strong>pateras,</strong></span> <span class='ocrx_word' id='word_1_109' title='bbox 541 1774 587 1819; x_wconf 91' lang='lat' dir='ltr'><strong>et</strong></span> <span class='ocrx_word' id='word_1_110' title='bbox 634 1762 836 1818; x_wconf 88' lang='lat' dir='ltr'><strong>locutus</strong></span> <span class='ocrx_word' id='word_1_111' title='bbox 876 1770 945 1815; x_wconf 89' lang='lat' dir='ltr'><strong>est</strong></span> <span class='ocrx_word' id='word_1_112' title='bbox 985 1776 1176 1813; x_wconf 78' lang='lat' dir='ltr'><strong>mecura</strong></span> <span class='ocrx_word' id='word_1_113' title='bbox 1213 1757 1421 1811; x_wconf 85' lang='lat' dir='ltr'><strong>dicens:</strong></span> <span class='ocrx_word' id='word_1_114' title='bbox 1457 1754 1582 1809; x_wconf 83' lang='lat' dir='ltr'><strong>Veni</strong></span> <span class='ocrx_word' id='word_1_115' title='bbox 1607 1753 1873 1809; x_wconf 84' lang='lat' dir='ltr'><strong>ostendam</strong></span> 
     </span>
    </p>
   </div>
   <div class='ocr_carea' id='block_1_18' title="bbox 272 1846 1874 1931">
    <p class='ocr_par' dir='ltr' id='par_1_18' title="bbox 272 1846 1874 1931">
     <span class='ocr_line' id='line_1_18' title="bbox 272 1846 1874 1931; baseline -0.012 -15"><span class='ocrx_word' id='word_1_116' title='bbox 272 1861 365 1916; x_wconf 84' lang='lat' dir='ltr'><strong>tibi</strong></span> <span class='ocrx_word' id='word_1_117' title='bbox 397 1857 657 1931; x_wconf 85' lang='lat' dir='ltr'><strong>judicium</strong></span> <span class='ocrx_word' id='word_1_118' title='bbox 694 1854 971 1909; x_wconf 80' lang='lat' dir='ltr'><strong>meretricis</strong></span> <span class='ocrx_word' id='word_1_119' title='bbox 1007 1851 1146 1905; x_wconf 84' lang='lat' dir='ltr'><strong>illius</strong></span> <span class='ocrx_word' id='word_1_120' title='bbox 1174 1864 1391 1921; x_wconf 69' lang='lat' dir='ltr'><strong>magnae,</strong></span> <span class='ocrx_word' id='word_1_121' title='bbox 1415 1862 1531 1919; x_wconf 75' lang='lat' dir='ltr'><strong>qua:</strong></span> <span class='ocrx_word' id='word_1_122' title='bbox 1552 1846 1689 1901; x_wconf 81' lang='lat' dir='ltr'><strong>sedet</strong></span> <span class='ocrx_word' id='word_1_123' title='bbox 1718 1858 1874 1914; x_wconf 86' lang='lat' dir='ltr'><strong>super</strong></span> 
     </span>
    </p>
   </div>
   <div class='ocr_carea' id='block_1_19' title="bbox 267 1939 1897 2028">
    <p class='ocr_par' dir='ltr' id='par_1_19' title="bbox 267 1939 1897 2028">
     <span class='ocr_line' id='line_1_19' title="bbox 267 1939 1897 2028; baseline -0.01 -19"><span class='ocrx_word' id='word_1_124' title='bbox 267 1970 433 2028; x_wconf 78' lang='lat' dir='ltr'><strong>aquas</strong></span> <span class='ocrx_word' id='word_1_125' title='bbox 475 1951 680 2004; x_wconf 87' lang='lat' dir='ltr'><strong>multas.</strong></span> <span class='ocrx_word' id='word_1_126' title='bbox 725 1947 792 2002; x_wconf 88' lang='lat' dir='ltr'><strong>Et</strong></span> <span class='ocrx_word' id='word_1_127' title='bbox 836 1946 940 2000; x_wconf 83' lang='lat' dir='ltr'><strong>vidi</strong></span> <span class='ocrx_word' id='word_1_128' title='bbox 982 1944 1244 2000; x_wconf 89' lang='lat' dir='ltr'><strong>mulierem</strong></span> <span class='ocrx_word' id='word_1_129' title='bbox 1289 1942 1479 1997; x_wconf 87' lang='lat' dir='ltr'><strong>ebriam</strong></span> <span class='ocrx_word' id='word_1_130' title='bbox 1517 1940 1580 1995; x_wconf 86' lang='lat' dir='ltr'><strong>de</strong></span> <span class='ocrx_word' id='word_1_131' title='bbox 1626 1939 1897 2019; x_wconf 33' lang='lat' dir='ltr'><strong>sanguine,</strong></span> 
     </span>
    </p>
   </div>
   <div class='ocr_carea' id='block_1_20' title="bbox 264 2034 1871 2111">
    <p class='ocr_par' dir='ltr' id='par_1_20' title="bbox 264 2034 1871 2111">
     <span class='ocr_line' id='line_1_20' title="bbox 264 2034 1871 2111; baseline -0.009 -9"><span class='ocrx_word' id='word_1_132' title='bbox 264 2056 560 2102; x_wconf 88' lang='lat' dir='ltr'><strong>sanctorum</strong></span> <span class='ocrx_word' id='word_1_133' title='bbox 615 2050 661 2097; x_wconf 92' lang='lat' dir='ltr'><strong>et</strong></span> <span class='ocrx_word' id='word_1_134' title='bbox 714 2039 965 2111; x_wconf 84' lang='lat' dir='ltr'><strong>sanguine</strong></span> <span class='ocrx_word' id='word_1_135' title='bbox 1026 2046 1327 2108; x_wconf 84' lang='lat' dir='ltr'><strong>martyrum.</strong></span> <span class='ocrx_word' id='word_1_136' title='bbox 1382 2034 1602 2089; x_wconf 85' lang='lat' dir='ltr'><strong>Decreta</strong></span> <span class='ocrx_word' id='word_1_137' title='bbox 1656 2040 1871 2088; x_wconf 81' lang='lat' dir='ltr'><strong>senatus</strong></span> 
     </span>
    </p>
   </div>
   <div class='ocr_carea' id='block_1_21' title="bbox 267 2131 1873 2207">
    <p class='ocr_par' dir='ltr' id='par_1_21' title="bbox 267 2131 1873 2207">
     <span class='ocr_line' id='line_1_21' title="bbox 267 2131 1873 2207; baseline -0.009 -12"><span class='ocrx_word' id='word_1_138' title='bbox 267 2140 421 2196; x_wconf 90' lang='lat' dir='ltr'><strong>illius</strong></span> <span class='ocrx_word' id='word_1_139' title='bbox 443 2151 658 2207; x_wconf 84' lang='lat' dir='ltr'><strong>semper</strong></span> <span class='ocrx_word' id='word_1_140' title='bbox 679 2145 801 2187; x_wconf 91' lang='lat' dir='ltr'><strong>sunt</strong></span> <span class='ocrx_word' id='word_1_141' title='bbox 819 2139 1188 2187; x_wconf 87' lang='lat' dir='ltr'><strong>consummata</strong></span> <span class='ocrx_word' id='word_1_142' title='bbox 1218 2131 1268 2182; x_wconf 93' lang='lat' dir='ltr'><strong>in</strong></span> <span class='ocrx_word' id='word_1_143' title='bbox 1298 2143 1504 2193; x_wconf 90' lang='lat' dir='ltr'><strong>omnes,</strong></span> <span class='ocrx_word' id='word_1_144' title='bbox 1525 2137 1709 2182; x_wconf 88' lang='lat' dir='ltr'><strong>contra</strong></span> <span class='ocrx_word' id='word_1_145' title='bbox 1731 2141 1873 2182; x_wconf 74' lang='lat' dir='ltr'><strong>vera:</strong></span> 
     </span>
    </p>
   </div>
   <div class='ocr_carea' id='block_1_22' title="bbox 267 2221 1864 2305">
    <p class='ocr_par' dir='ltr' id='par_1_22' title="bbox 267 2221 1864 2305">
     <span class='ocr_line' id='line_1_22' title="bbox 267 2221 1864 2305; baseline -0.012 -14"><span class='ocrx_word' id='word_1_146' title='bbox 267 2234 396 2291; x_wconf 85' lang='lat' dir='ltr'><strong>ﬁdei</strong></span> <span class='ocrx_word' id='word_1_147' title='bbox 423 2230 884 2305; x_wconf 61' lang='lat' dir='ltr'><strong>praedicationem.</strong></span> <span class='ocrx_word' id='word_1_148' title='bbox 918 2225 987 2279; x_wconf 85' lang='lat' dir='ltr'><strong>Et</strong></span> <span class='ocrx_word' id='word_1_149' title='bbox 1014 2240 1157 2279; x_wconf 91' lang='lat' dir='ltr'><strong>nunc</strong></span> <span class='ocrx_word' id='word_1_150' title='bbox 1184 2223 1326 2297; x_wconf 83' lang='lat' dir='ltr'><strong>jam,</strong></span> <span class='ocrx_word' id='word_1_151' title='bbox 1349 2222 1490 2293; x_wconf 88' lang='lat' dir='ltr'><strong>jacta</strong></span> <span class='ocrx_word' id='word_1_152' title='bbox 1520 2221 1864 2292; x_wconf 83' lang='lat' dir='ltr'><strong>indulgentia,</strong></span> 
     </span>
    </p>
   </div>
   <div class='ocr_carea' id='block_1_23' title="bbox 268 2314 1728 2396">
    <p class='ocr_par' dir='ltr' id='par_1_23' title="bbox 268 2314 1728 2396">
     <span class='ocr_line' id='line_1_23' title="bbox 268 2314 1728 2396; baseline -0.011 -15"><span class='ocrx_word' id='word_1_153' title='bbox 268 2327 438 2381; x_wconf 86' lang='lat' dir='ltr'><strong>etiam</strong></span> <span class='ocrx_word' id='word_1_154' title='bbox 469 2326 581 2396; x_wconf 89' lang='lat' dir='ltr'><strong>ipse</strong></span> <span class='ocrx_word' id='word_1_155' title='bbox 608 2321 755 2378; x_wconf 86' lang='lat' dir='ltr'><strong>dedit</strong></span> <span class='ocrx_word' id='word_1_156' title='bbox 782 2320 1059 2375; x_wconf 90' lang='lat' dir='ltr'><strong>decretum</strong></span> <span class='ocrx_word' id='word_1_157' title='bbox 1091 2318 1142 2371; x_wconf 91' lang='lat' dir='ltr'><strong>in</strong></span> <span class='ocrx_word' id='word_1_158' title='bbox 1175 2316 1437 2370; x_wconf 85' lang='lat' dir='ltr'><strong>universis</strong></span> <span class='ocrx_word' id='word_1_159' title='bbox 1460 2314 1728 2385; x_wconf 79' lang='lat' dir='ltr'><strong>gentibus.</strong></span> 
     </span>
    </p>
   </div>
   <div class='ocr_carea' id='block_1_24' title="bbox 347 2408 1874 2487">
    <p class='ocr_par' dir='ltr' id='par_1_24' title="bbox 347 2408 1874 2487">
     <span class='ocr_line' id='line_1_24' title="bbox 347 2408 1874 2487; baseline -0.011 -10"><span class='ocrx_word' id='word_1_160' title='bbox 347 2423 401 2478; x_wconf 80' lang='lat'><strong>3.</strong></span> <span class='ocrx_word' id='word_1_161' title='bbox 440 2418 503 2473; x_wconf 83' lang='lat' dir='ltr'><strong>Et</strong></span> <span class='ocrx_word' id='word_1_162' title='bbox 539 2418 641 2472; x_wconf 86' lang='lat' dir='ltr'><strong>vidi</strong></span> <span class='ocrx_word' id='word_1_163' title='bbox 682 2417 847 2487; x_wconf 82' lang='lat' dir='ltr'><strong>ipsam</strong></span> <span class='ocrx_word' id='word_1_164' title='bbox 892 2413 1157 2467; x_wconf 82' lang='lat' dir='ltr'><strong>mulierem</strong></span> <span class='ocrx_word' id='word_1_165' title='bbox 1203 2409 1457 2465; x_wconf 81' lang='lat' dir='ltr'><strong>sedentem</strong></span> <span class='ocrx_word' id='word_1_166' title='bbox 1486 2424 1637 2479; x_wconf 85' lang='lat' dir='ltr'><strong>super</strong></span> <span class='ocrx_word' id='word_1_167' title='bbox 1662 2408 1874 2461; x_wconf 82' lang='lat' dir='ltr'><strong>bestiam</strong></span> 
     </span>
    </p>
   </div>
   <div class='ocr_carea' id='block_1_25' title="bbox 270 2500 1874 2579">
    <p class='ocr_par' dir='ltr' id='par_1_25' title="bbox 270 2500 1874 2579">
     <span class='ocr_line' id='line_1_25' title="bbox 270 2500 1874 2579; baseline -0.008 -10"><span class='ocrx_word' id='word_1_168' title='bbox 270 2513 599 2576; x_wconf 82' lang='lat' dir='ltr'><strong>coccineum,</strong></span> <span class='ocrx_word' id='word_1_169' title='bbox 654 2508 861 2579; x_wconf 86' lang='lat' dir='ltr'><strong>plenam</strong></span> <span class='ocrx_word' id='word_1_170' title='bbox 918 2505 1203 2560; x_wconf 87' lang='lat' dir='ltr'><strong>nominibus</strong></span> <span class='ocrx_word' id='word_1_171' title='bbox 1264 2500 1610 2572; x_wconf 79' lang='lat' dir='ltr'><strong>blaspltemice.</strong></span> <span class='ocrx_word' id='word_1_172' title='bbox 1674 2501 1874 2557; x_wconf 87' lang='lat' dir='ltr'><strong>Sedere</strong></span> 
     </span>
    </p>
   </div>
   <div class='ocr_carea' id='block_1_26' title="bbox 271 2592 1871 2673">
    <p class='ocr_par' dir='ltr' id='par_1_26' title="bbox 271 2592 1871 2673">
     <span class='ocr_line' id='line_1_26' title="bbox 271 2592 1871 2673; baseline -0.009 -12"><span class='ocrx_word' id='word_1_173' title='bbox 271 2616 455 2662; x_wconf 89' lang='lat' dir='ltr'><strong>autem</strong></span> <span class='ocrx_word' id='word_1_174' title='bbox 481 2616 643 2673; x_wconf 87' lang='lat' dir='ltr'><strong>super</strong></span> <span class='ocrx_word' id='word_1_175' title='bbox 662 2599 889 2655; x_wconf 86' lang='lat' dir='ltr'><strong>bestiam</strong></span> <span class='ocrx_word' id='word_1_176' title='bbox 907 2597 1127 2653; x_wconf 85' lang='lat' dir='ltr'><strong>rubeam</strong></span> <span class='ocrx_word' id='word_1_177' title='bbox 1150 2604 1422 2649; x_wconf 88' lang='lat' dir='ltr'><strong>auctorem</strong></span> <span class='ocrx_word' id='word_1_178' title='bbox 1441 2592 1871 2658; x_wconf 90' lang='lat' dir='ltr'><strong>homicidiorum,</strong></span> 
     </span>
    </p>
   </div>
   <div class='ocr_carea' id='block_1_27' title="bbox 270 2684 1874 2764">
    <p class='ocr_par' dir='ltr' id='par_1_27' title="bbox 270 2684 1874 2764">
     <span class='ocr_line' id='line_1_27' title="bbox 270 2684 1874 2764; baseline -0.01 -9"><span class='ocrx_word' id='word_1_179' title='bbox 270 2697 473 2755; x_wconf 89' lang='lat' dir='ltr'><strong>diaboli</strong></span> <span class='ocrx_word' id='word_1_180' title='bbox 506 2697 683 2764; x_wconf 80' lang='lat' dir='ltr'><strong>imago</strong></span> <span class='ocrx_word' id='word_1_181' title='bbox 707 2701 812 2760; x_wconf 89' lang='lat' dir='ltr'><strong>est,</strong></span> <span class='ocrx_word' id='word_1_182' title='bbox 837 2689 928 2746; x_wconf 91' lang='lat' dir='ltr'><strong>ubi</strong></span> <span class='ocrx_word' id='word_1_183' title='bbox 966 2689 1126 2745; x_wconf 89' lang='lat' dir='ltr'><strong>etiam</strong></span> <span class='ocrx_word' id='word_1_184' title='bbox 1169 2688 1237 2743; x_wconf 88' lang='lat' dir='ltr'><strong>de</strong></span> <span class='ocrx_word' id='word_1_185' title='bbox 1286 2685 1592 2757; x_wconf 82' lang='lat' dir='ltr'><strong>captivitate</strong></span> <span class='ocrx_word' id='word_1_186' title='bbox 1631 2685 1776 2757; x_wconf 88' lang='lat' dir='ltr'><strong>ejus,</strong></span> <span class='ocrx_word' id='word_1_187' title='bbox 1806 2684 1874 2740; x_wconf 89' lang='lat' dir='ltr'><strong>de</strong></span> 
     </span>
    </p>
   </div>
   <div class='ocr_carea' id='block_1_28' title="bbox 269 2779 1869 2863">
    <p class='ocr_par' dir='ltr' id='par_1_28' title="bbox 269 2779 1869 2863">
     <span class='ocr_line' id='line_1_28' title="bbox 269 2779 1869 2863; baseline -0.009 -16"><span class='ocrx_word' id='word_1_188' title='bbox 269 2806 376 2863; x_wconf 91' lang='lat' dir='ltr'><strong>qua</strong></span> <span class='ocrx_word' id='word_1_189' title='bbox 410 2785 872 2861; x_wconf 88' lang='lat' dir='ltr'><strong>pertractavimus.</strong></span> <span class='ocrx_word' id='word_1_190' title='bbox 904 2781 1115 2838; x_wconf 85' lang='lat' dir='ltr'><strong>Memini</strong></span> <span class='ocrx_word' id='word_1_191' title='bbox 1141 2781 1277 2835; x_wconf 88' lang='lat' dir='ltr'><strong>hanc</strong></span> <span class='ocrx_word' id='word_1_192' title='bbox 1298 2779 1512 2851; x_wconf 80' lang='lat' dir='ltr'><strong>quidem</strong></span> <span class='ocrx_word' id='word_1_193' title='bbox 1542 2779 1869 2850; x_wconf 86' lang='lat' dir='ltr'><strong>Babylonem</strong></span> 
     </span>
    </p>
   </div>
   <div class='ocr_carea' id='block_1_29' title="bbox 270 2872 1867 2957">
    <p class='ocr_par' dir='ltr' id='par_1_29' title="bbox 270 2872 1867 2957">
     <span class='ocr_line' id='line_1_29' title="bbox 270 2872 1867 2957; baseline -0.009 -17"><span class='ocrx_word' id='word_1_194' title='bbox 270 2893 491 2957; x_wconf 89' lang='lat' dir='ltr'><strong>propter</strong></span> <span class='ocrx_word' id='word_1_195' title='bbox 533 2880 899 2937; x_wconf 79' lang='lat' dir='ltr'><strong>confusionem</strong></span> <span class='ocrx_word' id='word_1_196' title='bbox 948 2876 1051 2931; x_wconf 92' lang='lat' dir='ltr'><strong>dici</strong></span> <span class='ocrx_word' id='word_1_197' title='bbox 1098 2883 1153 2931; x_wconf 90' lang='lat' dir='ltr'><strong>et</strong></span> <span class='ocrx_word' id='word_1_198' title='bbox 1211 2875 1261 2929; x_wconf 90' lang='lat' dir='ltr'><strong>in</strong></span> <span class='ocrx_word' id='word_1_199' title='bbox 1310 2873 1663 2945; x_wconf 84' lang='lat' dir='ltr'><strong>Apocalypsi,</strong></span> <span class='ocrx_word' id='word_1_200' title='bbox 1707 2882 1761 2928; x_wconf 89' lang='lat' dir='ltr'><strong>et</strong></span> <span class='ocrx_word' id='word_1_201' title='bbox 1814 2872 1867 2926; x_wconf 91' lang='lat' dir='ltr'><strong>in</strong></span> 
     </span>
    </p>
   </div>
   <div class='ocr_carea' id='block_1_30' title="bbox 1437 53 2457 133">
    <p class='ocr_par' dir='ltr' id='par_1_30' title="bbox 1437 53 2457 133">
     <span class='ocr_line' id='line_1_30' title="bbox 1437 53 2457 133; baseline 0.003 -20"><span class='ocrx_word' id='word_1_202' title='bbox 1437 57 1506 115; x_wconf 87' lang='lat' dir='ltr'><strong>IN</strong></span> <span class='ocrx_word' id='word_1_203' title='bbox 1543 53 2019 133; x_wconf 79' lang='lat' dir='ltr'><strong>APOCALYPSIN</strong></span> <span class='ocrx_word' id='word_1_204' title='bbox 2058 57 2119 114; x_wconf 76' lang='grc' dir='ltr'><strong>Β.</strong></span> <span class='ocrx_word' id='word_1_205' title='bbox 2152 54 2457 116; x_wconf 78' lang='lat' dir='ltr'><strong>JOANNIS.</strong></span> 
     </span>
    </p>
   </div>
   <div class='ocr_carea' id='block_1_31' title="bbox 1910 175 3584 252">
    <p class='ocr_par' dir='ltr' id='par_1_31' title="bbox 1910 175 3584 252">
     <span class='ocr_line' id='line_1_31' title="bbox 1910 175 3584 252; baseline -0.001 -14"><span class='ocrx_word' id='word_1_206' title='bbox 1910 179 1966 238; x_wconf 84' lang='lat' dir='ltr'><strong>A</strong></span> <span class='ocrx_word' id='word_1_207' title='bbox 1990 176 2140 234; x_wconf 90' lang='lat' dir='ltr'><strong>mille</strong></span> <span class='ocrx_word' id='word_1_208' title='bbox 2167 185 2347 233; x_wconf 89' lang='lat' dir='ltr'><strong>autem</strong></span> <span class='ocrx_word' id='word_1_209' title='bbox 2371 175 2536 247; x_wconf 89' lang='lat' dir='ltr'><strong>dicti,</strong></span> <span class='ocrx_word' id='word_1_210' title='bbox 2565 192 2631 234; x_wconf 90' lang='lat' dir='ltr'><strong>eo</strong></span> <span class='ocrx_word' id='word_1_211' title='bbox 2668 178 2924 249; x_wconf 88' lang='lat' dir='ltr'><strong>loquendi</strong></span> <span class='ocrx_word' id='word_1_212' title='bbox 2953 178 3112 236; x_wconf 90' lang='lat' dir='ltr'><strong>modo</strong></span> <span class='ocrx_word' id='word_1_213' title='bbox 3144 191 3251 251; x_wconf 89' lang='lat' dir='ltr'><strong>quo</strong></span> <span class='ocrx_word' id='word_1_214' title='bbox 3274 193 3401 251; x_wconf 87' lang='lat' dir='ltr'><strong>pars</strong></span> <span class='ocrx_word' id='word_1_215' title='bbox 3419 178 3584 252; x_wconf 83' lang='lat' dir='ltr'><strong>signi-</strong></span> 
     </span>
    </p>
   </div>
   <div class='ocr_carea' id='block_1_32' title="bbox 3477 57 3585 116">
    <p class='ocr_par' dir='ltr' id='par_1_32' title="bbox 3477 57 3585 116">
     <span class='ocr_line' id='line_1_32' title="bbox 3477 57 3585 116; baseline 0 0"><span class='ocrx_word' id='word_1_216' title='bbox 3477 57 3585 116; x_wconf 72' lang='grc' dir='ltr'><strong>5ιὲ</strong></span> 
     </span>
    </p>
   </div>
   <div class='ocr_carea' id='block_1_33' title="bbox 1996 270 3585 344">
    <p class='ocr_par' dir='ltr' id='par_1_33' title="bbox 1996 270 3585 344">
     <span class='ocr_line' id='line_1_33' title="bbox 1996 270 3585 344; baseline 0.002 -20"><span class='ocrx_word' id='word_1_217' title='bbox 1996 270 2186 325; x_wconf 87' lang='lat' dir='ltr'><strong>ﬁcatur</strong></span> <span class='ocrx_word' id='word_1_218' title='bbox 2229 286 2259 324; x_wconf 89' lang='lat' dir='ltr'><strong>a</strong></span> <span class='ocrx_word' id='word_1_219' title='bbox 2290 279 2403 325; x_wconf 92' lang='lat' dir='ltr'><strong>toto</strong></span> <span class='ocrx_word' id='word_1_220' title='bbox 2428 270 2565 326; x_wconf 86' lang='lat' dir='ltr'><strong>sicut</strong></span> <span class='ocrx_word' id='word_1_221' title='bbox 2602 280 2685 326; x_wconf 89' lang='lat' dir='ltr'><strong>est</strong></span> <span class='ocrx_word' id='word_1_222' title='bbox 2714 270 2884 326; x_wconf 90' lang='lat' dir='ltr'><strong>illud:</strong></span> <span class='ocrx_word' id='word_1_223' title='bbox 2928 270 3109 340; x_wconf 67' lang='lat' dir='ltr'><strong>Verbi;</strong></span> <span class='ocrx_word' id='word_1_224' title='bbox 3155 271 3291 344; x_wconf 82' lang='lat' dir='ltr'><strong>quod</strong></span> <span class='ocrx_word' id='word_1_225' title='bbox 3327 271 3585 327; x_wconf 73' lang='lat' dir='ltr'><strong>mandauit</strong></span> 
     </span>
    </p>
   </div>
   <div class='ocr_carea' id='block_1_34' title="bbox 1994 363 3589 436">
    <p class='ocr_par' dir='ltr' id='par_1_34' title="bbox 1994 363 3589 436">
     <span class='ocr_line' id='line_1_34' title="bbox 1994 363 3589 436; baseline 0.002 -20"><span class='ocrx_word' id='word_1_226' title='bbox 1994 366 2048 416; x_wconf 87' lang='lat' dir='ltr'><strong>in</strong></span> <span class='ocrx_word' id='word_1_227' title='bbox 2086 363 2223 418; x_wconf 88' lang='lat' dir='ltr'><strong>mille</strong></span> <span class='ocrx_word' id='word_1_228' title='bbox 2259 364 2607 435; x_wconf 76' lang='lat' dir='ltr'><strong>generationes</strong></span> <span class='ocrx_word' id='word_1_229' title='bbox 2638 363 2810 436; x_wconf 85' lang='lat' dir='ltr'><strong>(Psal.</strong></span> <span class='ocrx_word' id='word_1_230' title='bbox 2856 379 2980 431; x_wconf 83' lang='lat' dir='ltr'><strong>CIV,</strong></span> <span class='ocrx_word' id='word_1_231' title='bbox 3014 365 3071 435; x_wconf 90' lang='lat'><strong>8)</strong></span> <span class='ocrx_word' id='word_1_232' title='bbox 3102 384 3115 419; x_wconf 89' lang='lat'><strong>:</strong></span> <span class='ocrx_word' id='word_1_233' title='bbox 3147 380 3269 420; x_wconf 92' lang='lat' dir='ltr'><strong>cum</strong></span> <span class='ocrx_word' id='word_1_234' title='bbox 3314 378 3422 420; x_wconf 92' lang='lat' dir='ltr'><strong>non</strong></span> <span class='ocrx_word' id='word_1_235' title='bbox 3462 375 3589 420; x_wconf 88' lang='lat' dir='ltr'><strong>sunt</strong></span> 
     </span>
    </p>
   </div>
   <div class='ocr_carea' id='block_1_35' title="bbox 1992 453 3587 527">
    <p class='ocr_par' dir='ltr' id='par_1_35' title="bbox 1992 453 3587 527">
     <span class='ocr_line' id='line_1_35' title="bbox 1992 453 3587 527; baseline 0.001 -18"><span class='ocrx_word' id='word_1_236' title='bbox 1992 453 2160 509; x_wconf 89' lang='lat' dir='ltr'><strong>mille.</strong></span> <span class='ocrx_word' id='word_1_237' title='bbox 2199 453 2352 523; x_wconf 86' lang='lat' dir='ltr'><strong>Quod</strong></span> <span class='ocrx_word' id='word_1_238' title='bbox 2393 462 2569 508; x_wconf 87' lang='lat' dir='ltr'><strong>autem</strong></span> <span class='ocrx_word' id='word_1_239' title='bbox 2614 456 2721 521; x_wconf 87' lang='lat' dir='ltr'><strong>ait,</strong></span> <span class='ocrx_word' id='word_1_240' title='bbox 2754 465 2803 509; x_wconf 89' lang='lat' dir='ltr'><strong>et</strong></span> <span class='ocrx_word' id='word_1_241' title='bbox 2841 456 2978 509; x_wconf 86' lang='lat' dir='ltr'><strong>misit</strong></span> <span class='ocrx_word' id='word_1_242' title='bbox 3017 454 3168 509; x_wconf 87' lang='lat' dir='ltr'><strong>illum</strong></span> <span class='ocrx_word' id='word_1_243' title='bbox 3206 456 3263 510; x_wconf 88' lang='lat' dir='ltr'><strong>in</strong></span> <span class='ocrx_word' id='word_1_244' title='bbox 3300 456 3541 527; x_wconf 79' lang='lat' dir='ltr'><strong>abyssum</strong></span> <span class='ocrx_word' id='word_1_245' title='bbox 3572 498 3587 522; x_wconf 91' lang='lat'><strong>,</strong></span> 
     </span>
    </p>
   </div>
   <div class='ocr_carea' id='block_1_36' title="bbox 1992 547 3575 618">
    <p class='ocr_par' dir='ltr' id='par_1_36' title="bbox 1992 547 3575 618">
     <span class='ocr_line' id='line_1_36' title="bbox 1992 547 3575 618; baseline 0.001 -17"><span class='ocrx_word' id='word_1_246' title='bbox 1992 547 2096 604; x_wconf 85' lang='lat' dir='ltr'><strong>hoc</strong></span> <span class='ocrx_word' id='word_1_247' title='bbox 2139 548 2342 618; x_wconf 84' lang='lat' dir='ltr'><strong>inquit,</strong></span> <span class='ocrx_word' id='word_1_248' title='bbox 2387 549 2510 617; x_wconf 86' lang='lat' dir='ltr'><strong>quia</strong></span> <span class='ocrx_word' id='word_1_249' title='bbox 2557 547 2802 603; x_wconf 79' lang='lat' dir='ltr'><strong>diabolus</strong></span> <span class='ocrx_word' id='word_1_250' title='bbox 2849 549 3098 603; x_wconf 81' lang='lat' dir='ltr'><strong>exclusus</strong></span> <span class='ocrx_word' id='word_1_251' title='bbox 3150 562 3182 604; x_wconf 86' lang='lat' dir='ltr'><strong>a</strong></span> <span class='ocrx_word' id='word_1_252' title='bbox 3239 547 3575 604; x_wconf 87' lang='lat' dir='ltr'><strong>credentium</strong></span> 
     </span>
    </p>
   </div>
   <div class='ocr_carea' id='block_1_37' title="bbox 1991 639 3587 712">
    <p class='ocr_par' dir='ltr' id='par_1_37' title="bbox 1991 639 3587 712">
     <span class='ocr_line' id='line_1_37' title="bbox 1991 639 3587 712; baseline 0.001 -17"><span class='ocrx_word' id='word_1_253' title='bbox 1991 639 2245 695; x_wconf 86' lang='lat' dir='ltr'><strong>cordibus</strong></span> <span class='ocrx_word' id='word_1_254' title='bbox 2265 681 2278 705; x_wconf 89' lang='lat'><strong>,</strong></span> <span class='ocrx_word' id='word_1_255' title='bbox 2311 641 2475 710; x_wconf 87' lang='lat' dir='ltr'><strong>coepit</strong></span> <span class='ocrx_word' id='word_1_256' title='bbox 2504 640 2698 709; x_wconf 88' lang='lat' dir='ltr'><strong>impios</strong></span> <span class='ocrx_word' id='word_1_257' title='bbox 2727 639 3003 710; x_wconf 88' lang='lat' dir='ltr'><strong>possidere</strong></span> <span class='ocrx_word' id='word_1_258' title='bbox 3026 681 3041 705; x_wconf 95' lang='lat'><strong>,</strong></span> <span class='ocrx_word' id='word_1_259' title='bbox 3068 641 3122 695; x_wconf 92' lang='lat' dir='ltr'><strong>in</strong></span> <span class='ocrx_word' id='word_1_260' title='bbox 3152 655 3381 711; x_wconf 88' lang='lat' dir='ltr'><strong>quorum</strong></span> <span class='ocrx_word' id='word_1_261' title='bbox 3408 642 3587 712; x_wconf 84' lang='lat' dir='ltr'><strong>quoti-</strong></span> 
     </span>
    </p>
   </div>
   <div class='ocr_carea' id='block_1_38' title="bbox 1990 730 3585 804">
    <p class='ocr_par' dir='ltr' id='par_1_38' title="bbox 1990 730 3585 804">
     <span class='ocr_line' id='line_1_38' title="bbox 1990 730 3585 804; baseline 0.001 -17"><span class='ocrx_word' id='word_1_262' title='bbox 1990 732 2079 787; x_wconf 89' lang='lat' dir='ltr'><strong>die</strong></span> <span class='ocrx_word' id='word_1_263' title='bbox 2123 732 2282 787; x_wconf 81' lang='lat' dir='ltr'><strong>caecis</strong></span> <span class='ocrx_word' id='word_1_264' title='bbox 2327 731 2609 799; x_wconf 85' lang='lat' dir='ltr'><strong>cordibus,</strong></span> <span class='ocrx_word' id='word_1_265' title='bbox 2656 737 2929 803; x_wconf 87' lang='lat' dir='ltr'><strong>tamquam</strong></span> <span class='ocrx_word' id='word_1_266' title='bbox 2975 731 3027 785; x_wconf 90' lang='lat' dir='ltr'><strong>in</strong></span> <span class='ocrx_word' id='word_1_267' title='bbox 3074 730 3256 804; x_wconf 70' lang='lat' dir='ltr'><strong>abyssi</strong></span> <span class='ocrx_word' id='word_1_268' title='bbox 3318 731 3585 803; x_wconf 86' lang='lat' dir='ltr'><strong>profundo</strong></span> 
     </span>
    </p>
   </div>
   <div class='ocr_carea' id='block_1_39' title="bbox 1989 824 3590 897">
    <p class='ocr_par' dir='ltr' id='par_1_39' title="bbox 1989 824 3590 897">
     <span class='ocr_line' id='line_1_39' title="bbox 1989 824 3590 897; baseline 0.001 -17"><span class='ocrx_word' id='word_1_269' title='bbox 1989 825 2229 880; x_wconf 86' lang='lat' dir='ltr'><strong>inclusus</strong></span> <span class='ocrx_word' id='word_1_270' title='bbox 2274 833 2376 880; x_wconf 89' lang='lat' dir='ltr'><strong>est.</strong></span> <span class='ocrx_word' id='word_1_271' title='bbox 2420 826 2485 879; x_wconf 86' lang='lat' dir='ltr'><strong>Et</strong></span> <span class='ocrx_word' id='word_1_272' title='bbox 2528 825 2752 891; x_wconf 87' lang='lat' dir='ltr'><strong>clausit,</strong></span> <span class='ocrx_word' id='word_1_273' title='bbox 2800 824 3004 894; x_wconf 80' lang='lat' dir='ltr'><strong>inquit,</strong></span> <span class='ocrx_word' id='word_1_274' title='bbox 3052 833 3107 879; x_wconf 89' lang='lat' dir='ltr'><strong>et</strong></span> <span class='ocrx_word' id='word_1_275' title='bbox 3150 825 3384 896; x_wconf 81' lang='lat' dir='ltr'><strong>signavit</strong></span> <span class='ocrx_word' id='word_1_276' title='bbox 3426 839 3590 897; x_wconf 83' lang='lat' dir='ltr'><strong>super</strong></span> 
     </span>
    </p>
   </div>
   <div class='ocr_carea' id='block_1_40' title="bbox 1991 916 3590 988">
    <p class='ocr_par' dir='ltr' id='par_1_40' title="bbox 1991 916 3590 988">
     <span class='ocr_line' id='line_1_40' title="bbox 1991 916 3590 988; baseline 0.001 -16"><span class='ocrx_word' id='word_1_277' title='bbox 1991 933 2112 973; x_wconf 87' lang='lat' dir='ltr'><strong>eum</strong></span> <span class='ocrx_word' id='word_1_278' title='bbox 2146 926 2203 971; x_wconf 91' lang='lat' dir='ltr'><strong>ut</strong></span> <span class='ocrx_word' id='word_1_279' title='bbox 2244 933 2351 971; x_wconf 89' lang='lat' dir='ltr'><strong>non</strong></span> <span class='ocrx_word' id='word_1_280' title='bbox 2397 917 2680 971; x_wconf 89' lang='lat' dir='ltr'><strong>seduceret</strong></span> <span class='ocrx_word' id='word_1_281' title='bbox 2715 925 2908 988; x_wconf 85' lang='lat' dir='ltr'><strong>gentes</strong></span> <span class='ocrx_word' id='word_1_282' title='bbox 2953 916 3129 972; x_wconf 86' lang='lat' dir='ltr'><strong>donec.</strong></span> <span class='ocrx_word' id='word_1_283' title='bbox 3156 916 3410 972; x_wconf 81' lang='lat' dir='ltr'><strong>liniantur</strong></span> <span class='ocrx_word' id='word_1_284' title='bbox 3439 917 3590 974; x_wconf 89' lang='lat' dir='ltr'><strong>mille</strong></span> 
     </span>
    </p>
   </div>
   <div class='ocr_carea' id='block_1_41' title="bbox 1989 1007 3589 1079">
    <p class='ocr_par' dir='ltr' id='par_1_41' title="bbox 1989 1007 3589 1079">
     <span class='ocr_line' id='line_1_41' title="bbox 1989 1007 3589 1079; baseline 0.001 -15"><span class='ocrx_word' id='word_1_285' title='bbox 1989 1011 2136 1064; x_wconf 91' lang='lat' dir='ltr'><strong>anni.</strong></span> <span class='ocrx_word' id='word_1_286' title='bbox 2169 1008 2363 1063; x_wconf 82' lang='lat' dir='ltr'><strong>Clausit</strong></span> <span class='ocrx_word' id='word_1_287' title='bbox 2393 1026 2547 1079; x_wconf 89' lang='lat' dir='ltr'><strong>super</strong></span> <span class='ocrx_word' id='word_1_288' title='bbox 2572 1025 2684 1062; x_wconf 87' lang='lat' dir='ltr'><strong>eum</strong></span> <span class='ocrx_word' id='word_1_289' title='bbox 2727 1008 2930 1064; x_wconf 80' lang='lat' dir='ltr'><strong>dictum</strong></span> <span class='ocrx_word' id='word_1_290' title='bbox 2953 1017 3072 1073; x_wconf 86' lang='lat' dir='ltr'><strong>est,</strong></span> <span class='ocrx_word' id='word_1_291' title='bbox 3104 1007 3158 1063; x_wconf 89' lang='lat' dir='ltr'><strong>id</strong></span> <span class='ocrx_word' id='word_1_292' title='bbox 3184 1018 3268 1064; x_wconf 88' lang='lat' dir='ltr'><strong>est</strong></span> <span class='ocrx_word' id='word_1_293' title='bbox 3311 1008 3589 1066; x_wconf 81' lang='lat' dir='ltr'><strong>interdixit</strong></span> 
     </span>
    </p>
   </div>
   <div class='ocr_carea' id='block_1_42' title="bbox 1987 1102 3586 1177">
    <p class='ocr_par' dir='ltr' id='par_1_42' title="bbox 1987 1102 3586 1177">
     <span class='ocr_line' id='line_1_42' title="bbox 1987 1102 3586 1177; baseline 0.001 -18"><span class='ocrx_word' id='word_1_294' title='bbox 1987 1114 2147 1177; x_wconf 89' lang='lat' dir='ltr'><strong>atque</strong></span> <span class='ocrx_word' id='word_1_295' title='bbox 2184 1104 2457 1171; x_wconf 80' lang='lat' dir='ltr'><strong>cohibuit,</strong></span> <span class='ocrx_word' id='word_1_296' title='bbox 2491 1119 2560 1159; x_wconf 87' lang='lat' dir='ltr'><strong>ne</strong></span> <span class='ocrx_word' id='word_1_297' title='bbox 2589 1103 2811 1159; x_wconf 87' lang='lat' dir='ltr'><strong>seducat</strong></span> <span class='ocrx_word' id='word_1_298' title='bbox 2833 1104 3172 1174; x_wconf 86' lang='lat' dir='ltr'><strong>pertinentes</strong></span> <span class='ocrx_word' id='word_1_299' title='bbox 3192 1102 3261 1158; x_wconf 87' lang='lat' dir='ltr'><strong>ad</strong></span> <span class='ocrx_word' id='word_1_300' title='bbox 3285 1102 3586 1161; x_wconf 88' lang='lat' dir='ltr'><strong>Christum.</strong></span> 
     </span>
    </p>
   </div>
   <div class='ocr_carea' id='block_1_43' title="bbox 1988 1198 3581 1271">
    <p class='ocr_par' dir='ltr' id='par_1_43' title="bbox 1988 1198 3581 1271">
     <span class='ocr_line' id='line_1_43' title="bbox 1988 1198 3581 1271; baseline -0.001 -16"><span class='ocrx_word' id='word_1_301' title='bbox 1988 1199 2223 1271; x_wconf 87' lang='lat' dir='ltr'><strong>Signavit</strong></span> <span class='ocrx_word' id='word_1_302' title='bbox 2276 1207 2453 1254; x_wconf 89' lang='lat' dir='ltr'><strong>autem</strong></span> <span class='ocrx_word' id='word_1_303' title='bbox 2501 1214 2652 1270; x_wconf 87' lang='lat' dir='ltr'><strong>super</strong></span> <span class='ocrx_word' id='word_1_304' title='bbox 2681 1215 2828 1258; x_wconf 77' lang='lat' dir='ltr'><strong>eum.</strong></span> <span class='ocrx_word' id='word_1_305' title='bbox 2876 1199 3000 1270; x_wconf 86' lang='lat' dir='ltr'><strong>quia</strong></span> <span class='ocrx_word' id='word_1_306' title='bbox 3046 1198 3320 1254; x_wconf 87' lang='lat' dir='ltr'><strong>occultum</strong></span> <span class='ocrx_word' id='word_1_307' title='bbox 3360 1207 3445 1255; x_wconf 86' lang='lat' dir='ltr'><strong>est</strong></span> <span class='ocrx_word' id='word_1_308' title='bbox 3491 1200 3581 1270; x_wconf 90' lang='lat' dir='ltr'><strong>qui</strong></span> 
     </span>
    </p>
   </div>
   <div class='ocr_carea' id='block_1_44' title="bbox 1985 1289 3579 1363">
    <p class='ocr_par' dir='ltr' id='par_1_44' title="bbox 1985 1289 3579 1363">
     <span class='ocr_line' id='line_1_44' title="bbox 1985 1289 3579 1363; baseline 0.001 -16"><span class='ocrx_word' id='word_1_309' title='bbox 1985 1292 2295 1362; x_wconf 87' lang='lat' dir='ltr'><strong>pertineant</strong></span> <span class='ocrx_word' id='word_1_310' title='bbox 2347 1291 2414 1346; x_wconf 91' lang='lat' dir='ltr'><strong>ad</strong></span> <span class='ocrx_word' id='word_1_311' title='bbox 2463 1301 2672 1363; x_wconf 88' lang='lat' dir='ltr'><strong>partem</strong></span> <span class='ocrx_word' id='word_1_312' title='bbox 2718 1291 2954 1356; x_wconf 88' lang='lat' dir='ltr'><strong>diaboli,</strong></span> <span class='ocrx_word' id='word_1_313' title='bbox 3004 1300 3060 1346; x_wconf 90' lang='lat' dir='ltr'><strong>et</strong></span> <span class='ocrx_word' id='word_1_314' title='bbox 3112 1292 3202 1362; x_wconf 89' lang='lat' dir='ltr'><strong>qui</strong></span> <span class='ocrx_word' id='word_1_315' title='bbox 3244 1291 3313 1346; x_wconf 91' lang='lat' dir='ltr'><strong>ad</strong></span> <span class='ocrx_word' id='word_1_316' title='bbox 3358 1289 3579 1348; x_wconf 84' lang='lat' dir='ltr'><strong>Christi.</strong></span> 
     </span>
    </p>
   </div>
   <div class='ocr_carea' id='block_1_45' title="bbox 1982 1383 3581 1454">
    <p class='ocr_par' dir='ltr' id='par_1_45' title="bbox 1982 1383 3581 1454">
     <span class='ocr_line' id='line_1_45' title="bbox 1982 1383 3581 1454; baseline 0.002 -15"><span class='ocrx_word' id='word_1_317' title='bbox 1982 1383 2116 1440; x_wconf 85' lang='lat' dir='ltr'><strong>Nam</strong></span> <span class='ocrx_word' id='word_1_318' title='bbox 2148 1393 2202 1439; x_wconf 87' lang='lat' dir='ltr'><strong>et</strong></span> <span class='ocrx_word' id='word_1_319' title='bbox 2230 1384 2320 1454; x_wconf 88' lang='lat' dir='ltr'><strong>qui</strong></span> <span class='ocrx_word' id='word_1_320' title='bbox 2349 1384 2604 1439; x_wconf 89' lang='lat' dir='ltr'><strong>videntur</strong></span> <span class='ocrx_word' id='word_1_321' title='bbox 2624 1391 2804 1451; x_wconf 86' lang='lat' dir='ltr'><strong>stare,</strong></span> <span class='ocrx_word' id='word_1_322' title='bbox 2836 1385 3110 1440; x_wconf 88' lang='lat' dir='ltr'><strong>nescimus</strong></span> <span class='ocrx_word' id='word_1_323' title='bbox 3139 1385 3185 1442; x_wconf 91' lang='lat' dir='ltr'><strong>si</strong></span> <span class='ocrx_word' id='word_1_324' title='bbox 3217 1385 3396 1441; x_wconf 85' lang='lat' dir='ltr'><strong>casuri</strong></span> <span class='ocrx_word' id='word_1_325' title='bbox 3435 1386 3581 1454; x_wconf 88' lang='lat' dir='ltr'><strong>sint;</strong></span> 
     </span>
    </p>
   </div>
   <div class='ocr_carea' id='block_1_46' title="bbox 1984 1478 3581 1550">
    <p class='ocr_par' dir='ltr' id='par_1_46' title="bbox 1984 1478 3581 1550">
     <span class='ocr_line' id='line_1_46' title="bbox 1984 1478 3581 1550; baseline 0.003 -17"><span class='ocrx_word' id='word_1_326' title='bbox 1984 1487 2039 1534; x_wconf 91' lang='lat' dir='ltr'><strong>et</strong></span> <span class='ocrx_word' id='word_1_327' title='bbox 2068 1479 2158 1550; x_wconf 88' lang='lat' dir='ltr'><strong>qui</strong></span> <span class='ocrx_word' id='word_1_328' title='bbox 2181 1480 2393 1548; x_wconf 88' lang='lat' dir='ltr'><strong>jacent,</strong></span> <span class='ocrx_word' id='word_1_329' title='bbox 2430 1478 2474 1533; x_wconf 88' lang='lat' dir='ltr'><strong>si</strong></span> <span class='ocrx_word' id='word_1_330' title='bbox 2503 1490 2726 1550; x_wconf 86' lang='lat' dir='ltr'><strong>surgant</strong></span> <span class='ocrx_word' id='word_1_331' title='bbox 2755 1479 3017 1535; x_wconf 88' lang='lat' dir='ltr'><strong>incertum</strong></span> <span class='ocrx_word' id='word_1_332' title='bbox 3062 1487 3165 1535; x_wconf 88' lang='lat' dir='ltr'><strong>est.</strong></span> <span class='ocrx_word' id='word_1_333' title='bbox 3199 1479 3359 1548; x_wconf 83' lang='lat' dir='ltr'><strong>Quod</strong></span> <span class='ocrx_word' id='word_1_334' title='bbox 3402 1490 3581 1539; x_wconf 87' lang='lat' dir='ltr'><strong>autem</strong></span> 
     </span>
    </p>
   </div>
   <div class='ocr_carea' id='block_1_47' title="bbox 1907 1571 3588 1642">
    <p class='ocr_par' dir='ltr' id='par_1_47' title="bbox 1907 1571 3588 1642">
     <span class='ocr_line' id='line_1_47' title="bbox 1907 1571 3588 1642; baseline 0.003 -16"><span class='ocrx_word' id='word_1_335' title='bbox 1907 1580 1956 1642; x_wconf 80' lang='grc' dir='ltr'><strong>Β</strong></span> <span class='ocrx_word' id='word_1_336' title='bbox 1982 1572 2057 1627; x_wconf 89' lang='lat' dir='ltr'><strong>ait</strong></span> <span class='ocrx_word' id='word_1_337' title='bbox 2098 1571 2318 1642; x_wconf 87' lang='lat' dir='ltr'><strong>ligatum</strong></span> <span class='ocrx_word' id='word_1_338' title='bbox 2350 1580 2512 1642; x_wconf 85' lang='lat' dir='ltr'><strong>atque</strong></span> <span class='ocrx_word' id='word_1_339' title='bbox 2554 1571 2823 1626; x_wconf 89' lang='lat' dir='ltr'><strong>inclusum</strong></span> <span class='ocrx_word' id='word_1_340' title='bbox 2870 1572 3053 1636; x_wconf 89' lang='lat' dir='ltr'><strong>illum,</strong></span> <span class='ocrx_word' id='word_1_341' title='bbox 3102 1580 3163 1627; x_wconf 93' lang='lat' dir='ltr'><strong>ut</strong></span> <span class='ocrx_word' id='word_1_342' title='bbox 3212 1588 3321 1629; x_wconf 90' lang='lat' dir='ltr'><strong>non</strong></span> <span class='ocrx_word' id='word_1_343' title='bbox 3362 1573 3588 1631; x_wconf 85' lang='lat' dir='ltr'><strong>seducat</strong></span> 
     </span>
    </p>
   </div>
   <div class='ocr_carea' id='block_1_48' title="bbox 1980 1664 3575 1738">
    <p class='ocr_par' dir='ltr' id='par_1_48' title="bbox 1980 1664 3575 1738">
     <span class='ocr_line' id='line_1_48' title="bbox 1980 1664 3575 1738; baseline 0.001 -18"><span class='ocrx_word' id='word_1_344' title='bbox 1980 1673 2208 1737; x_wconf 87' lang='lat' dir='ltr'><strong>gentes:</strong></span> <span class='ocrx_word' id='word_1_345' title='bbox 2236 1674 2426 1736; x_wconf 78' lang='lat' dir='ltr'><strong>gentes</strong></span> <span class='ocrx_word' id='word_1_346' title='bbox 2472 1664 2766 1720; x_wconf 87' lang='lat' dir='ltr'><strong>Ecclesiam</strong></span> <span class='ocrx_word' id='word_1_347' title='bbox 2793 1664 3100 1735; x_wconf 78' lang='lat' dir='ltr'><strong>signiﬁcant</strong></span> <span class='ocrx_word' id='word_1_348' title='bbox 3127 1679 3193 1721; x_wconf 79' lang='lat' dir='ltr'><strong>ex</strong></span> <span class='ocrx_word' id='word_1_349' title='bbox 3221 1665 3421 1737; x_wconf 89' lang='lat' dir='ltr'><strong>quibus</strong></span> <span class='ocrx_word' id='word_1_350' title='bbox 3454 1667 3575 1738; x_wconf 77' lang='lat' dir='ltr'><strong>ipsa</strong></span> 
     </span>
    </p>
   </div>
   <div class='ocr_carea' id='block_1_49' title="bbox 1984 1755 3589 1834">
    <p class='ocr_par' dir='ltr' id='par_1_49' title="bbox 1984 1755 3589 1834">
     <span class='ocr_line' id='line_1_49' title="bbox 1984 1755 3589 1834; baseline 0.002 -23"><span class='ocrx_word' id='word_1_351' title='bbox 1984 1765 2233 1822; x_wconf 88' lang='lat' dir='ltr'><strong>constat,</strong></span> <span class='ocrx_word' id='word_1_352' title='bbox 2268 1770 2423 1834; x_wconf 35' lang='lat' dir='ltr'><strong>quas.</strong></span> <span class='ocrx_word' id='word_1_353' title='bbox 2443 1755 2696 1811; x_wconf 88' lang='lat' dir='ltr'><strong>seductas</strong></span> <span class='ocrx_word' id='word_1_354' title='bbox 2737 1765 2862 1811; x_wconf 84' lang='lat' dir='ltr'><strong>ante</strong></span> <span class='ocrx_word' id='word_1_355' title='bbox 2903 1755 3159 1824; x_wconf 86' lang='lat' dir='ltr'><strong>tenebat,</strong></span> <span class='ocrx_word' id='word_1_356' title='bbox 3202 1756 3360 1812; x_wconf 87' lang='lat' dir='ltr'><strong>donec</strong></span> <span class='ocrx_word' id='word_1_357' title='bbox 3399 1757 3589 1827; x_wconf 75' lang='lat' dir='ltr'><strong>ﬁnian-</strong></span> 
     </span>
    </p>
   </div>
   <div class='ocr_carea' id='block_1_50' title="bbox 1988 1850 3591 1924">
    <p class='ocr_par' dir='ltr' id='par_1_50' title="bbox 1988 1850 3591 1924">
     <span class='ocr_line' id='line_1_50' title="bbox 1988 1850 3591 1924; baseline 0.004 -18"><span class='ocrx_word' id='word_1_358' title='bbox 1988 1861 2091 1918; x_wconf 84' lang='lat' dir='ltr'><strong>tur,</strong></span> <span class='ocrx_word' id='word_1_359' title='bbox 2134 1851 2344 1921; x_wconf 90' lang='lat' dir='ltr'><strong>inquit,</strong></span> <span class='ocrx_word' id='word_1_360' title='bbox 2386 1851 2528 1906; x_wconf 85' lang='lat' dir='ltr'><strong>mille</strong></span> <span class='ocrx_word' id='word_1_361' title='bbox 2564 1853 2724 1918; x_wconf 86' lang='lat' dir='ltr'><strong>anni,</strong></span> <span class='ocrx_word' id='word_1_362' title='bbox 2772 1850 2826 1907; x_wconf 88' lang='lat' dir='ltr'><strong>id</strong></span> <span class='ocrx_word' id='word_1_363' title='bbox 2870 1860 2953 1907; x_wconf 88' lang='lat' dir='ltr'><strong>est</strong></span> <span class='ocrx_word' id='word_1_364' title='bbox 3000 1851 3144 1922; x_wconf 87' lang='lat' dir='ltr'><strong>quod</strong></span> <span class='ocrx_word' id='word_1_365' title='bbox 3193 1853 3460 1924; x_wconf 88' lang='lat' dir='ltr'><strong>reliquum</strong></span> <span class='ocrx_word' id='word_1_366' title='bbox 3504 1864 3591 1912; x_wconf 84' lang='lat' dir='ltr'><strong>est</strong></span> 
     </span>
    </p>
   </div>
   <div class='ocr_carea' id='block_1_51' title="bbox 1982 1938 3586 2019">
    <p class='ocr_par' dir='ltr' id='par_1_51' title="bbox 1982 1938 3586 2019">
     <span class='ocr_line' id='line_1_51' title="bbox 1982 1938 3586 2019; baseline 0.003 -20"><span class='ocrx_word' id='word_1_367' title='bbox 1982 1944 2050 2000; x_wconf 89' lang='lat' dir='ltr'><strong>de</strong></span> <span class='ocrx_word' id='word_1_368' title='bbox 2078 1953 2239 2000; x_wconf 85' lang='lat' dir='ltr'><strong>sexto</strong></span> <span class='ocrx_word' id='word_1_369' title='bbox 2284 1938 2642 2012; x_wconf 52' lang='lat' dir='ltr'><strong>die,&#39;scilicet</strong></span> <span class='ocrx_word' id='word_1_370' title='bbox 2682 1945 2751 2001; x_wconf 89' lang='lat' dir='ltr'><strong>de</strong></span> <span class='ocrx_word' id='word_1_371' title='bbox 2794 1954 2945 2001; x_wconf 77' lang='lat' dir='ltr'><strong>sexta</strong></span> <span class='ocrx_word' id='word_1_372' title='bbox 2989 1954 3178 2013; x_wconf 67' lang='lat' dir='ltr'><strong>aetate,</strong></span> <span class='ocrx_word' id='word_1_373' title='bbox 3206 1963 3328 2019; x_wconf 71' lang='lat' dir='ltr'><strong>quae</strong></span> <span class='ocrx_word' id='word_1_374' title='bbox 3372 1957 3586 2005; x_wconf 85' lang='lat' dir='ltr'><strong>constat</strong></span> 
     </span>
    </p>
   </div>
   <div class='ocr_carea' id='block_1_52' title="bbox 1982 2037 3582 2111">
    <p class='ocr_par' dir='ltr' id='par_1_52' title="bbox 1982 2037 3582 2111">
     <span class='ocr_line' id='line_1_52' title="bbox 1982 2037 3582 2111; baseline 0.004 -18"><span class='ocrx_word' id='word_1_375' title='bbox 1982 2038 2132 2094; x_wconf 88' lang='lat' dir='ltr'><strong>mille</strong></span> <span class='ocrx_word' id='word_1_376' title='bbox 2172 2038 2348 2093; x_wconf 88' lang='lat' dir='ltr'><strong>annis.</strong></span> <span class='ocrx_word' id='word_1_377' title='bbox 2395 2037 2523 2094; x_wconf 84' lang='lat' dir='ltr'><strong>Post</strong></span> <span class='ocrx_word' id='word_1_378' title='bbox 2564 2043 2673 2095; x_wconf 78' lang='lat' dir='ltr'><strong>ntec</strong></span> <span class='ocrx_word' id='word_1_379' title='bbox 2716 2050 2920 2111; x_wconf 88' lang='lat' dir='ltr'><strong>oportet</strong></span> <span class='ocrx_word' id='word_1_380' title='bbox 2946 2057 3061 2096; x_wconf 87' lang='lat' dir='ltr'><strong>eum</strong></span> <span class='ocrx_word' id='word_1_381' title='bbox 3102 2040 3235 2097; x_wconf 81' lang='lat' dir='ltr'><strong>solui</strong></span> <span class='ocrx_word' id='word_1_382' title='bbox 3277 2041 3415 2098; x_wconf 73' lang='lat' dir='ltr'><strong>breui</strong></span> <span class='ocrx_word' id='word_1_383' title='bbox 3452 2053 3582 2099; x_wconf 86' lang='lat' dir='ltr'><strong>tem-</strong></span> 
     </span>
    </p>
   </div>
   <div class='ocr_carea' id='block_1_53' title="bbox 1982 2131 3583 2208">
    <p class='ocr_par' dir='ltr' id='par_1_53' title="bbox 1982 2131 3583 2208">
     <span class='ocr_line' id='line_1_53' title="bbox 1982 2131 3583 2208; baseline 0.006 -23"><span class='ocrx_word' id='word_1_384' title='bbox 1982 2148 2126 2202; x_wconf 89' lang='lat' dir='ltr'><strong>pore.</strong></span> <span class='ocrx_word' id='word_1_385' title='bbox 2154 2131 2328 2187; x_wconf 87' lang='lat' dir='ltr'><strong>Breve</strong></span> <span class='ocrx_word' id='word_1_386' title='bbox 2357 2139 2571 2201; x_wconf 89' lang='lat' dir='ltr'><strong>tempus</strong></span> <span class='ocrx_word' id='word_1_387' title='bbox 2596 2141 2708 2187; x_wconf 90' lang='lat' dir='ltr'><strong>tres</strong></span> <span class='ocrx_word' id='word_1_388' title='bbox 2736 2147 2909 2189; x_wconf 89' lang='lat' dir='ltr'><strong>annos</strong></span> <span class='ocrx_word' id='word_1_389' title='bbox 2950 2142 3006 2189; x_wconf 90' lang='lat' dir='ltr'><strong>et</strong></span> <span class='ocrx_word' id='word_1_390' title='bbox 3037 2148 3133 2190; x_wconf 79' lang='lat' dir='ltr'><strong>sex</strong></span> <span class='ocrx_word' id='word_1_391' title='bbox 3164 2149 3379 2191; x_wconf 84' lang='lat' dir='ltr'><strong>menses</strong></span> <span class='ocrx_word' id='word_1_392' title='bbox 3417 2136 3583 2208; x_wconf 83' lang='lat' dir='ltr'><strong>signi-</strong></span> 
     </span>
    </p>
   </div>
   <div class='ocr_carea' id='block_1_54' title="bbox 1985 2226 3580 2298">
    <p class='ocr_par' dir='ltr' id='par_1_54' title="bbox 1985 2226 3580 2298">
     <span class='ocr_line' id='line_1_54' title="bbox 1985 2226 3580 2298; baseline 0.004 -17"><span class='ocrx_word' id='word_1_393' title='bbox 1985 2226 2108 2283; x_wconf 83' lang='lat' dir='ltr'><strong>ﬁcat</strong></span> <span class='ocrx_word' id='word_1_394' title='bbox 2125 2272 2138 2294; x_wconf 92' lang='lat'><strong>,</strong></span> <span class='ocrx_word' id='word_1_395' title='bbox 2171 2227 2365 2298; x_wconf 91' lang='lat' dir='ltr'><strong>quibus</strong></span> <span class='ocrx_word' id='word_1_396' title='bbox 2396 2228 2524 2281; x_wconf 91' lang='lat' dir='ltr'><strong>totis</strong></span> <span class='ocrx_word' id='word_1_397' title='bbox 2544 2227 2748 2282; x_wconf 89' lang='lat' dir='ltr'><strong>viribus</strong></span> <span class='ocrx_word' id='word_1_398' title='bbox 2770 2242 2830 2283; x_wconf 88' lang='lat' dir='ltr'><strong>se</strong></span> <span class='ocrx_word' id='word_1_399' title='bbox 2855 2228 3061 2283; x_wconf 90' lang='lat' dir='ltr'><strong>ulturus</strong></span> <span class='ocrx_word' id='word_1_400' title='bbox 3087 2236 3171 2284; x_wconf 88' lang='lat' dir='ltr'><strong>est</strong></span> <span class='ocrx_word' id='word_1_401' title='bbox 3196 2228 3444 2285; x_wconf 88' lang='lat' dir='ltr'><strong>diabolus</strong></span> <span class='ocrx_word' id='word_1_402' title='bbox 3479 2232 3580 2288; x_wconf 90' lang='lat' dir='ltr'><strong>sub</strong></span> 
     </span>
    </p>
   </div>
   <div class='ocr_carea' id='block_1_55' title="bbox 1985 2321 3574 2395">
    <p class='ocr_par' dir='ltr' id='par_1_55' title="bbox 1985 2321 3574 2395">
     <span class='ocr_line' id='line_1_55' title="bbox 1985 2321 3574 2395; baseline 0.003 -19"><span class='ocrx_word' id='word_1_403' title='bbox 1985 2321 2324 2377; x_wconf 83' lang='lat' dir='ltr'><strong>Antichristo</strong></span> <span class='ocrx_word' id='word_1_404' title='bbox 2367 2321 2631 2377; x_wconf 73' lang='lat' dir='ltr'><strong>adversus</strong></span> <span class='ocrx_word' id='word_1_405' title='bbox 2679 2321 3000 2377; x_wconf 87' lang='lat' dir='ltr'><strong>Ecclesiam.</strong></span> <span class='ocrx_word' id='word_1_406' title='bbox 3034 2322 3237 2379; x_wconf 89' lang='lat' dir='ltr'><strong>Deinde</strong></span> <span class='ocrx_word' id='word_1_407' title='bbox 3280 2334 3392 2395; x_wconf 89' lang='lat' dir='ltr'><strong>post</strong></span> <span class='ocrx_word' id='word_1_408' title='bbox 3425 2325 3574 2395; x_wconf 90' lang='lat' dir='ltr'><strong>dicit,</strong></span> 
     </span>
    </p>
   </div>
   <div class='ocr_carea' id='block_1_56' title="bbox 1981 2414 3579 2491">
    <p class='ocr_par' dir='ltr' id='par_1_56' title="bbox 1981 2414 3579 2491">
     <span class='ocr_line' id='line_1_56' title="bbox 1981 2414 3579 2491; baseline 0.005 -23"><span class='ocrx_word' id='word_1_409' title='bbox 1981 2414 2125 2485; x_wconf 90' lang='lat' dir='ltr'><strong>quod</strong></span> <span class='ocrx_word' id='word_1_410' title='bbox 2174 2414 2464 2470; x_wconf 88' lang='lat' dir='ltr'><strong>solvendus</strong></span> <span class='ocrx_word' id='word_1_411' title='bbox 2491 2416 2595 2470; x_wconf 89' lang='lat' dir='ltr'><strong>erit</strong></span> <span class='ocrx_word' id='word_1_412' title='bbox 2623 2415 2900 2483; x_wconf 87' lang='lat' dir='ltr'><strong>diabolus,</strong></span> <span class='ocrx_word' id='word_1_413' title='bbox 2945 2426 3001 2472; x_wconf 89' lang='lat' dir='ltr'><strong>et</strong></span> <span class='ocrx_word' id='word_1_414' title='bbox 3044 2417 3364 2474; x_wconf 82' lang='lat' dir='ltr'><strong>seducturus</strong></span> <span class='ocrx_word' id='word_1_415' title='bbox 3390 2428 3579 2491; x_wconf 85' lang='lat' dir='ltr'><strong>gentes</strong></span> 
     </span>
    </p>
   </div>
   <div class='ocr_carea' id='block_1_57' title="bbox 1979 2507 3578 2577">
    <p class='ocr_par' dir='ltr' id='par_1_57' title="bbox 1979 2507 3578 2577">
     <span class='ocr_line' id='line_1_57' title="bbox 1979 2507 3578 2577; baseline 0.005 -18"><span class='ocrx_word' id='word_1_416' title='bbox 1979 2515 2095 2561; x_wconf 87' lang='lat' dir='ltr'><strong>toto</strong></span> <span class='ocrx_word' id='word_1_417' title='bbox 2136 2507 2265 2563; x_wconf 90' lang='lat' dir='ltr'><strong>orbe</strong></span> <span class='ocrx_word' id='word_1_418' title='bbox 2312 2517 2621 2577; x_wconf 89' lang='lat' dir='ltr'><strong>terrarum,</strong></span> <span class='ocrx_word' id='word_1_419' title='bbox 2678 2518 2734 2563; x_wconf 91' lang='lat' dir='ltr'><strong>et</strong></span> <span class='ocrx_word' id='word_1_420' title='bbox 2775 2508 3013 2565; x_wconf 86' lang='lat' dir='ltr'><strong>attrahet</strong></span> <span class='ocrx_word' id='word_1_421' title='bbox 3069 2511 3268 2569; x_wconf 89' lang='lat' dir='ltr'><strong>bellum</strong></span> <span class='ocrx_word' id='word_1_422' title='bbox 3321 2512 3578 2577; x_wconf 84' lang='lat' dir='ltr'><strong>adversus</strong></span> 
     </span>
    </p>
   </div>
   <div class='ocr_carea' id='block_1_58' title="bbox 1980 2596 3573 2670">
    <p class='ocr_par' dir='ltr' id='par_1_58' title="bbox 1980 2596 3573 2670">
     <span class='ocr_line' id='line_1_58' title="bbox 1980 2596 3573 2670; baseline 0.005 -17"><span class='ocrx_word' id='word_1_423' title='bbox 1980 2596 2278 2654; x_wconf 81' lang='lat' dir='ltr'><strong>Ecclesium</strong></span> <span class='ocrx_word' id='word_1_424' title='bbox 2301 2643 2315 2668; x_wconf 92' lang='lat'><strong>,</strong></span> <span class='ocrx_word' id='word_1_425' title='bbox 2346 2614 2574 2670; x_wconf 87' lang='lat' dir='ltr'><strong>quorum</strong></span> <span class='ocrx_word' id='word_1_426' title='bbox 2597 2599 2830 2657; x_wconf 91' lang='lat' dir='ltr'><strong>hostium</strong></span> <span class='ocrx_word' id='word_1_427' title='bbox 2879 2618 3135 2658; x_wconf 90' lang='lat' dir='ltr'><strong>numerus</strong></span> <span class='ocrx_word' id='word_1_428' title='bbox 3175 2604 3279 2659; x_wconf 87' lang='lat' dir='ltr'><strong>erit</strong></span> <span class='ocrx_word' id='word_1_429' title='bbox 3311 2614 3369 2663; x_wconf 88' lang='lat' dir='ltr'><strong>ut</strong></span> <span class='ocrx_word' id='word_1_430' title='bbox 3409 2620 3573 2661; x_wconf 89' lang='lat' dir='ltr'><strong>arena</strong></span> 
     </span>
    </p>
   </div>
   <div class='ocr_carea' id='block_1_59' title="bbox 1979 2704 2164 2745">
    <p class='ocr_par' dir='ltr' id='par_1_59' title="bbox 1979 2704 2164 2745">
     <span class='ocr_line' id='line_1_59' title="bbox 1979 2704 2164 2745; baseline -0.005 -1"><span class='ocrx_word' id='word_1_431' title='bbox 1979 2704 2113 2744; x_wconf 83' lang='lat' dir='ltr'><strong>man</strong></span> <span class='ocrx_word' id='word_1_432' title='bbox 2120 2705 2164 2745; x_wconf 86' lang='lat' dir='ltr'><strong>S.</strong></span> 
     </span>
    </p>
   </div>
   <div class='ocr_carea' id='block_1_60' title="bbox 2050 2784 3571 2862">
    <p class='ocr_par' dir='ltr' id='par_1_60' title="bbox 2050 2784 3571 2862">
     <span class='ocr_line' id='line_1_60' title="bbox 2050 2784 3571 2862; baseline 0.006 -21"><span class='ocrx_word' id='word_1_433' title='bbox 2050 2786 2105 2851; x_wconf 73' lang='grc'><strong>4,</strong></span> <span class='ocrx_word' id='word_1_434' title='bbox 2139 2786 2193 2842; x_wconf 82' lang='lat' dir='ltr'><strong>li.</strong></span> <span class='ocrx_word' id='word_1_435' title='bbox 2224 2784 2295 2840; x_wconf 88' lang='lat' dir='ltr'><strong>Et</strong></span> <span class='ocrx_word' id='word_1_436' title='bbox 2316 2787 2419 2841; x_wconf 81' lang='lat' dir='ltr'><strong>vidi</strong></span> <span class='ocrx_word' id='word_1_437' title='bbox 2447 2788 2591 2842; x_wconf 81' lang='lat' dir='ltr'><strong>sedes</strong></span> <span class='ocrx_word' id='word_1_438' title='bbox 2611 2797 2658 2842; x_wconf 91' lang='lat' dir='ltr'><strong>et</strong></span> <span class='ocrx_word' id='word_1_439' title='bbox 2677 2789 2908 2844; x_wconf 87' lang='lat' dir='ltr'><strong>sedentes</strong></span> <span class='ocrx_word' id='word_1_440' title='bbox 2927 2806 3081 2861; x_wconf 85' lang='lat' dir='ltr'><strong>super</strong></span> <span class='ocrx_word' id='word_1_441' title='bbox 3109 2805 3224 2857; x_wconf 88' lang='lat' dir='ltr'><strong>eas,</strong></span> <span class='ocrx_word' id='word_1_442' title='bbox 3254 2800 3303 2846; x_wconf 88' lang='lat' dir='ltr'><strong>et</strong></span> <span class='ocrx_word' id='word_1_443' title='bbox 3320 2792 3571 2862; x_wconf 78' lang='lat' dir='ltr'><strong>iudicium</strong></span> 
     </span>
    </p>
   </div>
   <div class='ocr_carea' id='block_1_61' title="bbox 1978 2879 3568 2956">
    <p class='ocr_par' dir='ltr' id='par_1_61' title="bbox 1978 2879 3568 2956">
     <span class='ocr_line' id='line_1_61' title="bbox 1978 2879 3568 2956; baseline 0.005 -22"><span class='ocrx_word' id='word_1_444' title='bbox 1978 2880 2154 2934; x_wconf 88' lang='lat' dir='ltr'><strong>datum</strong></span> <span class='ocrx_word' id='word_1_445' title='bbox 2180 2890 2252 2934; x_wconf 87' lang='lat' dir='ltr'><strong>est</strong></span> <span class='ocrx_word' id='word_1_446' title='bbox 2267 2879 2370 2935; x_wconf 88' lang='lat' dir='ltr'><strong>illis</strong></span> <span class='ocrx_word' id='word_1_447' title='bbox 2385 2898 2404 2935; x_wconf 90' lang='lat'><strong><em>:</em></strong></span> <span class='ocrx_word' id='word_1_448' title='bbox 2422 2890 2469 2935; x_wconf 90' lang='lat' dir='ltr'><strong>et</strong></span> <span class='ocrx_word' id='word_1_449' title='bbox 2481 2882 2678 2936; x_wconf 88' lang='lat' dir='ltr'><strong>animas</strong></span> <span class='ocrx_word' id='word_1_450' title='bbox 2697 2883 2981 2939; x_wconf 85' lang='lat' dir='ltr'><strong>occisorum</strong></span> <span class='ocrx_word' id='word_1_451' title='bbox 2999 2893 3205 2956; x_wconf 79' lang='lat' dir='ltr'><strong>propter</strong></span> <span class='ocrx_word' id='word_1_452' title='bbox 3227 2886 3568 2942; x_wconf 84' lang='lat' dir='ltr'><strong>testimonium</strong></span> 
     </span>
    </p>
   </div>
   <div class='ocr_carea' id='block_1_62' title="bbox 267 2965 1867 3048">
    <p class='ocr_par' dir='ltr' id='par_1_62' title="bbox 267 2965 1865 3042">
     <span class='ocr_line' id='line_1_62' title="bbox 267 2965 1865 3042; baseline -0.011 -7"><span class='ocrx_word' id='word_1_453' title='bbox 267 2979 461 3042; x_wconf 83' lang='lat' dir='ltr'><strong>Esaia;</strong></span> <span class='ocrx_word' id='word_1_454' title='bbox 493 2986 545 3031; x_wconf 89' lang='lat' dir='ltr'><strong>et</strong></span> <span class='ocrx_word' id='word_1_455' title='bbox 573 2971 822 3029; x_wconf 85' lang='lat' dir='ltr'><strong>Ezechiel</strong></span> <span class='ocrx_word' id='word_1_456' title='bbox 863 2970 1149 3025; x_wconf 83' lang='lat' dir='ltr'><strong>Sodomam</strong></span> <span class='ocrx_word' id='word_1_457' title='bbox 1194 2967 1501 3022; x_wconf 86' lang='lat' dir='ltr'><strong>nominavit.</strong></span> <span class='ocrx_word' id='word_1_458' title='bbox 1542 2965 1777 3035; x_wconf 70' lang='lat' dir='ltr'><strong>Denique</strong></span> <span class='ocrx_word' id='word_1_459' title='bbox 1820 2966 1865 3021; x_wconf 89' lang='lat' dir='ltr'><strong>si</strong></span> 
     </span>
    </p>
   </div>
   <div class='ocr_carea' id='block_1_63' title="bbox 1981 2965 3567 3048">
    <p class='ocr_par' dir='ltr' id='par_1_63' title="bbox 1981 2973 3567 3048">
     <span class='ocr_line' id='line_1_63' title="bbox 1981 2973 3567 3048; baseline 0.004 -20"><span class='ocrx_word' id='word_1_460' title='bbox 1981 2973 2120 3042; x_wconf 78' lang='lat' dir='ltr'><strong>Iesu,</strong></span> <span class='ocrx_word' id='word_1_461' title='bbox 2136 2983 2182 3028; x_wconf 86' lang='lat' dir='ltr'><strong>et</strong></span> <span class='ocrx_word' id='word_1_462' title='bbox 2195 2984 2400 3045; x_wconf 85' lang='lat' dir='ltr'><strong>propter</strong></span> <span class='ocrx_word' id='word_1_463' title='bbox 2410 2991 2491 3029; x_wconf 84' lang='lat' dir='ltr'><strong>ver</strong></span> <span class='ocrx_word' id='word_1_464' title='bbox 2498 2973 2787 3042; x_wconf 84' lang='lat' dir='ltr'><strong>buntDei,et</strong></span> <span class='ocrx_word' id='word_1_465' title='bbox 2799 2977 2885 3048; x_wconf 86' lang='lat' dir='ltr'><strong>qui</strong></span> <span class='ocrx_word' id='word_1_466' title='bbox 2896 2992 2999 3031; x_wconf 88' lang='lat' dir='ltr'><strong>non</strong></span> <span class='ocrx_word' id='word_1_467' title='bbox 3011 2978 3345 3035; x_wconf 81' lang='lat' dir='ltr'><strong>adorauerunt</strong></span> <span class='ocrx_word' id='word_1_468' title='bbox 3357 2980 3567 3035; x_wconf 85' lang='lat' dir='ltr'><strong>bestiam</strong></span> 
     </span>
    </p>
   </div>
   <div class='ocr_carea' id='block_1_64' title="bbox 268 3060 1867 3143">
    <p class='ocr_par' dir='ltr' id='par_1_64' title="bbox 268 3060 1867 3143">
     <span class='ocr_line' id='line_1_64' title="bbox 268 3060 1867 3143; baseline -0.009 -16"><span class='ocrx_word' id='word_1_469' title='bbox 268 3084 549 3143; x_wconf 86' lang='lat' dir='ltr'><strong>compares</strong></span> <span class='ocrx_word' id='word_1_470' title='bbox 588 3082 708 3137; x_wconf 68' lang='lat' dir='ltr'><strong>qum</strong></span> <span class='ocrx_word' id='word_1_471' title='bbox 748 3074 933 3121; x_wconf 89' lang='lat' dir='ltr'><strong>contra</strong></span> <span class='ocrx_word' id='word_1_472' title='bbox 977 3061 1265 3117; x_wconf 85' lang='lat' dir='ltr'><strong>Sudomam</strong></span> <span class='ocrx_word' id='word_1_473' title='bbox 1305 3060 1444 3114; x_wconf 89' lang='lat' dir='ltr'><strong>dicta</strong></span> <span class='ocrx_word' id='word_1_474' title='bbox 1485 3067 1631 3125; x_wconf 87' lang='lat' dir='ltr'><strong>sunt,</strong></span> <span class='ocrx_word' id='word_1_475' title='bbox 1666 3067 1720 3112; x_wconf 88' lang='lat' dir='ltr'><strong>et</strong></span> <span class='ocrx_word' id='word_1_476' title='bbox 1746 3072 1867 3128; x_wconf 73' lang='lat' dir='ltr'><strong>quat</strong></span> 
     </span>
    </p>
   </div>
   <div class='ocr_carea' id='block_1_65' title="bbox 268 3150 1862 3228">
    <p class='ocr_par' dir='ltr' id='par_1_65' title="bbox 268 3150 1862 3228">
     <span class='ocr_line' id='line_1_65' title="bbox 268 3150 1862 3228; baseline -0.009 -10"><span class='ocrx_word' id='word_1_477' title='bbox 268 3162 453 3219; x_wconf 84' lang='lat' dir='ltr'><strong>Esaias</strong></span> <span class='ocrx_word' id='word_1_478' title='bbox 483 3168 668 3215; x_wconf 88' lang='lat' dir='ltr'><strong>contra</strong></span> <span class='ocrx_word' id='word_1_479' title='bbox 697 3155 1025 3228; x_wconf 84' lang='lat' dir='ltr'><strong>Babylonem</strong></span> <span class='ocrx_word' id='word_1_480' title='bbox 1053 3152 1204 3220; x_wconf 87' lang='lat' dir='ltr'><strong>dicit,</strong></span> <span class='ocrx_word' id='word_1_481' title='bbox 1234 3166 1459 3223; x_wconf 69' lang='lat' dir='ltr'><strong>quaeque</strong></span> <span class='ocrx_word' id='word_1_482' title='bbox 1490 3150 1862 3221; x_wconf 87' lang='lat' dir='ltr'><strong>Apocalypsis,</strong></span> 
     </span>
    </p>
   </div>
   <div class='ocr_carea' id='block_1_66' title="bbox 264 3248 1043 3312">
    <p class='ocr_par' dir='ltr' id='par_1_66' title="bbox 264 3248 1043 3312">
     <span class='ocr_line' id='line_1_66' title="bbox 264 3248 1043 3312; baseline -0.013 -1"><span class='ocrx_word' id='word_1_483' title='bbox 264 3271 430 3312; x_wconf 90' lang='lat' dir='ltr'><strong>unum</strong></span> <span class='ocrx_word' id='word_1_484' title='bbox 453 3267 574 3309; x_wconf 86' lang='lat' dir='ltr'><strong>esse</strong></span> <span class='ocrx_word' id='word_1_485' title='bbox 598 3252 775 3307; x_wconf 87' lang='lat' dir='ltr'><strong>omnia</strong></span> <span class='ocrx_word' id='word_1_486' title='bbox 803 3248 1043 3305; x_wconf 86' lang='lat' dir='ltr'><strong>invenies</strong></span> 
     </span>
    </p>
   </div>
   <div class='ocr_carea' id='block_1_67' title="bbox 843 3404 1266 3449">
    <p class='ocr_par' dir='ltr' id='par_1_67' title="bbox 843 3404 1266 3449">
     <span class='ocr_line' id='line_1_67' title="bbox 843 3404 1266 3449; baseline -0.005 -4"><span class='ocrx_word' id='word_1_487' title='bbox 843 3405 915 3446; x_wconf 73' lang='grc' dir='ltr'><strong>ΒΧ</strong></span> <span class='ocrx_word' id='word_1_488' title='bbox 939 3404 1128 3449; x_wconf 73' lang='grc' dir='ltr'><strong>ΕΔΡΙἸἝ</strong></span> <span class='ocrx_word' id='word_1_489' title='bbox 1157 3405 1266 3449; x_wconf 71' lang='lat' dir='ltr'><strong>XIX.</strong></span> 
     </span>
    </p>
   </div>
   <div class='ocr_carea' id='block_1_68' title="bbox 347 3544 1862 3621">
    <p class='ocr_par' dir='ltr' id='par_1_68' title="bbox 347 3544 1862 3621">
     <span class='ocr_line' id='line_1_68' title="bbox 347 3544 1862 3621; baseline -0.007 -11"><span class='ocrx_word' id='word_1_490' title='bbox 347 3556 434 3617; x_wconf 81' lang='grc'><strong>11.</strong></span> <span class='ocrx_word' id='word_1_491' title='bbox 468 3554 534 3609; x_wconf 86' lang='lat' dir='ltr'><strong>Et</strong></span> <span class='ocrx_word' id='word_1_492' title='bbox 558 3553 662 3607; x_wconf 85' lang='lat' dir='ltr'><strong>uidi</strong></span> <span class='ocrx_word' id='word_1_493' title='bbox 688 3552 867 3607; x_wconf 76' lang='lat' dir='ltr'><strong>ctutum</strong></span> <span class='ocrx_word' id='word_1_494' title='bbox 892 3557 1124 3621; x_wconf 87' lang='lat' dir='ltr'><strong>apertum</strong></span> <span class='ocrx_word' id='word_1_495' title='bbox 1156 3563 1172 3600; x_wconf 92' lang='lat'><strong><em>:</em></strong></span> <span class='ocrx_word' id='word_1_496' title='bbox 1199 3553 1246 3601; x_wconf 90' lang='lat' dir='ltr'><strong>et</strong></span> <span class='ocrx_word' id='word_1_497' title='bbox 1275 3561 1386 3600; x_wconf 91' lang='lat' dir='ltr'><strong>ecce</strong></span> <span class='ocrx_word' id='word_1_498' title='bbox 1410 3561 1566 3614; x_wconf 86' lang='lat' dir='ltr'><strong>equus</strong></span> <span class='ocrx_word' id='word_1_499' title='bbox 1607 3544 1750 3599; x_wconf 87' lang='lat' dir='ltr'><strong>albus</strong></span> <span class='ocrx_word' id='word_1_500' title='bbox 1775 3586 1788 3610; x_wconf 96' lang='lat'><strong>,</strong></span> <span class='ocrx_word' id='word_1_501' title='bbox 1814 3553 1862 3599; x_wconf 89' lang='lat' dir='ltr'><strong>et</strong></span> 
     </span>
    </p>
   </div>
   <div class='ocr_carea' id='block_1_69' title="bbox 263 3635 1857 3721">
    <p class='ocr_par' dir='ltr' id='par_1_69' title="bbox 263 3635 1857 3721">
     <span class='ocr_line' id='line_1_69' title="bbox 263 3635 1857 3721; baseline -0.008 -18"><span class='ocrx_word' id='word_1_502' title='bbox 263 3649 359 3721; x_wconf 78' lang='lat' dir='ltr'><strong>qui</strong></span> <span class='ocrx_word' id='word_1_503' title='bbox 404 3646 604 3702; x_wconf 85' lang='lat' dir='ltr'><strong>sedebat</strong></span> <span class='ocrx_word' id='word_1_504' title='bbox 649 3660 801 3715; x_wconf 89' lang='lat' dir='ltr'><strong>super</strong></span> <span class='ocrx_word' id='word_1_505' title='bbox 844 3660 978 3708; x_wconf 87' lang='lat' dir='ltr'><strong>eum,</strong></span> <span class='ocrx_word' id='word_1_506' title='bbox 1026 3639 1295 3695; x_wconf 86' lang='lat' dir='ltr'><strong>uocabatur</strong></span> <span class='ocrx_word' id='word_1_507' title='bbox 1348 3637 1540 3693; x_wconf 81' lang='lat' dir='ltr'><strong>Fidelis</strong></span> <span class='ocrx_word' id='word_1_508' title='bbox 1579 3646 1624 3691; x_wconf 86' lang='lat' dir='ltr'><strong>et</strong></span> <span class='ocrx_word' id='word_1_509' title='bbox 1668 3635 1857 3691; x_wconf 74' lang='lat' dir='ltr'><strong>Verax.</strong></span> 
     </span>
    </p>
   </div>
   <div class='ocr_carea' id='block_1_70' title="bbox 263 3734 1860 3814">
    <p class='ocr_par' dir='ltr' id='par_1_70' title="bbox 263 3734 1860 3814">
     <span class='ocr_line' id='line_1_70' title="bbox 263 3734 1860 3814; baseline -0.008 -18"><span class='ocrx_word' id='word_1_510' title='bbox 263 3743 449 3814; x_wconf 84' lang='lat' dir='ltr'><strong>Equus</strong></span> <span class='ocrx_word' id='word_1_511' title='bbox 476 3750 531 3795; x_wconf 87' lang='lat' dir='ltr'><strong>et</strong></span> <span class='ocrx_word' id='word_1_512' title='bbox 558 3738 752 3795; x_wconf 87' lang='lat' dir='ltr'><strong>sedens</strong></span> <span class='ocrx_word' id='word_1_513' title='bbox 785 3751 943 3806; x_wconf 82' lang='lat' dir='ltr'><strong>super</strong></span> <span class='ocrx_word' id='word_1_514' title='bbox 971 3751 1091 3790; x_wconf 88' lang='lat' dir='ltr'><strong>eum</strong></span> <span class='ocrx_word' id='word_1_515' title='bbox 1130 3734 1411 3787; x_wconf 88' lang='lat' dir='ltr'><strong>Dominum</strong></span> <span class='ocrx_word' id='word_1_516' title='bbox 1451 3740 1693 3786; x_wconf 91' lang='lat' dir='ltr'><strong>nostrum</strong></span> <span class='ocrx_word' id='word_1_517' title='bbox 1738 3745 1860 3785; x_wconf 91' lang='lat' dir='ltr'><strong>cum</strong></span> 
     </span>
    </p>
   </div>
   <div class='ocr_carea' id='block_1_71' title="bbox 264 3823 1861 3896">
    <p class='ocr_par' dir='ltr' id='par_1_71' title="bbox 264 3823 1861 3896">
     <span class='ocr_line' id='line_1_71' title="bbox 264 3823 1861 3896; baseline -0.008 -7"><span class='ocrx_word' id='word_1_518' title='bbox 264 3836 503 3890; x_wconf 82' lang='lat' dir='ltr'><strong>exercitu</strong></span> <span class='ocrx_word' id='word_1_519' title='bbox 535 3831 743 3888; x_wconf 65' lang='lat' dir='ltr'><strong>caelesti</strong></span> <span class='ocrx_word' id='word_1_520' title='bbox 769 3829 1143 3884; x_wconf 87' lang='lat' dir='ltr'><strong>advenientem</strong></span> <span class='ocrx_word' id='word_1_521' title='bbox 1172 3825 1237 3879; x_wconf 85' lang='lat' dir='ltr'><strong>ad</strong></span> <span class='ocrx_word' id='word_1_522' title='bbox 1268 3840 1488 3896; x_wconf 81' lang='lat' dir='ltr'><strong>regnum</strong></span> <span class='ocrx_word' id='word_1_523' title='bbox 1529 3823 1780 3885; x_wconf 85' lang='lat' dir='ltr'><strong>ostendit.</strong></span> <span class='ocrx_word' id='word_1_524' title='bbox 1806 3825 1861 3881; x_wconf 79' lang='grc' dir='ltr'><strong>Α</strong></span> 
     </span>
    </p>
   </div>
   <div class='ocr_carea' id='block_1_72' title="bbox 262 3915 1857 3995">
    <p class='ocr_par' dir='ltr' id='par_1_72' title="bbox 262 3915 1857 3995">
     <span class='ocr_line' id='line_1_72' title="bbox 262 3915 1857 3995; baseline -0.01 -11"><span class='ocrx_word' id='word_1_525' title='bbox 262 3927 400 3984; x_wconf 83' lang='lat' dir='ltr'><strong>mari</strong></span> <span class='ocrx_word' id='word_1_526' title='bbox 438 3926 634 3982; x_wconf 88' lang='lat' dir='ltr'><strong>etenim</strong></span> <span class='ocrx_word' id='word_1_527' title='bbox 678 3922 956 3994; x_wconf 82' lang='lat' dir='ltr'><strong>Aquilonis</strong></span> <span class='ocrx_word' id='word_1_528' title='bbox 995 3918 1136 3995; x_wconf 84' lang='lat' dir='ltr'><strong>quod</strong></span> <span class='ocrx_word' id='word_1_529' title='bbox 1166 3927 1249 3974; x_wconf 87' lang='lat' dir='ltr'><strong>est</strong></span> <span class='ocrx_word' id='word_1_530' title='bbox 1278 3917 1563 3973; x_wconf 84' lang='lat' dir='ltr'><strong>Arabicum</strong></span> <span class='ocrx_word' id='word_1_531' title='bbox 1596 3932 1762 3986; x_wconf 90' lang='lat' dir='ltr'><strong>usque</strong></span> <span class='ocrx_word' id='word_1_532' title='bbox 1788 3915 1857 3969; x_wconf 91' lang='lat' dir='ltr'><strong>ad</strong></span> 
     </span>
    </p>
   </div>
   <div class='ocr_carea' id='block_1_73' title="bbox 261 4012 1860 4085">
    <p class='ocr_par' dir='ltr' id='par_1_73' title="bbox 261 4012 1860 4085">
     <span class='ocr_line' id='line_1_73' title="bbox 261 4012 1860 4085; baseline -0.006 -9"><span class='ocrx_word' id='word_1_533' title='bbox 261 4036 415 4077; x_wconf 85' lang='lat' dir='ltr'><strong>mare</strong></span> <span class='ocrx_word' id='word_1_534' title='bbox 437 4017 703 4075; x_wconf 75' lang='lat' dir='ltr'><strong>thnicis</strong></span> <span class='ocrx_word' id='word_1_535' title='bbox 732 4026 786 4071; x_wconf 91' lang='lat' dir='ltr'><strong>et</strong></span> <span class='ocrx_word' id='word_1_536' title='bbox 814 4030 979 4085; x_wconf 86' lang='lat' dir='ltr'><strong>usque</strong></span> <span class='ocrx_word' id='word_1_537' title='bbox 1004 4014 1069 4068; x_wconf 88' lang='lat' dir='ltr'><strong>ad</strong></span> <span class='ocrx_word' id='word_1_538' title='bbox 1095 4014 1228 4068; x_wconf 82' lang='lat' dir='ltr'><strong>ﬁnes</strong></span> <span class='ocrx_word' id='word_1_539' title='bbox 1247 4022 1404 4068; x_wconf 62' lang='lat' dir='ltr'><strong>terra;</strong></span> <span class='ocrx_word' id='word_1_540' title='bbox 1428 4012 1659 4079; x_wconf 86' lang='lat' dir='ltr'><strong>majores</strong></span> <span class='ocrx_word' id='word_1_541' title='bbox 1682 4019 1860 4080; x_wconf 82' lang='lat' dir='ltr'><strong>partes</strong></span> 
     </span>
    </p>
   </div>
   <div class='ocr_carea' id='block_1_74' title="bbox 262 4106 1860 4178">
    <p class='ocr_par' dir='ltr' id='par_1_74' title="bbox 262 4106 1860 4178">
     <span class='ocr_line' id='line_1_74' title="bbox 262 4106 1860 4178; baseline -0.006 -8"><span class='ocrx_word' id='word_1_542' title='bbox 262 4115 361 4170; x_wconf 86' lang='lat' dir='ltr'><strong>has</strong></span> <span class='ocrx_word' id='word_1_543' title='bbox 404 4115 456 4168; x_wconf 92' lang='lat' dir='ltr'><strong>in</strong></span> <span class='ocrx_word' id='word_1_544' title='bbox 502 4112 735 4167; x_wconf 79' lang='lat' dir='ltr'><strong>adventu</strong></span> <span class='ocrx_word' id='word_1_545' title='bbox 784 4109 991 4165; x_wconf 78' lang='lat' dir='ltr'><strong>Domini</strong></span> <span class='ocrx_word' id='word_1_546' title='bbox 1039 4108 1164 4162; x_wconf 86' lang='lat' dir='ltr'><strong>.lcsu</strong></span> <span class='ocrx_word' id='word_1_547' title='bbox 1196 4107 1274 4178; x_wconf 85' lang='lat' dir='ltr'><strong>(l)</strong></span> <span class='ocrx_word' id='word_1_548' title='bbox 1303 4106 1600 4161; x_wconf 88' lang='lat' dir='ltr'><strong>mandaturi</strong></span> <span class='ocrx_word' id='word_1_549' title='bbox 1628 4112 1776 4169; x_wconf 91' lang='lat' dir='ltr'><strong>sunt,</strong></span> <span class='ocrx_word' id='word_1_550' title='bbox 1804 4113 1860 4160; x_wconf 89' lang='lat' dir='ltr'><strong>et</strong></span> 
     </span>
    </p>
   </div>
   <div class='ocr_carea' id='block_1_75' title="bbox 263 4198 1852 4277">
    <p class='ocr_par' dir='ltr' id='par_1_75' title="bbox 263 4198 1852 4277">
     <span class='ocr_line' id='line_1_75' title="bbox 263 4198 1852 4277; baseline -0.009 -13"><span class='ocrx_word' id='word_1_551' title='bbox 263 4221 453 4265; x_wconf 86' lang='lat' dir='ltr'><strong>omnes</strong></span> <span class='ocrx_word' id='word_1_552' title='bbox 494 4205 685 4261; x_wconf 73' lang='lat' dir='ltr'><strong>anima:</strong></span> <span class='ocrx_word' id='word_1_553' title='bbox 719 4203 955 4277; x_wconf 86' lang='lat' dir='ltr'><strong>gentium</strong></span> <span class='ocrx_word' id='word_1_554' title='bbox 982 4203 1448 4274; x_wconf 82' lang='lat' dir='ltr'><strong>congregabuntur</strong></span> <span class='ocrx_word' id='word_1_555' title='bbox 1476 4198 1542 4253; x_wconf 90' lang='lat' dir='ltr'><strong>ad</strong></span> <span class='ocrx_word' id='word_1_556' title='bbox 1569 4198 1852 4269; x_wconf 88' lang='lat' dir='ltr'><strong>judicium.</strong></span> 
     </span>
    </p>
   </div>
   <div class='ocr_carea' id='block_1_76' title="bbox 843 4356 1277 4403">
    <p class='ocr_par' dir='ltr' id='par_1_76' title="bbox 843 4356 1277 4403">
     <span class='ocr_line' id='line_1_76' title="bbox 843 4356 1277 4403; baseline -0.014 -5"><span class='ocrx_word' id='word_1_557' title='bbox 843 4357 912 4398; x_wconf 72' lang='lat' dir='ltr'><strong>EX</strong></span> <span class='ocrx_word' id='word_1_558' title='bbox 952 4357 1143 4403; x_wconf 61' lang='lat' dir='ltr'><strong>CAPITR</strong></span> <span class='ocrx_word' id='word_1_559' title='bbox 1181 4356 1277 4396; x_wconf 70' lang='lat' dir='ltr'><strong>XX.</strong></span> 
     </span>
    </p>
   </div>
   <div class='ocr_carea' id='block_1_77' title="bbox 334 4474 1856 4551">
    <p class='ocr_par' dir='ltr' id='par_1_77' title="bbox 334 4474 1856 4551">
     <span class='ocr_line' id='line_1_77' title="bbox 334 4474 1856 4551; baseline -0.004 -15"><span class='ocrx_word' id='word_1_560' title='bbox 334 4484 452 4540; x_wconf 78' lang='grc'><strong>1-5.</strong></span> <span class='ocrx_word' id='word_1_561' title='bbox 484 4478 554 4547; x_wconf 76' lang='lat' dir='ltr'><strong>Et</strong></span> <span class='ocrx_word' id='word_1_562' title='bbox 581 4478 686 4535; x_wconf 86' lang='lat' dir='ltr'><strong>uidi</strong></span> <span class='ocrx_word' id='word_1_563' title='bbox 718 4478 954 4551; x_wconf 84' lang='lat' dir='ltr'><strong>angelum</strong></span> <span class='ocrx_word' id='word_1_564' title='bbox 981 4476 1362 4531; x_wconf 86' lang='lat' dir='ltr'><strong>descendentem</strong></span> <span class='ocrx_word' id='word_1_565' title='bbox 1391 4474 1454 4529; x_wconf 89' lang='lat' dir='ltr'><strong>de</strong></span> <span class='ocrx_word' id='word_1_566' title='bbox 1473 4475 1626 4540; x_wconf 71' lang='lat' dir='ltr'><strong>creto,</strong></span> <span class='ocrx_word' id='word_1_567' title='bbox 1661 4475 1856 4530; x_wconf 50' lang='lat' dir='ltr'><strong>haben.</strong></span> 
     </span>
    </p>
   </div>
   <div class='ocr_carea' id='block_1_78' title="bbox 261 4567 1856 4642">
    <p class='ocr_par' dir='ltr' id='par_1_78' title="bbox 261 4567 1856 4642">
     <span class='ocr_line' id='line_1_78' title="bbox 261 4567 1856 4642; baseline -0.004 -10"><span class='ocrx_word' id='word_1_568' title='bbox 261 4586 362 4632; x_wconf 88' lang='lat' dir='ltr'><strong>tem</strong></span> <span class='ocrx_word' id='word_1_569' title='bbox 400 4576 593 4631; x_wconf 86' lang='lat' dir='ltr'><strong>clavem</strong></span> <span class='ocrx_word' id='word_1_570' title='bbox 620 4572 823 4642; x_wconf 83' lang='lat' dir='ltr'><strong>abyssi,</strong></span> <span class='ocrx_word' id='word_1_571' title='bbox 856 4579 903 4626; x_wconf 83' lang='lat' dir='ltr'><strong>et</strong></span> <span class='ocrx_word' id='word_1_572' title='bbox 933 4581 1164 4625; x_wconf 85' lang='lat' dir='ltr'><strong>catenam</strong></span> <span class='ocrx_word' id='word_1_573' title='bbox 1192 4570 1246 4622; x_wconf 90' lang='lat' dir='ltr'><strong>in</strong></span> <span class='ocrx_word' id='word_1_574' title='bbox 1274 4586 1430 4627; x_wconf 84' lang='lat' dir='ltr'><strong>manu</strong></span> <span class='ocrx_word' id='word_1_575' title='bbox 1457 4586 1571 4623; x_wconf 91' lang='lat' dir='ltr'><strong>sua.</strong></span> <span class='ocrx_word' id='word_1_576' title='bbox 1608 4567 1673 4623; x_wconf 80' lang='lat' dir='ltr'><strong>Et</strong></span> <span class='ocrx_word' id='word_1_577' title='bbox 1698 4571 1856 4625; x_wconf 82' lang='lat' dir='ltr'><strong>tenuit</strong></span> 
     </span>
    </p>
   </div>
   <div class='ocr_carea' id='block_1_79' title="bbox 260 4665 1858 4735">
    <p class='ocr_par' dir='ltr' id='par_1_79' title="bbox 260 4665 1858 4735">
     <span class='ocr_line' id='line_1_79' title="bbox 260 4665 1858 4735; baseline -0.002 -11"><span class='ocrx_word' id='word_1_578' title='bbox 260 4671 555 4731; x_wconf 82' lang='lat' dir='ltr'><strong>draconem,</strong></span> <span class='ocrx_word' id='word_1_579' title='bbox 594 4665 740 4720; x_wconf 85' lang='lat' dir='ltr'><strong>illum</strong></span> <span class='ocrx_word' id='word_1_580' title='bbox 760 4674 1045 4735; x_wconf 81' lang='lat' dir='ltr'><strong>serpentem</strong></span> <span class='ocrx_word' id='word_1_581' title='bbox 1067 4667 1332 4733; x_wconf 87' lang='lat' dir='ltr'><strong>antiquum</strong></span> <span class='ocrx_word' id='word_1_582' title='bbox 1360 4666 1444 4735; x_wconf 80' lang='lat' dir='ltr'><strong>qui</strong></span> <span class='ocrx_word' id='word_1_583' title='bbox 1472 4666 1858 4735; x_wconf 85' lang='lat' dir='ltr'><strong>cognominatus</strong></span> 
     </span>
    </p>
   </div>
   <div class='ocr_carea' id='block_1_80' title="bbox 262 4756 1863 4827">
    <p class='ocr_par' dir='ltr' id='par_1_80' title="bbox 262 4756 1863 4827">
     <span class='ocr_line' id='line_1_80' title="bbox 262 4756 1863 4827; baseline -0.003 -12"><span class='ocrx_word' id='word_1_584' title='bbox 262 4771 339 4815; x_wconf 88' lang='lat' dir='ltr'><strong>est</strong></span> <span class='ocrx_word' id='word_1_585' title='bbox 365 4759 592 4814; x_wconf 88' lang='lat' dir='ltr'><strong>diabolus</strong></span> <span class='ocrx_word' id='word_1_586' title='bbox 621 4766 667 4812; x_wconf 90' lang='lat' dir='ltr'><strong>et</strong></span> <span class='ocrx_word' id='word_1_587' title='bbox 695 4768 928 4820; x_wconf 87' lang='lat' dir='ltr'><strong>satanas,</strong></span> <span class='ocrx_word' id='word_1_588' title='bbox 968 4766 1014 4809; x_wconf 88' lang='lat' dir='ltr'><strong>et</strong></span> <span class='ocrx_word' id='word_1_589' title='bbox 1049 4756 1278 4827; x_wconf 84' lang='lat' dir='ltr'><strong>alligavit</strong></span> <span class='ocrx_word' id='word_1_590' title='bbox 1300 4757 1446 4811; x_wconf 86' lang='lat' dir='ltr'><strong>illum</strong></span> <span class='ocrx_word' id='word_1_591' title='bbox 1482 4758 1620 4812; x_wconf 88' lang='lat' dir='ltr'><strong>mille</strong></span> <span class='ocrx_word' id='word_1_592' title='bbox 1651 4760 1802 4813; x_wconf 86' lang='lat' dir='ltr'><strong>annis</strong></span> <span class='ocrx_word' id='word_1_593' title='bbox 1839 4769 1863 4810; x_wconf 87' lang='lat'><strong><em>:</em></strong></span> 
     </span>
    </p>
   </div>
   <div class='ocr_carea' id='block_1_81' title="bbox 262 4849 1855 4920">
    <p class='ocr_par' dir='ltr' id='par_1_81' title="bbox 262 4849 1855 4920">
     <span class='ocr_line' id='line_1_81' title="bbox 262 4849 1855 4920; baseline -0.004 -11"><span class='ocrx_word' id='word_1_594' title='bbox 262 4863 314 4909; x_wconf 85' lang='lat' dir='ltr'><strong>et</strong></span> <span class='ocrx_word' id='word_1_595' title='bbox 359 4854 493 4906; x_wconf 85' lang='lat' dir='ltr'><strong>misit</strong></span> <span class='ocrx_word' id='word_1_596' title='bbox 525 4851 671 4905; x_wconf 84' lang='lat' dir='ltr'><strong>illum</strong></span> <span class='ocrx_word' id='word_1_597' title='bbox 702 4852 753 4903; x_wconf 88' lang='lat' dir='ltr'><strong>in</strong></span> <span class='ocrx_word' id='word_1_598' title='bbox 804 4849 1039 4920; x_wconf 84' lang='lat' dir='ltr'><strong>abyssum</strong></span> <span class='ocrx_word' id='word_1_599' title='bbox 1064 4892 1077 4915; x_wconf 92' lang='lat'><strong>,</strong></span> <span class='ocrx_word' id='word_1_600' title='bbox 1106 4858 1154 4903; x_wconf 83' lang='lat' dir='ltr'><strong>et</strong></span> <span class='ocrx_word' id='word_1_601' title='bbox 1174 4850 1389 4915; x_wconf 85' lang='lat' dir='ltr'><strong>clausit,</strong></span> <span class='ocrx_word' id='word_1_602' title='bbox 1432 4858 1478 4903; x_wconf 89' lang='lat' dir='ltr'><strong>et</strong></span> <span class='ocrx_word' id='word_1_603' title='bbox 1519 4850 1739 4920; x_wconf 83' lang='lat' dir='ltr'><strong>signavit</strong></span> <span class='ocrx_word' id='word_1_604' title='bbox 1768 4867 1855 4905; x_wconf 87' lang='lat' dir='ltr'><strong>su-</strong></span> 
     </span>
    </p>
   </div>
   <div class='ocr_carea' id='block_1_82' title="bbox 262 4941 1853 5020">
    <p class='ocr_par' dir='ltr' id='par_1_82' title="bbox 262 4941 1853 5020">
     <span class='ocr_line' id='line_1_82' title="bbox 262 4941 1853 5020; baseline -0.003 -18"><span class='ocrx_word' id='word_1_605' title='bbox 262 4964 357 5020; x_wconf 85' lang='lat' dir='ltr'><strong>per</strong></span> <span class='ocrx_word' id='word_1_606' title='bbox 376 4963 510 5010; x_wconf 86' lang='lat' dir='ltr'><strong>enm,</strong></span> <span class='ocrx_word' id='word_1_607' title='bbox 540 4956 591 4998; x_wconf 85' lang='lat' dir='ltr'><strong>ut</strong></span> <span class='ocrx_word' id='word_1_608' title='bbox 618 4961 718 5003; x_wconf 77' lang='lat' dir='ltr'><strong>non</strong></span> <span class='ocrx_word' id='word_1_609' title='bbox 745 4944 1005 5000; x_wconf 77' lang='lat' dir='ltr'><strong>seduceret</strong></span> <span class='ocrx_word' id='word_1_610' title='bbox 1027 4941 1176 5001; x_wconf 84' lang='lat' dir='ltr'><strong>etiam</strong></span> <span class='ocrx_word' id='word_1_611' title='bbox 1198 4953 1390 5014; x_wconf 64' lang='lat' dir='ltr'><strong>gentes,</strong></span> <span class='ocrx_word' id='word_1_612' title='bbox 1412 4944 1571 5007; x_wconf 82' lang='lat' dir='ltr'><strong>donec</strong></span> <span class='ocrx_word' id='word_1_613' title='bbox 1606 4944 1853 5011; x_wconf 75' lang='lat' dir='ltr'><strong>liniantur</strong></span> 
     </span>
    </p>
   </div>
   <div class='ocr_carea' id='block_1_83' title="bbox 262 5036 1851 5108">
    <p class='ocr_par' dir='ltr' id='par_1_83' title="bbox 262 5036 1851 5108">
     <span class='ocr_line' id='line_1_83' title="bbox 262 5036 1851 5108; baseline -0.003 -12"><span class='ocrx_word' id='word_1_614' title='bbox 262 5041 409 5097; x_wconf 84' lang='lat' dir='ltr'><strong>mille</strong></span> <span class='ocrx_word' id='word_1_615' title='bbox 438 5040 575 5092; x_wconf 88' lang='lat' dir='ltr'><strong>anni.</strong></span> <span class='ocrx_word' id='word_1_616' title='bbox 612 5038 739 5092; x_wconf 88' lang='lat' dir='ltr'><strong>Post</strong></span> <span class='ocrx_word' id='word_1_617' title='bbox 763 5038 870 5091; x_wconf 73' lang='lat' dir='ltr'><strong>hazc</strong></span> <span class='ocrx_word' id='word_1_618' title='bbox 930 5045 1125 5105; x_wconf 79' lang='lat' dir='ltr'><strong>Oportet</strong></span> <span class='ocrx_word' id='word_1_619' title='bbox 1155 5052 1267 5089; x_wconf 85' lang='lat' dir='ltr'><strong>eum</strong></span> <span class='ocrx_word' id='word_1_620' title='bbox 1294 5036 1422 5090; x_wconf 82' lang='lat' dir='ltr'><strong>solvi</strong></span> <span class='ocrx_word' id='word_1_621' title='bbox 1450 5036 1585 5090; x_wconf 82' lang='lat' dir='ltr'><strong>breui</strong></span> <span class='ocrx_word' id='word_1_622' title='bbox 1607 5047 1851 5108; x_wconf 87' lang='lat' dir='ltr'><strong>tempore.</strong></span> 
     </span>
    </p>
   </div>
   <div class='ocr_carea' id='block_1_84' title="bbox 261 5131 1852 5205">
    <p class='ocr_par' dir='ltr' id='par_1_84' title="bbox 261 5131 1852 5205">
     <span class='ocr_line' id='line_1_84' title="bbox 261 5131 1852 5205; baseline -0.001 -14"><span class='ocrx_word' id='word_1_623' title='bbox 261 5136 344 5191; x_wconf 88' lang='lat' dir='ltr'><strong>Illi</strong></span> <span class='ocrx_word' id='word_1_624' title='bbox 371 5135 498 5189; x_wconf 86' lang='lat' dir='ltr'><strong>anni</strong></span> <span class='ocrx_word' id='word_1_625' title='bbox 527 5134 576 5189; x_wconf 88' lang='lat' dir='ltr'><strong>in</strong></span> <span class='ocrx_word' id='word_1_626' title='bbox 604 5134 797 5204; x_wconf 86' lang='lat' dir='ltr'><strong>quibus</strong></span> <span class='ocrx_word' id='word_1_627' title='bbox 823 5131 1069 5205; x_wconf 82' lang='lat' dir='ltr'><strong>alligatus</strong></span> <span class='ocrx_word' id='word_1_628' title='bbox 1092 5141 1175 5191; x_wconf 86' lang='lat' dir='ltr'><strong>est</strong></span> <span class='ocrx_word' id='word_1_629' title='bbox 1196 5133 1426 5201; x_wconf 75' lang='lat' dir='ltr'><strong>Satanas</strong></span> <span class='ocrx_word' id='word_1_630' title='bbox 1451 5174 1466 5200; x_wconf 95' lang='lat'><strong>,</strong></span> <span class='ocrx_word' id='word_1_631' title='bbox 1496 5134 1584 5191; x_wconf 83' lang='lat' dir='ltr'><strong>isti</strong></span> <span class='ocrx_word' id='word_1_632' title='bbox 1622 5143 1749 5201; x_wconf 81' lang='lat' dir='ltr'><strong>sunt</strong></span> <span class='ocrx_word' id='word_1_633' title='bbox 1798 5135 1852 5190; x_wconf 91' lang='lat' dir='ltr'><strong>in</strong></span> 
     </span>
    </p>
   </div>
   <div class='ocr_carea' id='block_1_85' title="bbox 259 5223 1848 5298">
    <p class='ocr_par' dir='ltr' id='par_1_85' title="bbox 259 5223 1848 5298">
     <span class='ocr_line' id='line_1_85' title="bbox 259 5223 1848 5298; baseline -0.001 -13"><span class='ocrx_word' id='word_1_634' title='bbox 259 5229 496 5285; x_wconf 88' lang='lat' dir='ltr'><strong>adventu</strong></span> <span class='ocrx_word' id='word_1_635' title='bbox 537 5228 711 5298; x_wconf 89' lang='lat' dir='ltr'><strong>primo</strong></span> <span class='ocrx_word' id='word_1_636' title='bbox 750 5223 951 5282; x_wconf 78' lang='lat' dir='ltr'><strong>Chriin</strong></span> <span class='ocrx_word' id='word_1_637' title='bbox 984 5239 1151 5294; x_wconf 80' lang='lat' dir='ltr'><strong>nsque</strong></span> <span class='ocrx_word' id='word_1_638' title='bbox 1180 5223 1248 5285; x_wconf 85' lang='lat' dir='ltr'><strong>ad</strong></span> <span class='ocrx_word' id='word_1_639' title='bbox 1287 5224 1573 5289; x_wconf 81' lang='lat' dir='ltr'><strong>terminum</strong></span> <span class='ocrx_word' id='word_1_640' title='bbox 1621 5226 1848 5293; x_wconf 77' lang='lat' dir='ltr'><strong>stccnli;</strong></span> 
     </span>
    </p>
   </div>
   <div class='ocr_carea' id='block_1_86' title="bbox 1972 3068 3566 3142">
    <p class='ocr_par' dir='ltr' id='par_1_86' title="bbox 1972 3068 3566 3142">
     <span class='ocr_line' id='line_1_86' title="bbox 1972 3068 3566 3142; baseline 0.003 -21"><span class='ocrx_word' id='word_1_641' title='bbox 1972 3084 2063 3122; x_wconf 87' lang='lat' dir='ltr'><strong>nec</strong></span> <span class='ocrx_word' id='word_1_642' title='bbox 2074 3068 2343 3139; x_wconf 88' lang='lat' dir='ltr'><strong>imaginem</strong></span> <span class='ocrx_word' id='word_1_643' title='bbox 2361 3071 2492 3141; x_wconf 87' lang='lat' dir='ltr'><strong>ejus,</strong></span> <span class='ocrx_word' id='word_1_644' title='bbox 2509 3085 2670 3138; x_wconf 88' lang='lat' dir='ltr'><strong>neque</strong></span> <span class='ocrx_word' id='word_1_645' title='bbox 2684 3080 2987 3139; x_wconf 85' lang='lat' dir='ltr'><strong>acceperunt</strong></span> <span class='ocrx_word' id='word_1_646' title='bbox 3004 3072 3327 3142; x_wconf 85' lang='lat' dir='ltr'><strong>scriptionem</strong></span> <span class='ocrx_word' id='word_1_647' title='bbox 3342 3072 3395 3127; x_wconf 91' lang='lat' dir='ltr'><strong>in</strong></span> <span class='ocrx_word' id='word_1_648' title='bbox 3416 3072 3566 3142; x_wconf 71' lang='lat' dir='ltr'><strong>fron~</strong></span> 
     </span>
    </p>
   </div>
   <div class='ocr_carea' id='block_1_87' title="bbox 1969 3163 3561 3235">
    <p class='ocr_par' dir='ltr' id='par_1_87' title="bbox 1969 3163 3561 3235">
     <span class='ocr_line' id='line_1_87' title="bbox 1969 3163 3561 3235; baseline 0.003 -20"><span class='ocrx_word' id='word_1_649' title='bbox 1969 3172 2069 3216; x_wconf 86' lang='lat' dir='ltr'><strong>tem</strong></span> <span class='ocrx_word' id='word_1_650' title='bbox 2086 3170 2174 3215; x_wconf 87' lang='lat' dir='ltr'><strong>aut</strong></span> <span class='ocrx_word' id='word_1_651' title='bbox 2193 3163 2248 3216; x_wconf 87' lang='lat' dir='ltr'><strong>in</strong></span> <span class='ocrx_word' id='word_1_652' title='bbox 2277 3177 2484 3216; x_wconf 88' lang='lat' dir='ltr'><strong>manum</strong></span> <span class='ocrx_word' id='word_1_653' title='bbox 2511 3178 2679 3230; x_wconf 89' lang='lat' dir='ltr'><strong>suam,</strong></span> <span class='ocrx_word' id='word_1_654' title='bbox 2699 3172 2745 3217; x_wconf 89' lang='lat' dir='ltr'><strong>et</strong></span> <span class='ocrx_word' id='word_1_655' title='bbox 2764 3174 3103 3235; x_wconf 84' lang='lat' dir='ltr'><strong>regnaverunt</strong></span> <span class='ocrx_word' id='word_1_656' title='bbox 3128 3180 3243 3219; x_wconf 89' lang='lat' dir='ltr'><strong>cum</strong></span> <span class='ocrx_word' id='word_1_657' title='bbox 3265 3163 3393 3220; x_wconf 76' lang='lat' dir='ltr'><strong>Iesu</strong></span> <span class='ocrx_word' id='word_1_658' title='bbox 3419 3166 3561 3220; x_wconf 82' lang='lat' dir='ltr'><strong>mille</strong></span> 
     </span>
    </p>
   </div>
   <div class='ocr_carea' id='block_1_88' title="bbox 1968 3246 3581 3327">
    <p class='ocr_par' dir='ltr' id='par_1_88' title="bbox 1968 3246 3581 3327">
     <span class='ocr_line' id='line_1_88' title="bbox 1968 3246 3581 3327; baseline 0.004 -20"><span class='ocrx_word' id='word_1_659' title='bbox 1968 3254 2325 3325; x_wconf 85' lang='lat' dir='ltr'><strong>annis:reliqui</strong></span> <span class='ocrx_word' id='word_1_660' title='bbox 2343 3271 2517 3309; x_wconf 89' lang='lat' dir='ltr'><strong>eorum</strong></span> <span class='ocrx_word' id='word_1_661' title='bbox 2538 3272 2641 3311; x_wconf 89' lang='lat' dir='ltr'><strong>non</strong></span> <span class='ocrx_word' id='word_1_662' title='bbox 2656 3258 2964 3316; x_wconf 73' lang='lat' dir='ltr'><strong>revixerunt.</strong></span> <span class='ocrx_word' id='word_1_663' title='bbox 2981 3259 3140 3312; x_wconf 88' lang='lat' dir='ltr'><strong>donec</strong></span> <span class='ocrx_word' id='word_1_664' title='bbox 3157 3258 3407 3327; x_wconf 79' lang='lat' dir='ltr'><strong>ﬁniantur</strong></span> <span class='ocrx_word' id='word_1_665' title='bbox 3424 3246 3581 3313; x_wconf 77' lang='lat' dir='ltr'><strong>mille</strong></span> 
     </span>
    </p>
   </div>
   <div class='ocr_carea' id='block_1_89' title="bbox 1967 3348 3564 3422">
    <p class='ocr_par' dir='ltr' id='par_1_89' title="bbox 1967 3348 3564 3422">
     <span class='ocr_line' id='line_1_89' title="bbox 1967 3348 3564 3422; baseline 0.004 -20"><span class='ocrx_word' id='word_1_666' title='bbox 1967 3349 2112 3404; x_wconf 86' lang='lat' dir='ltr'><strong>anni.</strong></span> <span class='ocrx_word' id='word_1_667' title='bbox 2145 3348 2273 3404; x_wconf 66' lang='lat' dir='ltr'><strong>Haec</strong></span> <span class='ocrx_word' id='word_1_668' title='bbox 2326 3352 2628 3406; x_wconf 86' lang='lat' dir='ltr'><strong>resurrectio</strong></span> <span class='ocrx_word' id='word_1_669' title='bbox 2656 3353 2825 3422; x_wconf 88' lang='lat' dir='ltr'><strong>prima</strong></span> <span class='ocrx_word' id='word_1_670' title='bbox 2851 3362 2944 3408; x_wconf 90' lang='lat' dir='ltr'><strong>est.</strong></span> <span class='ocrx_word' id='word_1_671' title='bbox 2975 3353 3101 3408; x_wconf 67' lang='lat' dir='ltr'><strong>Dum</strong></span> <span class='ocrx_word' id='word_1_672' title='bbox 3130 3363 3257 3408; x_wconf 89' lang='lat' dir='ltr'><strong>sunt</strong></span> <span class='ocrx_word' id='word_1_673' title='bbox 3292 3368 3564 3410; x_wconf 85' lang='lat' dir='ltr'><strong>resurrec-</strong></span> 
     </span>
    </p>
   </div>
   <div class='ocr_carea' id='block_1_90' title="bbox 1969 3443 3559 3516">
    <p class='ocr_par' dir='ltr' id='par_1_90' title="bbox 1969 3443 3559 3516">
     <span class='ocr_line' id='line_1_90' title="bbox 1969 3443 3559 3516; baseline 0.004 -19"><span class='ocrx_word' id='word_1_674' title='bbox 1969 3443 2186 3500; x_wconf 87' lang='lat' dir='ltr'><strong>tiones:</strong></span> <span class='ocrx_word' id='word_1_675' title='bbox 2220 3444 2314 3500; x_wconf 90' lang='lat' dir='ltr'><strong>sed</strong></span> <span class='ocrx_word' id='word_1_676' title='bbox 2360 3447 2531 3516; x_wconf 87' lang='lat' dir='ltr'><strong>prima</strong></span> <span class='ocrx_word' id='word_1_677' title='bbox 2590 3448 2916 3504; x_wconf 88' lang='lat' dir='ltr'><strong>resurrectio</strong></span> <span class='ocrx_word' id='word_1_678' title='bbox 2955 3463 3099 3504; x_wconf 90' lang='lat' dir='ltr'><strong>nunc</strong></span> <span class='ocrx_word' id='word_1_679' title='bbox 3142 3457 3226 3504; x_wconf 87' lang='lat' dir='ltr'><strong>est</strong></span> <span class='ocrx_word' id='word_1_680' title='bbox 3261 3448 3559 3504; x_wconf 88' lang='lat' dir='ltr'><strong>animarum</strong></span> 
     </span>
    </p>
   </div>
   <div class='ocr_carea' id='block_1_91' title="bbox 1966 3539 3561 3612">
    <p class='ocr_par' dir='ltr' id='par_1_91' title="bbox 1966 3539 3561 3612">
     <span class='ocr_line' id='line_1_91' title="bbox 1966 3539 3561 3612; baseline 0.003 -19"><span class='ocrx_word' id='word_1_681' title='bbox 1966 3553 2065 3609; x_wconf 87' lang='lat' dir='ltr'><strong>per</strong></span> <span class='ocrx_word' id='word_1_682' title='bbox 2096 3539 2254 3595; x_wconf 77' lang='lat' dir='ltr'><strong>{idem</strong></span> <span class='ocrx_word' id='word_1_683' title='bbox 2277 3583 2292 3608; x_wconf 92' lang='lat'><strong>,</strong></span> <span class='ocrx_word' id='word_1_684' title='bbox 2324 3555 2444 3612; x_wconf 73' lang='lat' dir='ltr'><strong>qua:</strong></span> <span class='ocrx_word' id='word_1_685' title='bbox 2475 3555 2584 3595; x_wconf 88' lang='lat' dir='ltr'><strong>non</strong></span> <span class='ocrx_word' id='word_1_686' title='bbox 2625 3542 2888 3611; x_wconf 88' lang='lat' dir='ltr'><strong>permittit</strong></span> <span class='ocrx_word' id='word_1_687' title='bbox 2930 3542 3179 3599; x_wconf 87' lang='lat' dir='ltr'><strong>homines</strong></span> <span class='ocrx_word' id='word_1_688' title='bbox 3223 3542 3455 3598; x_wconf 89' lang='lat' dir='ltr'><strong>transire</strong></span> <span class='ocrx_word' id='word_1_689' title='bbox 3491 3540 3561 3597; x_wconf 89' lang='lat' dir='ltr'><strong>ad</strong></span> 
     </span>
    </p>
   </div>
   <div class='ocr_carea' id='block_1_92' title="bbox 1966 3634 3559 3707">
    <p class='ocr_par' dir='ltr' id='par_1_92' title="bbox 1966 3634 3559 3707">
     <span class='ocr_line' id='line_1_92' title="bbox 1966 3634 3559 3707; baseline 0.004 -22"><span class='ocrx_word' id='word_1_690' title='bbox 1966 3641 2194 3688; x_wconf 87' lang='lat' dir='ltr'><strong>mortem</strong></span> <span class='ocrx_word' id='word_1_691' title='bbox 2226 3635 2538 3689; x_wconf 89' lang='lat' dir='ltr'><strong>secundam.</strong></span> <span class='ocrx_word' id='word_1_692' title='bbox 2570 3634 2646 3690; x_wconf 89' lang='lat' dir='ltr'><strong>De</strong></span> <span class='ocrx_word' id='word_1_693' title='bbox 2687 3637 2787 3690; x_wconf 89' lang='lat' dir='ltr'><strong>hac</strong></span> <span class='ocrx_word' id='word_1_694' title='bbox 2816 3636 3213 3693; x_wconf 89' lang='lat' dir='ltr'><strong>resurrectione</strong></span> <span class='ocrx_word' id='word_1_695' title='bbox 3252 3635 3387 3692; x_wconf 89' lang='lat' dir='ltr'><strong>dicit</strong></span> <span class='ocrx_word' id='word_1_696' title='bbox 3410 3637 3559 3707; x_wconf 49' lang='lat' dir='ltr'><strong>Apo.</strong></span> 
     </span>
    </p>
   </div>
   <div class='ocr_carea' id='block_1_93' title="bbox 1968 3725 3558 3801">
    <p class='ocr_par' dir='ltr' id='par_1_93' title="bbox 1968 3725 3558 3801">
     <span class='ocr_line' id='line_1_93' title="bbox 1968 3725 3558 3801; baseline 0.003 -23"><span class='ocrx_word' id='word_1_697' title='bbox 1968 3725 2140 3780; x_wconf 85' lang='lat' dir='ltr'><strong>stolas</strong></span> <span class='ocrx_word' id='word_1_698' title='bbox 2178 3744 2190 3779; x_wconf 90' lang='lat'><strong>:</strong></span> <span class='ocrx_word' id='word_1_699' title='bbox 2224 3726 2287 3781; x_wconf 76' lang='lat' dir='ltr'><strong>Si</strong></span> <span class='ocrx_word' id='word_1_700' title='bbox 2312 3728 2659 3783; x_wconf 77' lang='lat' dir='ltr'><strong>resurreanstis</strong></span> <span class='ocrx_word' id='word_1_701' title='bbox 2682 3745 2796 3783; x_wconf 90' lang='lat' dir='ltr'><strong>cum</strong></span> <span class='ocrx_word' id='word_1_702' title='bbox 2822 3727 3054 3797; x_wconf 85' lang='lat' dir='ltr'><strong>Christo,</strong></span> <span class='ocrx_word' id='word_1_703' title='bbox 3086 3744 3201 3801; x_wconf 68' lang='lat' dir='ltr'><strong>quas</strong></span> <span class='ocrx_word' id='word_1_704' title='bbox 3223 3744 3423 3783; x_wconf 86' lang='lat' dir='ltr'><strong>sursum</strong></span> <span class='ocrx_word' id='word_1_705' title='bbox 3441 3739 3558 3793; x_wconf 85' lang='lat' dir='ltr'><strong>sunt</strong></span> 
     </span>
    </p>
   </div>
   <div class='ocr_carea' id='block_1_94' title="bbox 1963 3817 2667 3891">
    <p class='ocr_par' dir='ltr' id='par_1_94' title="bbox 1963 3817 2667 3891">
     <span class='ocr_line' id='line_1_94' title="bbox 1963 3817 2667 3891; baseline 0.006 -21"><span class='ocrx_word' id='word_1_706' title='bbox 1963 3818 2174 3888; x_wconf 72' lang='lat' dir='ltr'><strong>qurerite</strong></span> <span class='ocrx_word' id='word_1_707' title='bbox 2201 3817 2418 3891; x_wconf 85' lang='lat' dir='ltr'><strong>(Coloss.</strong></span> <span class='ocrx_word' id='word_1_708' title='bbox 2465 3835 2557 3885; x_wconf 87' lang='grc' dir='ltr'>ιιι,</span> <span class='ocrx_word' id='word_1_709' title='bbox 2590 3820 2667 3890; x_wconf 83' lang='grc'><strong>1).</strong></span> 
     </span>
    </p>
   </div>
   <div class='ocr_carea' id='block_1_95' title="bbox 2036 3909 3556 3987">
    <p class='ocr_par' dir='ltr' id='par_1_95' title="bbox 2036 3909 3556 3987">
     <span class='ocr_line' id='line_1_95' title="bbox 2036 3909 3556 3987; baseline 0.001 -21"><span class='ocrx_word' id='word_1_710' title='bbox 2036 3911 2092 3987; x_wconf 72' lang='grc'><strong>6.</strong></span> <span class='ocrx_word' id='word_1_711' title='bbox 2116 3909 2303 3967; x_wconf 85' lang='lat' dir='ltr'><strong>Beatus</strong></span> <span class='ocrx_word' id='word_1_712' title='bbox 2337 3921 2384 3965; x_wconf 91' lang='lat' dir='ltr'><strong>et</strong></span> <span class='ocrx_word' id='word_1_713' title='bbox 2428 3921 2636 3967; x_wconf 87' lang='lat' dir='ltr'><strong>sanctus</strong></span> <span class='ocrx_word' id='word_1_714' title='bbox 2670 3914 2755 3985; x_wconf 91' lang='lat' dir='ltr'><strong>qui</strong></span> <span class='ocrx_word' id='word_1_715' title='bbox 2791 3914 2939 3969; x_wconf 87' lang='lat' dir='ltr'><strong>habet</strong></span> <span class='ocrx_word' id='word_1_716' title='bbox 2977 3915 3030 3968; x_wconf 88' lang='lat' dir='ltr'><strong>in</strong></span> <span class='ocrx_word' id='word_1_717' title='bbox 3064 3914 3161 3968; x_wconf 82' lang='lat' dir='ltr'><strong>hac</strong></span> <span class='ocrx_word' id='word_1_718' title='bbox 3190 3915 3556 3969; x_wconf 88' lang='lat' dir='ltr'><strong>resurrectione</strong></span> 
     </span>
    </p>
   </div>
   <div class='ocr_carea' id='block_1_96' title="bbox 1964 4005 3549 4079">
    <p class='ocr_par' dir='ltr' id='par_1_96' title="bbox 1964 4005 3549 4079">
     <span class='ocr_line' id='line_1_96' title="bbox 1964 4005 3549 4079; baseline -0.001 -18"><span class='ocrx_word' id='word_1_719' title='bbox 1964 4016 2162 4077; x_wconf 87' lang='lat' dir='ltr'><strong>partem</strong></span> <span class='ocrx_word' id='word_1_720' title='bbox 2192 4025 2204 4061; x_wconf 90' lang='lat'>:</span> <span class='ocrx_word' id='word_1_721' title='bbox 2234 4007 2286 4061; x_wconf 88' lang='lat' dir='ltr'><strong>in</strong></span> <span class='ocrx_word' id='word_1_722' title='bbox 2324 4005 2437 4060; x_wconf 86' lang='lat' dir='ltr'><strong>istis</strong></span> <span class='ocrx_word' id='word_1_723' title='bbox 2466 4005 2691 4061; x_wconf 88' lang='lat' dir='ltr'><strong>secunda</strong></span> <span class='ocrx_word' id='word_1_724' title='bbox 2716 4023 2852 4061; x_wconf 90' lang='lat' dir='ltr'><strong>mors</strong></span> <span class='ocrx_word' id='word_1_725' title='bbox 2880 4023 2981 4073; x_wconf 83' lang='lat' dir='ltr'><strong>non</strong></span> <span class='ocrx_word' id='word_1_726' title='bbox 3010 4005 3209 4065; x_wconf 76' lang='lat' dir='ltr'><strong>habebit</strong></span> <span class='ocrx_word' id='word_1_727' title='bbox 3235 4015 3549 4079; x_wconf 82' lang='lat' dir='ltr'><strong>potestatem,</strong></span> 
     </span>
    </p>
   </div>
   <div class='ocr_carea' id='block_1_97' title="bbox 1963 4097 3555 4172">
    <p class='ocr_par' dir='ltr' id='par_1_97' title="bbox 1963 4097 3555 4172">
     <span class='ocr_line' id='line_1_97' title="bbox 1963 4097 3555 4172; baseline 0.003 -18"><span class='ocrx_word' id='word_1_728' title='bbox 1963 4100 2051 4154; x_wconf 90' lang='lat' dir='ltr'><strong>sed</strong></span> <span class='ocrx_word' id='word_1_729' title='bbox 2080 4109 2226 4157; x_wconf 87' lang='lat' dir='ltr'><strong>erunt</strong></span> <span class='ocrx_word' id='word_1_730' title='bbox 2260 4099 2547 4154; x_wconf 85' lang='lat' dir='ltr'><strong>sacerdotes</strong></span> <span class='ocrx_word' id='word_1_731' title='bbox 2572 4097 2669 4154; x_wconf 87' lang='lat' dir='ltr'><strong>Dei</strong></span> <span class='ocrx_word' id='word_1_732' title='bbox 2713 4108 2758 4156; x_wconf 87' lang='lat' dir='ltr'><strong>et</strong></span> <span class='ocrx_word' id='word_1_733' title='bbox 2799 4099 3025 4168; x_wconf 82' lang='lat' dir='ltr'><strong>Christi,</strong></span> <span class='ocrx_word' id='word_1_734' title='bbox 3048 4110 3095 4155; x_wconf 86' lang='lat' dir='ltr'><strong>et</strong></span> <span class='ocrx_word' id='word_1_735' title='bbox 3119 4101 3401 4172; x_wconf 83' lang='lat' dir='ltr'><strong>regnabant</strong></span> <span class='ocrx_word' id='word_1_736' title='bbox 3438 4118 3555 4159; x_wconf 87' lang='lat' dir='ltr'><strong>cum</strong></span> 
     </span>
    </p>
   </div>
   <div class='ocr_carea' id='block_1_98' title="bbox 1959 4191 3635 4265">
    <p class='ocr_par' dir='ltr' id='par_1_98' title="bbox 1959 4191 3635 4265">
     <span class='ocr_line' id='line_1_98' title="bbox 1959 4191 3635 4265; baseline 0.001 -18"><span class='ocrx_word' id='word_1_737' title='bbox 1959 4208 2019 4247; x_wconf 90' lang='lat' dir='ltr'><strong>eo</strong></span> <span class='ocrx_word' id='word_1_738' title='bbox 2062 4191 2203 4246; x_wconf 87' lang='lat' dir='ltr'><strong>mille</strong></span> <span class='ocrx_word' id='word_1_739' title='bbox 2243 4193 2412 4246; x_wconf 90' lang='lat' dir='ltr'><strong>annis.</strong></span> <span class='ocrx_word' id='word_1_740' title='bbox 2437 4191 2582 4247; x_wconf 81' lang='lat' dir='ltr'><strong>Mille</strong></span> <span class='ocrx_word' id='word_1_741' title='bbox 2621 4206 2882 4247; x_wconf 88' lang='lat' dir='ltr'><strong>annorum</strong></span> <span class='ocrx_word' id='word_1_742' title='bbox 2911 4191 2994 4265; x_wconf 72' lang='lat'><strong>(2)</strong></span> <span class='ocrx_word' id='word_1_743' title='bbox 3033 4207 3253 4263; x_wconf 81' lang='lat' dir='ltr'><strong>regnum</strong></span> <span class='ocrx_word' id='word_1_744' title='bbox 3279 4210 3387 4250; x_wconf 90' lang='lat' dir='ltr'><strong>non</strong></span> <span class='ocrx_word' id='word_1_745' title='bbox 3413 4194 3558 4251; x_wconf 84' lang='lat' dir='ltr'><strong>arbi-</strong></span> <span class='ocrx_word' id='word_1_746' title='bbox 3628 4204 3635 4211; x_wconf 86' lang='lat'><strong>&#39;</strong></span> 
     </span>
    </p>
   </div>
   <div class='ocr_carea' id='block_1_99' title="bbox 1964 4286 3552 4359">
    <p class='ocr_par' dir='ltr' id='par_1_99' title="bbox 1964 4286 3552 4359">
     <span class='ocr_line' id='line_1_99' title="bbox 1964 4286 3552 4359; baseline 0.003 -20"><span class='ocrx_word' id='word_1_747' title='bbox 1964 4294 2077 4340; x_wconf 89' lang='lat' dir='ltr'><strong>tror</strong></span> <span class='ocrx_word' id='word_1_748' title='bbox 2126 4300 2247 4341; x_wconf 86' lang='lat' dir='ltr'><strong>esse</strong></span> <span class='ocrx_word' id='word_1_749' title='bbox 2301 4294 2599 4354; x_wconf 65' lang='lat' dir='ltr'><strong>aeternum;</strong></span> <span class='ocrx_word' id='word_1_750' title='bbox 2660 4295 2752 4341; x_wconf 89' lang='lat' dir='ltr'><strong>aut</strong></span> <span class='ocrx_word' id='word_1_751' title='bbox 2804 4286 2852 4342; x_wconf 90' lang='lat' dir='ltr'><strong>si</strong></span> <span class='ocrx_word' id='word_1_752' title='bbox 2915 4288 2990 4349; x_wconf 87' lang='lat' dir='ltr'><strong>ita</strong></span> <span class='ocrx_word' id='word_1_753' title='bbox 3046 4288 3384 4346; x_wconf 90' lang='lat' dir='ltr'><strong>sentiendum</strong></span> <span class='ocrx_word' id='word_1_754' title='bbox 3439 4300 3552 4359; x_wconf 88' lang='lat' dir='ltr'><strong>est,</strong></span> 
     </span>
    </p>
   </div>
   <div class='ocr_carea' id='block_1_100' title="bbox 1879 4379 3556 4452">
    <p class='ocr_par' dir='ltr' id='par_1_100' title="bbox 1879 4379 3556 4452">
     <span class='ocr_line' id='line_1_100' title="bbox 1879 4379 3556 4452; baseline 0.005 -17"><span class='ocrx_word' id='word_1_755' title='bbox 1879 4382 1935 4443; x_wconf 90' lang='lat' dir='ltr'><strong>D</strong></span> <span class='ocrx_word' id='word_1_756' title='bbox 1959 4380 2246 4450; x_wconf 89' lang='lat' dir='ltr'><strong>completis</strong></span> <span class='ocrx_word' id='word_1_757' title='bbox 2270 4380 2429 4435; x_wconf 90' lang='lat' dir='ltr'><strong>annis</strong></span> <span class='ocrx_word' id='word_1_758' title='bbox 2455 4380 2605 4437; x_wconf 87' lang='lat' dir='ltr'><strong>mille</strong></span> <span class='ocrx_word' id='word_1_759' title='bbox 2631 4394 2861 4452; x_wconf 83' lang='lat' dir='ltr'><strong>regnare</strong></span> <span class='ocrx_word' id='word_1_760' title='bbox 2892 4379 3184 4448; x_wconf 87' lang='lat' dir='ltr'><strong>desinunt;</strong></span> <span class='ocrx_word' id='word_1_761' title='bbox 3218 4383 3313 4441; x_wconf 89' lang='lat' dir='ltr'><strong>sed</strong></span> <span class='ocrx_word' id='word_1_762' title='bbox 3349 4391 3407 4439; x_wconf 93' lang='lat' dir='ltr'><strong>ut</strong></span> <span class='ocrx_word' id='word_1_763' title='bbox 3445 4385 3556 4443; x_wconf 89' lang='lat' dir='ltr'><strong>mei</strong></span> 
     </span>
    </p>
   </div>
   <div class='ocr_carea' id='block_1_101' title="bbox 1964 4474 3665 4546">
    <p class='ocr_par' dir='ltr' id='par_1_101' title="bbox 1964 4474 3665 4546">
     <span class='ocr_line' id='line_1_101' title="bbox 1964 4474 3665 4546; baseline 0.002 -17"><span class='ocrx_word' id='word_1_764' title='bbox 1964 4488 2155 4531; x_wconf 86' lang='lat' dir='ltr'><strong>sensus</strong></span> <span class='ocrx_word' id='word_1_765' title='bbox 2185 4475 2455 4546; x_wconf 87' lang='lat' dir='ltr'><strong>capacitas</strong></span> <span class='ocrx_word' id='word_1_766' title='bbox 2495 4474 2689 4541; x_wconf 86' lang='lat' dir='ltr'><strong>sentit.</strong></span> <span class='ocrx_word' id='word_1_767' title='bbox 2722 4475 3011 4546; x_wconf 82' lang='lat' dir='ltr'><strong>proferam.</strong></span> <span class='ocrx_word' id='word_1_768' title='bbox 3058 4478 3319 4533; x_wconf 89' lang='lat' dir='ltr'><strong>Denarius</strong></span> <span class='ocrx_word' id='word_1_769' title='bbox 3356 4493 3553 4533; x_wconf 88' lang='lat' dir='ltr'><strong>nttme-</strong></span> <span class='ocrx_word' id='word_1_770' title='bbox 3654 4474 3665 4487; x_wconf 86' lang='lat'>&#39;</span> 
     </span>
    </p>
   </div>
   <div class='ocr_carea' id='block_1_102' title="bbox 1964 4568 3555 4642">
    <p class='ocr_par' dir='ltr' id='par_1_102' title="bbox 1964 4568 3555 4642">
     <span class='ocr_line' id='line_1_102' title="bbox 1964 4568 3555 4642; baseline 0.001 -19"><span class='ocrx_word' id='word_1_771' title='bbox 1964 4583 2057 4623; x_wconf 89' lang='lat' dir='ltr'><strong>rus</strong></span> <span class='ocrx_word' id='word_1_772' title='bbox 2095 4568 2408 4641; x_wconf 84' lang='lat' dir='ltr'><strong>decalogum</strong></span> <span class='ocrx_word' id='word_1_773' title='bbox 2448 4568 2744 4642; x_wconf 81' lang='lat' dir='ltr'><strong>signiﬁcat,</strong></span> <span class='ocrx_word' id='word_1_774' title='bbox 2775 4579 2830 4625; x_wconf 90' lang='lat' dir='ltr'><strong>et</strong></span> <span class='ocrx_word' id='word_1_775' title='bbox 2857 4569 3198 4625; x_wconf 84' lang='lat' dir='ltr'><strong>centenarias</strong></span> <span class='ocrx_word' id='word_1_776' title='bbox 3232 4569 3555 4641; x_wconf 83' lang='lat' dir='ltr'><strong>virginitatis</strong></span> 
     </span>
    </p>
   </div>
   <div class='ocr_carea' id='block_1_103' title="bbox 1966 4662 3550 4735">
    <p class='ocr_par' dir='ltr' id='par_1_103' title="bbox 1966 4662 3550 4735">
     <span class='ocr_line' id='line_1_103' title="bbox 1966 4662 3550 4735; baseline -0.001 -16"><span class='ocrx_word' id='word_1_777' title='bbox 1966 4678 2220 4719; x_wconf 87' lang='lat' dir='ltr'><strong>coronam</strong></span> <span class='ocrx_word' id='word_1_778' title='bbox 2266 4662 2501 4719; x_wconf 89' lang='lat' dir='ltr'><strong>ostendit</strong></span> <span class='ocrx_word' id='word_1_779' title='bbox 2533 4681 2548 4717; x_wconf 88' lang='lat'><strong>:</strong></span> <span class='ocrx_word' id='word_1_780' title='bbox 2579 4663 2669 4734; x_wconf 88' lang='lat' dir='ltr'><strong>qui</strong></span> <span class='ocrx_word' id='word_1_781' title='bbox 2724 4663 2867 4721; x_wconf 87' lang='lat' dir='ltr'><strong>enim</strong></span> <span class='ocrx_word' id='word_1_782' title='bbox 2918 4663 3238 4735; x_wconf 82' lang='lat' dir='ltr'><strong>virginitatis</strong></span> <span class='ocrx_word' id='word_1_783' title='bbox 3279 4663 3550 4730; x_wconf 88' lang='lat' dir='ltr'><strong>integrum</strong></span> 
     </span>
    </p>
   </div>
   <div class='ocr_carea' id='block_1_104' title="bbox 1967 4756 3553 4829">
    <p class='ocr_par' dir='ltr' id='par_1_104' title="bbox 1967 4756 3553 4829">
     <span class='ocr_line' id='line_1_104' title="bbox 1967 4756 3553 4829; baseline -0.001 -15"><span class='ocrx_word' id='word_1_784' title='bbox 1967 4758 2261 4814; x_wconf 85' lang='lat' dir='ltr'><strong>servaverit</strong></span> <span class='ocrx_word' id='word_1_785' title='bbox 2292 4758 2645 4827; x_wconf 66' lang='lat' dir='ltr'><strong>pro.situm,</strong></span> <span class='ocrx_word' id='word_1_786' title='bbox 2691 4767 2744 4814; x_wconf 89' lang='lat' dir='ltr'><strong>et</strong></span> <span class='ocrx_word' id='word_1_787' title='bbox 2788 4757 3029 4829; x_wconf 83' lang='lat' dir='ltr'><strong>decalogi</strong></span> <span class='ocrx_word' id='word_1_788' title='bbox 3064 4764 3331 4827; x_wconf 68' lang='lat' dir='ltr'><strong>praecepta</strong></span> <span class='ocrx_word' id='word_1_789' title='bbox 3360 4756 3553 4826; x_wconf 88' lang='lat' dir='ltr'><strong>imple-</strong></span> 
     </span>
    </p>
   </div>
   <div class='ocr_carea' id='block_1_105' title="bbox 1964 4846 3552 4920">
    <p class='ocr_par' dir='ltr' id='par_1_105' title="bbox 1964 4846 3552 4920">
     <span class='ocr_line' id='line_1_105' title="bbox 1964 4846 3552 4920; baseline 0.002 -17"><span class='ocrx_word' id='word_1_790' title='bbox 1964 4851 2106 4905; x_wconf 78' lang='lat' dir='ltr'><strong>verit</strong></span> <span class='ocrx_word' id='word_1_791' title='bbox 2145 4849 2393 4917; x_wconf 83' lang='lat' dir='ltr'><strong>ﬁdeliter,</strong></span> <span class='ocrx_word' id='word_1_792' title='bbox 2427 4858 2482 4905; x_wconf 91' lang='lat' dir='ltr'><strong>et</strong></span> <span class='ocrx_word' id='word_1_793' title='bbox 2507 4846 2649 4905; x_wconf 78' lang='lat' dir='ltr'><strong>feros</strong></span> <span class='ocrx_word' id='word_1_794' title='bbox 2677 4864 2858 4906; x_wconf 87' lang='lat' dir='ltr'><strong>mores</strong></span> <span class='ocrx_word' id='word_1_795' title='bbox 2889 4850 2969 4904; x_wconf 87' lang='lat' dir='ltr'><strong>vel</strong></span> <span class='ocrx_word' id='word_1_796' title='bbox 2995 4849 3233 4920; x_wconf 87' lang='lat' dir='ltr'><strong>impuras</strong></span> <span class='ocrx_word' id='word_1_797' title='bbox 3272 4848 3552 4919; x_wconf 84' lang='lat' dir='ltr'><strong>cogitatio-</strong></span> 
     </span>
    </p>
   </div>
   <div class='ocr_carea' id='block_1_106' title="bbox 1958 4939 3550 5015">
    <p class='ocr_par' dir='ltr' id='par_1_106' title="bbox 1958 4939 3550 5015">
     <span class='ocr_line' id='line_1_106' title="bbox 1958 4939 3550 5015; baseline -0.001 -14"><span class='ocrx_word' id='word_1_798' title='bbox 1958 4961 2056 5015; x_wconf 82' lang='lat' dir='ltr'><strong>nes</strong></span> <span class='ocrx_word' id='word_1_799' title='bbox 2104 4946 2249 5007; x_wconf 82' lang='lat' dir='ltr'><strong>intra</strong></span> <span class='ocrx_word' id='word_1_800' title='bbox 2292 4942 2470 5001; x_wconf 86' lang='lat' dir='ltr'><strong>cordis</strong></span> <span class='ocrx_word' id='word_1_801' title='bbox 2498 4943 2802 5013; x_wconf 78' lang='lat' dir='ltr'><strong>cubiculum</strong></span> <span class='ocrx_word' id='word_1_802' title='bbox 2841 4940 3205 5013; x_wconf 74' lang='lat' dir='ltr'><strong>jugulaverit,</strong></span> <span class='ocrx_word' id='word_1_803' title='bbox 3258 4956 3326 4995; x_wconf 90' lang='lat' dir='ltr'><strong>ne</strong></span> <span class='ocrx_word' id='word_1_804' title='bbox 3376 4939 3550 4999; x_wconf 90' lang='lat' dir='ltr'><strong>domi-</strong></span> 
     </span>
    </p>
   </div>
   <div class='ocr_carea' id='block_1_107' title="bbox 1958 5033 3552 5104">
    <p class='ocr_par' dir='ltr' id='par_1_107' title="bbox 1958 5033 3552 5104">
     <span class='ocr_line' id='line_1_107' title="bbox 1958 5033 3552 5104; baseline -0.001 -9"><span class='ocrx_word' id='word_1_805' title='bbox 1958 5050 2156 5096; x_wconf 87' lang='lat' dir='ltr'><strong>nentur</strong></span> <span class='ocrx_word' id='word_1_806' title='bbox 2208 5038 2295 5104; x_wconf 91' lang='lat' dir='ltr'><strong>ei,</strong></span> <span class='ocrx_word' id='word_1_807' title='bbox 2352 5038 2456 5095; x_wconf 88' lang='lat' dir='ltr'><strong>iste</strong></span> <span class='ocrx_word' id='word_1_808' title='bbox 2516 5047 2600 5094; x_wconf 87' lang='lat' dir='ltr'><strong>est</strong></span> <span class='ocrx_word' id='word_1_809' title='bbox 2653 5052 2813 5093; x_wconf 89' lang='lat' dir='ltr'><strong>verus</strong></span> <span class='ocrx_word' id='word_1_810' title='bbox 2874 5033 3129 5091; x_wconf 85' lang='lat' dir='ltr'><strong>sacerdos</strong></span> <span class='ocrx_word' id='word_1_811' title='bbox 3200 5033 3431 5103; x_wconf 84' lang='lat' dir='ltr'><strong>Christi,</strong></span> <span class='ocrx_word' id='word_1_812' title='bbox 3498 5046 3552 5094; x_wconf 91' lang='lat' dir='ltr'><strong>et</strong></span> 
     </span>
    </p>
   </div>
   <div class='ocr_carea' id='block_1_108' title="bbox 1963 5130 3549 5205">
    <p class='ocr_par' dir='ltr' id='par_1_108' title="bbox 1963 5130 3549 5205">
     <span class='ocr_line' id='line_1_108' title="bbox 1963 5130 3549 5205; baseline -0.001 -16"><span class='ocrx_word' id='word_1_813' title='bbox 1963 5132 2320 5195; x_wconf 87' lang='lat' dir='ltr'><strong>milleaariutn</strong></span> <span class='ocrx_word' id='word_1_814' title='bbox 2376 5147 2659 5203; x_wconf 81' lang='lat' dir='ltr'><strong>numerum</strong></span> <span class='ocrx_word' id='word_1_815' title='bbox 2721 5130 3006 5205; x_wconf 77' lang='lat' dir='ltr'><strong>perliciens</strong></span> <span class='ocrx_word' id='word_1_816' title='bbox 3057 5130 3263 5202; x_wconf 87' lang='lat' dir='ltr'><strong>integre</strong></span> <span class='ocrx_word' id='word_1_817' title='bbox 3310 5130 3549 5187; x_wconf 89' lang='lat' dir='ltr'><strong>creditur</strong></span> 
     </span>
    </p>
   </div>
   <div class='ocr_carea' id='block_1_109' title="bbox 1955 5222 3549 5298">
    <p class='ocr_par' dir='ltr' id='par_1_109' title="bbox 1955 5222 3549 5298">
     <span class='ocr_line' id='line_1_109' title="bbox 1955 5222 3549 5298; baseline -0.004 -13"><span class='ocrx_word' id='word_1_818' title='bbox 1955 5240 2185 5298; x_wconf 79' lang='lat' dir='ltr'><strong>regnare</strong></span> <span class='ocrx_word' id='word_1_819' title='bbox 2213 5239 2337 5289; x_wconf 85' lang='lat' dir='ltr'><strong>cum</strong></span> <span class='ocrx_word' id='word_1_820' title='bbox 2365 5224 2584 5291; x_wconf 80' lang='lat' dir='ltr'><strong>Christo</strong></span> <span class='ocrx_word' id='word_1_821' title='bbox 2602 5266 2619 5295; x_wconf 91' lang='lat'><strong>,</strong></span> <span class='ocrx_word' id='word_1_822' title='bbox 2657 5233 2714 5283; x_wconf 84' lang='lat' dir='ltr'><strong>et</strong></span> <span class='ocrx_word' id='word_1_823' title='bbox 2741 5230 2890 5285; x_wconf 85' lang='lat' dir='ltr'><strong>recte</strong></span> <span class='ocrx_word' id='word_1_824' title='bbox 2914 5222 3058 5295; x_wconf 89' lang='lat' dir='ltr'><strong>apud</strong></span> <span class='ocrx_word' id='word_1_825' title='bbox 3088 5239 3210 5282; x_wconf 88' lang='lat' dir='ltr'><strong>eum</strong></span> <span class='ocrx_word' id='word_1_826' title='bbox 3244 5224 3436 5298; x_wconf 85' lang='lat' dir='ltr'><strong>ligatus</strong></span> <span class='ocrx_word' id='word_1_827' title='bbox 3463 5232 3549 5279; x_wconf 90' lang='lat' dir='ltr'><strong>est</strong></span> 
     </span>
    </p>
   </div>
   <div class='ocr_carea' id='block_1_110' title="bbox 1646 5366 2203 5431">
    <p class='ocr_par' dir='ltr' id='par_1_110' title="bbox 1646 5366 2203 5431">
     <span class='ocr_line' id='line_1_110' title="bbox 1646 5366 2203 5431; baseline -0.002 -7"><span class='ocrx_word' id='word_1_828' title='bbox 1646 5366 2203 5431; x_wconf 66' lang='lat' dir='ltr'><strong>COHMENTARIUS.</strong></span> 
     </span>
    </p>
   </div>
   <div class='ocr_carea' id='block_1_111' title="bbox 340 5477 1859 5556">
    <p class='ocr_par' dir='ltr' id='par_1_111' title="bbox 340 5477 1859 5556">
     <span class='ocr_line' id='line_1_111' title="bbox 340 5477 1859 5556; baseline 0.002 -20"><span class='ocrx_word' id='word_1_829' title='bbox 340 5482 431 5556; x_wconf 75' lang='grc' dir='ltr'><strong>(ι)</strong></span> <span class='ocrx_word' id='word_1_830' title='bbox 464 5480 529 5537; x_wconf 86' lang='lat' dir='ltr'><strong>In</strong></span> <span class='ocrx_word' id='word_1_831' title='bbox 579 5481 796 5556; x_wconf 83' lang='lat' dir='ltr'><strong>adventu</strong></span> <span class='ocrx_word' id='word_1_832' title='bbox 840 5478 1049 5556; x_wconf 64' lang='lat' dir='ltr'><strong>Domini</strong></span> <span class='ocrx_word' id='word_1_833' title='bbox 1095 5477 1224 5556; x_wconf 71' lang='lat' dir='ltr'><strong>Iesu</strong></span> <span class='ocrx_word' id='word_1_834' title='bbox 1265 5478 1590 5556; x_wconf 77' lang='lat' dir='ltr'><strong>mandaturi._</strong></span> <span class='ocrx_word' id='word_1_835' title='bbox 1637 5481 1859 5556; x_wconf 12' lang='lat' dir='ltr'><strong>Quidisi</strong></span> 
     </span>
    </p>
   </div>
   <div class='ocr_carea' id='block_1_112' title="bbox 263 5552 1863 5623">
    <p class='ocr_par' dir='ltr' id='par_1_112' title="bbox 263 5552 1863 5623">
     <span class='ocr_line' id='line_1_112' title="bbox 263 5552 1863 5623; baseline 0.001 -12"><span class='ocrx_word' id='word_1_836' title='bbox 263 5552 565 5611; x_wconf 83' lang='lat' dir='ltr'><strong>mundaturi</strong></span> <span class='ocrx_word' id='word_1_837' title='bbox 594 5554 755 5623; x_wconf 82' lang='lat' dir='ltr'><strong>legas,</strong></span> <span class='ocrx_word' id='word_1_838' title='bbox 782 5553 936 5606; x_wconf 75' lang='grc' dir='ltr'>ιιιιὶιιδ</span> <span class='ocrx_word' id='word_1_839' title='bbox 966 5560 1168 5613; x_wconf 75' lang='lat' dir='ltr'><strong>tantum</strong></span> <span class='ocrx_word' id='word_1_840' title='bbox 1194 5552 1384 5608; x_wconf 73' lang='lat' dir='ltr'><strong>littera:</strong></span> <span class='ocrx_word' id='word_1_841' title='bbox 1407 5553 1734 5623; x_wconf 85' lang='lat' dir='ltr'><strong>mutatione?</strong></span> <span class='ocrx_word' id='word_1_842' title='bbox 1760 5555 1863 5613; x_wconf 82' lang='lat' dir='ltr'><strong>Ne-</strong></span> 
     </span>
    </p>
   </div>
   <div class='ocr_carea' id='block_1_113' title="bbox 273 5621 1863 5700">
    <p class='ocr_par' dir='ltr' id='par_1_113' title="bbox 273 5621 1863 5700">
     <span class='ocr_line' id='line_1_113' title="bbox 273 5621 1863 5700; baseline 0.001 -19"><span class='ocrx_word' id='word_1_843' title='bbox 273 5641 387 5700; x_wconf 86' lang='lat' dir='ltr'><strong>que</strong></span> <span class='ocrx_word' id='word_1_844' title='bbox 426 5640 525 5682; x_wconf 85' lang='lat' dir='ltr'><strong>nos</strong></span> <span class='ocrx_word' id='word_1_845' title='bbox 558 5621 721 5680; x_wconf 76' lang='lat' dir='ltr'><strong>ullum</strong></span> <span class='ocrx_word' id='word_1_846' title='bbox 768 5623 934 5696; x_wconf 80' lang='lat' dir='ltr'><strong>magis</strong></span> <span class='ocrx_word' id='word_1_847' title='bbox 962 5623 1235 5696; x_wconf 86' lang='lat' dir='ltr'><strong>proprium</strong></span> <span class='ocrx_word' id='word_1_848' title='bbox 1261 5624 1402 5694; x_wconf 85' lang='lat' dir='ltr'><strong>quod</strong></span> <span class='ocrx_word' id='word_1_849' title='bbox 1430 5621 1685 5687; x_wconf 79' lang='lat' dir='ltr'><strong>afﬁnitate</strong></span> <span class='ocrx_word' id='word_1_850' title='bbox 1704 5628 1863 5697; x_wconf 87' lang='lat' dir='ltr'><strong>sylla-</strong></span> 
     </span>
    </p>
   </div>
   <div class='ocr_carea' id='block_1_114' title="bbox 1965 5478 3554 5554">
    <p class='ocr_par' dir='ltr' id='par_1_114' title="bbox 1965 5478 3554 5554">
     <span class='ocr_line' id='line_1_114' title="bbox 1965 5478 3554 5554; baseline -0.003 -13"><span class='ocrx_word' id='word_1_851' title='bbox 1965 5486 2153 5541; x_wconf 88' lang='lat' dir='ltr'><strong>barum</strong></span> <span class='ocrx_word' id='word_1_852' title='bbox 2181 5498 2304 5539; x_wconf 89' lang='lat' dir='ltr'><strong>cum</strong></span> <span class='ocrx_word' id='word_1_853' title='bbox 2346 5482 2414 5536; x_wconf 87' lang='lat' dir='ltr'><strong>iis</strong></span> <span class='ocrx_word' id='word_1_854' title='bbox 2450 5494 2568 5552; x_wconf 66' lang='lat' dir='ltr'><strong>qua</strong></span> <span class='ocrx_word' id='word_1_855' title='bbox 2612 5478 2841 5554; x_wconf 77' lang='lat' dir='ltr'><strong>subinde</strong></span> <span class='ocrx_word' id='word_1_856' title='bbox 2878 5488 3177 5554; x_wconf 81' lang='lat' dir='ltr'><strong>sequuntur</strong></span> <span class='ocrx_word' id='word_1_857' title='bbox 3218 5479 3554 5549; x_wconf 67' lang='lat' dir='ltr'><strong>cohaereret,</strong></span> 
     </span>
    </p>
   </div>
   <div class='ocr_carea' id='block_1_115' title="bbox 1967 5550 2780 5623">
    <p class='ocr_par' dir='ltr' id='par_1_115' title="bbox 1967 5550 2780 5623">
     <span class='ocr_line' id='line_1_115' title="bbox 1967 5550 2780 5623; baseline -0.002 -14"><span class='ocrx_word' id='word_1_858' title='bbox 1967 5556 2189 5612; x_wconf 89' lang='lat' dir='ltr'><strong>verbum</strong></span> <span class='ocrx_word' id='word_1_859' title='bbox 2220 5550 2780 5623; x_wconf 32' lang='lat' dir='ltr'><strong>invenire‘potuimus.</strong></span> 
     </span>
    </p>
   </div>
   <div class='ocr_carea' id='block_1_116' title="bbox 2051 5620 3582 5701">
    <p class='ocr_par' dir='ltr' id='par_1_116' title="bbox 2051 5620 3582 5701">
     <span class='ocr_line' id='line_1_116' title="bbox 2051 5620 3582 5701; baseline -0.003 -22"><span class='ocrx_word' id='word_1_860' title='bbox 2051 5625 2131 5697; x_wconf 79' lang='lat'><strong>(2)</strong></span> <span class='ocrx_word' id='word_1_861' title='bbox 2160 5625 2299 5680; x_wconf 87' lang='lat' dir='ltr'><strong>mille</strong></span> <span class='ocrx_word' id='word_1_862' title='bbox 2330 5620 2582 5679; x_wconf 75' lang='lat' dir='ltr'><strong>annorum</strong></span> <span class='ocrx_word' id='word_1_863' title='bbox 2610 5639 2845 5694; x_wconf 85' lang='lat' dir='ltr'><strong>regnum.</strong></span> <span class='ocrx_word' id='word_1_864' title='bbox 2880 5623 2998 5696; x_wconf 82' lang='lat' dir='ltr'><strong>Ego</strong></span> <span class='ocrx_word' id='word_1_865' title='bbox 3031 5622 3186 5683; x_wconf 83' lang='lat' dir='ltr'><strong>hunc</strong></span> <span class='ocrx_word' id='word_1_866' title='bbox 3216 5620 3398 5679; x_wconf 81' lang='lat' dir='ltr'><strong>locum</strong></span> <span class='ocrx_word' id='word_1_867' title='bbox 3422 5662 3438 5694; x_wconf 88' lang='lat'><strong>,</strong></span> <span class='ocrx_word' id='word_1_868' title='bbox 3475 5622 3582 5701; x_wconf 77' lang='lat' dir='ltr'><strong>pisi</strong></span> 
     </span>
    </p>
   </div>
  </div>
