4020 6072
493 203 598 259 545

1643 199 1731 255 DE
1771 195 2109 255 MAGNETE
2148 192 2604 250 PRESBYTERO

3681 189 3790 245 544

506 304 696 374 ligatus
733 313 816 359 est
853 304 1120 359 diabolus.
1176 302 1276 369 Qui
1306 315 1436 356 vero
1465 300 1606 355 vitiis
1652 309 1710 355 et
1749 297 2089 368 dogmatibus
2115 296 2168 355 Α
2195 329 2225 368 a
2256 328 2381 369 vera
2411 312 2517 368 “de
2545 312 2766 368 dissolvi
2795 321 3114 383 potueram;
3148 322 3428 382 propterea
3455 325 3588 365 auro
3626 325 3790 366 mu“-

506 395 882 451 haereticorum
924 396 1160 452 irretitus
1188 405 1306 457 est,
1345 395 1398 447 in
1431 408 1498 447 eo
1535 392 1744 447 solutus
1780 399 1864 445 est
1907 387 2093 444 diabo-

502 489 605 546 lus.
635 489 741 546 Sed
771 491 889 560 quia
918 488 1198 558 completis
1231 487 1374 542 mille
1405 485 1560 541 annis
1585 485 1709 540 dicit
1750 499 1873 538 eum
1918 484 2088 547 solvi,

503 594 558 638 et
598 582 866 649 completo
897 580 1253 651 perfectorum
1299 591 1604 635 sanctorum
1634 593 1858 632 numero
1887 578 1940 631 in
1971 576 2086 646 qui.

496 677 595 733 bus
641 692 871 747 corpore
897 685 952 730 et
974 677 1137 730 corde
1168 676 1488 746 virginitatis
1513 675 1676 730 decus
1702 683 1784 728 est
1809 673 1958 742 regni
1995 671 2088 726 ad-

492 770 744 826 veniendi
775 769 852 841 (l)
875 769 1221 825 abominandi
1251 769 1520 828 adventu,
1549 766 1701 821 multi
1725 765 1793 820 ab
1812 780 1879 820 eo
1900 780 2086 820 amore

493 874 834 920 terrenorum
883 863 1088 919 seducti
1134 861 1643 933 supplantabuntur,
1677 869 1730 916 et
1766 859 1926 914 simul
1960 873 2083 914 cum

491 973 558 1012 eo
582 958 797 1028 igneum
835 957 1210 1028 ingredientur
1239 967 1508 1026 stagnum.

563 1051 715 1106 8—10.
755 1051 817 1105 Et
860 1051 1198 1106 ascenderunt
1235 1066 1390 1119 super
1441 1059 1591 1104 terra:
1632 1048 1991 1114 latitudinem,
2035 1059 2084 1102 et

489 1147 755 1200 cinxerunt
804 1156 974 1200 castra
1025 1154 1350 1208 sanctorum,
1401 1152 1448 1196 et
1492 1141 1729 1196 dilectam
1780 1141 2078 1195 civitatem:

488 1250 535 1292 et
572 1237 826 1291 descendit
874 1239 1009 1308 ignis
1062 1238 1125 1290 de
1177 1236 1302 1291 ccelo
1340 1253 1372 1288 a
1409 1233 1548 1300 Deo,
1607 1244 1653 1288 et
1708 1233 1928 1288 comedit
1955 1249 2080 1300 eos;

488 1342 536 1383 et
592 1331 826 1384 diabolus
873 1333 959 1400 qui
1008 1329 1277 1384 seducebat
1327 1345 1443 1394 eos,
1501 1329 1684 1382 missus
1743 1337 1815 1381 est
1871 1329 1926 1382 in
1974 1337 2080 1382 sta-

487 1441 642 1494 gnum
666 1424 798 1494 ignis
846 1434 891 1476 et
917 1423 1214 1494 sulphuris,
1244 1423 1331 1477 ubi
1373 1432 1420 1476 et
1461 1422 1620 1476 bestia
1669 1431 1712 1476 et
1757 1423 2076 1492 pseudopro-

484 1517 638 1586 pheta
664 1516 1022 1571 cruciabuntur
1049 1517 1130 1568 die
1157 1531 1218 1568 ac
1255 1526 1398 1568 nocte
1437 1515 1490 1567 in
1518 1515 1707 1567 saecula
1745 1514 2073 1568 swculorum.

2195 405 2266 459 do
2303 406 2615 471 sociantur,
2655 421 2724 462 ex
2749 404 2942 476 quibus
2988 405 3129 475 regis
3174 404 3351 475 magni
3386 403 3577 459 civitas
3615 402 3788 459 deco-

2193 510 2363 555 ratur.
2395 500 2592 556 Plateac
2634 514 2764 556 vero
2798 514 2987 557 eorum
3018 493 3308 554 ostendunt
3351 497 3513 553 corda
3556 498 3624 552 ab
3664 512 3790 552 om-

2195 595 2349 649 nibus
2376 594 2629 650 mundata
2661 595 2940 661 sordibus,
2974 594 3256 662 perSpicua
3299 593 3417 647 luce
3443 590 3640 662 fulgida
3662 633 3679 657 ,
3727 602 3791 647 ut

2193 688 2385 743 merito
2425 688 2477 742 in
2533 689 2599 742 iis
2656 687 2962 744 deambulet
3015 686 3295 742 Dominus.
3344 684 3572 740 Flumen
3622 683 3785 750 vitae,

2191 779 2482 849 spiritualis
2537 780 2800 835 doctrinae
2870 796 2966 850 per
3017 789 3228 835 mentes
3283 777 3515 834 ﬁdelium
3561 791 3789 832 currere

2190 873 2414 942 gratiam
2434 915 2449 937 ,
2493 883 2548 928 et
2581 872 2894 943 multiplicia
2937 871 3164 927 odorum
3189 871 3522 942 germinasse
3557 870 3790 925 virentia

2189 963 2436 1019 ostendit.
2488 965 2712 1034 Lignum
2743 967 2866 1020 vitae
2910 981 2977 1020 ex
3015 975 3242 1035 utraque
3280 965 3432 1034 ripa,
3472 961 3671 1018 Christi
3698 977 3792 1018 se-

2187 1055 2422 1110 cundum
2451 1070 2670 1111 carnem
2709 1056 2946 1111 ostendit
2989 1056 3315 1119 adventum;
3359 1055 3449 1125 qui
3477 1057 3546 1110 ab
3567 1069 3677 1110 uno
3717 1055 3788 1110 li-

2186 1161 2292 1215 gno
2336 1147 2510 1202 crucis
2555 1148 2717 1201 vitam
2764 1147 3140 1216 suscipientes,
3187 1146 3411 1216 populos
3460 1145 3600 1200 fame
3655 1159 3791 1200 con—

2184 1247 2426 1309 sumptos
2485 1239 2634 1293 verbi
2685 1239 2776 1294 Dei
2819 1239 3202 1308 praedicatione
3252 1237 3486 1292 satiavit.
3556 1237 3624 1292 Et
3659 1237 3787 1306 quia

2184 1332 2313 1386 dicit
2344 1332 2396 1386 in
2435 1332 2652 1387 civitate
2693 1332 2864 1387 solem
2911 1347 3018 1386 non
3044 1345 3166 1387 esse
3221 1330 3628 1394 necessarium,
3671 1311 3788 1385 evil

2183 1423 2383 1479 denter
2413 1424 2650 1480 ostendit
2691 1435 2996 1480 creatorem
3032 1425 3212 1478 lumen
3247 1422 3650 1477 immaculatum
3681 1421 3786 1476 ful-

2181 1531 2312 1586 gere
2335 1516 2387 1570 in
2411 1515 2594 1571 medio
2621 1517 2740 1586 ejus
2758 1559 2773 1582 ,
2800 1516 2958 1586 cujus
2978 1516 3322 1587 splendorem
3348 1515 3528 1570 nullus
3550 1515 3788 1586 potuerit

485 1611 599 1667 Hoc
656 1613 766 1682 jam
840 1612 907 1666 ad
960 1611 1222 1681 judicium
1295 1609 1646 1664 novissimum
1711 1610 1979 1680 pertinet,
2031 1620 2085 1666 et
2117 1615 2164 1676 B
2189 1625 2382 1665 sensus
2403 1611 2640 1680 cogitare
2665 1625 2764 1664 nec
2791 1609 2969 1681 lingua
2996 1608 3437 1680 proloqui.Quod
3459 1623 3526 1662 ex
3554 1615 3787 1678 quatuor

479 1720 607 1779 post
650 1709 919 1764 modicum
971 1708 1131 1762 tellus
1176 1706 1384 1762 reddita
1423 1715 1506 1761 est
1538 1715 1761 1770 sancta,
1795 1706 1978 1776 utique
2023 1707 2076 1760 in

481 1816 586 1872 qua
632 1801 834 1856 dudum
864 1803 1184 1872 quieverant
1230 1814 1461 1870 corpora
1504 1799 1742 1868 virginea
1780 1814 1942 1853 :cum
1973 1800 2075 1853 im-

478 1897 691 1950 mortali
733 1912 859 1967 rcge
899 1908 1160 1951 aeternum
1194 1895 1491 1965 suscipient
1528 1909 1790 1964 regnum,
1837 1893 1927 1964 qui
1967 1908 2073 1948 non

476 1989 652 2044 solum
684 2005 911 2059 corpore
935 1991 1170 2059 virgines
1191 2031 1205 2054 ,
1241 1989 1337 2044 sed
1367 1998 1420 2043 et
1457 1988 1637 2058 lingua
1665 1998 1718 2042 et
1745 1987 2074 2058 cogitatione

475 2084 680 2154 pariter
724 2083 1104 2138 inviolabiliter
1133 2098 1193 2138 se
1237 2099 1264 2135 a
1324 2082 1561 2152 nequitia
1611 2089 1922 2136 tutaverunt
1954 2077 2068 2153 (2),

473 2193 614 2250 quos
679 2178 1044 2234 exsultaturos
1095 2193 1216 2232 cum
1264 2178 1418 2247 Agoo
1468 2177 1805 2236 demonstrat
1862 2190 2074 2245 perma-

478 2288 634 2330 nere.

911 2363 980 2401 EX
1020 2361 1209 2400 CAPITE
1260 2361 1348 2400 ΧΧΙ
1396 2362 1464 2400 ΕΤ
1508 2359 1639 2399 XXII.

554 2456 642 2511 16.
698 2456 762 2511 Et
809 2459 986 2512 civitas
1037 2459 1091 2511 in
1154 2458 1350 2528 quadra
1399 2459 1565 2528 positu
1615 2467 1708 2512 est.
1784 2455 2070 2511 Civitatem

469 2564 630 2620 quam
673 2549 800 2605 dicit
849 2551 1194 2620 quadratam,
1246 2565 1378 2605 auro
1425 2559 1479 2606 et
1523 2550 1780 2620 pretiosis
1823 2550 2070 2620 resplen-

469 2643 600 2699 derc
631 2644 897 2711 lapidibus
921 2689 936 2711 ,
983 2657 1037 2700 et
1065 2645 1297 2715 plateam
1336 2654 1576 2699 sanctam
1596 2687 1611 2712 ,
1641 2655 1694 2701 et
1742 2643 1940 2699 flumen
1973 2658 2071 2714 per

479 2735 754 2800 medium,
785 2747 838 2791 ct
882 2738 1080 2807 lignum
1129 2740 1253 2792 vittc
1280 2753 1343 2792 ex
1393 2747 1617 2808 utraque
1661 2747 1812 2807 parte
1866 2736 2069 2794 faciens

473 2831 685 2885 fructus
733 2832 1020 2886 duodecim
1069 2849 1164 2902 per
1208 2833 1494 2888 duodecim
1540 2848 1792 2896 menses,
1842 2843 1898 2887 et
1938 2832 2069 2888 solis

476 2922 657 2979 lumen
704 2924 774 2979 ibi
830 2940 935 2979 non
984 2940 1142 2990 esse,
1194 2929 1317 2996 quia
1362 2927 1545 2997 Agnus
1577 2936 1657 2980 est
1702 2926 1790 3004 lux
1825 2925 1971 2994 ejus;
2015 2934 2071 2980 et

2184 1702 2429 1772 partibus
2474 1711 2655 1772 portas
2683 1700 2813 1756 dicit
2855 1713 3037 1757 ternas
3062 1716 3182 1756 esse
3225 1702 3427 1772 positas
3453 1716 3521 1756 ex
3555 1699 3784 1770 singulis

2183 1797 2529 1868 margaritis,
2579 1807 2808 1867 quatuor
2846 1797 3079 1852 arbitror
3122 1811 3243 1852 esse
3291 1798 3545 1863 virtutes,
3587 1795 3784 1851 videli-

2178 1899 2262 1945 cet
2294 1889 2652 1959 prudentiam,
2697 1888 3083 1955 fortitudinem,
3123 1890 3408 1960 justitiam,
3462 1901 3780 1960 temperan-

2181 1983 2348 2049 tiam,
2401 1999 2520 2054 qua:
2586 1983 2814 2039 invicem
2869 1983 2970 2039 sibi
3027 1984 3254 2040 haerent.
3308 1984 3375 2039 Et
3418 1983 3542 2038 dum
3593 1994 3782 2039 mutuo

2180 2078 2516 2144 miscentur,
2563 2077 2952 2133 duodenarium
2987 2077 3228 2134 efficiunt
3257 2094 3559 2133 numerum.
3585 2077 3780 2134 Portas

2180 2187 2309 2227 vero
2338 2170 2624 2226 duodecim
2647 2214 2660 2238 ,
2714 2173 3095 2241 Apostolorum
3136 2187 3257 2228 esse
3299 2173 3568 2228 credimus
3590 2188 3778 2230 nume-

2179 2280 2298 2319 rum
2319 2309 2332 2331 ,
2369 2265 2459 2335 qui
2491 2266 2542 2318 in
2571 2276 2802 2335 quatuor
2846 2266 3131 2321 virtutibus
3161 2277 3219 2320 ut
3262 2269 3512 2337 pretiosae
3557 2283 3775 2338 marga-

2178 2359 2294 2412 rita:
2331 2358 2688 2429 fulgentibus,
2719 2360 2859 2414 inter
2901 2370 3118 2414 sanctos
3163 2360 3341 2415 lumen
3370 2360 3633 2414 doctrinm
3660 2376 3776 2416 sum

2178 2455 2594 2510 manifestantes
2640 2453 2911 2509 civitatem
2961 2453 3238 2509 etelestem
3284 2454 3489 2524 ingredi
3528 2452 3768 2520 faciunt;

2181 2560 2238 2604 ut
2290 2550 2358 2604 de
2412 2550 2823 2604 conversatione
2881 2565 3110 2616 eorum,
3179 2549 3490 2619 angelorum
3553 2549 3772 2604 laetetur

2179 2645 2398 2700 chorus.
2446 2643 2562 2699 Non
2606 2659 2764 2714 posse
2803 2655 2980 2700 autem
3009 2644 3183 2700 claudi
3227 2655 3408 2716 portas
3435 2689 3449 2710 ,
3489 2645 3770 2702 evidenter

2177 2737 2478 2792 ostenditur
2507 2737 2650 2791 nulla
2691 2737 3171 2792 contradicentium
3214 2747 3529 2808 tempestate
3558 2749 3769 2806 aposto-

2177 2831 2350 2886 lorum
2399 2830 2699 2886 doctrinam
2751 2833 2986 2901 separari
3051 2849 3079 2885 a
3155 2833 3502 2899 rectitudine,
3554 2833 3763 2888 etiamsi

2179 2924 2372 2980 fluctus
2408 2926 2646 2995 gentium
2668 2967 2682 2990 ,
2715 2933 2772 2979 et
2810 2925 3186 2980 haereticorum
3231 2941 3380 2980 vanae
3427 2927 3760 2996 superstitio-

469 3027 652 3082 portas
680 3017 797 3087 ejus
827 3017 895 3073 de
917 3019 1140 3088 singulis
1174 3018 1478 3088 margaritis
1498 3058 1515 3084 ,
1549 3027 1730 3073 ternas
1773 3027 1959 3084 portas
1995 3033 2061 3072 ex
2089 3034 2134 3098 ρ
2177 3033 2274 3073 nes
2303 3026 2489 3071 contra
2537 3016 2696 3072 fidem
2725 3031 2911 3072 eorum
2941 3033 3121 3072 veram
3147 3017 3542 3073 insurrexcrint
3567 3037 3578 3072 ε
3604 3033 3762 3089 supe-

466 3121 696 3182 quatuor
755 3113 1030 3181 partibus,
1079 3123 1132 3168 et
1180 3112 1352 3167 claudi
1397 3129 1504 3166 non
1545 3127 1724 3182 posse.
1777 3111 2060 3170 Civitatem

466 3205 683 3274 inquam
718 3207 1028 3274 quadratam
1063 3217 1366 3262 sanctorum
1391 3207 1679 3261 adunatam
1719 3207 1929 3261 turbam
1966 3221 2058 3262 os-

464 3297 641 3352 tendit
664 3341 679 3360 ,
713 3300 765 3353 in
794 3300 986 3368 quibus
1017 3301 1163 3355 nullo
1206 3301 1366 3355 modo
1407 3302 1539 3356 fides
1563 3300 1825 3356 fluctuare
1862 3304 2054 3366 potuit.

462 3386 608 3444 Sicut
640 3389 752 3444 Noe
785 3393 1092 3459 prtccipitur
1133 3392 1300 3462 (Gen.
1346 3410 1430 3456 γι,
1467 3394 1534 3447 14
1556 3395 1572 3462 )
1594 3435 1608 3456 ,
1641 3403 1697 3446 ut
1735 3408 1798 3447 ex
1827 3394 2058 3463 quadra-

461 3481 534 3535 tis
563 3483 719 3554 lignis
763 3483 964 3540 faceret
995 3503 1171 3540 arcam
1195 3530 1210 3547 ,
1244 3503 1361 3553 qua:
1391 3487 1574 3541 diluvii
1605 3497 1784 3556 posset
1825 3488 2056 3556 impetus

459 3575 642 3644 ferre,
693 3579 959 3649 pretiosos
1006 3581 1212 3650 lapides
1239 3583 1326 3648 qui
1375 3580 1637 3636 fluctuare
1675 3596 1782 3636 non
1826 3592 2056 3652 possunt

462 3671 516 3724 in
551 3674 928 3740 persecutione
955 3685 1170 3730 sanetos
1201 3676 1343 3729 viros
1374 3675 1644 3741 ostendit,
1672 3675 1759 3745 qui
1794 3691 1890 3730 nec
1916 3684 2051 3730 tem-

463 3773 672 3834 pestate
703 3777 1109 3836 persecutorum
1158 3770 1400 3832 moveri,
1447 3785 1545 3825 nec
1589 3770 1792 3840 impetu
1851 3769 2044 3838 pluvia:

2168 3113 2304 3176 rati,
2369 3121 2424 3166 ut
2471 3126 2674 3181 spuma:
2721 3112 3104 3175 dissolventur,
3147 3115 3270 3183 quia
3317 3123 3463 3181 petra
3511 3111 3762 3169 Christus

2167 3215 2288 3268 est,
2321 3219 2348 3256 a
2399 3217 2507 3274 quo
2534 3215 2587 3258 et
2632 3217 2724 3273 per
2752 3219 2910 3272 quem
2948 3203 3191 3259 Ecclesia
3220 3203 3493 3260 fundatur.
3524 3204 3761 3275 Ideoque

2167 3296 2324 3350 nullis
2369 3296 2619 3350 fluctibus
2681 3297 3061 3351 insanientium
3111 3296 3390 3351 hominum
3446 3306 3754 3368 superatur.

2164 3389 2309 3459 Ergo
2337 3388 2588 3444 audiendi
2621 3404 2726 3443 non
2765 3401 2890 3443 sunt
2929 3390 3018 3458 qui
3061 3390 3205 3444 mille
3239 3405 3502 3445 annorum
3532 3405 3754 3461 regnum

2163 3496 2436 3540 terrenum
2475 3498 2596 3539 esse
2642 3483 2954 3538 corfirmant
2981 3525 2996 3548 ,
3037 3486 3126 3555 qui
3175 3501 3296 3539 cum
3341 3482 3599 3540 Cerintho
3646 3485 3756 3540 lue-

2159 3577 2331 3632 retico
2366 3576 2622 3630 sentiunt.
2670 3575 2802 3630 Nam
2833 3592 3056 3647 regnum
3103 3576 3302 3633 CltriSti
3331 3595 3472 3633 nunc
3503 3589 3585 3635 est
3611 3594 3752 3634 scm-

2158 3673 2424 3742 piternum
2467 3670 2517 3724 in
2566 3671 2805 3737 sanctis,
2853 3687 2976 3727 cum
3021 3671 3179 3726 fuerit
3225 3673 3392 3743 gloria
3420 3681 3541 3744 post
3568 3687 3750 3728 resur-

2152 3765 2446 3822 rectionem
2477 3763 2822 3819 manifestata
2856 3775 3188 3820 sanctorum.

1817 3901 2373 3961 COMMENTARIUS.

454 4029 482 4088 a
530 4015 804 4086 proposito
858 4016 1049 4071 deduci
1101 4018 1362 4083 religione
1424 4021 1780 4088 proltiberer,
1824 4021 2052 4076 libenter

457 4087 529 4139 ita
557 4088 910 4142 restituisseut
938 4089 1030 4163 :VM
1041 4090 1126 4144 ille
1150 4107 1402 4145 annorum
1419 4087 1629 4163 regnum
1659 4093 1880 4147 arbitror
1902 4104 2048 4148 arter-

454 4174 577 4210 mtm
613 4175 753 4219 esse,
801 4172 889 4213 aut
929 4162 973 4213 si
1023 4178 1123 4214 non
1158 4164 1229 4215 ita
1273 4162 1590 4218 sentiendum
1621 4175 1726 4228 est,
1760 4175 1863 4220 etc.

2155 4017 2568 4093 quamminime
2613 4032 2826 4087 possem
2868 4018 3218 4093 declinarem.
3273 4023 3384 4093 Ego
3425 4025 3477 4078 in
3509 4025 3592 4080 his
3644 4043 3744 4081 an-

2155 4088 2528 4172 notationibus
2571 4105 2691 4159 qua).
2743 4101 2856 4144 tuto
2893 4092 3166 4174 castigare
3215 4088 3394 4163 potui,
3446 4097 3585 4150 bona
3643 4100 3749 4154 fide

2155 4167 2382 4230 praestiti
2415 4177 2441 4233 :7
2472 4175 2647 4230 neque
2677 4176 2820 4228 sum,
2860 4167 2904 4215 si
2932 4167 3052 4229 quis
3080 4167 3388 4233 opinionem
3424 4183 3595 4223 meam
3644 4171 3746 4222 im-

531 4229 612 4309 (1)
661 4231 997 4285 Adveniendi.
1059 4231 1306 4299 Venturi,
1355 4252 1450 4291 seu
1496 4237 1819 4302 adueniente,
1851 4239 2046 4308 opinor
2070 4233 2124 4294 Ι)
2153 4229 2507 4309 probaverit,
2537 4229 2793 4309 continuo
2843 4233 2948 4309 illi__
2973 4229 3334 4291 succénsurus
3355 4282 3370 4305 ,
3403 4249 3607 4293 tantum
3650 4242 3745 4296 illc

451 4296 555 4368 legi
596 4296 880 4358 onortere.

469 4380 473 4384 '
507 4370 602 4448 _(2)
633 4370 972 4448 Tutaverunt.
1007 4375 1298 4448 Protutati
1341 4389 1459 4431 sunt
1501 4380 1728 4448 positum
1775 4397 1894 4436 esse
1923 4384 2040 4438 exi-

450 4440 635 4495 stimo.
685 4441 794 4497 Nos
848 4461 966 4499 cum
1021 4447 1295 4502 meliorem
1346 4440 1630 4504 lcetin'nem
1679 4469 1782 4506 non
1813 4453 2040 4508 habere-

347 4515 358 4529 '
450 4528 798 4589 mus,_q_uam
842 4517 893 4569 in
946 4519 1110 4571 veteri
1160 4520 1453 4589 exomplari
1492 4523 1822 4586 invenimus,
1877 4527 2036 4580 etiam

445 4583 494 4638 si
550 4584 770 4666 minime
826 4590 982 4642 nobis
1013 4590 1118 4666 _il|a
1169 4583 1519 4660 probaretur,
1579 4583 1930 4663 reiiquiuius,
1981 4607 2037 4652 ut

443 4654 775 4737 eruditiores
796 4669 888 4713 aut
907 4654 1279 4737 conjecturam
1300 4654 1537 4719 nostram
1573 4654 1874 4737 reciperent
1895 4654 1928 4734 ,⁷
1944 4679 2037 4724 aut

448 4728 626 4808 locum
655 4729 752 4808 ipsi
775 4745 872 4784 suo
895 4733 1115 4787 arbitrio
1141 4736 1470 4808 inquinatum
1493 4728 1839 4808 castiga-rent.
1863 4728 2037 4794 Obso-

437 4797 549 4852 leta
609 4801 772 4854 verba
827 4813 1035 4859 mutare
1090 4805 1272 4871 nolui,
1331 4819 1386 4861 ut
1458 4809 1526 4862 ab
1557 4797 1785 4880 σῖὴιιιο
1849 4811 2036 4868 codice

2149 4304 2426 4377 meliorem
2453 4305 2846 4377 certioremque
2871 4304 3092 4370 aﬂ'erat;
3133 4325 3294 4377 quam
3338 4304 3541 4365 tantum
3588 4313 3746 4368 abes:

2148 4383 2202 4428 ut
2229 4374 2465 4441 rejiciam
2489 4417 2503 4440 ,
2539 4385 2594 4428 ut
2616 4375 2859 4444 ejusdem
2889 4393 2975 4431 me
2998 4374 3340 4435 defensorem
3385 4383 3484 4435 sim
3531 4384 3742 4441 sincere

2147 4445 2492 4515 professurus
2527 4465 2538 4500 :
2574 4447 2791 4502 libellus
2811 4458 2962 4503 certe
3008 4449 3078 4503 ita
3135 4452 3273 4506 male
3301 4468 3328 4506 a
3372 4453 3610 4509 librariis
3645 4473 3736 4510 ac-

2143 4527 2333 4595 ceptus
2379 4525 2500 4578 est,
2559 4528 2617 4572 ut
2660 4520 2750 4595 vix
2799 4522 2961 4595 omni
2993 4521 3269 4590 diligentia
3324 4524 3530 4580 restitui
3576 4541 3739 4595 posse

2143 4589 2422 4662 videretur
2455 4606 2468 4642 :
2502 4605 2608 4659 quo
2655 4589 2744 4652 fit,
2794 4603 2850 4645 ut
2894 4593 3073 4646 minus
3098 4589 3390 4662 ’culpandi
3443 4589 3650 4659 simus,
3691 4603 3738 4656 si

2139 4661 2504 4739 conjecturam
2541 4662 2732 4739 alicubi
2777 4663 3064 4739 maluimus
3115 4661 3309 4736 sequi,
3353 4683 3514 4739 quam
3545 4679 3738 4726 conta-

2143 4732 2330 4788 minati
2360 4732 2683 4802 exemplaris
2713 4734 3105 4790 auctoritatem.

467 4915 3731 4963 .___.____—___,_________________

847 4995 1087 5118 DE
1202 4998 2060 5130 MAGNETE

2170 5009 3317 5143 PRESBYTERO

1010 5218 1444 5348 ΝθΤΙΤΙΑ
1526 5223 2064 5357 HISTOBICA

2199 5229 2390 5360 CUM
2475 5234 3127 5381 FBAGMENTib

1607 5434 1697 5490 EX
1743 5437 1804 5495 D.
1852 5438 2137 5496 LUMPER
2182 5441 2570 5500 DESUMPTA.

957 5564 1243 5608 Λιιτιουιυε
1286 5564 1492 5610 PRIMUS.

934 5639 1063 5712 Ejus
1095 5640 1220 5698 Vita:
1245 5644 1519 5717 Synopsis.

505 5731 718 5804 Magnes
753 5734 839 5804 qui
876 5744 922 5790 ct
964 5733 1221 5790 Macarius
1254 5736 1464 5808 Magnes
1486 5781 1498 5805 ,
1531 5755 1630 5809 quo
1661 5749 1882 5814 tempore
1909 5744 2020 5799 cla-

2119 5557 2242 5611 ruit.
2287 5557 2560 5630 Presbyter
2600 5560 3104 5633 Hierosolymitanus
3144 5568 3305 5638 fuisse
3342 5571 3582 5628 traditur.
3639 5577 3717 5630 An

2121 5651 2274 5705 etiam
2308 5650 2633 5724 Episcopus?
2656 5685 2723 5693 —
2747 5654 2993 5727 Magnes,
3026 5659 3138 5714 sive
3167 5658 3437 5729 Magnetes
3457 5706 3471 5726 ,
3506 5666 3587 5720 vel
3623 5683 3717 5738 po-

2124 5745 2229 5801 tius
2271 5745 2529 5802 Macarius
2569 5746 2813 5820 Magnes,
2859 5749 3137 5808 desinente
3180 5752 3380 5809 s:rcu|o
3423 5757 3586 5814 tertio
3641 5763 3713 5816 llo
