4020 6072
347 134 450 192 545

1658 133 1932 191 ΝΟΊῚΤΙΛ
1968 133 2320 193 HISTORICA
2333 176 2346 192 .

3518 138 3624 196 546

342 250 513 306 ruisse
542 248 896 305 existimatur.
928 249 1007 306 ita
1034 248 1247 321 quidem
1286 262 1397 322 prae
1430 242 1638 306 caeteris
1680 250 1930 305 doctissi-
1965 252 2010 311 Α
2035 251 2153 305 nius
2192 252 2296 323 (l).
2341 250 2624 323 Complura
2665 267 2796 311 vero
2835 255 3146 312 eorumdem
3187 254 3621 327 Apocriticorum

338 357 460 398 mus
483 342 874 411 'l‘illemontius,
925 344 1018 415 qui
1067 345 1135 400 de
1179 346 1281 400 isto
1327 345 1577 401 Ecclesia:
1629 345 1922 415 scriptore,

336 437 552 493 obscuri
598 438 829 492 nominis
872 437 1024 506 licet,
1074 439 1348 510 ipsittSqtle
1396 440 1695 494 litterarum
1735 454 1927 495 monu-

336 532 535 587 mentis
568 531 696 585 satis
730 531 1011 602 diligenter
1045 531 1292 587 edisserit
1326 531 1430 606 (ι).
1476 531 1794 588 Guilielntus
1831 547 1929 588 au-

336 633 449 685 tem
502 621 707 680 Caveus
756 642 861 679 non
916 626 1087 681 solum
1141 626 1375 680 auctoris
1428 635 1641 681 aetatem
1699 625 1928 681 antehac

338 719 723 790 incompertam
748 762 764 787 ,
796 710 890 775 sed
916 735 1022 791 quo
1051 720 1211 775 etiam
1259 720 1571 775 charactere
1610 718 1782 774 fuerit
1800 720 1927 775 insi-

336 812 594 883 signitus,
640 811 903 882 expiscari
951 813 1057 868 sibi
1100 812 1315 868 demum
1361 814 1578 869 licuisse
1623 815 1924 884 prolitetur.

338 906 429 961 Sic
455 905 598 959 enim
630 905 717 960 ille
747 904 856 977 (9.):
886 904 1186 961 Germanus
1215 905 1516 976 patriarcha
1554 907 1923 963 constantinu-

338 998 604 1071 politanus
634 999 687 1053 in
721 998 1032 1069 Dogmatico
1068 1000 1136 1054 ad
1180 998 1492 1055 Antbimum
1532 1016 1634 1055 ms.
1676 1006 1814 1071 apud
1854 1001 1924 1057 cl.

336 1091 559 1146 Caleuut
580 1132 595 1155 ,
629 1090 717 1145 ubi
746 1090 815 1147 de
843 1091 1052 1161 synodo
1090 1093 1404 1149 antiocbena
1439 1093 1695 1150 adversus
1735 1093 1925 1151 Samo-

335 1197 578 1242 satenunt
619 1186 763 1256 agit,
806 1185 921 1243 haec
961 1186 1142 1244 habet.
1186 1186 1509 1255 Intererant,
1550 1188 1753 1259 inqttit,
1794 1186 1927 1243 Con-

334 1282 455 1336 cilio
476 1279 813 1337 Antiocheno
832 1290 1018 1337 contra
1049 1282 1264 1337 Paulum
1293 1282 1697 1339 Samosalenum
1720 1280 1925 1352 Grego-

330 1374 448 1429 rius
473 1374 902 1446 Thaumaturgus
925 1419 940 1439 ,
972 1375 1075 1431 Leo
1104 1373 1372 1431 Tarsensis
1402 1377 1420 1447 (
1437 1376 1721 1447 legendum
1746 1376 1928 1447 judice

331 1464 510 1523 Caveo
536 1471 708 1531 ελενος
735 1484 833 1539 pro
860 1482 1031 1535 Λεων,
1063 1471 1164 1525 levi
1196 1469 1514 1535 mutatione,
1548 1471 1593 1525 is
1631 1471 1773 1526 enim
1810 1481 1928 1526 erat

330 1561 439 1618 hoc
467 1573 706 1634 tempore
737 1566 994 1619 tarsensis
1021 1564 1334 1635 episcopus,
1367 1566 1440 1619 uti
1485 1564 1685 1621 diserte
1729 1564 1929 1620 habent

2032 349 2456 420 ἁποσπασμάτια
2473 357 2659 404 extare
2688 359 2983 405 noscuntur
3010 350 3061 404 in
3084 348 3372 421 Nicephori
3396 348 3622 419 patriar-

2030 438 2147 493 clne
2194 440 2755 509 constantinopolitani
2802 440 2943 496 libris
2986 441 3341 497 Antirrheticis
3380 440 3622 496 adversus

2029 532 2431 596 Iconomachos;
2456 549 2575 602 qute
2605 535 2822 591 ineunte
2850 536 2952 592 hoc
2976 540 3175 592 saeculo
3201 537 3280 591 vir
3306 536 3486 592 clarus
3511 537 3624 593 An-

2029 626 2229 681 selmus
2259 624 2557 681 Bandurius
2584 627 2875 682 monachus
2904 628 3136 700 et_abbas
3157 628 3527 685 benedictione
3553 643 3623 684 ex

2029 719 2188 789 regiis
2218 718 2491 775 codicibus
2529 719 2825 788 descripta,
2871 718 2984 775 fere
3021 737 3050 773 a
3082 735 3142 776 se
3180 720 3232 775 in
3265 720 3436 777 lucem
3468 719 3623 776 emit-

2029 811 2189 866 tenda
2219 812 2346 866 viris
2377 812 2603 866 eruditis
2645 821 2925 882 receperat
2964 811 3082 884 (2):
3127 812 3321 868 additis
3360 822 3625 884 praeterea

2032 905 2300 959 nonnullis
2347 905 2661 977 fragmentis
2708 907 3083 962 commentarii
3124 907 3363 977 ejusdem
3410 906 3627 963 Macarii

2029 998 2282 1069 Magnetis
2307 1000 2359 1053 in
2387 1000 2635 1055 Genesim
2656 1041 2672 1066 ,
2703 1016 2770 1057 ex
2794 1016 2895 1056 ms.
2925 1000 3111 1057 codice
3137 1000 3486 1057 ottoboniano
3515 1000 3615 1058 de-

2031 1093 2277 1162 sumptis.

2099 1186 2323 1256 Jamque
2360 1197 2515 1243 antea
2555 1188 2825 1260 iutegrum
2882 1188 3079 1244 librum
3131 1178 3507 1260 excerptorum
3553 1203 3624 1244 ex

2029 1279 2303 1349 scriptoris
2346 1281 2510 1336 nostri
2550 1280 2858 1350 apocritieis
2903 1279 3183 1336 detexerat
3229 1280 3624 1336 eruditissimus

2029 1372 2262 1428 Joannes
2297 1374 2550 1430 Bovinius
2596 1374 2650 1428 in
2688 1372 2972 1444 Nicephori
3016 1374 3391 1430 Antirrheticis
3432 1375 3626 1429 inscri-

2030 1477 2221 1538 ptum:
2267 1468 2330 1522 de
2359 1466 2681 1523 Testintoniis
2723 1467 2943 1522 Macarii
2984 1467 3260 1541 Magnetis,
3305 1468 3381 1524 uti
3407 1469 3634 1540 ipsemet

2031 1570 2258 1616 testatur
2284 1560 2389 1634 (5).

330 1655 618 1719 Eusebius,
640 1655 925 1728 Syncellus
944 1666 998 1712 et
1022 1656 1380 1730 Nicephorus)
1404 1655 1662 1713 Maximus
1688 1656 1927 1712 Bostren-
1956 1658 2004 1718 B
2102 1654 2236 1708 Dum
2281 1669 2409 1710 vero
2452 1655 2519 1709 ab
2565 1654 2646 1709 bis
2692 1653 2987 1709 duumviris
3024 1653 3323 1728 evulganda
3365 1653 3631 1724 ejusmodi

328 1749 421 1814 eis,
446 1754 533 1804 καὶ
555 1748 919 1826 Ἰεροσολύμων
942 1752 1141 1825 Μάγνης
1164 1772 1241 1811 τις
1266 1752 1429 1828 ἱερεὺς
1453 1753 1540 1806 καὶ
1563 1760 1655 1812 τῆς
1680 1753 1932 1827 ἡμετέρας

327 1839 695 1902 Καππαδοκίας
722 1842 1038 1918 Φιρμιλιανὸς
1064 1843 1394 1917 ὁΘαμάσ-ιος,
1416 1842 1757 1909 Tlteotecmts,
1783 1842 1930 1897 Pho-

329 1935 505 2001 tinus,
546 1931 855 1999 Marcellus,
892 1946 996 1989 etc.
1030 1934 1235 1989 Claruit
1287 1937 1445 2006 igitur
1473 1952 1615 1991 anno
1644 1935 1752 1993 265
1773 1979 1787 2002 .
1823 1952 1933 2009 quo

330 2025 518 2081 habita
544 2036 627 2082 est
654 2027 913 2081 adversus
943 2027 1164 2082 Paulum
1196 2028 1496 2084 Autiochim
1524 2030 1795 2101 synodus;
1827 2029 1933 2085 sal-

332 2131 446 2177 tem
469 2135 611 2175 anno
637 2134 745 2175 uno
770 2120 1010 2175 alterove
1038 2121 1304 2192 sequenti.
1335 2121 1628 2193 Episcopos
1654 2122 1797 2178 enim
1830 2122 1931 2179 hac

344 2213 629 2269 occasione
657 2217 792 2269 κατὰ
820 2217 996 2291 καιρὸν
1025 2213 1276 2292 διαφόρως
1306 2220 1392 2271 καὶ
1418 2216 1653 2277 πολλάκις
1682 2215 1734 2269 in
1766 2229 1929 2270 unum

326 2306 523 2362 coiisse
559 2304 722 2361 refert
751 2305 1018 2361 EuSPbius
1047 2306 1139 2361 lib.
1174 2323 1278 2374 vn,
1311 2322 1431 2378 cap.
1475 2306 1583 2374 28,
1627 2308 1803 2378 quod,
1847 2306 1930 2363 vel

326 2398 401 2455 de
428 2398 652 2453 diversis
671 2398 891 2471 synodis
910 2400 989 2455 vel
1011 2399 1078 2454 de
1089 2399 1317 2455 diversis
1332 2400 1572 2471 ejusdem
1594 2400 1786 2472 synodi
1805 2416 1923 2456 ses-

328 2491 568 2548 sionibus
595 2491 992 2562 intelligendum
1024 2501 1125 2548 est.
1149 2491 1416 2564 Quidquid
1438 2494 1527 2560 sit,
1577 2494 1662 2549 vix
1711 2494 1779 2549 de
1820 2494 1924 2550 alia

328 2585 559 2657 synodo,
602 2602 761 2656 quam
805 2602 926 2658 qum
966 2601 1109 2641 anno
1147 2586 1275 2653 265,
1329 2586 1505 2642 habita
1552 2598 1666 2653 est,
1710 2587 1928 2655 intelligi

329 2687 508 2744 potest
545 2676 863 2742 Germanus.
892 2693 1012 2733 cum
1063 2678 1165 2735 hoe
1207 2679 1419 2734 circiter
1460 2695 1601 2735 anno
1642 2678 1929 2750 Gregorius

328 2767 758 2842 Thaumaturgus
777 2770 975 2826 obiisse
991 2770 1200 2826 dieitur.
1221 2770 1352 2827 Cum
1375 2772 1531 2844 igitur
1546 2773 1797 2829 sacerdos
1816 2773 1929 2829 fue-

326 2864 395 2917 rit
414 2862 919 2936 hierosolymitanus
939 2862 1155 2934 Magnes
1177 2873 1377 2927 noster,
1426 2863 1773 2936 Hymenaeum
1815 2866 1928 2937 epi-

326 2973 551 3031 scopum
567 2974 719 3014 suum
741 2974 807 3016 eo
823 2958 1105 3015 comitatus
1131 2966 1232 3014 est.
1256 2957 1445 3014 Plures
1464 2959 1605 3014 enim
1628 2960 1928 3032 presbyteri

2037 1748 2267 1818 pretiosa
2309 1748 2584 1818 scriptoris
2628 1748 2974 1803 vetustissimi
3023 1758 3371 1804 monumenta
3417 1747 3634 1803 solliciti

2036 1839 2482 1909 exspectabamus
2500 1881 2515 1904 ,
2544 1854 2695 1910 spem
2726 1840 2853 1895 fecit
2879 1839 3135 1909 deinceps
3162 1840 3385 1911 Magnus
3413 1838 3636 1895 Crusius

2035 1930 2116 2004 (4)
2164 1948 2260 1986 nos
2305 1932 2374 1987 ab
2411 1948 2471 1988 se
2520 1932 2735 1987 tandem
2781 1931 2967 1988 eadem
3016 1942 3269 2003 excerpta
3322 1932 3633 2004 propediem

2035 2026 2202 2084 fuisse
2241 2036 2592 2099 accepturos,
2626 2043 2746 2097 quae
2778 2027 3032 2083 nimirum
3073 2043 3195 2082 cum
3233 2042 3299 2084 eo
3334 2027 3639 2083 communi—

2038 2125 2175 2179 carit
2213 2123 2441 2193 ispemet
2481 2122 2760 2177 Bovinius.
2801 2122 2972 2178 Petita
3015 2130 3141 2177 sunt
3178 2136 3275 2188 ea,
3319 2122 3524 2193 inquit,
3566 2136 3636 2177 ex

2035 2214 2163 2269 libro
2202 2231 2253 2270 tv
2277 2216 2711 2287 Apocriticorum,
2743 2214 2831 2269 ubi
2859 2225 3049 2269 auctor
3071 2214 3138 2269 ad
3165 2215 3449 2271 veritatem
3502 2214 3636 2272 reli-

2031 2306 2209 2376 gionis
2237 2307 2550 2362 christiana:
2589 2306 2966 2362 stabiliendam
3010 2307 3276 2378 imprimis
3304 2309 3413 2379 agit
3441 2318 3631 2365 contra

2033 2414 2265 2473 graecum
2312 2400 2602 2472 quemdam
2659 2398 3080 2471 philosophum;
3132 2402 3521 2473 speciatimque
3566 2402 3636 2460 de

2034 2492 2345 2547 monarcbia
2374 2491 2554 2548 divin‘a
2572 2534 2589 2561 ,
2611 2494 2968 2564 ejusdemque
2990 2493 3277 2561 majestate
3298 2503 3487 2550 contra
3519 2494 3637 2551 ido-

2032 2586 2300 2640 lolatriam
2347 2586 2622 2656 gentilium
2667 2585 2928 2657 disputat.
2984 2586 3317 2657 Subditque:
3359 2588 3636 2645 Accedent

2033 2676 2159 2738 huic
2206 2679 2358 2747 operi
2409 2678 2571 2733 etiam
2617 2676 2919 2748 fragmenta
2963 2679 3338 2734 commentarii
3386 2681 3633 2751 ejusdem

2032 2768 2250 2824 Macarii
2289 2769 2553 2841 Magnetis
2593 2771 2646 2824 in
2687 2769 2979 2835 Genesim;
3024 2771 3078 2824 in
3119 2770 3312 2841 quibus
3340 2771 3409 2827 de
3440 2773 3631 2830 Adami

2033 2864 2309 2919 creatione
2331 2905 2347 2930 ,
2379 2863 2447 2918 de
2477 2862 2857 2919 benedictione
2881 2862 2987 2918 diei
3016 2863 3260 2934 septimae
3279 2904 3296 2931 ,
3326 2863 3395 2920 de
3425 2865 3630 2936 planta.

2032 2958 2181 3012 tione
2212 2957 2356 3012 horti
2384 2956 2533 3013 Eden
2557 2999 2572 3024 ,
2602 2956 2669 3012 de
2700 2957 3049 3028 impositioue
3088 2956 3364 3012 nominum
3406 2959 3629 3030 singulis

324 3053 607 3108 etdiaconi
632 3053 983 3109 huicconcilio
1004 3051 1374 3108 interfuerunt.
1400 3054 1681 3126 ﬂuensque
1698 3054 1926 3111 Caveus.
1956 3058 2001 3121 C
2035 3050 2326 3106 bestiarum
2357 3051 2646 3121 generibus
2675 3050 2742 3105 ab
2780 3050 2990 3106 Adamo
3033 3050 3204 3115 facta,
3247 3051 3315 3107 de
3355 3052 3628 3123 adjutorio

398 3145 477 3200 De
502 3146 662 3216 ipsius
683 3145 937 3218 Magnetis
958 3146 1239 3200 litterarum
1259 3149 1616 3203 monumentis.
1634 3148 1916 3205 -—Verum

322 3238 391 3295 ad
423 3240 845 3312 presbyteralem
876 3239 1136 3310 Magnetis
1163 3240 1473 3312 dignitatem
1506 3243 1647 3313 quod
1688 3243 1915 3312 attinet,

326 3332 724 3388 observandum
753 3347 874 3388 cum
906 3332 1268 3402 'l'illemontio,
1301 3335 1419 3404 ejus
1449 3351 1643 3391 nomen
1673 3334 1917 3407 Episcopi

330 3427 483 3483 titulo
511 3426 678 3482 fuisse
707 3436 1058 3495 prtenotatum
1096 3429 1416 3506 (ἱεράρχης)
1449 3430 1501 3484 in
1532 3430 1710 3497 operis
1737 3440 1918 3486 exem-

326 3520 462 3590 plari
492 3520 558 3576 ab
586 3536 653 3575 eo
679 3520 875 3575 litteris
900 3522 1196 3593 eonsignati
1218 3565 1233 3588 ,
1265 3522 1407 3593 quod
1436 3524 1536 3578 sub
1561 3524 1772 3579 initium
1810 3540 1916 3581 ste-

325 3613 435 3669 culi
459 3615 580 3669 noni
608 3613 705 3670 fuit
726 3613 994 3670 detectum
1020 3615 1088 3670 ab
1109 3614 1442 3681 orthodoxis,
1470 3616 1561 3685 qui
1587 3632 1706 3671 cum
1731 3616 1917 3674 lcono-

322 3707 529 3764 machis
556 3708 925 3765 decertabant.
957 3708 1152 3763 Narrat
1181 3708 1403 3764 Photius
1434 3708 1512 3782 (5)
1531 3753 1544 3771 .
1575 3711 1647 3765 uti
1689 3711 1918 3767 advertit

323 3802 647 3874 Lequienius
672 3803 752 3875 (4)
799 3804 937 3857 inter
979 3802 1277 3871 Praesules,
1324 3804 1413 3874 qui
1450 3804 1707 3860 adversus
1747 3802 1917 3878 Chry-

323 3906 621 3952 sostomum
662 3896 716 3950 in
758 3894 978 3969 Synodo
1018 3895 1084 3950 ad
1115 3896 1382 3964 Quercum
1420 3894 1776 3953 Chalcedonis
1822 3913 1914 3952 su-

319 3989 573 4045 burbium
620 4003 959 4052 convenere,
1015 3989 1283 4044 adStitisse
1357 4005 1569 4060 quoque
1623 3989 1914 4045 Macarium

318 4083 637 4155 Magnesiae,
682 4085 796 4139 sive
841 4082 1141 4153 Magnetum
1193 4081 1557 4152 Episcopum,
1609 4083 1912 4139 delatorem

317 4178 656 4241 Heraclidae,
714 4194 872 4248 quem
939 4179 1164 4247 ipsemet
1230 4174 1648 4250 Chrysosmmus
1715 4177 1913 4248 Ephesi

321 4271 647 4343 Episc0pum
675 4279 973 4325 creaverat.
1009 4270 1141 4325 llinc
1171 4270 1395 4325 fortasse
1423 4270 1535 4325 sive
1565 4269 1772 4336 fraude,
1802 4275 1915 4328 sive

320 4369 620 4439 ignorantia
643 4409 656 4430 ,
685 4365 928 4437 Episcopi
956 4365 1166 4420 titulum
1193 4364 1460 4422 addiderit
1486 4364 1737 4422 librarius
1755 4408 1772 4435 ,
1799 4364 1911 4420 Ma-

323 4464 496 4535 gnetis
525 4461 834 4517 vetustioris
861 4475 995 4532 opus
1010 4460 1337 4516 exscribens.

389 4555 532 4610 Libri
577 4571 611 4609 v
658 4553 1065 4624 Responsionum
1108 4553 1347 4608 adversus
1391 4553 1759 4609 Tlteostltenetn
1790 4553 1908 4610 Da-

316 4648 541 4703 masceni
567 4663 674 4702 aevo
702 4644 1206 4700 notissimi.—Utut
1243 4657 1356 4712 est,
1397 4646 1611 4716 scripsit
1649 4647 1912 4704 Macarius

315 4740 535 4811 Magnes
562 4738 728 4793 libros
758 4754 791 4791 v
813 4738 1203 4815 ’Amxpmzaw,
1236 4754 1330 4793 seu
1370 4739 1778 4808 responsionum
1812 4740 1907 4795 ad-

322 4847 509 4886 versus
537 4830 940 4887 Theosthenent
981 4831 1248 4885 ethnicum
1272 4874 1286 4894 .
1329 4831 1673 4902 Evangelinm
1710 4832 1911 4888 calum-

320 4924 578 4979 niaulem.
627 4925 801 4993 Atque
844 4921 941 4977 hos
985 4922 1200 4993 quidem
1241 4922 1407 4979 libros
1441 4924 1752 4979 llatnasceni
1793 4940 1910 4981 :evo

318 5018 489 5074 fuisse
516 5019 822 5073 notissimos
842 5059 857 5082 ,
898 5018 1177 5072 annotavit
1213 5015 1374 5072 modo
1403 5016 1648 5073 laudatus
1677 5016 1910 5088 Lequie-

390 5205 470 5280 (i)
495 5204 824 5280 “dement”
853 5202 1377 5280 Mentoirzseu‘Hist.
1405 5204 1493 5258 des
1513 5200 1751 5280 Et)!l)€t'_.,
1778 5211 1906 5280 tom.

314 5273 410 5344 tv,
421 5292 538 5349 pag.
562 5275 759 5349 508-51
776 5276 795 5329 l
810 5316 825 5338 ,
848 5277 982 5349 d_ans
1006 5273 1177 5349 lafV'ie
1197 5276 1262 5330 de
1280 5274 1595 5349 Constantin
1622 5276 1671 5330 le
1691 5274 1869 5330 Graud
1890 5319 1905 5344 ,

314 5347 469 5405 artic.
500 5347 666 5413 'xcut,
699 5348 831 5418 edit.
868 5347 1123 5412 Bruxelh.
1153 5363 1272 5418 pag.
1304 5348 1404 5403 127
1431 5359 1483 5402 et
1509 5362 1660 5418 seqq.

389 5420 468 5488 (2)
499 5420 661 5485 Cave,
688 5417 824 5475 Hist.
851 5420 1093 5480 lilterar.,
1117 5420 1183 5473 ad
1205 5417 1294 5474 an.
1316 5419 1441 5485 265,
1474 5431 1601 5473 tom.
1627 5417 1674 5485 t,
1700 5433 1751 5488 p.
1779 5417 1904 5475 156.

416 5493 472 5560 '5)
503 5490 653 5547 Phot.
686 5490 823 5545 Bibl.
854 5489 986 5547 Cod.
1018 5506 1123 5545 ιιι.

425 5564 475 5631 5)
501 5562 759 5637 Lequien.
783 5559 875 5617 Or.
905 5563 1103 5637 Christ.
1133 5572 1262 5617 tom.
1288 5578 1506 5637 πνρας.
1535 5562 1661 5637 698.
1688 5561 1768 5637 Ne
1790 5576 1909 5637 verf

324 5633 507 5689 hulnm
537 5635 634 5689 hoc
661 5635 714 5689 in
750 5636 867 5689 loco
896 5635 964 5690 de
993 5633 1234 5704 Magnete
1263 5635 1530 5693 ot-eurrit.
1563 5634 1694 5691 falsa
1724 5633 1908 5689 citatio

321 5705 603 5761 (lallandii.
633 5705 740 5763 Sed
769 5704 885 5762 haec
913 5707 1175 5764 habentur
1204 5705 1255 5761 in
1285 5705 1418 5761 Nota
1447 5704 1552 5780 (5).

2023 3144 2241 3200 feminae
2271 3143 2339 3198 ab
2369 3146 2485 3214 ipso
2515 3144 2627 3199 Deo
2657 3145 2936 3221 instituto,
2967 3144 3035 3200 de
3061 3144 3375 3201 seductione
3404 3162 3627 3218 serpen-

2024 3238 2126 3303 tis,
2174 3248 2229 3292 et
2276 3238 2425 3308 lapsu
2474 3238 2768 3308 primorum
2820 3248 3137 3308 parentum,
3179 3249 3235 3295 et
3273 3240 3511 3312 denique
3550 3242 3621 3298 de

2022 3330 2217 3384 tunicis
2251 3329 2490 3399 pelliccis
2515 3344 2544 3382 a
2578 3329 2688 3384 Deo
2719 3328 3025 3385 fabrefactis
3054 3329 3361 3386 disseritur.
3407 3332 3623 3389 Hucus-

2020 3438 2125 3493 que
2150 3422 2222 3477 cl.
2250 3421 2501 3477 Crusius.
2561 3421 2779 3477 Utinam
2811 3438 2941 3479 vero
2981 3424 3065 3480 vel
3108 3424 3378 3497 integrum
3407 3426 3622 3483 Macarii

2020 3515 2282 3587 Magnetis
2311 3516 2744 3586 Apocriticorum
2774 3533 2911 3588 Opus
2932 3560 2946 3584 ,
2979 3518 3066 3573 vel
3107 3519 3302 3575 saltem
3342 3520 3487 3576 illius
3523 3537 3622 3578 ex-

2020 3621 2238 3683 cerpta,
2264 3611 2467 3668 Graecis
2488 3610 2776 3683 latiuisque
2800 3611 2996 3668 litteris
3015 3613 3306 3685 aliquando
3334 3616 3619 3687 prodeant.
3664 3688 3665 3691 η

2093 3704 2458 3776 Fragmentum
2509 3704 2861 3777 Magnetis-de
2892 3705 3219 3762 Eucharistia
3256 3708 3379 3762 olim
3413 3727 3445 3764 a
3488 3709 3622 3766 Tur-

2018 3801 2164 3854 riano
2197 3800 2388 3853 editum
2418 3817 2448 3853 a
2482 3798 2757 3855 Gallandio
2788 3802 2970 3855 iterum
3000 3802 3308 3874 euulgatum.
3338 3833 3409 3843 -—-
3437 3804 3613 3877 Atque

2019 3896 2290 3965 integrum
2322 3909 2453 3948 sane
2484 3893 2612 3949 illud
2644 3907 2780 3963 opus
2806 3908 2917 3963 prae
2943 3894 3190 3950 manibus
3222 3895 3474 3951 habuisse
3499 3912 3621 3967 per-

2019 3988 2234 4043 hibetur
2261 3988 2580 4043 Franciscus
2607 3986 2941 4042 Turrianus:
2971 4003 3038 4042 ex
3066 4002 3133 4043 eo
3157 3989 3421 4059 siquidem
3451 3992 3619 4047 multa

2020 4083 2217 4153 passim
2252 4082 2538 4149 delibavit,
2571 4080 2767 4151 quibus
2795 4081 3056 4136 adversus
3086 4093 3376 4137 novatorcs
3406 4099 3618 4141 summa

2018 4175 2145 4232 fidei
2187 4177 2361 4248 capita
2407 4183 2785 4246 propugnaret.
2830 4174 3108 4245 imprimis
3164 4185 3342 4231 autem
3386 4193 3452 4233 eo
3492 4194 3621 4236 usus

2016 4280 2099 4327 est
2128 4271 2209 4326 vir
2237 4271 2430 4325 doctus
2462 4270 2514 4324 in
2549 4277 2780 4324 tractatu
2809 4268 2871 4323 de
2899 4270 3222 4324 sanctissima
3253 4268 3619 4341 Eucltaristia;

2017 4381 2176 4436 quem
2208 4363 2444 4435 vulgavit
2467 4361 2725 4417 adversus
2749 4360 3018 4416 Andream
3044 4360 3308 4418 Volanum
3333 4365 3616 4434 Polonum,

1939 4458 2223 4519 DCalvini
2276 4444 2633 4528 discipulum;
2684 4456 2773 4511 ubi
2819 4456 3301 4514 luculentissimum
3356 4458 3617 4531 Magnetis

2018 4554 2382 4631 testimonium
2426 4551 2632 4622 profert
2672 4550 2740 4606 de
2778 4551 2912 4606 reali
2954 4555 3241 4622 praesentia
3289 4554 3534 4623 corporis
3561 4566 3619 4610 et

2014 4650 2290 4721 sanguinis
2314 4647 2513 4703 Christi
2541 4648 2593 4702 in
2630 4656 2968 4701 sacramento
2989 4646 3347 4702 eucharistico
3369 4647 3571 4705 Altaris
3594 4691 3610 4718 ,
3707 4697 3716 4706 .

2011 4761 2080 4802 ex
2111 4744 2228 4816 ejus
2259 4744 2397 4799 libro
2423 4757 2481 4823 qr
2511 4741 2940 4810 Apocriticorum
2969 4739 3333 4812 desumptum.

2085 4839 2254 4908 Quem
2285 4835 2498 4907 quidem
2531 4835 2708 4889 locum
2738 4849 2802 4889 ex
2836 4835 3007 4903 prima
3038 4834 3178 4888 illius
3207 4841 3470 4889 tractatus
3501 4834 3614 4891 edi-

2015 4934 2162 4990 tione
2199 4930 2482 4987 ﬂorentina
2523 4944 2666 4985 anno
2698 4928 2839 4985 1575
2869 4927 3200 4998 descriptum
3231 4927 3608 4985 exeudeudum

2013 5027 2222 5082 curavit
2246 5025 2545 5080 indefessus
2569 5023 2812 5078 Andreas
2838 5020 3152 5077 Gallandius
3181 5023 3231 5075 in
3263 5021 3610 5081 Bibliotheca:

2014 5120 2270 5175 Veterum
2299 5117 2519 5172 Patrum
2564 5124 2711 5171 tumo
2739 5130 2795 5170 ιιι
2817 5155 2831 5179 ,
2864 5130 2892 5166 a
2946 5128 3065 5184 pag.
3097 5112 3416 5181 541—542,
3441 5124 3496 5169 et
3522 5131 3609 5171 re-

2010 5226 2096 5273 cte
2124 5213 2373 5287 quidem;
2408 5228 2528 5267 nam
2559 5209 2725 5267 editio
2755 5208 3064 5280 parisiensis
3107 5209 3233 5265 anni
3266 5210 3429 5277 1577,
3465 5210 3606 5267 unde

2086 5417 2166 5490 (l)
2193 5416 2348 5490 Tom.
2381 5431 2429 5479 r,
2463 5427 2583 5490 pag.
2614 5410 2741 5490 27},
2783 5423 3005 5490 operum
3036 5408 3095 5466 S.
3130 5410 3607 5490 Damasceni;_[_.e-

2009 5481 2168 5561 quieo
2196 5490 2248 5561 i_n
2273 5486 2395 5561 Not.
2423 5484 2649 5561 θέρμη.
2672 5481 2985 5536 Damasceni
3005 5524 3021 5545 ,
3048 5493 3179 5537 tom.
3210 5481 3564 5561 rupagégﬂ.

1998 5551 2041 5589 ·’
2083 5561 2162 5627 (‘2)
2196 5558 2428 5618 Fabric.,
2460 5552 2572 5607 Bib.
2607 5551 2795 5627 σηιξη..
2822 5562 2953 5627 tom.
2984 5568 3039 5619 v,
3067 5568 3191 5627 pag.
3224 5552 3495 5627 641-685:

2191 5628 2479 5710 Eovinnj‘n
2509 5633 2620 5710 not.
2737 5623 3029 5710 .Nicepllor.
3056 5623 3373 5710 Gregor‘am:
3398 5639 3451 5693 p.
3476 5623 3609 5680 794.

2081 5692 2370 5783 (‘iiCrusg
2392 5692 2617 5752 ’Dissert.
2649 5692 2890 5769 Epistol.,
2926 5694 2956 5765 §
2985 5709 3057 5760 ιι,
3090 5692 3212 5765 pag.
3239 5692 3396 5748 8-H.
