4020 6072
355 105 455 162 549

1276 67 1369 156 θεέ
1404 96 1705 155 ABNOBIO
1744 95 1931 159 AFRO
1970 93 2245 162 NOTITIA
2280 92 2666 161 msromcs.

3538 94 3640 155 550

350 212 568 286 stupida
595 220 779 271 mente
798 212 982 286 nugati
1011 218 1155 279 sunt,
1180 211 1275 269 sed
1316 212 1493 293 potius
1516 226 1645 267 vere
1668 226 1866 284 corpus
1887 220 1942 268 et
1967 211 2019 274 Α
2043 212 2133 282 qui
2162 210 2291 266 illud
2318 211 2519 276 vinum,
2551 206 3033 271 immortalitatemT
3051 212 3452 269 intemereratse
3498 210 3641 267 divi-

349 307 574 383 sanguis
603 303 827 362 Christi.
854 326 875 359 ι
910 306 1090 377 Pergit
1108 304 1280 361 adhuc
1301 301 1696 376 philosophari:
1729 304 1944 373 «Quan-

350 399 645 474 doquidem
677 413 828 466 vero,
869 417 890 452 ›
923 398 1117 470 inquit,
1141 412 1335 467 corpus
1361 412 1425 452 ex
1469 406 1610 452 terra
1649 397 1851 462 existit,
1879 411 1941 451 ex

348 503 496 550 terra
513 500 690 548 autem
718 490 874 565 panis
912 499 966 546 et
986 492 1207 555 viuum;
1237 488 1511 561 quomodo
1542 505 1647 543 nun
1679 500 1760 543 εει
1803 488 1943 543 alius

351 600 517 642 ausus
542 585 721 641 dicere
751 601 766 638 :
797 583 927 638 Caro
956 600 1067 638 mea
1110 598 1223 638 uere
1250 593 1323 637 est
1362 584 1522 648 cibus,
1555 582 1762 653 sanguis
1805 597 1944 635 meus

350 696 468 735 vere
488 687 560 734 est
582 687 729 749 potus
752 675 956 750 (Joan.,
983 693 1059 743 vt,
1093 673 1228 748 56)?
1250 674 1473 746 Nempe,
1503 675 1625 745 quia
1654 674 1833 729 nullus
1860 682 1943 729 est

357 781 573 828 creator
600 779 780 836 teme,
809 768 912 824 nisi
936 768 1023 824 hic
1053 787 1066 822 :
1092 768 1289 823 nullius
1315 776 1398 823 est
1419 774 1684 830 creatura,
1705 766 1806 820 uisi
1825 764 1945 820 Filii

350 866 469 923 Dei.
498 864 706 920 Idcirco
736 863 905 919 dixit:
943 863 1056 918 Hoc
1084 871 1157 918 est
1185 878 1371 935 corpus
1392 878 1560 917 meum
1584 878 1603 916 :
1632 875 1750 916 mea
1778 859 1943 928 enim,

350 967 407 1016 et
437 974 542 1014 non
565 958 809 1025 alterius,
831 966 913 1013 est
937 966 1183 1014 creatura
1211 965 1388 1012 terrae.
1424 954 1623 1012 Omnes
1652 955 1794 1010 enim
1822 964 1943 1025 post

356 1060 558 1108 terram
580 1051 746 1122 geniti
767 1058 912 1115 sunt,
937 1064 1132 1120 corpus
1150 1067 1176 1103 a
1205 1065 1292 1105 me
1321 1047 1681 1119 accipientes;
1704 1061 1802 1117 ego
1821 1061 1948 1101 vero

349 1157 477 1200 ante
518 1153 737 1213 terram,
770 1158 799 1197 a
828 1143 975 1198 nullo
1005 1142 1142 1198 hanc
1170 1143 1479 1212 accipiens:
1512 1156 1578 1195 ex
1604 1140 1703 1195 hac
1723 1153 1940 1212 corpus,

354 1237 412 1293 id
438 1248 543 1304 est,
576 1252 643 1292 ex
690 1250 811 1291 mea
837 1245 1081 1291 creatura
1112 1234 1314 1305 accepi,
1346 1248 1564 1289 sumens
1590 1246 1829 1288 carnem.
1863 1230 1945 1285 Ex

354 1346 483 1389 meo
530 1331 691 1403 igitur
734 1345 978 1403 propono
1002 1330 1156 1386 vobis
1195 1328 1485 1384 charisma.
1514 1327 1592 1383 Ex
1624 1336 1765 1383 terra
1794 1325 1946 1381 vobis

347 1427 506 1498 panis
539 1425 608 1481 ad
634 1424 886 1482 alendum
912 1424 1156 1481 exstitit:
1188 1433 1330 1480 terra
1361 1437 1491 1478 vero
1534 1432 1777 1477 creatura
1825 1434 1945 1475 mea

2048 304 2230 358 uitatis
2283 302 2617 372 participanti
2678 302 2918 358 tribuunt
2962 304 3183 366 αὐτόθεν,
3213 301 3268 357 id
3304 310 3408 369 est,
3440 316 3473 357 e
3515 316 3636 372 suo,

2047 398 2159 450 sive
2182 410 2249 451 ex
2277 409 2336 450 se
2359 396 2522 465 ipsis;
2551 406 2604 450 et
2628 410 2722 464 per
2748 410 2866 449 eam
2895 394 2962 450 ad
2988 395 3325 450 mansionem
3354 395 3640 465 incorrup-

2046 490 2246 545 tibiiem
2295 489 2559 544 creatoris
2608 489 2890 544 reducunt.
2943 487 3085 544 Caro
3137 490 3282 543 enim
3340 487 3640 545 Salvatoris

2048 580 2363 636 manducata
2387 595 2492 634 non
2514 581 2876 651 corrumpitur
2898 580 2975 653 (1)
2997 594 3098 635 nec
3122 580 3342 650 sanguis
3373 579 3458 634 hic
3486 587 3641 650 pota-

2052 685 2138 731 tus
2166 676 2503 730 consumitur
2532 693 2545 729 :
2571 676 2696 746 quin
2742 675 2914 744 potius
2940 675 3028 745 qui
3072 672 3217 741 edit,
3248 673 3315 729 ad
3343 675 3642 733 incremen-

2052 779 2163 823 tum
2216 768 2403 822 virium
2460 768 2643 831 venit;
2685 766 2774 837 qui
2826 780 2955 821 vero
2999 766 3193 830 editur,
3250 766 3492 821 consumi
3532 780 3640 821 non

2052 870 2263 933 potest:
2296 864 2417 933 quia
2458 862 2634 917 omnis
2674 860 3018 931 consuiuptio
3045 858 3256 917 ratione
3281 859 3512 939 quadam
3539 872 3637 915 na-

2048 965 2179 1011 turae
2206 967 2427 1026 cognata
2448 966 2550 1011 est.
2588 974 2607 1008 ι

2123 1050 2237 1106 Hoc
2280 1051 2455 1121 ipsum
2487 1049 2842 1120 fragmentum
2894 1049 3196 1109 indefessus
3220 1058 3274 1105 et
3297 1048 3641 1107 doctissimus

2047 1144 2107 1199 D.
2140 1143 2299 1199 Pater
2331 1142 2639 1199 Dominicus
2674 1141 3041 1198 Schrammius
3072 1144 3124 1197 in
3155 1152 3299 1198 tomo
3342 1157 3392 1197 vt
3435 1142 3640 1214 Analy-

2049 1238 2122 1294 sis
2156 1252 2380 1319 operum
2427 1237 2525 1293 SS.
2584 1248 2794 1300 patrum
2839 1248 2894 1294 et
2944 1239 3266 1309 scriptorum
3310 1237 3642 1294 ccclesiasti-
3711 1242 3725 1259 ⁹

2048 1347 2234 1411 corum
2260 1334 2398 1404 typis
2425 1334 2754 1404 Augustanis
2788 1333 2949 1396 1784.
2974 1350 3003 1389 a
3031 1350 3152 1406 pag.
3178 1332 3448 1400 418-420,
3476 1334 3639 1388 reim-

2050 1425 2209 1497 primi
2242 1424 2484 1490 curavit,
2528 1425 2746 1480 omissis
2787 1433 2963 1485 tamen
2995 1425 3364 1481 Gailaudianis
3409 1425 3549 1479 notis
3573 1440 3641 1480 ex

347 1529 434 1576 est
475 1537 490 1574 :
518 1535 585 1576 ex
611 1529 752 1575 terra
781 1519 1029 1574 similiter
1077 1518 1281 1574 exstitit
1325 1529 1543 1586 corpus,
1595 1524 1650 1573 et
1679 1513 1794 1568 haec
1824 1527 1943 1567 mea
1974 1536 2022 1596 Β
2053 1520 2273 1588 Allatio,
2302 1518 2561 1575 Zacharia
2607 1518 2851 1575 Cretensi
2883 1527 2937 1575 et
2972 1519 3265 1597 Lequienio
3288 1519 3638 1592 depromptis.

346 1626 548 1669 massa.
606 1611 685 1667 Ex
716 1613 913 1667 unione
961 1610 1148 1682 igitur,
1195 1623 1300 1680 qua
1332 1608 1514 1663 unitus
1557 1621 1698 1669 sum,
1730 1612 1945 1659 sanctus

346 1719 471 1761 cum
505 1712 745 1773 terreno,
768 1703 839 1758 do
860 1717 1052 1776 panem
1082 1710 1137 1757 et
1162 1702 1372 1768 vinum,
1390 1698 1584 1769 jubens
1603 1711 1725 1753 esse
1751 1709 1945 1765 corpus

360 1813 542 1854 meum
572 1806 628 1853 et
665 1796 999 1867 sanguinem.
1040 1813 1058 1848 ι

417 1889 507 1947 Ill.
540 1887 784 1945 «Etenim
798 1890 842 1942 si
863 1887 1153 1953 Abraham,
1169 1894 1263 1941 aut
1280 1884 1417 1940 alius
1429 1884 1692 1955 quispiam
1710 1898 1775 1939 ex
1786 1880 1944 1952 justis

344 1996 412 2039 ac
454 1982 656 2038 sanctis
693 1981 960 2037 dixisset:
993 1979 1126 2035 Caro
1156 1994 1268 2033 mea
1333 1986 1405 2032 est
1456 1975 1616 2042 cibus,
1662 1985 1709 2030 et
1735 1974 1944 2046 sanguis

342 2092 490 2131 meus
518 2083 690 2147 potus,
714 2074 871 2130 valde
898 2073 1118 2129 mentiri
1157 2083 1322 2127 ausus
1351 2077 1519 2137 esset,
1550 2080 1641 2123 aut
1684 2068 1731 2123 si
1772 2068 1940 2123 dixis-

344 2180 455 2239 set,
481 2171 576 2225 hoc
601 2179 672 2225 est
696 2184 884 2239 corpus
930 2183 1121 2232 meum,
1164 2166 1246 2221 hic
1275 2176 1349 2220 est
1374 2164 1583 2238 sanguis
1612 2179 1754 2219 meus
1784 2177 1804 2216 :
1835 2175 1943 2216 non

343 2266 491 2320 enim
525 2264 627 2318 hoc
650 2263 841 2334 ipsius,
865 2260 962 2317 sed
993 2260 1215 2316 alterius
1237 2270 1382 2315 esset
1410 2257 1735 2322 substantia,
1769 2269 1943 2326 neque

344 2355 665 2412 manducata
693 2355 858 2409 vitam
888 2351 1336 2407 manducautibus
1358 2350 1645 2424 praeberet.
1664 2347 1939 2419 Siquidem

347 2449 494 2522 quod
519 2463 623 2505 non
655 2448 817 2503 habet
842 2447 1066 2503 verbum
1092 2447 1285 2502 vivens
1303 2446 1509 2500 unitum
1540 2459 1661 2500 cum
1693 2456 1942 2513 corpore,

344 2543 489 2616 quod
519 2542 618 2597 fuit
649 2552 951 2607 terrenum,
989 2539 1057 2594 ad
1085 2548 1343 2595 aeternam
1376 2540 1539 2593 vitam
1587 2536 1810 2593 edentes
1838 2549 1945 2589 non

342 2636 660 2693 adduceret.
690 2633 936 2690 Christus
964 2647 1095 2703 ergo
1121 2632 1394 2703 proprium
1424 2644 1622 2700 corpus
1651 2638 1705 2685 et
1732 2627 1949 2698 sangui-

352 2746 476 2787 nem
512 2729 662 2785 dedit
703 2726 1072 2793 credentibus,
1103 2726 1348 2782 immisso
1373 2725 1454 2780 eis
1476 2723 1624 2779 vitali
1659 2723 1948 2794 pharmaco

2050 1611 2319 1667 Caeterum
2349 1612 2644 1680 optandum
2690 1622 2854 1676 esset,
2888 1621 2946 1667 ut
2974 1614 3238 1684 integrum
3286 1611 3502 1669 Macarii
3535 1612 3644 1669 Ma-

2049 1705 2224 1776 gnetis
2255 1705 2660 1777 Apocrt'tt'corum
2681 1721 2815 1779 opus
2845 1705 3042 1777 publici
3067 1704 3356 1778 aliquando
3378 1705 3516 1778 juris
3544 1705 3640 1760 tie-

2050 1807 2165 1867 ret;
2200 1797 2525 1869 sperandum
2554 1798 2750 1869 quippe
2778 1809 2943 1865 esset,
2972 1814 3038 1853 ex
3081 1798 3364 1873 scriptoris
3389 1797 3642 1852 vetustis-

2049 1890 2170 1945 simi
2214 1888 2551 1946 documentis
2601 1890 2723 1947 iidei
2763 1891 3080 1953 orthodoxa:
3127 1898 3288 1963 atque
3336 1888 3640 1960 disciplinae

2049 1983 2428 2038 ecclesiastica:
2502 1982 2677 2038 lucem
2731 1999 2978 2054 magnam
3053 1983 3169 2039 fore
3217 1968 3639 2040 adfundetidam.

2049 2075 2245 2148 Elapso
2278 2076 2529 2148 equidem
2555 2079 2757 2133 saeculo
2802 2080 2871 2134 cl.
2898 2077 3214 2133 Albertinus
3267 2085 3324 2133 et
3374 2075 3479 2133 hoc
3505 2091 3640 2147 opus

2046 2170 2339 2239 vellicavit,
2373 2170 2650 2242 ipsiusque
2697 2173 2933 2226 auctoris
2982 2180 3199 2227 aetatem
3254 2180 3308 2227 et
3356 2170 3640 2227 veritatem

2045 2265 2313 2322 inilciatus
2344 2274 2427 2321 est
2451 2264 2532 2341 (Ξ)
2565 2267 2648 2322 his
2673 2267 2854 2322 verbis
2880 2285 2893 2321 :
2936 2284 2954 2318 ι
2996 2264 3204 2330 Verum,
3230 2264 3422 2334 inquit,
3453 2262 3519 2319 ad
3547 2276 3644 2334 po-

2046 2360 2231 2432 pulum
2251 2359 2520 2430 phaleras.
2539 2361 2671 2428 Quis
2698 2361 2842 2416 enim
2870 2369 3133 2428 veterum,
3163 2359 3328 2414 immo
3347 2358 3508 2423 etiam
3538 2371 3626 2413 re-

2052 2454 2349 2510 centiorum
2375 2470 2467 2524 per
2494 2468 2689 2510 novem
2720 2462 2813 2509 aut
2838 2454 3026 2511 decem
3050 2455 3243 2511 saecula
3268 2453 3525 2525 Magnetis
3548 2451 3645 2506 hu-

2046 2546 2155 2618 jus,
2187 2548 2266 2603 vel
2314 2549 2489 2619 quoad
2532 2566 2728 2605 nomen
2776 2558 2979 2605 tantum
3024 2550 3367 2605 meminerit?
3399 2548 3644 2603 Fictitius

2054 2656 2276 2711 prorsus
2305 2653 2493 2698 auctor
2520 2655 2620 2710 est,
2657 2654 2749 2700 aut
2794 2644 2986 2699 saltem
3027 2656 3201 2697 novus
3240 2641 3434 2715 aliquis
3459 2656 3522 2695 ac
3547 2655 3645 2695 nu-

2052 2749 2217 2806 perus
2243 2736 2543 2804 Graeculus,
2573 2736 2726 2807 cujus
2766 2737 3090 2809 scriptorum
3132 2733 3400 2789 certitudo
3430 2739 3538 2786 tota
3563 2741 3645 2786 est

343 2824 658 2882 divinitatis.
694 2821 899 2879 Deinde
952 2821 1263 2892 subjungit:
1292 2818 1477 2897 ’Ἄρτον
1503 2825 1624 2894 γοῦν
1668 2819 1823 2891 λέγων
1859 2820 1942 2876 τὴν

2056 2843 2227 2900 penes
2245 2828 2567 2884 Turrianum
2592 2828 2767 2900 exigui
2789 2827 2976 2898 judicii
3005 2826 3202 2892 virum,
3232 2823 3463 2895 ﬁdeique
3494 2823 3646 2879 valde

345 2924 516 2998 σάρκα
546 2924 633 2975 καὶ
660 2916 787 2976 οἶνον
835 2918 893 2973 τὸ
942 2912 1090 2989 αἷμα,
1142 2912 1441 2970 ἐπαίδευσεν
1486 2914 1622 2985 ἡμᾶς
1660 2909 1870 2982 εὐλόγως
1899 2909 1952 2961 ἐκ

343 3022 436 3084 γῆς
461 3008 590 3068 εἶναι
618 3012 675 3067 τὸ
702 3018 875 3081 σῶμα.
910 3007 966 3063 Id
998 3016 1082 3063 est
1114 3026 1127 3060 :
1160 3022 1282 3060 cum
1324 3005 1485 3075 igitur
1510 3019 1650 3067 eam,
1680 3019 1797 3072 qua:
1822 3017 1951 3057 caro

343 3114 450 3171 est,
476 3111 639 3159 vocat
658 3118 877 3174 panem,
899 3110 952 3155 et
972 3115 1117 3163 eum,
1142 3099 1232 3170 qui
1261 3098 1504 3168 sanguis,
1532 3104 1690 3151 vocat
1713 3096 1898 3149 vinum
1930 3112 1945 3160 ;

347 3197 533 3252 docuit
558 3211 659 3251 nos
688 3193 1080 3250 convenienter
1104 3190 1322 3254 rationi,
1342 3204 1405 3245 ex
1432 3198 1574 3244 terra
1599 3202 1723 3243 esse
1748 3201 1945 3256 corpus

342 3289 593 3345 similiter
616 3296 670 3344 et
698 3300 915 3357 panem,
952 3293 1007 3341 et
1037 3284 1194 3339 unius
1237 3281 1453 3353 generis
1503 3280 1856 3337 substantiam
1884 3280 1942 3334 in

350 3396 577 3451 corpore
606 3388 661 3435 et
687 3394 847 3450 pane.

416 3473 505 3531 Ν.
530 3491 551 3527 t
580 3471 846 3529 Caeterum
892 3472 1047 3543 panis
1071 3470 1373 3527 communis
1408 3483 1476 3524 ex
1507 3477 1669 3524 terra:
1716 3468 1933 3525 cultura

348 3566 796 3633 elaboratus,etsi
820 3580 949 3620 caro
979 3564 1222 3635 quasdam
1255 3574 1412 3620 terra:
1437 3572 1539 3629 est,
1571 3572 1747 3616 tamen
1773 3563 1936 3617 vitam

347 3669 606 3716 teteruam
636 3658 881 3730 prtebere
916 3674 1022 3714 non
1047 3658 1327 3728 promittit,
1352 3655 1449 3711 sed
1487 3655 1654 3711 breve
1689 3655 1936 3711 solatium

344 3753 719 3826 praebentibus
743 3751 950 3811 tribuit.
973 3752 1082 3805 cito
1106 3766 1173 3805 eo
1201 3748 1439 3804 extincto
1467 3748 1585 3803 sine
1612 3747 1795 3802 divino
1823 3746 1936 3815 spi-

347 3846 482 3902 ritu.
525 3845 687 3900 Pauis
716 3858 854 3899 vero
885 3844 936 3897 in
973 3845 1126 3898 beata
1154 3839 1357 3897 Christi
1408 3849 1549 3895 terra
1575 3840 1772 3896 virtute
1799 3839 1937 3893 divi-

345 3940 534 3995 nitatis
581 3939 745 3994 unitas
786 3938 1086 4003 confectus,
1116 3935 1232 3992 solo
1274 3946 1436 4007 gustu
1481 3935 1936 3990 immortalitatem

348 4032 555 4089 homini
584 4031 759 4087 atl'ert.
790 4029 1043 4101 Mystieus
1069 4028 1215 4084 enim
1264 4026 1419 4098 panis
1447 4041 1569 4081 cum
1603 4026 1935 4081 benedictio—

342 4142 471 4183 nem
499 4125 666 4196 patris
689 4125 883 4181 habeat
926 4122 1360 4195 inseparabilem,
1392 4122 1538 4176 illam
1565 4120 1705 4189 dico,
1732 4136 1854 4191 qum
1884 4121 1935 4175 in

343 4231 578 4290 corpore
612 4227 668 4273 et
686 4217 953 4288 sanguine
981 4216 1099 4287 ejus
1130 4214 1265 4270 facta
1289 4223 1392 4279 est,
1421 4213 1537 4267 unit
1564 4211 1937 4268 comedentem

346 4326 548 4383 corpus
573 4308 796 4376 Christi,
839 4324 1071 4379 eumque
1110 4307 1351 4363 membra
1388 4305 1585 4361 Christi
1638 4304 1821 4361 efﬁcit.
1875 4305 1943 4362 Ut

342 4408 490 4465 enim
517 4407 708 4462 charta
735 4405 868 4471 vim,
895 4419 1054 4475 quam
1087 4418 1181 4474 per
1208 4403 1416 4458 litteras
1442 4402 1680 4473 magistri
1712 4400 1943 4471 accepit,

344 4498 615 4570 discipulo
636 4496 824 4564 tradit,
845 4505 900 4553 et
921 4512 1016 4566 per
1034 4511 1155 4552 eam
1173 4510 1295 4551 cum
1324 4495 1582 4567 magistro
1610 4495 1757 4550 illum
1781 4494 1899 4549 unit
1928 4512 1941 4547 :

346 4594 425 4651 sic
449 4607 649 4665 corpus
692 4590 840 4663 quod
869 4589 961 4648 ille
1000 4591 1154 4662 panis
1188 4590 1447 4661 mysticus
1486 4598 1589 4657 est,
1621 4598 1676 4646 et
1704 4589 1942 4661 sanguis,

401 4763 1839 4794 Μ

2058 2933 2341 2993 suspectae.
2370 2922 2439 2977 Et
2482 2922 2680 2977 audent
2728 2920 3019 2976 adversarii
3063 2920 3267 2989 absque
3321 2916 3645 2974 verecundia

2055 3014 2316 3085 ejusmodi
2343 3014 2657 3085 quisquilias
2681 3030 2779 3087 pro
2806 3024 3045 3070 veterum
3070 3012 3436 3068 monumentis
3461 3012 3511 3064 iu
3532 3025 3648 3065 me-

2050 3106 2197 3162 dium
2246 3106 2532 3163 adducere.
2566 3106 2707 3177 Proh
2760 3107 2852 3161 Dei
2901 3119 3062 3178 atque
3092 3108 3365 3160 hominum
3397 3105 3577 3160 tidem.
3620 3124 3640 3157 ι

2048 3199 2249 3256 Verum
2280 3216 2438 3273 quam
2480 3200 2827 3256 temerarium
2869 3198 3030 3255 fuerit
3056 3198 3324 3253 Albertini
3359 3198 3458 3251 hac
3486 3196 3552 3250 de
3582 3211 3645 3251 re

2042 3293 2328 3365 judicium,
2362 3304 2416 3351 et
2450 3296 2742 3369 perdoctus
2783 3293 2991 3350 Caveus
3015 3292 3289 3359 observat,
3322 3300 3377 3348 et
3417 3305 3484 3347 ex
3511 3288 3645 3347 huc-

2043 3402 2211 3459 usque
2239 3387 2395 3445 dictis
2418 3388 2628 3445 abunde
2647 3396 2855 3445 constat
2886 3385 2987 3461 (3).

2142 3589 2193 3661 Ι)
2214 3588 2346 3645 Caro
2365 3591 2495 3645 enim
2513 3589 2773 3647 Saluatori
2787 3590 3140 3646 smanducata.
3160 3589 3343 3661 Crreca
3362 3589 3519 3660 hujus
3541 3589 3645 3648 loci

2043 3659 2255 3717 exhibet
2296 3664 2518 3717 Allatius
2574 3664 2624 3717 in
2670 3662 2894 3717 Exercit.
2926 3673 3101 3718 contra
3156 3659 3556 3731 Creyglltonum.
3588 3681 3639 3730 ι).

2043 3733 2167 3819 ξςῦὅ.
2187 3732 2332 3819 ρῦτε
2358 3737 2489 3819 σάρξ
2511 3742 2603 3819 τοί)
2632 3744 2859 3819 Σωτῆρος
2882 3736 3174 3819 τρωγρρξένη
3213 3736 3499 3819 φθείρεται,
3529 3733 3645 3819 οὔτε

2044 3806 2410 3895 ﬁgentia-sistra;
2430 3805 2497 3895 ’ξό
2692 3805 2953 3895 implentia
2970 3805 3129 3895 (ᾇ).ξό
3152 3805 3177 3861 ὁ
3204 3805 3412 3895 τρώγων
3440 3810 3531 3895 fuit:
3576 3810 3650 3869 εἰς

2045 3873 2256 3954 ᾳξίξησξιν
2284 3881 2428 3954 Gai-mit
2450 3873 2709 3954 δυπέάῥιεων
2741 3873 2961 3954 αἶέεταυ
2994 3879 3053 3934 τὸ
3079 3876 3132 3933 δέ
3163 3873 3483 3954 τρὲυγὸμξηόν
3509 3880 3649 3937 ἐστιν

2043 3946 2377 4023 ἀδαπάνητεν,
2411 3946 2588 4009 ἐπειδῆ
2623 3957 2729 4010 τοῖς
2773 3946 3096 4023 ἆδαπανήτευ
3138 3946 3345 4019 piceo)?
3380 3949 3513 4023 λὸιγῳ
3534 3953 3650 4023 Ατινὶ

2043 4024 2284 4098 συγγενὲς
2296 4022 2539 4097 ὑπαρχεί
2551 4024 2631 4074 καὶ
2645 4025 2962 4098 αχώριστοτδ.
2994 4039 3013 4070 t
3027 4018 3208 4085 Neque
3227 4034 3354 4074 vero
3385 4018 3510 4098 curti
3529 4018 3651 4075 Sal-

2048 4094 2250 4147 vaturis
2298 4094 2617 4153 manducata
2662 4094 3045 4160 corrumpitur,
3074 4104 3250 4159 neque
3277 4095 3497 4159 sanguis
3552 4106 3646 4159 po-

1961 4169 2015 4229 ι)
2044 4169 2180 4235 tatus
2210 4164 2542 4235 consumitur
2572 4180 2584 4215 :
2617 4163 2708 4217 sed
2734 4163 2823 4235 qui
2851 4162 2980 4226 edit,
3006 4162 3200 4235 divinis
3230 4162 3519 4217 virtutibus
3548 4177 3643 4215 an-

2043 4233 2245 4314 gescit;
2275 4233 2417 4317 quod
2450 4249 2577 4287 vero
2609 4233 2806 4317 etii'tlt‘ir,
2837 4234 3083 4289 consumi
3115 4250 3221 4287 non
3252 4246 3428 4305 potest
3457 4252 3469 4285 :
3503 4247 3643 4317 quo-

2045 4306 2191 4359 niam
2238 4305 2314 4359 rei
2345 4305 2746 4374 cousumptibili
2797 4319 3002 4360 natura:
3051 4316 3347 4375 cognatum
3374 4306 3642 4376 quodam-

2044 4377 2206 4450 modo
2234 4389 2340 4443 est,
2372 4378 2591 4450 minime
2619 4378 2688 4431 ab
2710 4393 2772 4434 ea
2800 4380 3124 4450 separabile.
3166 4397 3186 4450 ι
3214 4377 3417 4433 Eadem
3445 4391 3513 4430 ex
3540 4376 3640 4430 ΔΙ-

2048 4449 2185 4520 latio
2202 4450 2397 4518 repetit
2418 4448 2764 4520 Lequieuius,
2799 4448 2902 4520 loc;
2930 4451 3047 4520 cit.,
3076 4465 3128 4519 p.
3157 4449 3286 4506 275.

2120 4516 2493 4590 (2)Αί1“ὶιει“ιίη.,
2514 4516 2585 4574 de
2602 4519 2840 4575 Sacram.
2864 4516 3188 4590 Eucharist,
3217 4522 3307 4576 lib.
3339 4534 3397 4587 lt,
3432 4532 3484 4590 p.
3506 4516 3637 4574 400.

2119 4593 2201 4661 (5)
2228 4589 2389 4661 Cave,
2419 4590 2557 4646 Hist.
2590 4592 2770 4661 tium,
2801 4602 2837 4647 ι.
2871 4609 2909 4662 ι,
2944 4593 3066 4649 155.

2045 4771 2804 4778 -ῌηᾜ-ω-
2861 4771 3026 4779 λ...
3077 4771 3094 4777 ,
3189 4774 3195 4776 _
3215 4767 3572 4778 .,_._.-.-.___-..

423 4805 458 4809 ρ.
477 4805 534 4809 ν.-
555 4807 558 4809 λ
579 4805 658 4809 ν--
685 4803 916 4809 ν--.---.
943 4803 1002 4808 .-
1025 4801 1458 4809 -η--κη--υ---ην-
1475 4801 1592 4806 -----
1607 4798 1838 4807 -.-—---_
1861 4800 1886 4804 η..
1907 4799 2010 4805 __-
2057 4800 2168 4806 .»......
2199 4801 2248 4810 ..,.
2277 4800 2388 4806 __---
2419 4802 2430 4805 _
2453 4787 2784 4808 .-.._.__-__-.-_.-,;
2807 4789 2874 4812 με,
2903 4802 2936 4809 μ
2957 4800 3026 4808 ,,,,
3051 4803 3056 4806 ,
3081 4802 3098 4806 _
3117 4793 3254 4807 λαμ-.-
3279 4799 3290 4805 _
3351 4799 3364 4805 ,_
3411 4798 3454 4804 -_

1437 4798 1791 4815 ἡ
1475 4801 1592 4806 _-_._..
1607 4799 1770 4807 -.---
1794 4798 3312 4817 Μ
1861 4800 1886 4804 η..
1907 4799 2010 4805 ——
2057 4800 2168 4806 .»-..-.
2199 4801 2248 4810 ..Γ
2277 4800 2388 4806 -η--α
2419 4802 2430 4805 -
2453 4799 2784 4808 --ς---υυυι-ε.-
2807 4803 2874 4812 η.-.
2903 4802 2936 4809 -.
2957 4800 3026 4808 .--—
3051 4803 3056 4806 .
3081 4802 3098 4806 _
3117 4799 3254 4807 ...ης-ω
3279 4799 3290 4805 ι
3310 4798 3492 4816 ml
3474 4798 3599 4813 i,———'__”

1022 5136 1821 5257 Νοτιτιιι
1914 5134 2970 5261 Πιετοιιιαλ.

1830 5332 2179 5392 SYNOPSIS.

420 5479 465 5535 Ι.
502 5478 754 5535 Arnobius
784 5475 950 5534 Sicca:
977 5476 1031 5531 in
1066 5474 1244 5548 Africa
1270 5474 1441 5531 rhetor
1465 5475 1639 5530 clarus
1685 5473 1776 5529 sub
1807 5471 1947 5528 Dio-

352 5572 587 5629 cletiano.
632 5569 870 5625 Ethnij
913 5568 1257 5640 superstitioni
1302 5568 1541 5624 addictus
1566 5609 1582 5637 ,
1613 5567 1857 5624 divinitus
1886 5566 1955 5623 ad

355 5663 685 5722 christianum
716 5662 1011 5733 religionem
1036 5668 1263 5716 vocatur.

2128 5470 2194 5527 II.
2235 5469 2401 5529 Locus
2428 5468 2841 5539 Itieronymiantts
2869 5468 2932 5525 de
2959 5468 3186 5525 Arnobio
3212 5468 3536 5540 expenditttr.

2140 5648 2233 5707 lll.
2281 5648 2394 5719 Quo
2419 5656 2641 5718 tempore
2669 5644 2825 5704 libros
2864 5662 2942 5705 vn
2969 5645 3215 5703 adversus
3241 5651 3405 5713 gentes
3443 5643 3671 5701 conscrid
