4020 6072
1679 147 1768 203 DE
1807 145 2111 205 ARNOBIO
2149 147 2336 205 AFRO

3567 148 3677 207 55?.

354 253 559 339 ipserit,
607 265 902 339 inquiritur.
936 265 1005 321 Id
1044 281 1160 319 vero
1208 264 1479 334 contigisse
1520 281 1654 320 mino
1683 280 1833 320 cccw
1883 276 1970 319 aut
1999 270 2047 325 Λ
2074 266 2408 326 ('cnstantini
2441 268 2756 335 vicennalia,
2791 268 2904 339 ipse
2935 267 3292 342 Hieronymus
3335 269 3516 326 statim
3541 270 3673 324 sub-

378 359 686 430 insequente,
720 375 783 414 ea:
804 361 916 431 ipso
939 369 1146 413 auctore
1172 358 1471 412 ostenditur.

447 453 536 509 IV.
585 455 768 525 Operis
795 455 1064 509 arnobiani
1105 456 1323 526 pretium
1363 457 1650 526 exponitur.
1693 455 1864 511 Multo
1891 457 1972 511 lu-

377 549 627 604 culentius
668 549 923 605 ethnicam
963 549 1370 618 superstitionem
1412 549 1772 619 impugnasse,
1818 565 1972 622 quant

377 642 711 697 christianum
735 642 992 695 veritatem
1021 640 1254 695 docuisse
1281 650 1458 694 auctor
1484 641 1826 697 existimatur.

449 734 514 790 γ.
578 732 657 788 De
699 734 968 804 praecipuis
1017 734 1182 805 aperis
1240 733 1564 790 editionibus.
1636 732 1971 790 Prtestantior

374 827 878 901 Lugduno-Batava,
924 844 1036 900 qua:
1082 839 1250 883 tamen
1291 829 1445 883 nann's
1493 827 1785 898 urendisque
1831 826 1968 880 haud

374 933 531 980 caret.
563 923 699 992 Quid
720 939 886 992 opera:
913 923 967 977 in
991 931 1217 977 nostram
1248 921 1604 976 adornandam
1629 921 1892 976 collatum.

447 1108 487 1165 l.
519 1108 780 1166 Discimus
806 1109 872 1163 ab
898 1107 1227 1180 Hieronymo
1247 1105 1511 1178 (Hieron.,
1536 1109 1599 1161 de
1628 1104 1737 1161 Vir.
1755 1104 1968 1168 itlustr.,

375 1219 494 1274 cap.
525 1203 737 1273 Lxxu),
774 1202 1068 1257 Arnobium
1115 1202 1302 1262 Siccae,
1338 1217 1457 1273 qua:
1483 1199 1678 1256 Africae
1716 1199 1972 1255 mediter-

375 1312 552 1352 ranea:
582 1296 707 1350 urbs
735 1303 883 1358 erat,
914 1293 1014 1348 sub
1043 1293 1376 1348 Diocletiano
1417 1293 1657 1363 principe
1697 1291 1971 1347 ﬂorentis-

375 1390 510 1444 sime
537 1387 857 1444 rhetoricam
884 1386 1134 1443 docuisse
1164 1407 1178 1442 :
1204 1402 1310 1458 quo
1339 1388 1553 1458 quidem
1584 1396 1826 1458 tempore
1856 1388 1973 1442 ido-

376 1484 550 1539 lorum
580 1481 744 1537 cultui
776 1497 834 1536 se
867 1481 1029 1537 fuisse
1058 1480 1330 1536 addictum
1360 1482 1589 1552 ipsemet
1613 1481 1860 1551 deplorat
1889 1481 1972 1539 his

378 1576 593 1632 verbis:
629 1595 647 1627 ι
689 1575 1016 1640 Venerahar,
1049 1589 1082 1630 ο
1110 1577 1346 1636 caecitas.
1379 1590 1552 1645 nuper
1588 1574 1968 1632 simulacra....

379 1668 530 1723 Nunc
557 1667 780 1723 doctore
819 1676 966 1722 tanto
993 1665 1282 1738 (Christo)
1315 1667 1367 1722 in
1401 1668 1512 1721 vias
1543 1666 1783 1722 veritatis
1814 1667 1974 1722 indu-

379 1773 518 1824 ctus,
550 1761 730 1816 omnia
756 1761 854 1815 ista
890 1776 1009 1830 qua:
1038 1761 1166 1823 sint.
1196 1760 1310 1816 scio
1335 1779 1348 1815 :
1370 1761 1528 1832 digna
1554 1761 1621 1816 de
1648 1760 1822 1831 dignis
1851 1777 1976 1818 sen-

381 1857 457 1912 tio
489 1855 726 1929 (Arnob.,
755 1857 872 1909 adv.
903 1854 1077 1922 Gent.,
1112 1855 1200 1910 lib.
1229 1873 1279 1923 ι,
1307 1873 1424 1928 cap.
1459 1858 1573 1928 15).
1617 1877 1636 1909 ι
1695 1856 1976 1927 Quomodo

344 2004 348 2007 .
383 1961 562 2006 autem
591 1949 848 2006 acciderit
879 1959 934 2005 ut
956 1948 1319 2006 Christianam
1349 1950 1661 2020 religionem
1693 1952 1978 2021 amplecte-

383 2053 551 2111 retur,
583 2043 721 2099 idem
763 2043 1121 2114 Hieronymus
1157 2043 1280 2098 alibi
1311 2045 1390 2098 sic
1420 2043 1619 2099 tradit:
1651 2062 1670 2095 ‹
1709 2046 1977 2101 Arnobius

384 2137 571 2194 rhetor
598 2137 777 2194 clarus
803 2138 858 2193 in
900 2138 1148 2194 Africa...
1172 2181 1187 2205 ,
1229 2155 1349 2195 eum
1391 2140 1442 2195 in
1471 2141 1686 2196 civitate
1717 2140 1885 2197 Siccae
1910 2143 1978 2198 ad

386 2229 798 2287 declamandum
827 2232 1052 2302 juvenes
1080 2232 1340 2300 erudiret,
1364 2243 1419 2288 et
1437 2233 1613 2288 adhuc
1641 2235 1886 2292 ethnicus
1912 2238 1978 2292 ad

386 2325 757 2382 credulitatem
805 2326 1031 2384 somniis
1071 2328 1511 2396 citmpelleretur,
1545 2344 1718 2399 neque
1763 2331 1833 2385 ab
1859 2333 1978 2404 epi-

388 2433 552 2490 scopo
586 2419 901 2489 impetraret
933 2419 1091 2475 ﬁdem
1120 2431 1279 2491 quam
1309 2435 1525 2492 semper
1549 2422 1977 2494 impugnaverat,

391 2514 724 2570 elucubravit
767 2515 1027 2570 adversus
1069 2516 1348 2587 pristinam
1387 2517 1704 2589 religionem
1738 2519 1980 2575 luculen-

392 2608 627 2664 tissimos
657 2608 854 2676 libros;
880 2617 935 2664 et
958 2609 1171 2665 tandem
1194 2610 1339 2666 velut
1363 2612 1681 2682 quihusdam
1708 2613 1984 2669 obsidibus

393 2699 608 2771 pietatis
638 2699 813 2757 luadus
839 2701 1142 2770 impetravit
1173 2701 1440 2774 (Hieron.,
1472 2705 1524 2758 in
1555 2704 1743 2760 Chron.
1761 2708 1836 2760 'ad
1861 2723 1985 2762 ann.

395 2808 716 2855 ιιιιοεοιιιι,
749 2810 868 2864 pag.
904 2794 1055 2865 l81).
1088 2794 1261 2850 Tanto
1309 2797 1467 2867 igitur
1506 2797 1709 2854 lumine
1757 2799 1988 2856 donatus

396 2885 491 2941 fuit
517 2886 805 2950 Arnobius,
835 2886 960 2956 quin
981 2897 1035 2943 et
1055 2888 1278 2943 somniis
1296 2889 1550 2945 divinitus
1573 2892 1828 2948 immissis
1853 2893 1990 2950 adeo

2076 361 2151 414 dit
2177 379 2189 414 :
2220 380 2239 413 ι
2281 361 2394 417 Huc
2423 376 2588 433 usque
2637 362 2913 418 historiam
2958 363 3144 418 scribit
3176 362 3442 419 Eusebius
3464 405 3479 430 ,
3513 362 3676 418 Pam-

2076 455 2203 524 phili
2247 457 2496 528 martyris
2553 457 2988 522 contubernalis,
3021 457 3106 511 cui
3157 471 3255 512 nos
3297 457 3398 511 ista
3435 456 3673 528 subjeci-

2075 563 2215 602 mus.
2247 570 2266 601 ι
2288 548 2422 604 Tum
2446 552 2783 606 continenter
2803 568 2818 607 :
2838 550 3114 618 Arnobius,
3140 551 3332 621 inquit,
3354 551 3545 616 rhetor,
3567 562 3672 607 etc.

2075 641 2153 697 Ne
2172 643 2332 712 igitur
2357 642 2568 698 Eusebii
2598 645 2833 700 narratio
2855 647 3286 716 abrumperetur,
3312 645 3670 717 Hieronymus

2075 736 2236 790 verba
2264 736 2334 790 de
2359 736 2620 801 Arnohio,
2651 738 2805 806 cujus
2832 737 2974 792 nulla
2997 738 3197 793 mentio
3223 737 3362 808 apud
3393 737 3538 792 illum
3561 738 3678 808 epi—

2075 845 2294 900 scopum
2320 830 2718 894 cazsariensem,
2749 831 3120 901 superioribus
3149 831 3465 886 Eusebianis
3494 831 3673 888 sulfu-

2071 923 2205 978 ccrit
2247 941 2260 976 :
2301 937 2422 976 cum
2466 923 2576 992 jam
2627 931 2807 992 postea
2856 938 3009 978 suam
3049 923 3116 980 de
3168 923 3358 978 eodem
3399 923 3672 992 scriptore

2075 1017 2393 1072 sententiam
2427 1018 2477 1072 in
2507 1018 2723 1089 proprio
2749 1018 2812 1071 de
2846 1017 2978 1073 Viris
3007 1017 3288 1073 illustribus
3309 1031 3474 1088 Opere
3497 1017 3665 1074 mani-

2079 1109 2270 1166 festam
2303 1110 2550 1167 ediderit.
2589 1126 2592 1130 '

2147 1203 2234 1258 Ill.
2276 1203 2391 1258 Jam
2425 1219 2551 1260 vero
2600 1205 2818 1274 prepius
2854 1203 3268 1274 inspiciendum,
3311 1217 3417 1274 quo
3459 1202 3676 1259 demum

2079 1304 2325 1365 tempore
2356 1297 2621 1352 Arnobius
2650 1297 2814 1353 libros
2840 1313 2911 1352 vu
2941 1297 3197 1352 adversus
3225 1306 3410 1366 gentes
3440 1295 3682 1351 conscri-

2078 1390 2262 1459 pserit.
2297 1390 2349 1444 In
2381 1391 2499 1459 ejus
2533 1391 2710 1460 itaqhe
2751 1405 2916 1461 opere
2945 1401 3051 1445 tres
3103 1389 3404 1444 natationes
3447 1403 3671 1456 compa-

2076 1490 2214 1544 rent,
2237 1497 2460 1553 quarum
2482 1483 2601 1537 duae
2621 1481 3031 1553 chronologica',
3057 1480 3208 1536 tertia
3229 1496 3357 1535 vero
3380 1479 3632 1536 historica
3659 1496 3676 1542 ;

2078 1592 2143 1633 ex
2173 1577 2367 1648 quibus
2386 1575 2528 1648 quod
2549 1576 2858 1648 quaerimus,
2887 1575 3134 1642 deliniri,
3165 1583 3449 1644 utcumque
3471 1573 3667 1628 valeat.

2082 1670 2148 1725 Et
2196 1671 2427 1741 primum
2451 1669 2667 1740 quidem
2709 1669 2787 1724 sic
2830 1669 3071 1740 loquitur
3111 1675 3338 1723 auctor:
3375 1685 3393 1720 ι
3426 1665 3674 1724 Trecenti

2081 1775 2205 1822 sunt
2229 1767 2354 1820 anni
2381 1765 2570 1832 ferme,
2602 1764 2778 1818 minus
2806 1763 2888 1818 vel
2921 1763 3036 1833 plus
3066 1762 3288 1834 aliquid,
3321 1742 3388 1817 ex
3416 1778 3524 1831 quo
3565 1776 3678 1818 coe-

2083 1860 2257 1930 pimus
2298 1872 2418 1913 esse
2447 1855 2755 1924 christiani,
2787 1865 2843 1910 et
2872 1865 3133 1910 terrarum
3165 1856 3216 1910 in
3248 1855 3384 1910 orbe
3409 1853 3619 1910 censeri
3651 1873 3669 1904 ι

2083 1951 2320 2026 (Arnob.,
2349 1952 2440 2008 lib.
2468 1952 2618 2006 indu.
2654 1948 2828 2018 Gent.,
2850 1968 2969 2020 cap.
2999 1949 3078 2022 6).
3124 1949 3222 2006 Ubi
3275 1950 3500 2005 treCenti
3527 1949 3674 2014 anni,

2083 2055 2140 2101 ut
2168 2062 2289 2102 cum
2314 2045 2585 2100 Dodwello
2610 2045 2891 2113 loquamur
2913 2043 3147 2117 (Dodw.,
3173 2043 3390 2100 Dissert.
3417 2060 3454 2100 ιι
3504 2043 3674 2108 lren.,

2086 2138 2114 2211 §
2147 2140 2238 2206 56,
2288 2156 2406 2210 pag.
2441 2139 2604 2208 197),
2639 2137 2739 2192 sia
2771 2153 2882 2194 XLII
2906 2138 3128 2209 Augusti
3166 2153 3266 2210 pro
3295 2138 3506 2194 illorum
3542 2150 3678 2195 tem-

2084 2252 2275 2308 porum
2315 2235 2660 2304 chronologia
2700 2242 3074 2304 supputentur,
3102 2233 3352 2289 desinent
3387 2233 3441 2288 in
3475 2248 3677 2289 annum

2085 2343 2207 2382 certe
2260 2327 2494 2398 vulgaris
2517 2341 2766 2381 ccxcvm.
2802 2325 3064 2396 Deinceps
3095 2340 3223 2380 vero
3253 2325 3553 2380 Arnohiana
3581 2326 3677 2380 ist—
3753 2325 3769 2336 ‘

2087 2420 2202 2476 haec
2229 2419 2383 2475 nobis
2403 2428 2689 2475 occurrunt
2712 2435 2726 2473 :
2759 2437 2777 2469 ι
2808 2417 3002 2473 λΕ-ειιίε
3024 2419 3158 2472 urbs
3185 2415 3353 2473 Roma
3377 2417 3529 2486 cujus
3554 2432 3677 2472 esse

2089 2516 2140 2570 in
2169 2514 2450 2570 annalibus
2487 2512 2772 2568 indicitur?
2802 2513 2988 2569 Annos
3028 2511 3172 2566 ducit
3215 2511 3596 2582 quinquaginta
3625 2521 3680 2565 et

2089 2610 2252 2674 mille,
2273 2617 2365 2663 aut
2391 2623 2497 2663 non
2519 2606 2741 2660 multum
2769 2605 2836 2659 ab
2867 2605 3136 2659 hismiuus
3161 2623 3180 2655 ι
3206 2603 3446 2675 (Arnob.,
3479 2603 3568 2657 tib.
3599 2619 3674 2673 ιι,
3731 2636 3734 2649 ι

2091 2720 2206 2773 cap.
2236 2703 2350 2772 54).
2385 2703 2539 2756 Anno
2564 2709 2740 2754 autem
2789 2698 2952 2756 Urbis
3001 2697 3230 2753 condita:
3281 2714 3352 2752 Ill.
3399 2697 3548 2767 juxta
3579 2713 3681 2769 pu-

2099 2797 2356 2851 tationem
2385 2794 2760 2850 varrOaianam
2803 2791 3092 2863 reSpoudet
3121 2808 3243 2846 teras
3275 2791 3509 2861 vulgaris
3537 2805 3680 2845 anno

2092 2905 2304 2945 ccxcvn
2328 2891 2480 2957 juxta
2507 2887 2847 2958 capitolinam
2872 2901 2999 2940 vero
3021 2883 3205 2939 incidit
3228 2885 3281 2938 in
3303 2898 3499 2938 annum
3525 2882 3682 2938 Chri-

345 2980 353 2989 ’
396 2979 696 3052 perculsus,
722 2990 778 3034 ut
801 2980 1079 3058 pristinam
1102 2981 1431 3052 impietatem
1454 2984 1678 3054 ejnrarit
1697 3002 1990 3058 verumque
2015 2976 2060 3038 C
2092 2987 2159 3041 sti
2187 2999 2431 3048 ccxcvnt,
2466 2990 2523 3036 ut
2562 2980 2783 3052 proinde
2824 2980 2927 3034 huc
2964 2994 3131 3050 usque
3169 2978 3282 3033 fere
3311 2979 3411 3032 sibi
3458 2991 3683 3032 concors

399 3074 490 3131 Dei
521 3075 722 3132 cultum
768 3075 928 3132 fuerit
965 3056 1265 3148 a‘mplexus.
1302 3079 1465 3136 Docet
1507 3083 1650 3135 enim
1683 3083 1772 3139 ille
1794 3126 1807 3149 ,
1836 3056 1993 3140 Chri-

398 3179 540 3226 stum
573 3189 592 3222 t
621 3185 727 3226 non
751 3187 849 3242 per
873 3187 1008 3227 vana
1033 3173 1320 3242 insomnia,
1345 3174 1440 3230 sed
1459 3189 1556 3246 per
1581 3191 1728 3246 purae
1755 3181 1990 3248 speciem

398 3267 754 3337 simplicitatis
783 3283 1046 3338 apparere
1075 3270 1320 3341 (Arnob.,
1348 3271 1466 3324 adv.
1497 3269 1668 3334 Gent.,
1691 3273 1778 3326 lib.
1811 3290 1847 3343 ι,
1874 3290 1992 3343 cap.

401 3351 553 3424 xvr),
597 3353 771 3410 adhuc
811 3370 911 3410 suo
954 3365 1196 3426 tempore
1232 3361 1577 3412 consuevisse
1602 3376 1616 3411 :
1644 3369 1898 3429 expertus
1940 3361 1992 3414 id

401 3446 675 3512 nimirum,
707 3445 880 3518 inquit
906 3447 1234 3514 Dodwellus,
1267 3449 1495 3518 ipsemet
1523 3449 1740 3520 scripsit
1765 3461 1989 3506 auctor:

401 3549 458 3593 ut
485 3548 765 3610 propterea
792 3556 917 3595 vere
939 3541 1133 3597 dixerit
1159 3556 1220 3598 se
1241 3542 1310 3598 ab
1338 3543 1454 3611 ipso
1474 3543 1690 3598 Christo
1721 3564 1739 3596 ε
1770 3545 1994 3602 doctore

402 3641 550 3687 tanto
578 3633 629 3687 in
663 3633 774 3687 vias
803 3633 1048 3688 veritatis
1088 3632 1253 3690 fuisse
1299 3635 1575 3691 inductum
1610 3635 1840 3706 (Dodw.,
1871 3636 1995 3693 Dis-

402 3736 522 3780 sert.
576 3725 721 3780 Iren.
752 3742 811 3789 n,
841 3725 868 3798 ς
909 3727 1000 3792 57,
1052 3745 1178 3798 pag.
1212 3728 1360 3801 199).
1400 3749 1419 3782 ι
1450 3729 1584 3797 Quid
1617 3741 1797 3787 autem
1851 3742 1998 3804 post-

405 3822 506 3875 hac
533 3821 704 3891 egerit
731 3820 1034 3886 Arnobius,
1063 3836 1237 3892 quove
1262 3837 1405 3877 anno
1429 3839 1461 3878 e
1505 3824 1641 3879 vivis
1669 3827 1995 3894 excesserit,

405 3915 562 3985 plane
594 3915 984 3984 incompertum
1013 3915 1293 3969 habemus.

479 4009 542 4064 ll.
582 4009 767 4080 Neque
793 4024 924 4065 vero
943 4025 1012 4064 ex
1042 4008 1354 4081 Hieronymi
1383 4009 1560 4066 verbis
1583 4011 1742 4066 modo
1764 4013 2001 4069 recitatis

406 4105 688 4176 quisquam
720 4113 931 4174 argutat,
964 4103 1030 4158 ad
1063 4119 1260 4159 annum
1307 4103 1496 4159 saltem
1538 4120 1769 4160 cccxxvr
1793 4149 1808 4173 ,
1839 4108 1999 4161 vitam

408 4197 733 4269 produxisse
749 4208 1023 4253 auctorem
1047 4208 1311 4260 nostrum,
1329 4209 1612 4267 propterea
1635 4199 1840 4255 scilicet
1858 4200 2001 4269 quod

411 4292 499 4346 illa
547 4291 788 4360 proxime
832 4291 1109 4362 scripserit
1155 4301 1373 4346 sanctus
1420 4292 1616 4347 Doctor
1660 4303 1779 4363 post
1823 4304 2002 4350 notata

2097 3079 2338 3134 videatur
2367 3086 2572 3131 auctor.
2601 3075 2671 3131 At
2697 3090 2818 3129 cum
2845 3075 3022 3144 priore
3051 3072 3104 3128 in
3146 3071 3262 3127 loco
3294 3071 3487 3137 addat,
3519 3073 3684 3125 minus

2098 3174 2173 3226 vet
2201 3172 2314 3243 plus
2344 3169 2568 3239 aliquid;
2599 3168 2650 3222 in
2683 3166 2978 3237 posteriore
3005 3175 3206 3228 autem,
3225 3175 3311 3218 aut
3340 3181 3443 3219 non
3471 3165 3685 3219 multum

2097 3267 2161 3319 ab
2189 3268 2268 3322 his
2284 3266 2450 3320 minus
2475 3282 2493 3319 :
2512 3265 2633 3320 hinc
2653 3263 2915 3318 dubitatio
2937 3260 3228 3326 suboritur,
3252 3274 3376 3315 num
3402 3258 3686 3330 utrobique

2097 3361 2329 3415 calculos
2357 3368 2601 3413 accurate
2632 3357 2886 3427 posuerit.

2171 3454 2480 3510 Posthabito
2501 3453 2678 3524 itaque
2701 3464 2924 3522 utroque
2939 3451 3251 3506 charactere
3280 3447 3684 3518 ehrouologieo,

2099 3550 2165 3606 ad
2180 3551 2340 3606 alium
2359 3549 2671 3604 historicum
2694 3548 2780 3618 qui
2795 3547 2991 3602 certior
3009 3560 3130 3601 esse
3152 3544 3380 3610 videtur,
3406 3553 3687 3614 propterea

2103 3642 2505 3701 recurrendum.
2534 3641 2623 3697 Sic
2650 3640 2809 3712 igitur
2840 3639 3175 3709 prosequitur
3193 3646 3417 3692 auctor:
3447 3655 3467 3688 ‹
3497 3636 3687 3691 Nostra

2101 3738 2314 3810 quidem
2344 3737 2541 3805 scripta
2568 3750 2664 3788 cur
2691 3733 2900 3804 ignibus
2927 3740 3240 3786 meruerunt
3264 3729 3416 3784 dari?
3456 3744 3553 3784 cur
3584 3729 3689 3782 im-

2104 3831 2333 3885 mauiter
2375 3827 2744 3885 conventicula
2793 3826 2928 3880 dirui
2961 3823 3096 3899 (Ιώ,
3155 3825 3244 3878 lib.
3276 3840 3347 3890 tv,
3389 3839 3506 3894 cap.
3558 3818 3689 3892 £8)?

2103 3923 2234 3992 Quae
2285 3939 2413 3977 sane
2469 3921 2630 3976 verba
2675 3919 2950 3988 scripserit
2999 3919 3270 3972 Arnobius
3323 3925 3443 3986 post
3493 3930 3690 3969 annum

2103 4034 2280 4084 eccm,
2300 4033 2406 4087 quo
2423 4014 2732 4070 Diocletiani
2757 4013 3061 4085 persecutio
3078 4013 3270 4066 saevire
3293 4011 3478 4078 οωιιίι.
3502 4029 3521 4061 ι
3542 4008 3693 4064 Tune

2103 4113 2288 4178 enim,
2340 4109 2507 4181 inquit
2538 4107 2836 4169 Eusebius,
2898 4103 3066 4159 Ai‘des
3113 4121 3288 4160 sacras
3323 4103 3439 4160 solo
3491 4101 3693 4171 mquari

2104 4219 2168 4260 ac
2199 4204 2435 4260 funditus
2475 4201 2733 4267 subverti,
2764 4216 2938 4255 sacros
2973 4200 3259 4253 divinarum
3306 4197 3695 4268 Scripturarum

2109 4299 2263 4354 libras
2295 4299 2348 4353 in
2382 4298 2558 4352 medio
2586 4296 2703 4352 foro
2731 4295 3062 4351 concremari
3089 4336 3104 4361 ,
3132 4293 3304 4348 oculis
3332 4292 3529 4348 nostris
3559 4289 3697 4344 vidi-

411 4383 746 4438 Constantini
774 4383 1106 4451 vicennalia,
1137 4383 1327 4439 eodem
1355 4382 1551 4439 ChriSti
1592 4401 1735 4440 anno
1770 4401 2002 4442 cccxxvr
2028 4383 2081 4441 D
2109 4409 2227 4448 mus
2253 4392 2487 4466 (Euseb.,
2520 4391 2658 4446 Hist.
2697 4392 2900 4454 eccles.,
2931 4389 3115 4444 tib.vni
3139 4430 3153 4452 ,
3181 4404 3297 4461 cap.
3345 4387 3424 4458 8).
3467 4407 3486 4439 ι
3525 4387 3697 4456 Atque

412 4476 680 4533 celebrata
707 4494 720 4530 :
747 4476 1008 4546 siquidem
1039 4493 1109 4532 ex
1140 4477 1328 4532 iisdem
1360 4477 1539 4532 verbis
1572 4479 2005 4551 llieronymianis

411 4571 774 4642 colligendum
800 4580 964 4633 esset.
999 4587 1065 4628 eo
1094 4571 1212 4640 ipso
1238 4587 1378 4627 anno
1400 4589 1721 4629 conversum
1749 4574 1913 4630 fuisse
1938 4574 2004 4630 ad

413 4665 612 4721 Christi
645 4665 803 4721 [idem
847 4666 1146 4721 Arnobium
1173 4707 1189 4732 ,
1227 4666 1468 4739 adeoque
1515 4667 1671 4739 paulo
1714 4678 1839 4723 ante
1878 4684 2006 4724 suos

413 4760 800 4830 conscripsisse
829 4760 994 4816 libros
1012 4760 1270 4816 adversus
1291 4771 1498 4830 gentes,
1527 4761 1719 4830 quibus
1744 4763 1875 4817 velut
1895 4764 2008 4834 qui-

414 4849 628 4904 busdam
657 4852 912 4905 obsidibus
956 4852 1158 4922 pietatis
1188 4852 1353 4924 [trdus
1378 4854 1659 4926 impetrarit
1683 4870 1695 4906 :
1719 4869 1841 4908 cum
1877 4869 2008 4910 con-

418 4954 498 4998 tra
531 4945 871 5001 manifestum
903 4946 974 5001 sit
1003 4962 1072 5001 ex
1102 4946 1288 5002 eodem
1319 4947 1585 5014 Arnobio,
1618 4957 1674 5001 ut
1704 4963 1825 5002 mox
1856 4949 2001 5005 vide-

418 5035 614 5101 bimus,
645 5052 819 5105 neque
856 5037 1087 5094 obscure
1126 5050 1384 5108 praeterea
1416 5056 1481 5094 ex
1527 5040 1644 5109 ipso
1683 5039 2010 5111 Hieronymo

415 5139 670 5199 appareat
709 5129 975 5202 (Hieron,
1006 5133 1070 5186 de
1106 5131 1214 5187 Vir.
1249 5133 1351 5196 ιιι,
1383 5132 1482 5187 loc.
1526 5133 1644 5203 cit.)
1667 5174 1681 5196 ,
1712 5149 1806 5188 eos
1844 5134 2010 5190 libros

418 5225 713 5293 imperante
747 5224 1072 5282 Diocletiano
1099 5227 1263 5283 fuisse
1307 5226 1375 5281 ab
1415 5237 1634 5283 auctore
1660 5229 2005 5298 perscriptos.

415 5315 534 5384 Quo
563 5316 721 5385 igitur
749 5316 1105 5391 Hieronymus
1125 5321 1225 5375 sibi
1248 5329 1478 5384 constet,
1504 5320 1897 5376 observandum
1926 5320 2009 5376 in-

419 5419 580 5465 terest
609 5426 730 5464 cum
761 5411 876 5466 viro
903 5412 1217 5468 doctissimo
1252 5413 1498 5484 (Noun,
1528 5413 1724 5484 Appar.
1767 5414 1836 5466 ad
1863 5412 2006 5468 Bibl.

417 5514 640 5574 patrum,
672 5515 795 5560 tom.
839 5523 896 5572 ιι,
945 5525 1060 5578 pag.
1098 5507 1272 5579 285),
1305 5524 1372 5564 eo
1417 5507 1668 5565 Chronici
1719 5508 2010 5564 Eusebiani

419 5600 538 5654 loco
566 5613 670 5654 n0n
699 5600 968 5657 indicasse
995 5616 1174 5657 veram
1213 5602 1434 5658 Arnobii
1474 5612 1686 5658 azlatem
1732 5601 2008 5658 doctorem

421 5701 735 5751 maximum.
765 5694 898 5752 Nam
930 5695 986 5752 in
1011 5693 1281 5752 Chronico
1307 5705 1426 5767 post
1455 5705 1637 5752 notata
1667 5696 1735 5751 ab
1773 5695 2010 5752 Eusebio

2108 4485 2247 4540 hanc
2273 4481 2544 4540 veriorem
2581 4483 2902 4540 sententiam
2931 4481 3000 4537 de
3031 4491 3272 4552 tempore
3297 4495 3404 4551 quo
3429 4477 3700 4533 scribebat

2109 4579 2412 4646 Arnobius,
2463 4582 2667 4649 primus
2709 4578 2944 4632 omnium
2991 4575 3272 4646 amplexus
3317 4584 3398 4629 est
3439 4571 3699 4627 Baronius

2109 4671 2352 4743 (Buron.,
2381 4671 2449 4724 ad
2475 4688 2596 4724 ann.
2627 4669 2753 4733 502,
2786 4668 2813 4740 §
2848 4667 2936 4740 1'7)
2961 4711 2975 4734 ,
3006 4682 3164 4738 quem
3207 4665 3402 4720 deinde
3451 4673 3576 4718 sunt
3613 4677 3700 4716 as-

2109 4766 2296 4819 sectati
2345 4763 2646 4819 Dodwellus
2676 4761 2919 4831 (Dodw.,
2955 4761 3053 4813 toc.
3097 4757 3219 4831 cit.)
3241 4800 3256 4825 ,
3287 4757 3482 4828 Pagius
3512 4753 3698 4826 (Pag.,

2110 4859 2178 4910 ad
2206 4874 2328 4912 ann.
2356 4855 2494 4918 ⁵502,
2525 4855 2553 4927 ς
2585 4855 2686 4926 15)
2719 4855 2934 4924 aliique,
2983 4853 3105 4907 licet
3145 4868 3262 4907 eam
3305 4848 3702 4920 quodammodo

2112 4951 2382 5006 infirmare
2406 4963 2688 5020 aggressus
2719 4948 2788 5002 sit
2822 4946 3198 5002 Tillemontius
3225 4943 3478 5018 (Tillem.,
3511 4941 3696 5008 Mem.,

2113 5056 2237 5100 tom.
2265 5062 2337 5111 tv,
2371 5061 2491 5115 pag.
2523 5041 2650 5109 767,
2679 5038 2832 5116 not.).
2863 5041 3117 5109 Quamvis
3146 5051 3328 5094 autem
3369 5039 3421 5093 in
3457 5037 3559 5092 hoc
3601 5053 3700 5108 po-

2113 5146 2318 5191 stremo
2344 5136 2464 5190 loco
2491 5136 2689 5190 certius
2719 5133 2860 5203 loqui
2893 5132 3138 5187 videatur
3162 5131 3452 5199 Arnobius,
3485 5147 3589 5185 non
3620 5140 3703 5186 est

2114 5239 2294 5284 tamen
2323 5244 2418 5282 cur
2448 5228 2595 5282 illum
2624 5242 2940 5282 censeamus
2970 5241 3093 5280 cum
3125 5224 3396 5278 nonnullis
3426 5224 3554 5278 viris
3575 5239 3700 5277 eru-

2114 5320 2260 5386 ditis,
2293 5320 2345 5374 in
2378 5321 2489 5373 suis
2520 5319 2742 5389 reliquis
2787 5318 3149 5389 putationibus
3176 5317 3314 5372 haud
3353 5317 3453 5371 sibi
3483 5325 3702 5370 consta-

2115 5429 2192 5468 re.
2219 5412 2403 5481 Neque
2442 5412 2585 5465 enim
2629 5411 2844 5465 demum
2879 5425 2985 5466 uno
3027 5410 3219 5464 calami
3257 5409 3420 5463 ductu
3463 5408 3705 5478 integros

2114 5513 2323 5575 septem
2351 5517 2477 5558 suos
2507 5503 2676 5559 libros
2706 5504 3008 5559 enaraverit
3037 5514 3242 5559 auctor.
3275 5503 3532 5570 Adeoque
3568 5501 3705 5555 duos

2115 5601 2320 5671 priores
2361 5601 2696 5670 perscribens
2717 5641 2731 5666 ,
2760 5615 2931 5656 annos
2972 5600 3128 5657 Urbis
3168 5598 3397 5655 conditze
3426 5596 3700 5668 primum;

2113 5693 2306 5762 deinde
2332 5707 2464 5747 vero
2491 5707 2662 5749 annos
2690 5707 2814 5748 aera:
2842 5693 3168 5759 christianre,
3202 5689 3318 5760 plus
3347 5689 3544 5758 aliquid
3567 5730 3580 5753 ,
3609 5698 3702 5741 aut
