4020 6072
291 181 398 238 555

1554 171 1832 235 NOTITIA
1870 171 2253 236 HISTORICA.

3468 175 3573 233 554

283 307 384 344 non
423 288 584 343 multo
631 287 795 342 minus
831 287 999 358 probe
1037 287 1269 357 putarit:
1293 287 1559 345 accedens
1601 299 1780 345 autem
1813 291 1878 346 ad
1911 294 1961 352 Α
1989 302 2165 346 autem
2197 291 2362 346 editio
2385 290 2872 361 Lngduno-Batava
2903 291 3122 364 reliquis
3143 291 3421 347 enimvero
3441 306 3578 363 prae-

283 383 477 438 librum
507 397 582 445 tv,
609 399 717 454 quo
743 390 984 439 tervenat
1007 381 1321 437 diocletiana
1375 392 1698 452 persecutio,
1729 384 1883 438 notis

281 475 603 530 certioribus
629 476 937 546 scriptionis
964 490 1074 530 sua:
1121 483 1330 544 tempus
1373 475 1526 530 nobis
1557 474 1873 545 prodiderit.

284 567 495 636 Quibus
525 569 747 639 positis,
780 585 925 624 anno
965 567 1178 624 demum
1210 582 1388 635 ccctv,
1432 578 1522 623 aut
1557 569 1691 624 forte
1734 568 1882 623 inse-

282 669 506 731 quente,
534 660 803 733 integrum
832 675 984 718 suum
1013 676 1149 732 opus
1179 661 1449 716 Arnobius
1483 661 1773 731 perfecisse
1799 662 1878 716 vi-

286 753 464 810 detur.

364 845 450 902 IV.
495 845 648 902 Nunc
689 861 820 902 vero
865 845 934 902 de
975 846 1152 918 operis
1192 847 1486 903 Arnobiani
1522 847 1694 918 pretio
1741 846 1884 916 loqui

288 940 468 1011 placet
505 956 627 996 cum
662 939 778 994 viro
807 940 1019 995 erudito
1043 983 1058 1007 ,
1091 941 1142 994 in
1181 939 1318 996 hanc
1349 941 1519 996 ferme
1558 939 1880 996 sententiam

286 1033 658 1090 edisserente:
691 1051 709 1084 ι
748 1031 1062 1089 Reconditae
1108 1032 1213 1088 hoc
1255 1032 1534 1103 sapientiae
1574 1040 1884 1103 promptua-

286 1125 429 1180 rium
473 1142 578 1196 quo
629 1125 816 1180 insana
859 1126 1098 1196 gentium
1149 1125 1338 1196 religio
1384 1125 1710 1196 exploditur,
1757 1139 1882 1180 vera

285 1220 658 1285 contirmatur,
691 1217 839 1274 omni
873 1217 1026 1274 laude
1070 1217 1243 1288 majus
1272 1228 1376 1275 est.
1406 1219 1539 1285 Quis
1579 1219 1721 1274 enim
1765 1217 1879 1272 elo-

285 1312 520 1382 quentiae
543 1326 760 1377 nervos,
785 1311 1047 1366 rationum
1073 1310 1328 1381 pondera,
1355 1309 1646 1380 exquisitas
1669 1319 1884 1365 senten-

289 1405 391 1458 tias
417 1418 539 1459 cum
568 1402 854 1474 pervolvit,
889 1419 996 1457 non
1017 1402 1279 1472 abripitur
1306 1403 1357 1457 in
1385 1417 1626 1458 amorem
1662 1411 1718 1458 et
1747 1402 1887 1456 desio

290 1496 502 1551 derium
523 1496 654 1551 tanti
675 1495 947 1550 auctoris?
969 1494 1176 1566 Ubique
1201 1496 1492 1566 triumphat
1513 1495 1888 1551 ﬂorentissima

1989 386 2214 440 stantior
2253 384 2374 454 jure
2423 383 2717 452 habeatur,
2771 384 2909 439 haud
2956 387 3137 456 paucis
3185 396 3362 440 tamen
3415 385 3581 441 mevis

1990 477 2382 549 typothetarum
2415 476 2543 530 vitio
2571 477 2797 542 laborat,
2824 481 2950 547 quin
2981 486 3035 533 et
3083 477 3278 534 alicubi
3309 478 3471 534 verba
3500 477 3583 532 itt-

1991 581 2135 643 tegra
2164 572 2374 642 penitus
2404 571 2600 624 omissa
2626 573 2678 625 in
2700 586 2761 626 ea
2789 571 3196 642 deprehendas;
3229 571 3424 644 quibus
3458 587 3586 644 pro-

1990 664 2116 719 inde
2148 664 2355 719 mendis
2386 663 2613 734 aliisque
2655 662 2831 718 adhuc
2868 663 3200 734 gravioribus
3226 673 3432 730 scatet,
3465 679 3585 734 qua:

1990 759 2135 814 illam
2163 757 2434 827 expressit
2467 757 2804 828 parisiensis.

2060 851 2295 906 Ductore
2319 851 2494 921 itaque
2514 851 2853 921 potissimum
2877 849 3122 923 Nourryo
3143 867 3195 906 v.
3219 851 3293 906 cl.
3317 852 3406 921 qui
3435 850 3587 906 libris

1987 943 2297 998 arnobianis
2323 943 2689 999 etnacnlandis
2731 943 3167 1016 illustrandisque
3212 960 3391 1013 opera:
3420 944 3589 1014 pluri-

1989 1053 2134 1091 mum
2166 1036 2396 1092 contulit
2425 1036 2679 1105 (Nourr.,
2715 1038 2914 1106 Appar.
2946 1039 3014 1092 ad
3039 1037 3175 1093 Bibl.
3204 1050 3426 1110 patrum,
3461 1048 3586 1095 tom.

1989 1143 2060 1194 tt,
2095 1146 2215 1199 pag.
2251 1127 2520 1197 257-570)
2551 1170 2566 1194 ,
2608 1127 2828 1183 editioni
2872 1141 3069 1185 nostra:
3109 1131 3471 1202 perpoltenda:
3511 1133 3593 1186 in-

1995 1222 2299 1286 cubuimus,
2332 1221 2707 1277 selectioribus
2732 1223 3070 1278 eruditorum
3105 1225 3246 1278 notis
3275 1225 3341 1280 ad
3366 1224 3591 1281 Arnobii

1991 1323 2192 1370 textum
2244 1315 2502 1385 imprimis
2530 1316 2921 1371 emendandum
2973 1319 3337 1388 comparatis,
3388 1328 3598 1376 nostras

1990 1411 2407 1480 qualescumque
2441 1409 2764 1466 intexentes.
2820 1411 3023 1467 Deinde
3049 1429 3156 1482 quo
3180 1414 3416 1467 auctoris
3439 1413 3599 1469 lectio

1999 1502 2180 1557 utilior
2206 1503 2257 1556 itt
2289 1510 2560 1571 posterum
2592 1501 2952 1572 contingeret,
2981 1505 3248 1573 simulque
3276 1505 3491 1560 ttedium
3514 1505 3596 1561 le-

290 1587 410 1659 ejus
437 1588 622 1651 dictio,
669 1597 831 1658 atque
877 1588 975 1660 ipsi
1004 1587 1143 1644 adeo
1179 1589 1410 1659 gentiles
1454 1604 1552 1644 suo
1577 1589 1892 1660 jngulantur
1925 1619 1972 1679 B
2000 1601 2206 1648 ctorum
2258 1607 2320 1648 ac
2367 1594 2602 1648 laborem
2653 1595 3009 1651 allevaremus
3033 1638 3048 1663 ,
3082 1597 3408 1652 arnobianos
3437 1598 3601 1654 libros

292 1681 499 1751 gladio.
527 1679 780 1736 Calamus
803 1680 894 1736 ille
919 1680 1080 1736 simul
1113 1697 1302 1737 omnes
1331 1691 1574 1738 tacentes
1601 1683 1884 1753 gentilium

291 1775 430 1831 deos
459 1774 714 1846 perfodit,
743 1773 994 1830 confecit.
1026 1773 1224 1841 Verbo,
1254 1775 1526 1830 Arnobius
1555 1774 1683 1830 Afer
1704 1774 1888 1830 adver-

299 1886 396 1924 sus
409 1877 620 1940 gentes,
638 1869 900 1923 abstrusa:
921 1867 1240 1924 eruditionis
1254 1879 1463 1933 auctor,
1482 1868 1622 1924 subti
1633 1868 1898 1933 lis,diser-

297 1971 406 2029 tus,
443 1963 655 2034 ingenio
682 1972 738 2018 et
778 1962 1023 2018 lacundiu
1055 1972 1317 2032 praestans
1337 2005 1352 2030 ,
1381 1963 1689 2019 ethnicismi
1717 1963 1900 2020 debel-

297 2054 443 2109 lator
473 2055 797 2109 lortissimus
832 2073 851 2106 ι
895 2052 1138 2126 (Prtefat.
1186 2054 1254 2108 ad
1303 2053 1522 2123 Arnob.,
1567 2055 1685 2109 edit.
1728 2054 1900 2127 Lugd.

296 2146 447 2212 Bat.,
476 2147 661 2215 1651).
695 2146 820 2202 iltec
850 2146 962 2202 ille.

375 2239 826 2310 Quandoquidem
857 2256 986 2296 vero
1006 2240 1276 2298 Arnobius
1302 2242 1355 2297 in
1377 2243 1490 2298 suis
1519 2251 1729 2314 septem
1751 2243 1905 2300 libris

303 2333 712 2390 conscribendis
741 2334 940 2405 duplex
961 2335 1062 2390 sibi
1096 2350 1322 2405 pensum
1353 2335 1742 2392 absolvendum
1775 2353 1904 2408 pro-

307 2428 570 2499 posuerit,
605 2425 858 2482 nimirum
908 2435 967 2481 ut
1004 2437 1060 2482 et
1109 2426 1298 2482 falsam
1325 2428 1608 2498 gentilium
1638 2437 1697 2484 et
1720 2445 1902 2485 veram

310 2522 730 2578 Christianorum
760 2535 881 2576 esse
922 2520 1240 2591 religionem
1276 2522 1552 2578 evinceret
1579 2540 1591 2575 :
1623 2522 1795 2576 multo
1823 2521 1908 2576 lu-

313 2616 584 2672 culentius
622 2615 852 2670 ethnicze
903 2614 1302 2685 superstitionis
1347 2615 1676 2685 impietatem
1735 2619 1910 2685 impu-

320 2723 538 2778 gnasse,
578 2723 738 2778 quam
769 2706 1078 2762 christianae
1123 2706 1242 2761 lidei
1285 2706 1566 2762 veritatem
1609 2706 1914 2764 ostendisse

316 2805 466 2859 visus
491 2813 595 2860 est.
621 2802 756 2857 Hinc
800 2809 1019 2856 sanctus
1047 2801 1406 2872 Hieronymus
1432 2818 1446 2855 :
1476 2820 1494 2852 ‹
1522 2799 1661 2873 Ego,
1692 2820 1711 2853 ι
1745 2799 1920 2872 inquit

323 2899 590 2971 (Hieron.,
623 2898 772 2970 epist.
803 2913 935 2964 tht,
962 2897 1033 2951 al.
1065 2912 1246 2964 thm,
1286 2897 1354 2951 ad
1401 2895 1671 2967 Tranquill
1700 2937 1716 2962 ,
1755 2896 1783 2968 §
1811 2895 1846 2948 2
1868 2896 1913 2968 ),

329 3015 349 3049 ι
382 2994 664 3066 Origenem
694 3003 912 3065 propter
940 2991 1298 3049 eruditionem
1325 2992 1405 3047 sic
1435 2991 1705 3048 interdum
1732 2991 1915 3061 legen-

324 3090 454 3147 dum
499 3097 751 3153 arbitror,
802 3087 1072 3158 quomodo
1131 3085 1558 3152 Tertullianum,
1608 3084 1868 3140 Novatum
1896 3126 1911 3152 ,

325 3183 650 3248 Arnobium,
681 3179 1071 3250 Apollinarium
1101 3188 1157 3235 et
1184 3177 1474 3234 nonnullos
1519 3176 1920 3233 ecclesiasticos

326 3279 641 3349 scriptores.
670 3290 875 3348 graecos
901 3275 1102 3344 pariter
1128 3282 1184 3330 et
1212 3273 1441 3339 latinos;
1471 3281 1528 3327 ut
1553 3271 1689 3327 bona
1729 3285 1917 3327 eorum

330 3373 613 3442 eligamus,
636 3371 976 3439 vitemusque
997 3365 1290 3430 contraria,
1316 3365 1466 3435 juxta
1496 3365 1814 3434 Apostolum
1841 3363 1923 3417 di-

333 3474 580 3521 centem:
634 3461 821 3518 Omnia
852 3460 1097 3532 probate;
1138 3457 1273 3529 quod
1317 3457 1504 3512 bonum
1551 3467 1644 3520 est,
1695 3465 1853 3510 tenete
1881 3451 1927 3526 (I

347 3559 547 3628 Ἤιδει,
573 3575 628 3626 v,
659 3557 773 3631 21).
811 3575 832 3609 ι
864 3555 1126 3611 Caeterum
1159 3568 1265 3608 non
1286 3552 1421 3608 adeo
1449 3552 1781 3621 incomperta
1812 3548 1928 3603 lue-

337 3662 466 3709 runt
511 3650 749 3707 Arnobio
791 3647 1099 3704 christianre
1145 3645 1422 3714 religionis
1459 3644 1714 3715 mysteria
1741 3683 1756 3707 ,
1803 3641 1929 3712 quin

337 3756 486 3801 reete
511 3743 578 3798 de
604 3743 829 3798 summis
860 3739 979 3796 fidei
1012 3737 1279 3808 capitibus
1305 3735 1626 3807 disputarit;
1656 3744 1715 3789 ut
1744 3735 1932 3789 adver-

340 3852 436 3892 sus
465 3835 747 3891 nonnullos
770 3832 1095 3888 morosiures
1117 3829 1363 3885 homines
1388 3829 1684 3884 luculenter
1705 3826 1932 3881 demon-

339 3939 579 3986 strarunt
615 3928 713 3983 viri
751 3924 1077 3991 doctissimi,
1122 3923 1399 3994 Nourryus
1439 3920 1686 3991 (Nourr.,
1721 3919 1920 3988 Appar.

342 4019 413 4076 ad
440 4020 574 4076 Bibl.
605 4029 825 4091 patrum,
861 4028 982 4073 tam.
1013 4033 1071 4082 tt,
1107 4033 1226 4087 pag.
1249 4015 1377 4081 290,
1407 4011 1516 4068 9.96
1545 4023 1592 4066 et
1617 4012 1751 4082 seq.)
1774 4052 1788 4076 ,
1823 4009 1932 4064 Ma-

343 4129 509 4172 rtinus
531 4113 552 4188 (
577 4112 809 4176 Marum,
838 4109 1011 4164 Dicin.
1044 4107 1115 4162 Ι).
1148 4107 1224 4164 Ν.
1255 4107 1312 4162 ,1.
1349 4105 1433 4174 6.,
1467 4105 1555 4160 lib.
1587 4121 1681 4168 tu,
1713 4120 1827 4174 cap.
1877 4103 1933 4167 4.

344 4207 459 4279 §5,
503 4216 550 4261 et
596 4206 684 4260 lib.
732 4221 803 4272 tv,
837 4220 950 4276 cap.
997 4200 1090 4268 29.,
1123 4200 1150 4272 ᾗ
1178 4201 1205 4254 1
1231 4242 1246 4268 ,
1300 4216 1420 4272 pag.
1453 4196 1588 4262 526,
1619 4193 1799 4267 551),
1847 4193 1937 4248 alii

345 4317 484 4374 quos
514 4299 740 4373 proinde
767 4297 1052 4354 consulere
1081 4309 1260 4366 operae
1281 4293 1510 4364 pretium
1541 4291 1716 4346 fuerit.

1999 1687 2087 1758 qui
2121 1689 2378 1742 hactenus
2404 1688 2692 1756 conjuncto
2718 1690 3138 1759 continuatoque
3185 1706 3438 1747 sermone
3468 1707 3596 1762 pro-

2001 1781 2238 1847 dierunt,
2270 1795 2415 1836 nunc
2443 1782 2673 1851 primum
2703 1784 2756 1836 in
2785 1784 2959 1853 capita
2989 1799 3084 1839 seu
3115 1785 3388 1841 sectiones
3415 1785 3600 1842 distri-

2004 1872 2253 1938 buimus;
2299 1889 2526 1941 quarum
2563 1873 2824 1946 analysim
2859 1885 3118 1944 praetcrea
3157 1875 3210 1930 in
3239 1875 3416 1931 indice
3446 1874 3606 1946 operi

2006 1965 2216 2036 adjecto
2241 1966 2588 2036 subiecimus.
2611 1999 2680 2008 —
2705 1968 2973 2024 Hactenus
2998 1968 3332 2026 Gallandius.
3360 1969 3465 2024 Sed
3487 1974 3600 2039 jam

2007 2059 2076 2116 de
2095 2060 2317 2132 singulis
2335 2059 2658 2118 editionibus
2676 2076 2796 2118 cum
2821 2063 3254 2119 Schmnnemann
3305 2059 3603 2118 videamus.

2478 2239 2695 2281 SECULO
2724 2239 2921 2281 DECIIO
2948 2239 3143 2280 SEXTO.

2807 2360 2966 2417 1545.

2087 2514 2272 2570 Romae
2298 2514 2436 2585 apud
2464 2514 2654 2572 Franc.
2685 2515 3013 2572 Priscianen.
3032 2516 3430 2584 Florentinnm,
3448 2519 3604 2573 in-i“.

2013 2606 2227 2662 Arnobii
2258 2605 2682 2675 Disputatianum
2705 2611 2946 2664 adversus
2975 2619 3146 2680 gentes
3169 2609 3284 2663 libri
3313 2619 3448 2676 octo,
3480 2626 3614 2664 nunc

2016 2701 2240 2771 primum
2266 2702 2320 2755 in
2347 2702 2509 2756 lucem
2559 2702 2700 2756 editi.
2731 2733 2800 2746 ν-
2825 2701 2882 2756 ltt
2915 2703 3024 2757 line
3051 2721 3062 2756 :
3087 2702 3274 2758 Roma:
3321 2703 3374 2759 in
3410 2703 3617 2761 sedibus

2017 2794 2293 2850 Francisci
2323 2794 2737 2861 Priscianensis,
2767 2812 2972 2851 tunqu

2091 2887 2349 2958 Princeps
2369 2889 2484 2944 haec
2513 2887 2738 2944 Arnobii
2759 2888 2927 2943 editio
2951 2888 3181 2944 debetur
3204 2888 3402 2945 Fausto
3425 2889 3616 2946 Sabino

1943 2938 1988 3002 Ο
2022 2978 2300 3046 Brixiano,
2317 2978 2657 3035 bibliotheca:
2679 2979 2935 3035 vaticante
2955 2989 3083 3036 tunc
3105 2982 3364 3051 temporis
3375 2981 3616 3046 custode,

2023 3071 2244 3127 homine
2274 3071 2488 3127 erudito
2518 3080 2573 3127 et
2602 3071 2795 3143 insigni
2823 3071 3087 3144 imprimis
3115 3074 3502 3139 versilicatore,
3529 3073 3619 3144 qui

2031 3164 2316 3222 Francisco
2359 3166 2400 3230 Ι,
2433 3165 2710 3222 Gallorum
2761 3165 2908 3236 regi,
2949 3181 3066 3222 eam
3097 3167 3372 3239 inscripsit
3395 3168 3620 3239 epistola

2032 3257 2149 3312 data
2193 3258 2380 3314 Romre
2424 3268 2478 3314 et
2535 3258 2662 3314 bibl.
2714 3259 2985 3330 palatina,
3035 3259 3250 3316 kalend.
3300 3261 3623 3332 septembris

2034 3367 2249 3409 Inxutt.
2284 3351 2360 3407 Ex
2392 3351 2493 3406 hac
2521 3352 2774 3408 nonnulla
2805 3352 3045 3408 delibare
3081 3355 3133 3409 in
3183 3354 3444 3410 lectorum
3475 3371 3624 3410 com-

2034 3446 2250 3500 modum
2299 3445 2466 3514 juvat.
2516 3445 2881 3501 Intelleximus
2937 3447 3078 3502 enim
3122 3461 3154 3502 a
3197 3447 3380 3502 multis
3407 3447 3622 3517 quidem

2035 3537 2102 3594 de
2115 3539 2214 3593 hac
2233 3538 2468 3594 editione
2485 3538 2645 3594 verba
2671 3553 2792 3595 esse
2812 3537 2972 3605 facta,
2987 3539 3155 3608 ipsam
3175 3547 3354 3596 autem
3372 3540 3627 3609 paucissi-

2035 3632 2138 3687 mis
2177 3641 2382 3686 tantum
2413 3631 2606 3698 visam,
2629 3631 2771 3701 quod
2801 3633 2966 3687 variis
3009 3630 3204 3702 passim
3237 3633 3512 3688 erroribus
3532 3649 3629 3688 an-

2037 3742 2154 3782 sam
2180 3725 2349 3781 dedit.
2382 3725 2740 3796 Prtecipuum,
2777 3725 2920 3796 quod
2947 3726 3198 3797 cuiquam
3221 3726 3626 3782 animadversa-

2040 3821 2188 3877 tione
2215 3820 2433 3890 dignum
2492 3819 2660 3874 videri
2710 3821 2897 3888 possit,
2927 3820 3168 3889 proiecto
3205 3819 3310 3875 hoc
3351 3830 3455 3886 est,
3487 3820 3628 3892 quod

2031 3917 2154 3986 jure
2179 3914 2296 3968 belli
2342 3929 2488 3968 suum
2537 3930 2643 3968 esse
2686 3913 2968 3968 Arnobium
3019 3913 3170 3978 dicit,
3198 3930 3346 3984 quem
3374 3914 3580 3970 scilicet
3603 3931 3632 3968 e

2041 4009 2209 4062 media
2260 4005 2490 4061 barbarie
2529 4022 2633 4060 non
2677 4007 2787 4060 sine
2811 4006 3077 4074 dispendio
3105 4015 3160 4062 et
3183 4005 3496 4061 discrimine
3525 4006 3630 4060 eri-

2049 4101 2234 4173 puerit.
2261 4100 2392 4167 Qua:
2441 4099 2486 4154 si
2517 4100 2775 4155 attentius
2803 4098 3094 4169 aliquando
3137 4099 3436 4170 perpendes
3475 4110 3531 4157 et
3567 4115 3630 4157 ea

2045 4193 2206 4250 simul
2254 4193 2510 4248 memoria
2537 4201 2910 4263 reputes,qua:
2937 4191 3006 4247 de
3035 4192 3143 4246 vita
3168 4192 3438 4264 rebusque
3461 4195 3631 4250 nostri

2048 4284 2239 4341 tradita
2283 4284 2529 4354 legimus,
2559 4282 2610 4338 id
2641 4283 2867 4340 innuere
2894 4282 3031 4339 velle
3057 4283 3286 4352 videtur,
3319 4281 3383 4341 'se
3411 4285 3635 4342 Arnobii

421 4396 488 4452 V.
532 4395 638 4452 Sed
679 4403 733 4448 ut
757 4392 823 4448 de
851 4401 1071 4446 auctore
1111 4389 1325 4445 demum
1370 4386 1593 4456 ejusque
1618 4398 1781 4456 opere
1812 4398 1933 4438 ser-
1963 4378 2018 4440 D
2045 4379 2512 4449 aliquemcumque
2562 4376 2798 4442 unicum,
2845 4387 2904 4432 ut
2946 4386 3132 4448 postea
3185 4379 3450 4449 apparuit,
3483 4380 3632 4434 codi-

351 4505 564 4547 tnonem
592 4489 981 4544 concludamus
1001 4530 1015 4556 ,
1045 4501 1110 4543 ex
1141 4501 1247 4539 uno
1276 4482 1563 4554 superstite
1612 4496 1714 4536 ms.
1755 4479 1941 4536 codice

353 4584 696 4642 bibliotheca:
725 4583 1004 4645 vaticnnze,
1033 4580 1357 4651 octingentis
1383 4585 1436 4633 et
1463 4575 1698 4646 amplius
1745 4573 1943 4628 abhinc

355 4677 512 4735 annis
539 4679 772 4749 eleganti
803 4679 1121 4732 charactere
1150 4681 1370 4729 exarata
1397 4689 1410 4737 ;
1443 4670 1532 4740 qui
1564 4677 1746 4738 postea
1775 4666 1826 4720 itt
1857 4681 1945 4720 re-

358 4776 499 4842 giam
529 4769 906 4827 bibliothecam
936 4765 1292 4838 parisiensem
1323 4763 1563 4830 transiit,
1591 4761 1737 4816 curis
1765 4759 1949 4813 Fausti

362 4864 531 4921 Sabazi
563 4863 757 4933 prodiit
783 4861 962 4933 operis
983 4859 1278 4916 Arnobiani
1307 4858 1555 4928 princeps
1587 4869 1808 4910 romana
1837 4853 1952 4908 edi-

368 4957 442 5011 tio
472 4971 608 5011 anno
641 4955 800 5011 1512.
832 4954 980 5010 Hanc
1008 4967 1137 5008 vero
1166 4951 1424 5006 insecuta:
1452 4957 1574 5003 sunt
1606 4945 1912 5016 complures
1933 4985 1950 5010 ,

364 5051 601 5106 virorum
633 5049 993 5115 eruditorum,
1025 5045 1260 5112 Canteri,
1287 5043 1506 5111 Ursini,
1533 5040 1950 5105 Elmenltorstii,

370 5143 690 5208 Stewechii,
755 5139 975 5197 Heraldi
1044 5138 1386 5208 aliorumque
1443 5134 1623 5192 studio
1687 5133 1954 5204 ertpolitaz.

367 5238 619 5295 Omnium
660 5234 1099 5293 emendatissima
1145 5231 1502 5296 existimatur,
1555 5244 1674 5299 qua:
1717 5225 1958 5298 Lugduni

371 5335 726 5398 Batavorum,
759 5345 902 5385 anno
935 5328 1101 5394 1651,
1135 5342 1203 5382 cx
1231 5325 1547 5382 recensione
1584 5323 1682 5377 viri
1723 5320 1963 5377 celeber-

372 5429 495 5484 rimi
521 5427 767 5498 evulgata
795 5433 898 5488 est,
930 5422 1154 5493 adjectis
1181 5429 1436 5492 przcterea
1469 5417 1694 5486 integris
1721 5413 1959 5468 omnium

380 5520 780 5578 commentariis
805 5535 819 5571 :
843 5516 909 5572 ad
939 5531 1096 5586 quam
1125 5510 1468 5584 postmodum
1493 5517 1682 5565 exacta
1705 5505 1803 5562 l‘uit
1828 5504 1968 5576 pari-

383 5613 572 5668 siensis
601 5611 726 5668 anni
770 5608 928 5665 1666.
974 5606 1167 5664 Priorii
1197 5614 1253 5662 et
1297 5603 1513 5660 selectis
1553 5601 1779 5656 aliorum
1827 5597 1970 5653 notis

383 5707 656 5775 adornata,
707 5704 1064 5778 operibusque
1107 5699 1360 5773 Cypriani
1403 5697 1664 5768 subjecta.
1710 5692 1972 5763 Quamvis

2049 4489 2166 4530 cem
2194 4473 2248 4528 in
2281 4472 2443 4529 terris
2471 4471 2712 4536 remotis,
2745 4469 2882 4527 forte
2926 4471 2977 4526 in
3008 4471 3330 4540 germanicis
3355 4472 3436 4528 vel
3465 4472 3635 4542 belgi-

2049 4567 2128 4623 cis
2151 4567 2263 4621 oris
2285 4563 2707 4636 deprehendisse
2732 4579 2795 4618 ac
2823 4563 2873 4617 in
2893 4563 3190 4618 vaticanam
3216 4564 3343 4619 bibl.
3371 4564 3634 4618 intulisse.

2053 4658 2185 4714 Nam
2217 4657 2357 4728 quod
2393 4658 2459 4712 ad
2488 4657 2711 4727 primam
2745 4655 2904 4725 hujus
2923 4641 3248 4726 conjectura:
3276 4665 3480 4726 partem
3517 4658 3640 4712 atti—

2052 4761 2164 4816 net,
2195 4751 2392 4820 saapius
2421 4749 2474 4804 in
2509 4748 2792 4804 versiculis
2816 4749 2930 4803 suis
2956 4749 3170 4819 populos
3197 4759 3361 4803 truces
3385 4758 3432 4802 et
3480 4749 3638 4818 feros,

2003 4892 2008 4898 .
2053 4846 2370 4917 mediamque
2392 4844 2678 4899 barbariem
2692 4854 2896 4916 crepat,
2918 4843 3060 4899 unde
3077 4858 3285 4898 summo
3310 4858 3430 4898 cum
3455 4843 3645 4899 discri-

2059 4940 2205 4995 mine
2230 4947 2283 4993 et
2297 4936 2481 4992 labore
2500 4947 2555 4991 et
2571 4935 2684 4992 suis
2699 4935 2834 4991 adeo
2848 4934 3147 5005 sumptibus
3160 4934 3373 4991 codices
3393 4936 3646 5008 antiquos

2061 5032 2382 5103 protulerit,
2431 5045 2658 5102 quorum
2708 5027 3159 5099 exquirendorum
3202 5043 3362 5086 causa
3408 5046 3438 5085 a
3467 5030 3646 5088 Leone

2061 5143 2196 5199 papa
2222 5135 2278 5182 et
2317 5126 2432 5197 ejus
2481 5127 2738 5197 deinceps
2786 5124 3188 5181 successoribus
3238 5128 3433 5183 missus
3482 5139 3645 5185 esset.

2065 5221 2324 5278 Eumdem
2346 5221 2596 5276 autemin
2625 5221 2922 5275 vaticanatn
2946 5220 3013 5275 ab
3045 5235 3110 5276 eo
3140 5221 3306 5279 fuisse
3332 5223 3646 5295 repositum,

2069 5325 2179 5371 tum
2207 5312 2390 5376 ofﬁcii,
2418 5311 2562 5382 quod
2594 5313 2692 5382 ipsi
2738 5311 3107 5379 incumbebat,
3143 5314 3380 5371 rationes
3400 5317 3648 5384 suadent,

2070 5415 2178 5460 tutu
2208 5422 2335 5461 vero
2365 5405 2633 5476 eXpressis
2661 5402 2828 5457 Fulvii
2862 5403 3061 5473 Ursini,
3087 5406 3258 5476 ipsius
3286 5423 3498 5479 quoque
3545 5411 3652 5462 Ar-

2072 5495 2216 5553 nobii
2267 5496 2524 5560 editoris,
2569 5496 2768 5557 verbis,
2797 5497 3024 5568 epistola
3055 5509 3183 5554 ante
3223 5513 3501 5554 romanam
3527 5500 3653 5558 alte-

2073 5607 2186 5646 ram
2217 5590 2284 5645 ad
2329 5588 2646 5660 Gregorium
2677 5586 2798 5644 XIII
2851 5589 3204 5646 dedicatione
3227 5589 3506 5659 inspersis,
3534 5605 3666 5646 con-

2076 5688 2334 5750 lirmatur,
2355 5683 2549 5753 quibus
2581 5683 2879 5741 Arnobium
2909 5683 3159 5755 primum
3208 5697 3239 5740 e
3261 5682 3369 5737 vati
3381 5695 3513 5739 cana
3536 5682 3668 5738 bibl.
