4020 6072
401 285 506 357 335

1719 297 1808 354 DE
1845 297 2147 355 ARNOBIO
2175 297 2264 354 AF
2269 297 2359 355 ΒΟ

3575 302 3680 359 556

395 416 445 468 in
481 415 652 471 lucem
680 414 941 484 prodiisse
988 421 1237 471 testatur.
1266 413 1382 468 lam
1415 413 1511 467 fuit
1557 413 1842 484 aliquando
1869 413 1977 467 Ln-
2005 415 2052 474 A
2091 414 2390 471 affirmatur
2423 416 2474 472 in
2504 416 2851 488 privilegioa
2877 415 3045 472 Paulo
3095 416 3180 483 Ill,
3215 417 3315 488 ipsi
3343 432 3604 475 concesso
3629 429 3684 474 et

392 504 566 559 ὼ)νὶρὶ
611 505 882 561 Carrionis
931 509 1043 560 tuaac
1095 505 1277 574 Opinio
1306 503 1408 575 (l).
1462 505 1699 559 onmium
1731 504 1984 575 deinceps

391 595 671 652 doctorum
717 597 992 652 hominum
1040 612 1263 652 assensu
1317 595 1683 666 comprobata,
1740 597 1982 652 codicem

394 689 636 755 Arnobii,
657 690 746 760 qui
766 689 817 743 in
841 688 1160 745 bibliotheca
1185 690 1328 759 regia
1357 689 1640 757 parisiensi
1667 699 1836 756 extat,
1861 706 1983 744 eum

393 780 562 848 ipsum
593 796 732 844 esse,
761 796 827 835 ex
870 795 976 848 quo
1031 779 1276 834 Saba-um
1306 797 1428 835 eum
1478 780 1580 834 luci
1627 780 1798 846 daret,
1824 781 1980 851 quod,

398 892 512 947 qua:
531 877 597 930 sit
621 877 672 928 in
701 892 913 929 romana
941 876 1106 945 prima
1136 874 1382 928 librorum
1409 875 1618 928 illorum
1643 871 1982 942 publicatione

391 971 696 1040 paginarum
744 970 936 1038 aliquot
961 972 1015 1023 in
1043 969 1268 1023 alienum
1291 971 1456 1022 locum
1483 969 1837 1037 transpositio,
1871 979 1984 1024 tan-

389 1061 502 1115 dem
531 1061 625 1114 hoc
655 1061 707 1114 in
737 1059 862 1114 libro
890 1077 995 1115 esse
1055 1071 1270 1115 constet.
1305 1059 1464 1116 Unde
1490 1062 1792 1130 suspicatur
1837 1061 1983 1116 codi-

387 1171 502 1210 cem
534 1153 674 1209 lmnc
718 1170 818 1209 una
848 1164 1145 1225 enimtextu
1179 1155 1317 1226 typis
1345 1172 1440 1225 per
1467 1155 1888 1211 Priscianensem
1915 1172 1981 1210 ex

387 1249 586 1318 scripto
616 1247 901 1302 Francisco
947 1247 1186 1303 oblatum
1216 1248 1404 1302 fuisse.
1438 1248 1590 1316 Quod
1617 1249 1663 1304 si
1701 1258 1846 1304 recte
1892 1248 1984 1304 ille

388 1343 687 1412 conjecisse
711 1341 976 1410 putan'dus
1007 1352 1110 1404 est,
1140 1353 1194 1396 ut
1219 1342 1494 1412 probabile
1529 1345 1597 1397 sit
1622 1359 1835 1414 quoque
1851 1343 1977 1411 hoc,

389 1436 529 1508 quod
557 1434 777 1489 alterius
811 1451 1047 1489 romanae
1080 1444 1296 1490 curator
1326 1435 1482 1490 Fulv.
1505 1435 1731 1491 Ursinus
1755 1437 1978 1504 codicis,

386 1547 493 1601 quo
526 1539 789 1596 uteretur,
820 1531 1148 1586 mentionem
1183 1531 1380 1588 nullam
1409 1530 1539 1586 facit
1572 1549 1586 1597 ;
1615 1531 1768 1601 jussu
1800 1533 1978 1602 ponti-

387 1627 500 1681 ficis
533 1627 683 1682 Pauli
705 1626 772 1681 Ill
811 1625 914 1682 hoc
942 1626 1138 1681 factum
1177 1641 1296 1681 esse
1354 1635 1583 1696 oportet.
1617 1626 1774 1682 Certe
1803 1627 1972 1683 codex

2090 509 2291 579 aliquot
2317 525 2345 562 a
2375 510 2560 564 limine
2607 510 2814 581 paginis
2842 511 3127 581 impresso,
3172 511 3223 564 in
3253 527 3368 580 quo
3391 511 3683 584 typothetaa

2089 619 2272 658 errore
2301 603 2514 669 accidit,
2563 613 2620 658 ut
2660 606 2786 660 armi
2831 617 2954 659 nota
2999 604 3133 660 falso
3171 620 3357 660 unum
3405 605 3525 662 loco
3575 621 3684 662 χιιι

2093 694 2454 768 (Ponti/iratus
2486 696 2643 752 Pauli
2671 714 2808 753 anno
2830 699 3029 768 octavo)
3057 699 3472 754 exscriberetur.
3507 699 3676 768 Hujus

2088 787 2342 844 editionis
2381 791 2711 860 exetnplaria
2763 790 2884 856 tria,
2917 807 3079 845 unum
3133 806 3252 846 cum
3285 774 3682 847 emendationi-

2089 881 2188 935 bus
2217 893 2272 936 et
2300 883 2464 938 variis
2493 883 2810 939 lectionibus
2855 899 3014 938 nianu
3043 883 3157 939 Jac.
3192 884 3554 956 Delechampii
3581 899 3680 941 ex-

2086 977 2268 1039 aratis,
2296 975 2522 1032 alterum
2567 993 2689 1032 cum
2742 979 2885 1034 notis
2933 990 2986 1035 et
3015 979 3484 1036 emendationibus
3503 997 3534 1035 a
3561 981 3677 1037 Nic.

2087 1066 2316 1138 Rigaltio
2343 1071 2649 1142 exscriptis,
2679 1072 2895 1128 tertium
2943 1087 3066 1126 cum
3109 1072 3372 1143 glossario
3410 1073 3680 1130 Francisci

2087 1159 2279 1216 Pitlimi
2308 1172 2363 1218 et
2390 1163 2567 1218 indice
2596 1179 2774 1220 rerum
2820 1173 2876 1221 et
2922 1166 3228 1230 verborum,
3276 1181 3485 1222 necnon
3524 1168 3682 1223 resti-

2089 1256 2380 1311 tutionihns
2423 1265 2478 1312 et
2522 1258 2847 1329 ccitjecturis
2919 1258 3299 1331 marginalibus
3341 1259 3427 1314 Jo.
3476 1259 3672 1317 Passe-

2085 1350 2205 1404 ratii
2251 1365 2382 1406 mss.
2414 1361 2600 1408 extant
2630 1353 2682 1407 in
2733 1351 2982 1409 biblioth.
3024 1353 3167 1424 regia
3193 1353 3498 1424 parisiensi.
3541 1353 3678 1412 Vide

2085 1439 2221 1510 Cat.,
2247 1450 2284 1498 t.
2316 1459 2354 1512 ι,
2385 1459 2440 1515 p.
2471 1444 2597 1501 567.

2797 1583 2957 1642 1546.

389 1723 567 1790 regius
597 1735 664 1775 ex
709 1720 854 1775 omni
888 1718 1010 1774 inde
1059 1729 1302 1787 tempore
1350 1733 1447 1788 pro
1478 1719 1632 1773 unico
1662 1719 1889 1783 habitus,
1923 1727 1979 1774 et
2006 1733 2055 1793 Β
2155 1720 2410 1786 Basileaz,
2470 1719 2610 1791 apud
2662 1720 3024 1788 Frobenium,
3075 1719 3242 1789 in-8°,
3269 1720 3480 1776 Arnobii
3521 1718 3673 1792 Disp.

389 1822 658 1884 tamquam
683 1814 948 1869 tutissima
967 1813 1182 1868 criticcs
1207 1813 1514 1868 arnobiame
1547 1814 1752 1885 regula,
1787 1813 1980 1884 dignus

383 1906 665 1976 judicatus
691 1916 792 1972 est,
818 1907 905 1975 qui
946 1907 1146 1960 iterum
1176 1917 1347 1976 atque
1378 1907 1571 1962 iterum
1603 1923 1632 1959 a
1665 1907 1791 1960 viris
1811 1906 1982 1961 doctis

389 2014 750 2058 excuteretur.
782 2004 886 2058 Sed
931 2004 995 2058 ad
1028 2004 1283 2058 Sabamm
1318 2003 1618 2058 redeamus.
1647 2001 1697 2058 ls
1725 2003 1886 2074 igitur
1908 2003 1983 2056 ita

386 2098 666 2169 epistolam
731 2100 1176 2168 nuncupatoriam
1228 2099 1557 2153 exorditur:
1609 2117 1626 2150 ι
1659 2098 1979 2154 Jamdudum

389 2193 648 2248 bonarum
677 2190 874 2246 artium
903 2190 1132 2244 studiosi
1159 2231 1172 2252 ,
1199 2189 1287 2259 qui
1316 2205 1401 2244 me
1429 2205 1533 2243 non
1566 2190 1772 2259 vulgari
1797 2206 1981 2244 amore

389 2296 806 2358 prosequuntur,
835 2282 1166 2352 quotidianis
1210 2297 1274 2336 ex
1287 2281 1732 2352 postulationibus
1763 2291 1816 2336 et
1846 2297 1982 2352 pene

387 2381 632 2435 convicio
680 2377 1020 2441 infestarunt,
1049 2377 1192 2448 quod
1222 2393 1341 2430 cum
1391 2375 1568 2430 studio
1601 2375 1899 2430 litterarum
1928 2384 1982 2430 et

387 2471 689 2528 credulitati
731 2480 929 2524 nostra:
969 2469 1164 2524 divina:
1207 2468 1488 2538 suffragari
1539 2483 1759 2536 possem
1805 2477 1856 2522 et
1885 2467 1980 2522 de-

388 2567 592 2629 berem,
624 2565 676 2620 in
703 2563 820 2619 dies
864 2578 1042 2618 moras
1089 2561 1257 2616 moris
1280 2571 1678 2615 connecterem.
1710 2559 1768 2614 In
1819 2573 1980 2614 causa

387 2671 523 2726 erat,
552 2657 694 2729 quod
722 2656 1017 2712 Arnobium
1045 2655 1284 2724 pristina:
1315 2652 1976 2723 religionis—eversorem

387 2754 778 2824 supprimerem
822 2759 878 2806 et
907 2749 1038 2804 mihi
1091 2748 1438 2803 vindicarem.
1474 2745 1672 2802 Contra
1715 2762 1816 2817 ego
1845 2746 1980 2802 infe-

388 2847 570 2901 rcbam
620 2847 793 2916 ipsum
846 2843 1008 2896 variis
1046 2851 1099 2896 et
1147 2839 1532 2910 multiplicibus
1581 2839 1791 2895 mendis
1819 2851 1980 2911 atque

388 2940 663 2997 erroribus
691 2937 1124 3004 refertissimum,
1156 2946 1209 2992 et
1237 2936 1464 2991 multum
1495 2943 1755 2990 mutatum
1793 2935 1861 2991 ab
1885 2935 1979 2989 illo

387 3037 476 3106 qui
520 3035 696 3090 fuerat
724 3031 993 3103 quionidam
1017 3046 1110 3085 ora
1140 3030 1422 3086 doctorum
1452 3029 1726 3084 hominum
1766 3029 1977 3084 subter-

386 3129 571 3200 fugere
591 3139 646 3184 et
673 3126 872 3182 rubore
919 3123 1172 3180 suﬁundi.
1205 3124 1338 3177 'l‘um
1369 3122 1732 3178 illi—omnem
1759 3137 1975 3192 operam

388 3233 441 3278 et
495 3221 731 3276 studium
780 3221 833 3274 in
881 3234 1042 3274 unum
1073 3218 1457 3272 convenientes
1507 3216 1824 3283 adhibuere,
1852 3225 1980 3270 ιιι-

389 3317 598 3384 integer
625 3323 680 3368 et
722 3310 1123 3367 abstersus—in
1156 3308 1426 3379 publicum
1468 3308 1705 3378 prodiret
1738 3316 1831 3363 :et
1857 3309 1978 3377 quia

391 3409 509 3479 ejus
536 3407 744 3462 curatio
775 3408 826 3460 in
861 3406 1076 3476 longum
1116 3403 1533 3474 protrahebatur
1559 3403 1800 3474 (difficile
1832 3403 1978 3457 enim

387 3513 503 3558 erat
545 3501 744 3557 multos
790 3500 1017 3554 diversis
1047 3497 1275 3568 negotiis
1330 3496 1650 3566 praepeditus
1694 3496 1760 3549 ad
1789 3496 1976 3550 horam

387 3598 756 3669 praescriptam
783 3595 1021 3650 invenire
1045 3604 1094 3648 et
1111 3592 1458 3661 convenire),
1484 3589 1825 3660 Hieronymus
1848 3588 1979 3644 Fer-

385 3692 553 3746 rarius
595 3700 651 3746 et
691 3688 1003 3744 Franciscus
1031 3684 1429 3752 Priscianensis,
1457 3685 1555 3739 viri
1583 3681 1876 3739 doctissimi
1925 3692 1982 3739 et

387 3785 585 3856 ingenii
623 3793 678 3838 et
705 3781 894 3853 iudicii
927 3778 1424 3851 .perspicacissimi,
1477 3777 1779 3832 emendandi
1807 3787 1854 3830 et
1879 3779 1978 3831 ins-

388 3878 639 3952 primendi
680 3875 972 3932 Arnobium
1021 3873 1354 3944 provinciam
1394 3882 1749 3943 susceperunt
1775 3888 1790 3937 ;
1821 3880 1876 3927 et
1905 3873 1976 3925 ita

387 3971 617 4028 feliciter
640 3979 765 4026 sunt
803 3968 1058 4034 assecuti,
1088 3976 1146 4022 ut
1173 3967 1324 4022 illum
1349 3982 1378 4020 a
1401 3966 1564 4021 variis
1587 3975 1641 4022 et
1661 3966 1975 4022 enormibus

386 4067 532 4122 vitiis
585 4075 746 4136 atque
787 4063 1064 4118 erroribus
1116 4059 1445 4114 vindicarint
1485 4077 1500 4112 :
1549 4068 1660 4114 tum
1719 4058 1980 4129 eleganti-

387 4163 486 4218 bus
515 4171 567 4216 et
594 4157 975 4231 pulcherrimis
998 4155 1138 4226 typis
1163 4155 1485 4225 impressum
1515 4152 1567 4208 in
1597 4153 1828 4208 stadium
1855 4167 1979 4224 pro-

387 4255 675 4320 duxerint,
708 4266 795 4307 me
824 4265 954 4306 vero
993 4264 1024 4303 a
1067 4247 1349 4302 calumniis
1392 4255 1446 4302 et
1490 4245 1749 4303 molestiis
1802 4246 1981 4301 absol-

386 4347 585 4400 verint.
638 4363 658 4396 ι
690 4342 819 4398 Haec
867 4340 976 4396 ille.
1031 4338 1108 4394 Ex
1159 4338 1355 4409 quibus
1410 4337 1567 4392 facile
1612 4338 1979 4408 unusquisque

387 4452 715 4509 componere
743 4444 939 4505 potest,
966 4449 1086 4503 qua:
1135 4432 1344 4488 diversa
1391 4440 1445 4487 et
1493 4431 1593 4485 sibi
1624 4432 1974 4500 repugnantia
2000 4439 2054 4499 ι)

386 4534 584 4606 passim
617 4546 646 4586 a
693 4529 922 4586 diversis
950 4529 1144 4596 scripta
1184 4526 1254 4581 de
1285 4525 1386 4579 hac
1439 4523 1674 4579 editione
1716 4524 1970 4591 inveniet,

385 4630 682 4699 quibusque
711 4622 1022 4680 refellendis
1047 4637 1266 4692 operam
1320 4633 1516 4674 navare
1558 4633 1659 4674 nec
1687 4629 1843 4674 vacat
1868 4635 1970 4675 nec

386 4723 552 4778 lubet.
603 4719 717 4774 Hoc
769 4715 1066 4779 addamus,
1108 4712 1398 4769 editionem
1452 4711 1592 4765 hanc
1633 4721 1878 4781 typorum
1923 4721 1977 4766 et

387 4819 584 4875 charte
609 4813 871 4885 elegantia
901 4826 1021 4867 esse
1050 4807 1561 4880 splendidissimam.
1582 4806 1737 4863 Unde
1756 4810 1976 4866 omnino

387 4912 642 4966 miramur
655 4924 774 4964 cum
793 4914 1082 4976 purpurato
1105 4901 1298 4956 Brixia:
1326 4900 1568 4955 litterata:
1584 4912 1801 4957 auctore
1829 4903 1888 4974 (t.
1916 4919 1973 4967 ιι,

386 5021 436 5076 ρ,
476 5001 599 5073 ιΘΞ)
626 5043 640 5067 ,
669 4999 939 5054 hominem
967 4997 1053 5052 cui
1083 4995 1158 5050 nil
1185 4995 1512 5064 frequentius
1545 4995 1596 5048 in
1625 5009 1738 5062 ore,
1773 5012 1929 5066 quam
1955 5013 1971 5051 :

385 5097 635 5168 Langueo
649 5102 703 5148 ct
715 5089 1250 5162 esurio(2),sumptus
1262 5086 1328 5141 ad
1346 5086 1578 5156 amplam
1596 5103 1711 5141 eam
1730 5087 1975 5142 nitidam-

386 5209 490 5266 qne
511 5190 798 5249 editionem
819 5186 1155 5258 suppeditare
1178 5183 1440 5256 potuisse.
1464 5181 1580 5238 Hoc
1610 5183 1751 5238 enim
1771 5182 1974 5240 diserte

467 5374 547 5443 (1)
576 5372 632 5428 In
672 5369 985 5443 emetidattq
1011 5367 1158 5443 lib.)
1181 5407 1196 5431 ,
1235 5381 1284 5443 c.
1315 5365 1369 5429 9,
1390 5364 1480 5443 fol.
1512 5367 1604 5443 l8,
1635 5369 1743 5443 ed._
1767 5368 1960 5443 Paris,

385 5437 566 5513 1585⁷,
615 5445 774 5499 iii-4°.
827 5442 956 5510 Quae
1009 5441 1061 5493 in
1115 5438 1473 5513 Scaligeranis
1502 5437 1616 5511 (ed.
1647 5456 1676 5513 ξι
1706 5440 1963 5512 Cologne,

387 5509 744 5581 1693,1118",
780 5531 829 5586 p.
853 5509 949 5581 35)
984 5526 1142 5579 super
1184 5509 1284 5563 hoc
1312 5509 1531 5586 Arnobi‘i
1561 5511 1750 5586 codice
1785 5509 1968 5583 legun—

386 5602 495 5658 tur,
531 5605 591 5646 ca
625 5581 859 5658 optimus
885 5591 1196 5658 auctor_nec
1225 5581 1435 5636 curiose
1473 5583 1602 5658 satis
1631 5581 1969 5658 commenta.

383 5652 643 5725 tus'esse,
665 5652 773 5717 'nec
799 5659 888 5730 qui
918 5652 1274 5730 describeret.
1304 5665 1451 5730 recte
1479 5653 1670 5730 legisse
1699 5655 1929 5730 videtur.

459 5734 538 5806 (ἃ)
568 5723 698 5806 ωε
735 5723 996 5803 quotquot
1020 5725 1110 5782 ille
1140 5739 1208 5780 ex
1234 5723 1704 5796 epigrammatibus
1747 5729 1966 5800 protulit

381 5803 647 5880 exempla.

2085 1813 2325 1868 adversus
2354 1824 2523 1884 gentes
2550 1814 2664 1868 libri
2695 1827 2785 1869 vttt
2807 1853 2822 1878 ,
2853 1829 2987 1868 nunc
3015 1813 3217 1869 demum
3260 1815 3332 1870 sic
3379 1816 3600 1869 accurati
3623 1824 3680 1870 ut

2086 1907 2148 1958 ab
2177 1907 2386 1960 eruditis
2415 1907 2524 1961 sine
2549 1907 2657 1962 ulla
2696 1905 3029 1975 olfensatione
3059 1919 3105 1962 et
3134 1925 3249 1962 cum
3287 1909 3482 1978 majore
3507 1908 3679 1963 lectio-

2087 2001 2165 2054 nis
2206 2016 2374 2069 operte
2403 2002 2564 2071 pretio
2588 2001 2821 2072 cognosci
2867 2001 3080 2070 possint.
3131 2001 3350 2056 Accessit
3403 2001 3560 2056 inde:
3597 2017 3684 2056 ea-

2086 2107 2220 2156 rnm,
2245 2107 2360 2162 ante
2392 2102 2572 2145 notata
2617 2092 2774 2163 digna
2803 2102 2940 2147 sunt.
2991 2092 3373 2162 Sigismundus
3425 2091 3682 2148 Gelenius

2088 2184 2139 2236 in
2165 2185 2390 2253 epistola
2423 2185 2812 2255 nuncupatoria
2841 2186 2908 2238 ad
2937 2183 3236 2240 Gilbertum
3262 2183 3563 2255 Cognatum
3591 2200 3682 2241 ca-

2088 2277 2336 2330 nonicum
2362 2288 2791 2343 nazoretensem,
2817 2285 3099 2348 postquam
3129 2278 3581 2348 comparationem
3597 2277 3678 2333 in-

2083 2381 2167 2425 ter
2195 2369 2540 2426 Lactantium
2564 2382 2616 2426 et
2647 2373 2944 2427 Arnobium
2975 2372 3318 2428 instituerat:
3357 2389 3375 2423 t
3406 2371 3510 2426 Sed
3536 2371 3678 2430 hanc

2087 2479 2396 2527 censuram,
2431 2465 2627 2536 pergit,
2659 2467 2863 2520 criticis
2912 2465 3285 2536 relinquimus,
3337 2465 3491 2522 nobis
3546 2465 3680 2522 nihil

2086 2560 2411 2629 sumpsimus
2457 2560 2556 2614 nisi
2584 2559 2946 2630 castigationis
2988 2559 3249 2616 laborem.
3291 2560 3422 2615 Nam
3453 2561 3680 2616 Romani

2087 2661 2145 2706 ut
2193 2653 2444 2708 candoris
2492 2654 2544 2708 in
2595 2655 3063 2721 communicando,
3099 2656 3151 2709 in
3182 2655 3594 2711 transcribendo
3619 2655 3680 2710 ll-

2083 2747 2168 2801 dci
2198 2747 2408 2803 laudem
2432 2760 2804 2818 promerentur
2825 2791 2839 2814 ,
2873 2749 2945 2803 ita
2986 2749 3168 2820 negari
3196 2764 3306 2803 non
3361 2756 3535 2818 potest
3562 2749 3682 2804 nul-

2082 2839 2192 2893 lum
2223 2855 2318 2895 eos
2366 2840 2675 2896 adhibuisse
2704 2842 2757 2895 in
2789 2841 3030 2912 legendis
3058 2842 3251 2911 priscis
3276 2841 3681 2898 characteribus

2083 2934 2433 2990 exercitatum
2474 2953 2487 2988 :
2531 2949 2640 3005 quo
2667 2935 2968 3002 saepissime
2999 2934 3197 2990 factum
3221 2945 3328 3001 est,
3357 2946 3414 2989 ut
3441 2952 3546 2991 non
3570 2945 3681 2990 tam

2083 3029 2351 3084 sinceram
2384 3028 2696 3095 lectionem,
2729 3043 2890 3099 quam
2917 3028 3036 3099 ejus
3068 3028 3290 3102 vestigia
3317 3024 3677 3099 prodiderint,

2085 3138 2179 3194 per
2207 3138 2325 3192 qua:
2355 3124 2446 3177 vix
2473 3122 2800 3194 pedetentim
2849 3123 2914 3178 ad
2942 3126 3219 3179 veritatem
3250 3121 3483 3179 evadere
3504 3121 3682 3193 potui-

2082 3231 2220 3271 mus.
2259 3216 2531 3273 Fateberis
2559 3231 2657 3274 nos
2684 3234 2791 3272 non
2821 3235 2956 3274 vana
2983 3218 3212 3289 iaetare,
3240 3218 3285 3272 si
3319 3219 3372 3271 in
3402 3231 3510 3272 uno
3539 3231 3678 3288 quo-

2083 3310 2163 3365 vis
2195 3309 2444 3366 ternione
2487 3313 2781 3381 periculum
2821 3312 2998 3368 facere
3047 3312 3304 3378 libuerit;
3331 3321 3518 3367 nostra
3561 3311 3680 3365 haec

2083 3402 2250 3459 editio
2281 3403 2486 3474 planior
2503 3406 2573 3459 sit
2597 3421 2663 3460 an
2697 3406 2783 3461 illa
2813 3407 3004 3462 altera.
3035 3406 3132 3460 Est
3175 3406 3319 3462 enim
3349 3407 3540 3476 ingens
3568 3403 3682 3459 dis-

2083 3499 2289 3554 crimen
2321 3507 2376 3554 et
2407 3508 2665 3568 quantum
2709 3515 2818 3555 non
2864 3499 3022 3556 facile
3063 3500 3254 3556 credas
3303 3501 3406 3556 nisi
3438 3501 3524 3557 illa
3556 3515 3678 3572 per-

2083 3602 2313 3662 gustata.
2342 3612 2362 3645 »
2393 3623 2465 3634 -
2489 3591 2694 3649 Prmter
2739 3595 2968 3651 indicem
2999 3597 3050 3652 in
3101 3597 3255 3652 titulo
3286 3597 3556 3654 laudatum
3583 3612 3676 3652 ac-

2083 3688 2242 3742 cessit
2291 3689 2451 3744 etiam
2498 3689 2763 3746 indiculus
2809 3701 3093 3747 auctorum
3119 3691 3187 3748 ab
3217 3690 3460 3748 Arnobio
3488 3690 3678 3749 lauda-

2083 3790 2281 3838 torum.

2801 3898 2961 3956 1560.

2153 4034 2400 4102 Basilere,
2429 4036 2571 4107 apud
2598 4037 2818 4095 Hieron.
2854 4039 3114 4110 Froben.,
3148 4043 3312 4112 ιιι-8⁸,
3357 4041 3426 4098 D.
3463 4040 3678 4128 Arnobii

2082 4126 2197 4196 Afri
2246 4131 2596 4184 commentarii
2646 4133 2698 4185 in
2743 4149 2914 4188 ontnes
2959 4135 3202 4204 psaltrias,
3235 4151 3300 4190 ea:
3325 4126 3680 4192 emendatione

2081 4220 2333 4277 Desiderii
2362 4223 2590 4280 Erasmi.
2627 4227 2883 4282 Accedunt
2924 4229 3152 4298 ejusdem
3179 4230 3391 4284 Arnobii
3429 4223 3546 4284 libri
3578 4244 3682 4287 vnl

2081 4315 2496 4388 Disputationum
2539 4321 2780 4376 adversus
2829 4331 3020 4393 gentes,
3067 4340 3130 4379 ea:
3178 4326 3468 4381 recensione
3508 4325 3681 4397 Sigis-

2082 4411 2259 4466 mundi
2289 4411 2504 4472 Gelem'i.
2535 4412 2649 4470 Cat.
2676 4415 2737 4471 de
2757 4415 2808 4471 la
2829 4415 2966 4472 Bibl.
3002 4416 3160 4490 Roy.,
3191 4426 3230 4474 t.
3267 4435 3305 4488 ι,
3334 4435 3389 4491 p.
3419 4417 3549 4477 367.

2806 4549 2964 4605 1580.

2150 4682 2386 4751 Parisiis,
2443 4683 2582 4754 apud
2626 4685 2787 4741 Mich.
2832 4685 3126 4758 lulianum,
3157 4691 3368 4749 in-folio
3400 4712 3412 4748 :
3450 4711 3471 4747 ‹
3501 4695 3674 4750 Arno-

2080 4775 2148 4830 bii
2175 4777 2290 4831 libri
2321 4788 2434 4833 octo
2455 4796 2484 4832 ιι
2515 4779 2848 4849 Sigismundo
2887 4781 3094 4839 Gelenio
3132 4787 3374 4855 primum,
3394 4789 3511 4844 dein
3538 4808 3571 4845 a
3601 4791 3670 4846 R.

2080 4866 2356 4926 Laurentio
2407 4873 2755 4942 castigatiores
2795 4877 2964 4930 cntissi
2995 4921 3008 4941 ,
3061 4896 3175 4934 cum
3226 4880 3562 4940 Tertulliano.
3605 4886 3673 4941 Β.

2079 4963 2238 5020 Laur.
2270 4965 2338 5020 de
2365 4965 2410 5020 la
2439 4965 2624 5022 Barre.
2650 4967 2923 5040 Prazcipua
2955 4971 3113 5043 hujus
3143 4975 3397 5034 editionis
3427 4979 3528 5035 dos
3551 4989 3678 5037 sunt

2079 5069 2392 5126 argumenta
2440 5059 2726 5132 unicuique
2772 5062 2908 5118 libro
2956 5066 3196 5134 praefixa,
3229 5072 3544 5142 marginalia
3573 5073 3674 5130 de-

2081 5149 2224 5216 inde,
2273 5162 2323 5207 et
2353 5152 2508 5207 index
2556 5170 2738 5210 rerum
2797 5159 3249 5216 memorabilium.
3294 5163 3408 5231 Qua
3466 5168 3675 5226 ratione

2085 5252 2286 5299 textum
2324 5245 2713 5313 reformaverit,
2747 5263 2866 5304 cum
2901 5250 3013 5319 ipse
3058 5251 3218 5321 plane
3244 5255 3420 5324 sileat,
3454 5259 3555 5315 nisi
3588 5276 3676 5316 se-

2083 5337 2208 5393 dulo
2242 5342 2639 5406 comparaveris
2695 5359 2816 5399 cum
2843 5343 3158 5413 Geleniana,
3189 5348 3276 5404 vix
3308 5349 3473 5407 dicas.
3503 5351 3675 5412 Scho-

2082 5431 2149 5487 lia
2171 5442 2351 5490 autem
2384 5435 2551 5491 textui
2581 5435 2819 5508 subjecta
2849 5453 2956 5494 non
2980 5442 3158 5513 magni
3184 5451 3312 5500 sunt
3338 5447 3515 5517 pretii.

2825 5572 2986 5629 1582.

2150 5705 2478 5778 Antuerpiae,
2529 5725 2596 5767 ex
2641 5708 2856 5769 ofﬁcina
2897 5713 3098 5773 Christ.
3149 5715 3376 5775 Plautini
3408 5736 3423 5774 :
3453 5720 3669 5780 Arnobii

2079 5797 2146 5854 D.
2186 5803 2424 5858 adversus
2468 5813 2637 5876 gentes
2663 5804 2778 5862 libri
2805 5821 3014 5878 septem,
3043 5811 3288 5880 recogniti
3311 5821 3357 5868 et
3386 5817 3543 5870 aucti.
3585 5816 3666 5871 Ex
