4020 6072
282 201 389 265 357

1582 198 1859 271 norim
1902 191 2286 274 ms'roalca.

3466 204 3571 275 358
3652 270 3657 276 .

290 322 592 380 bibliotheca
627 318 885 381 Theodori
925 320 1134 383 Cameri
1160 323 1501 400 ultrajectini,
1536 329 1683 400 cujus
1727 331 1875 385 etiam
1911 331 1962 393 Α
1990 326 2095 387 illis
2136 330 2463 402 temporibus
2501 336 2823 404 potuerunt,
2865 324 3096 392 inﬁnitas
3124 346 3293 408 prope
3338 335 3575 390 maculas

287 427 421 471 notae
447 418 661 489 adjecta:
680 427 815 474 sunt.

358 508 491 564 Cum
546 526 697 582 teque
749 527 813 567 ac
865 511 1118 568 Gelenius
1165 513 1441 570 codicibus
1496 515 1875 584 manuscriptis

285 603 597 670 destitutus,
646 605 764 660 solo
814 606 1025 676 ingenio
1069 606 1347 663 nitendum
1396 608 1495 663 sibi
1554 608 1875 680 intelligeret

286 694 573 763 Canterns,
603 707 809 768 partem
840 697 947 752 fide
975 698 1181 754 romani
1219 697 1433 755 'codicis
1468 699 1743 771 (editionis
1770 700 1876 771 pri-

289 788 416 859 mae)
445 800 603 859 quem
636 788 703 844 ad
737 791 906 845 instar
934 807 1036 846 ius.
1086 790 1187 847 sibi
1236 790 1397 848 fuisse
1422 800 1473 848 et
1503 792 1755 863 przeclara
1786 805 1878 848 ve-

287 881 417 937 teris
457 882 751 951 Scriptura:
783 886 1004 956 vestigia
1062 886 1392 941 continuisse
1423 885 1722 950 contendit.
1755 900 1879 957 pars

290 975 385 1030 tim
432 975 592 1031 etiam
620 974 915 1034 Clementis
959 977 1330 1045 Alexandrini,
1359 995 1388 1034 a
1433 996 1540 1052 quo
1579 982 1746 1035 multa
1773 996 1875 1034 no-

284 1077 456 1123 strum
500 1068 566 1125 ad
605 1064 770 1125 verba
801 1068 1167 1142 desumpsisse
1195 1071 1520 1141 ostenditur,
1547 1072 1749 1129 auxilio
1775 1070 1870 1127 iui-

283 1168 393 1227 tus,
426 1161 684 1234 quidquid
731 1166 1030 1235 praestitum
1077 1175 1181 1233 est,
1231 1168 1331 1224 hac
1381 1156 1618 1223 editione
1669 1165 1871 1223 eilecit.

290 1272 311 1308 ι
338 1254 523 1312 Nullas
573 1268 774 1323 autem,
826 1258 1014 1330 inquit,
1057 1260 1416 1331 conjecturas,
1446 1262 1689 1333 quamvis
1720 1276 1879 1318 veras

284 1352 341 1405 et
360 1358 535 1404 certas
557 1349 724 1406 textui
746 1350 1090 1419 inseruimus,
1120 1353 1214 1408 sed
1242 1352 1499 1425 quidquid
1526 1370 1555 1407 a
1584 1352 1742 1409 nobis
1768 1368 1882 1409 mu-

288 1452 460 1498 tatum
488 1450 542 1500 et
566 1444 803 1499 additum
833 1445 951 1510 fuit,
984 1447 1300 1503 auctoritate
1330 1456 1385 1503 et
1411 1445 1517 1503 ﬁde
1555 1444 1763 1502 romani
1787 1462 1880 1502 co-

186 1550 197 1563 κ
289 1531 429 1591 dicis
466 1535 662 1591 factum
690 1546 791 1590 est.
821 1534 1024 1592 Verum
1054 1536 1143 1592 ubi
1172 1539 1385 1605 melius,
1412 1539 1553 1610 quod
1585 1538 1876 1594 substitue-

283 1631 479 1697 rimus,
506 1646 612 1685 non
643 1630 990 1699 habebamus,
1023 1632 1189 1688 secuti
1217 1646 1404 1688 sumus
1441 1632 1736 1688 lectionem
1764 1631 1875 1688 Ge-

285 1720 415 1778 lenii
474 1722 587 1795 {qui
648 1722 869 1777 nimium
921 1734 1179 1795 quantum
1229 1724 1329 1780 sibi
1395 1726 1448 1779 in
1516 1724 1618 1780 hnc
1662 1737 1881 1781 auctore

282 1814 627 1870 emendando
650 1813 874 1869 indulsit
895 1815 1056 1869 homo
1085 1815 1323 1887 alioquin
1353 1816 1696 1872 doctissimus
1726 1826 1780 1872 et
1807 1815 1876 1871 de

284 1920 351 1963 re
378 1908 629 1962 litterario
661 1908 863 1977 optime
886 1906 1156 1980 meritus),
1189 1909 1433 1979 quamvis
1478 1906 1749 1964 interdum
1780 1907 1880 1963 ial-

283 2013 402 2055 sam
430 2009 485 2055 et
512 2000 627 2054 veri
657 2000 894 2071 vestigiis
941 2002 1129 2072 procul
1176 2013 1458 2057 remotam.
1493 2002 1560 2057 Et
1600 1998 1885 2073 quamplu-

286 2096 441 2150 rimis
486 2094 539 2149 in
589 2095 724 2150 locis
772 2094 937 2166 (quod
975 2095 1275 2166 prmﬁscine
1321 2095 1607 2169 dixerim),
1656 2095 1883 2152 subdola

283 2184 431 2243 illius
461 2197 515 2243 et
541 2185 841 2243 adulterina
870 2186 1102 2244 lectione
1130 2187 1351 2260 reiecta,
1381 2204 1565 2244 verum
1609 2203 1671 2243 ac
1691 2188 1880 2259 genui-

285 2297 414 2339 nam
446 2283 764 2354 scripturam
789 2283 1145 2354 reposuimus.
1185 2300 1204 2337 ι
1230 2283 1446 2341 Utinam
1474 2299 1603 2341 vero
1624 2296 1875 2341 eventum

290 2375 572 2432 habuisset
620 2377 763 2447 quod
794 2379 862 2433 de
890 2376 1076 2434 futuro
1096 2386 1196 2434 suo
1224 2380 1275 2434 in
1305 2377 1447 2434 hunc
1472 2390 1745 2435 auctorem
1773 2390 1887 2434 stu-

287 2470 381 2526 dio
407 2470 677 2541 pollicitus
709 2479 825 2526 erat
854 2469 957 2545 (1),
991 2486 1050 2527 se
1080 2472 1472 2541 amplissimum
1502 2475 1553 2527 in
1587 2470 1884 2527 Arnobium

287 2565 736 2621 Comment-trium
780 2562 1189 2621 adortiaturum.
1237 2562 1449 2619 Nemini
1488 2560 1730 2637 profecto
1770 2563 1889 2620 Sal-

285 2658 514 2714 masiani
539 2656 867 2713 desiderium
914 2657 1106 2713 fuisset
1143 2657 1457 2713 excitatdm.
1484 2656 1618 2713 Nam
1648 2671 1782 2729 quas
1831 2656 1889 2712 in

287 2751 543 2821 praesenti
596 2747 802 2805 addidit
846 2760 1021 2816 notas,
1054 2764 1133 2805 eae
1184 2760 1293 2805 non
1319 2752 1420 2806 nisi
1451 2749 1890 2807 emendationum

287 2847 556 2901 rationem
611 2842 844 2900 reddunt
884 2855 976 2899 aut
1003 2841 1298 2899 Clementis
1351 2840 1702 2900 Alexandrini
1743 2843 1880 2899 locis

289 2936 672 3008 comparandis
723 2938 1042 2992 inserviunt.
1095 2935 1248 2993 Haud
1283 2950 1409 2992 raro
1459 2949 1637 2992 autem
1680 2935 1745 2992 ad
1772 2934 1888 2992 Jos.

1985 440 2051 481 ex
2082 440 2148 482 eo
2175 428 2437 497 scriptore
2488 428 2826 484 sustulissent
2870 418 2948 503 (l)
2978 439 3144 484 totum
3187 428 3342 500 plane
3382 446 3576 499 corpus

1985 533 2083 573 suo
2110 518 2266 573 nitori
2298 519 2580 575 restituere
2608 520 2980 590 nequiverunt.
3004 521 3186 592 itaque
3215 522 3401 577 Roma:
3430 521 3575 577 edito

1979 608 2090 677 jam
2117 607 2273 675 libro,
2300 616 2355 664 et
2383 610 2434 664 in
2460 625 2655 666 manus
2686 608 2957 667 hominum
2982 614 3316 685 pervulgato,
3336 611 3576 685 aggressi

1985 711 2144 768 sunt,
2189 717 2296 756 non
2325 702 2438 757 Itali
2472 712 2709 769 tantum,
2739 703 2827 774 qui
2862 714 2986 760 tunc
3012 704 3263 775 permulti
3304 713 3358 759 et
3392 700 3593 775 iudicii,

1983 805 2037 850 et
2076 795 2271 866 ingenii
2297 798 2542 853 acumine
2569 798 2831 853 ﬂorebant
2863 816 2875 852 :
2910 799 3006 854 sed
3048 799 3380 870 Transalpini
3411 799 3575 854 etiam

1982 889 2228 946 homines
2281 892 2575 947 Arnobium
2628 892 2862 950 adhibita
2900 894 3241 964 diligentiore
3279 909 3409 950 cura
3450 908 3577 964 per-

1984 988 2168 1054 polirc.
2202 984 2384 1056 Atque
2411 999 2477 1042 ex
2502 987 2648 1043 Italis
2672 987 2916 1057 quidem,
2949 995 3006 1043 ut
3031 988 3255 1057 reliquis
3297 987 3579 1043 nominan-

1984 1084 2069 1139 dis
2092 1082 2538 1155 supersedeamus
2556 1122 2572 1148 ,
2596 1095 2734 1137 uotis
2752 1080 2985 1135 maxime
3007 1078 3290 1150 ,ideanue
3318 1089 3439 1150 post
3462 1079 3580 1135 vul-

1985 1186 2164 1247 gatum
2181 1176 2457 1247 exemplar
2481 1175 2707 1245 primus,
2736 1173 2974 1231 Joannes
2993 1172 3231 1243 Baptista
3257 1172 3581 1243 Sighiceilus

1983 1271 2337 1327 Bononiensis
2360 1311 2374 1336 ,
2416 1269 2508 1340 qui
2536 1277 2721 1339 postea
2768 1269 3054 1339 episcopus
3092 1265 3395 1323 {avernian
3420 1282 3453 1320 a
3481 1265 3580 1322 Pio

1982 1365 2073 1421 IV.
2100 1366 2156 1420 P.
2189 1364 2258 1420 Μ.
2290 1363 2461 1419 iactus
2485 1373 2565 1418 est
2586 1404 2603 1429 ,
2635 1361 2801 1418 multa
2831 1375 2989 1429 sane,
3015 1375 3135 1431 qum
3163 1376 3270 1415 non
3306 1360 3580 1431 vulgarem

1984 1459 2340 1516 eruditionem
2357 1498 2373 1522 ,
2405 1471 2505 1514 nec
2533 1456 2806 1517 mediocre
2818 1454 3134 1526 ingenium,
3162 1452 3580 1521 desiderabant,

1984 1557 2038 1610 in
2064 1553 2168 1609 hoc
2185 1553 2450 1623 scriptore
2473 1550 2707 1607 correxit
2725 1588 2742 1617 ,
2765 1549 2998 1605 restituit
3023 1560 3089 1603 ac
3114 1560 3283 1617 prope
3300 1546 3584 1617 desperata

1986 1647 2213 1701 sanavit.
2247 1644 2353 1701 Sed
2397 1644 2526 1699 dum
2573 1643 2764 1699 Cinna
2791 1640 3076 1713 Smyrnam
3125 1639 3397 1706 imitatus,
3447 1652 3589 1695 nun-

1986 1754 2178 1808 quam,
2236 1748 2296 1793 ut
2323 1738 2503 1805 aiunt,
2541 1753 2757 1793 manum
2784 1734 2854 1790 de
2886 1732 3100 1802 tabula,
3129 1731 3368 1803 nihilque
3409 1733 3586 1789 minus

1985 1847 2140 1902 quam
2159 1831 2227 1887 de
2245 1830 2622 1902 pervulgandis
2639 1830 3108 1886 emendationibus
3126 1828 3406 1899 cogitaret,
3426 1842 3586 1883 suum

1987 1923 2199 1979 interim
2228 1922 2483 1981 Germani
2511 1923 2796 1979 ediderunt
2821 1920 3142 1977 Arnobium.
3176 1920 3234 1976 In
3272 1936 3379 1991 quo
3402 1921 3447 1976 si
3490 1934 3588 1991 pro

1987 2017 2239 2074 omnibus
2264 2019 2378 2073 suis
2407 2019 2460 2071 in
2488 2017 2763 2073 Romanos
2783 2015 2988 2072 salibus
3006 2022 3064 2071 et
3081 2012 3341 2070 conviciis
3355 2054 3371 2079 ,
3395 2012 3586 2069 eadem

1986 2113 2087 2184 ipsi
2136 2112 2243 2169 ﬁde
2270 2114 2322 2168 in
2365 2113 2772 2170 transcribendo
2823 2113 3155 2184 exemplari,
3205 2111 3504 2181 eademque
3533 2110 3589 2164 in

1988 2205 2327 2262 entendando
2355 2205 2620 2275 religione
2642 2245 2658 2271 ,
2687 2222 2791 2275 qua
2824 2206 3050 2262 Romani
3078 2205 3161 2260 usi
3198 2214 3355 2272 sunt,
3390 2202 3587 2259 versati

1989 2309 2202 2369 essent,
2240 2299 2498 2371 maia-em
2529 2301 2647 2354 sine
2668 2299 2832 2354 dubio
2868 2299 3094 2371 gratiam
3119 2313 3151 2354 ο
3180 2298 3438 2354 studiosis
3470 2312 3592 2353 om-

1990 2393 2151 2448 nibus
2181 2391 2446 2447 iniissent.
2476 2391 2631 2448 Nunc
2658 2403 2839 2447 autem
2860 2429 2877 2459 ,
2918 2392 3045 2447 dum
3082 2390 3404 2464 quodlibet,
3447 2391 3592 2462 quod

1993 2483 2091 2553 ipsi
2119 2493 2430 2554 corruptum
2460 2484 2749 2553 opinantur
2794 2498 2894 2553 pro
2921 2482 3076 2538 lihitu
3112 2498 3215 2539 suo
3263 2492 3318 2538 et
3365 2482 3594 2539 arbitrio

1989 2575 2270 2641 addendo,
2316 2576 2588 2641 tollendo,
2618 2576 2947 2640 mutando,,
2998 2586 3057 2630 ut
3088 2576 3324 2647 aliquem
3373 2591 3594 2632 sensum

1991 2670 2237 2733 eliciant,
2264 2670 2538 2739 corrigere
2567 2668 2670 2723 sibi
2698 2667 2782 2724 fas
2804 2682 2926 2723 esse
2955 2676 3173 2738 potant,
3204 2678 3313 2723 tam
3338 2668 3505 2724 multa
3535 2670 3591 2724 in

1995 2762 2236 2819 Arnobio
2266 2762 2650 2825 immutarunt,
2685 2771 2743 2816 ut
2790 2762 3012 2819 inﬂantis
3041 2762 3173 2817 locis
3200 2777 3272 2819 ne
3308 2761 3595 2835 vestigium

1991 2856 2207 2926 quidem
2252 2856 2488 2926 aluique
2530 2856 2777 2912 lectionis
2818 2857 2892 2912 sit
2935 2856 3201 2912 relictum.
3233 2857 3349 2912 Hoc
3392 2856 3599 2913 incom-

1992 2950 2212 3005 modum
2264 2949 2454 3004 Petrus
2491 2949 2846 3017 Ciacconius,
2879 2949 3178 3021 Hispanus,
3207 2949 3374 3006 homo
3417 2950 3599 3022 magni

289 3031 577 3103 Scaligeri,
609 3029 868 3100 Turnebi,
894 3029 1059 3100 Lipsii
1084 3039 1138 3085 et
1160 3029 1350 3085 Mureti
1392 3030 1730 3100 conjecturas
1756 3029 1894 3084 Cau-

1999 3043 2195 3114 ingenii
2232 3042 2604 3114 doctﬂnteque
2632 3042 2837 3113 judicio
2870 3045 3138 3110 exculta,
3188 3054 3310 3101 cum
3356 3043 3600 3101 animad-

292 3133 443 3181 terus
510 3136 788 3196 provocat.
845 3122 1123 3195 Inscripsit
1186 3123 1276 3180 ille
1338 3122 1632 3178 Arnohium
1686 3120 1893 3177 Valenti

293 3220 514 3277 Guellio
544 3219 872 3291 Pimpontio,
903 3221 956 3276 in
994 3218 1141 3276 curia
1186 3219 1468 3291 parisieusi
1498 3218 1755 3286 senatori,
1781 3217 1895 3287 epi—

295 3318 435 3372 stola
466 3316 591 3371 data
619 3315 922 3386 Ultrajecti,
962 3315 1094 3371 idib.
1134 3314 1385 3371 novemb.
1425 3310 1586 3370 1581.
1617 3313 1897 3370 Postremo

308 3424 412 3464 nec
432 3406 869 3480 praetereundum
890 3408 1013 3471 erit,
1037 3409 1180 3491 quod
1214 3410 1267 3463 in
1295 3408 1474 3479 capita
1502 3420 1598 3463 seu
1631 3408 1897 3463 sceliones

302 3514 480 3559 certas
524 3513 732 3559 textum
769 3503 945 3559 editor
1000 3505 1227 3573 partitus
1275 3500 1382 3571 sit,
1434 3518 1463 3556 a
1494 3517 1601 3573 quo
1641 3500 1898 3572 praeclaro

306 3609 438 3650 sane
463 3595 708 3652 instituto
739 3598 944 3661 nescio,
973 3596 1063 3667 qui
1094 3596 1296 3651 factum
1324 3595 1416 3664 sit,
1445 3602 1503 3650 ut
1531 3594 1756 3651 insecuti
1786 3593 1901 3650 edi-

305 3698 452 3747 tores
481 3706 669 3747 rursus
697 3688 1008 3747 defecerint.

1054 3796 1217 3867 l583.

378 3945 564 4003 Roma:
585 3988 600 4015 ,
630 3962 693 4001 ex
716 3943 1065 4019 typograth
1096 3944 1357 3999 Domiuiei
1380 3943 1552 4010 Busa,
1586 3942 1763 4011 iit—4';
1804 3941 1902 3996 Ar»

304 4044 447 4099 uobiz'
495 4042 896 4112 disputationum
940 4038 1184 4094 adversus
1239 4044 1409 4110 gentes
1448 4036 1563 4090 libri
1594 4046 1800 4108 septem.
1832 4064 1905 4078 --

310 4135 390 4191 Η.
422 4133 638 4189 Minucii
672 4133 862 4188 Felicis
893 4130 1150 4186 Octauius.
1175 4130 1417 4186 Romana
1444 4128 1607 4184 editio
1632 4127 1905 4200 posterior

308 4239 365 4285 et
395 4228 715 4284 emenatior.

384 4323 609 4378 Difﬁcile
637 4331 750 4388 est,
779 4321 847 4375 de
866 4318 1051 4377 Ursini
1074 4332 1238 4391 opera
1258 4318 1424 4374 verba
1445 4317 1621 4373 facere
1647 4325 1702 4372 et
1727 4315 1907 4371 verbis

312 4419 483 4490 ipsius
513 4430 621 4471 non
661 4417 757 4469 uti.
791 4415 971 4486 itaque
1002 4415 1150 4469 nimii
1201 4413 1375 4470 videri
1420 4414 1712 4476 malumus,
1744 4422 1907 4483 quam

312 4515 518 4570 charta:
544 4513 872 4585 parcitnonia
900 4510 1269 4577 committere,
1297 4512 1355 4563 ut
1391 4508 1529 4563 scitu
1556 4506 1774 4578 dignum
1802 4505 1908 4561 alis

311 4608 440 4683 quid
455 4609 751 4663 omittatur.

389 4703 589 4773 Accipe
629 4712 791 4773 ergo:
818 4717 841 4751 ι
877 4697 1325 4769 Quadragesimus
1365 4696 1537 4768 agitur
1584 4710 1784 4759 annus,
1830 4695 1912 4749 in-

320 4797 467 4865 quit,
498 4812 563 4851 ex
593 4810 701 4867 quo
726 4794 845 4865 pius
875 4792 961 4847 hic
987 4794 1218 4864 scriptor
1241 4806 1275 4847 e
1300 4790 1620 4845 bibliotheca
1650 4788 1703 4845 S.
1736 4785 1797 4842 Ρ.
1820 4798 1912 4843 va—

320 4879 498 4943 ticaua
524 4889 575 4941 in
599 4888 775 4943 lucem
798 4886 1024 4955 primum
1046 4882 1242 4954 prodiit
1261 4926 1276 4950 ,
1301 4892 1402 4937 non
1426 4894 1484 4936 eo
1508 4896 1608 4953 quo
1634 4881 1722 4934 diu
1751 4879 1914 4934 latue-

321 4992 408 5036 rat
434 4981 560 5046 situ,
591 4989 639 5033 et
668 4977 906 5047 maiore
927 4977 1199 5046 deformis,
1232 4974 1321 5029 sed
1361 4973 1422 5028 ab
1468 4974 1752 5028 innumeris
1791 4984 1917 5043 pene

324 5072 584 5141 sordibus,
609 5074 790 5143 quibus
806 5070 1096 5142 squalebat,
1125 5070 1391 5123 doctorum
1419 5070 1635 5123 uirorum
1663 5066 1919 5122 industria

327 5176 691 5240 perpurgatus.
721 5165 822 5231 Qui
848 5180 972 5220 cum
1004 5163 1218 5234 ingenio
1237 5161 1602 5218 eteruditione
1622 5203 1636 5228 ,
1661 5170 1917 5243 quantum

407 5301 491 5373 (1)
520 5301 580 5355 1n
610 5295 1037 5373 prmiationenad
1068 5295 1332 5352 lectorem
1349 5302 1508 5373 “ante
1534 5303 1690 5349 notas
1716 5302 1770 5373 et
1822 5293 1922 5373 ite-

336 5363 484 5430 rum,
512 5374 564 5428 in
611 5363 771 5425 'notis
818 5368 885 5423 ad
937 5368 1031 5422 lib.
1077 5375 1309 5423 sextum.
1342 5365 1547 5432 Quanta
1603 5380 1730 5419 vero
1758 5363 1919 5434 hujus

339 5446 434 5499 illa
465 5448 627 5499 etiam
674 5450 834 5496 aetate
876 5440 1014 5494 inter
1064 5439 1250 5494 doctos
1280 5436 1581 5507 expectatio
1616 5435 1798 5500 fuerit,
1833 5434 1916 5489 vel

340 5516 561 5570 Mrursii
590 5514 751 5569 verba
800 5511 1098 5580 declarent,
1131 5510 1218 5580 qui
1281 5509 1521 5580 criticum
1566 5508 1915 5580 arnohiauutn

339 5586 628 5642 lectoribus
682 5581 898 5638 tradens
927 5599 941 5634 :
974 5579 1084 5636 Hui
1108 5582 1128 5635 .'
1148 5578 1366 5652 inquies
1396 5578 1547 5651 forte,
1581 5578 1771 5649 inquit,
1804 5586 1921 5652 ante

340 5657 663 5713 Camenam?
691 5663 808 5709 artic
834 5662 882 5708 et
910 5652 1113 5724 quidem
1156 5668 1216 5707 eo
1237 5646 1460 5717 lubente,
1482 5646 1785 5724 immo—vero
1822 5646 1920 5723 ju-

337 5731 505 5785 bente.
537 5728 618 5783 Ne
644 5730 701 5785 in
726 5722 937 5782 vitassent
978 5742 1061 5782 me
1106 5725 1215 5796 ejus
1253 5724 1440 5794 Ialm
1766 5722 1923 5777 ittt'sse

340 5804 563 5871 maligne
586 5801 801 5858 dictites.
845 5840 852 5847 .

1998 3135 2251 3190 venisset
2294 3136 2347 3189 in
2393 3135 2662 3204 Arnobio,
2716 3138 3080 3208 capissetque
3112 3146 3339 3194 auctore
3385 3151 3600 3193 mmo

1998 3229 2116 3284 viro
2155 3227 2390 3283 Antonio
2437 3224 2626 3283 Curata
2672 3229 2980 3296 cardinato,
3027 3240 3305 3285 sacrorum
3352 3240 3600 3286 veterum

2001 3322 2323 3390 scriptorum
2342 3320 2489 3375 omni
2512 3323 2721 3378 ratione
2761 3322 3234 3393 perpolieudorum
3263 3323 3591 3394 percupido,

2002 3418 2302 3475 Accoratius
2326 3421 2546 3491 undique
2566 3420 2703 3475 edita
2737 3421 2803 3476 Α.
2828 3420 3147 3494 circumterit:
3165 3420 3413 3478 conferre
3433 3435 3604 3493 eaque

2002 3510 2160 3566 docte
2185 3513 2386 3581 pariter
2414 3522 2468 3569 et
2494 3513 2771 3585 ingeniose
2794 3516 3067 3585 corrigere
3086 3557 3102 3584 ,
3134 3514 3435 3571 institutum
3466 3528 3605 3587 opus

2004 3618 2074 3661 eo
2100 3605 2427 3672 deduxerat,
2453 3615 2515 3662 ut
2544 3607 2730 3663 multis
2755 3616 2811 3663 et
2834 3606 3054 3679 quidem
3088 3610 3365 3681 praeclaris
3391 3616 3608 3666 correc-

2006 3698 2238 3754 tionibus
2258 3699 2518 3754 industria
2547 3716 2644 3755 sua
2670 3701 2996 3758 illustratum
3025 3701 3177 3758 brevi
3202 3701 3447 3759 editurus
3477 3702 3608 3759 fuls-

2005 3803 2088 3847 set
2114 3793 2432 3849 Arnobinm.
2461 3794 2572 3850 Sed
2596 3795 2843 3851 absoluta
2870 3794 3003 3863 fere,
3025 3795 3137 3866 jam
3166 3796 3404 3851 nondum
3425 3804 3608 3852 autem

1964 3906 1969 3911 ί
2006 3889 2268 3958 perpolita
2287 3888 2407 3944 libri
2427 3889 2824 3959 emendatione,
2844 3891 3150 3962 importuna
3169 3902 3344 3948 morte
3364 3904 3606 3962 ereptus,

2007 3979 2182 4036 eidem
2203 4021 2220 4047 ,
2251 3994 2282 4035 tt
2308 3994 2416 4051 quo
2453 3991 2599 4036 totus
2625 3982 2922 4052 pendebat,
2958 3983 3266 4039 duriuimo
3292 3984 3446 4049 viro,
3474 3998 3606 4040 eor-

2009 4072 2275 4128 rectiones
2325 4074 2660 4143 huiusmodi,
2716 4076 2763 4130 si
2808 4076 2856 4132 ei
2903 4075 3207 4145 videretur,
3258 4076 3606 4148 publicandas

2012 4176 2333 4224 testamento
2378 4167 2612 4238 reliquit.
2651 4188 2670 4223 ι
2706 4170 2804 4229 Hic
2843 4173 3025 4244 itaque
3068 4172 3408 4244 perpoliendi
3451 4181 3613 4242 atque

2014 4258 2364 4332 pervulgandi
2384 4260 2718 4333 prouinciam
2749 4261 2948 4320 Ursino
2965 4265 3233 4333 credidit,
3264 4265 3356 4337 qui
3387 4278 3610 4332 eorum,

1932 4360 1986 4421 D
2012 4371 2147 4425 quos
2173 4356 2336 4411 modo
2361 4370 2427 4411 ex
2455 4372 2521 4413 eo
2556 4356 2985 4427 uoutinavimus,
3038 4359 3380 4431 alismnque
3422 4358 3614 4414 docto-

2012 4467 2130 4508 rum
2181 4451 2457 4507 hominum
2496 4452 3003 4520 ementlatiomhus,
3052 4466 3172 4525 qua:
3218 4453 3273 4509 in
3317 4452 3614 4511 Arnobium

2013 4545 2173 4601 variis
2194 4544 2325 4601 locis
2339 4545 2599 4617 dispersa:
2617 4544 3165 4614 circumferebantur.
3194 4547 3248 4601 in
3288 4561 3450 4602 unum
3502 4546 3619 4602 col-

2014 4638 2201 4702 lectis,
2233 4637 2625 4708 diligenterque
2656 4638 3020 4705 examinatis,
3058 4648 3154 4694 eas
3179 4647 3385 4693 tantum
3424 4651 3490 4692 ex
3533 4637 3618 4694 his

2012 4729 2068 4784 in
2093 4740 2295 4785 textum
2319 4731 2624 4798 recepisse,
2648 4744 2709 4785 se
2755 4727 3021 4798 afﬁrmat,
3060 4738 3181 4801 quae
3223 4739 3278 4786 et
3322 4729 3616 4787 tmtltorum

2011 4823 2217 4896 judicio
2246 4824 2485 4896 probata:
2526 4834 2581 4880 et
2623 4825 2742 4882 sine
2770 4824 2876 4880 ulla
2918 4830 3269 4881 controversa
3301 4839 3443 4882 rem
3485 4825 3618 4884 visat

2019 4932 2217 4977 essent.
2246 4921 2378 4989 Quae
2419 4922 2545 4977 item
2576 4936 2686 4978 non
2714 4923 2784 4977 ita
2814 4932 2979 4979 cerne
3004 4921 3353 4991 videbantur,
3400 4931 3462 4978 ut
3503 4932 3619 4979 tuto

2021 5014 2225 5075 admitti
2253 5022 2498 5086 possent,
2532 5028 2625 5072 eas
2654 5017 2768 5073 suis
2796 5016 3076 5073 distinctas
3106 5018 3347 5073 numeris
3368 5063 3381 5085 ,
3418 5017 3471 5071 in
3502 5017 3615 5072 oris

2022 5113 2335 5185 pas-marum
2400 5109 2661 5167 nomadas
2698 5110 2943 5175 curarit,
2987 5110 3128 5167 notis
3164 5109 3358 5180 simul.
3409 5111 3455 5166 σί
3497 5126 3620 5183 (lim

2023 5215 2175 5262 erant
2204 5203 2271 5259 ad
2294 5204 2671 5275 conjectures,
2701 5202 3098 5261 conﬁrmem
3116 5204 3430 5275 adscriptae,
3462 5205 3620 5262 addi-

2018 5300 2108 5354 tis.
2136 5297 2229 5352 liis
2248 5297 2499 5352 omnibus
2517 5294 2585 5352 de
2611 5308 2711 5351 suo
2749 5295 2912 5350 etiam
2946 5295 3203 5353 nonnulla
3223 5338 3239 5365 ,
3272 5297 3451 5356 obiter
3477 5298 3618 5355 inter

2016 5388 2299 5460 legendum
2348 5389 2716 5444 animadversa
2769 5384 2988 5458 adjecit.
3024 5388 3267 5462 Denique
3307 5398 3375 5448 ex
3419 5390 3616 5449 Ursino

2094 5570 2184 5643 (i)
2225 5568 2428 5639 Nempe
2469 5569 2687 5643 ex'ilde
2735 5568 2911 5643 Sabmi
2954 5571 3074 5626 huic
3116 5567 3630 5643 scrihttztlodieum

2027 5639 2204 5714 ipsum
2244 5643 2557 5712 neutiquam
2587 5641 2842 5714 inspexit.
2867 5640 3062 5714 TW
3094 5647 3211 5695 tam
3255 5640 3446 5714 inepti_
3467 5639 3637 5714 moris

2031 5706 2287 5842 rhetorici
2308 5755 2321 5782 ,
2354 5706 2515 5785 quem
2541 5706 2729 5771 omnes
2746 5712 2913 5787 huius
2932 5711 3039 5772 cvi
3060 5716 3320 5769 auctores
3338 5706 3459 5765 itali
3485 5709 3652 5767 sdec-

2032 5798 2118 5845 tan
3158 5829 3164 5832 Α
