4020 6072
420 231 527 287 559

1679 225 1768 281 DE
1807 220 2108 281 ARNOBIO
2147 220 2333 281 AFRO

3603 219 3714 274 500

420 344 679 401 discimus
698 387 714 412 ,
737 343 925 402 eodem
943 354 1076 414 pene
1090 348 1362 412 tempore,
1390 354 1496 412 quo
1523 340 1575 395 in
1603 339 1885 396 Germania
1915 355 2008 394 oc-
2037 341 2086 401 Α
2115 335 2473 392 Ecclesiastica
2516 330 2851 399 coloniensis,
2897 329 2996 388 sed
3043 328 3202 388 ﬁdem
3259 330 3406 388 haud
3455 340 3715 403 praestare

423 447 579 493 tarus
609 437 829 494 Arnobii
864 437 1002 493 liber
1023 452 1122 492 suo
1147 434 1355 492 auctori
1388 437 1662 491 restitutus
1691 445 1836 498 erat,
1863 450 2010 488 eam-

421 529 545 586 dem
595 528 836 584 l'raudem
887 529 1124 585 sensisse
1178 528 1430 584 Sirletum
1488 526 1734 592 cardin.;
1789 527 2011 595 ejusque

420 624 556 680 adeo
579 624 921 694 persuasione
949 621 1145 678 factum
1172 630 1282 689 est,
1315 632 1372 676 ut
1396 622 1624 691 primum
1651 623 1702 676 in
1726 618 1875 676 ltalia
1898 620 1997 676 hac

422 718 656 775 editione
683 717 896 773 Minucii
941 715 1191 773 Octavius
1215 715 1485 772 ederetur.

1135 901 1294 959 1586.

493 1042 803 1113 Antuerpiaa
831 1040 916 1114 [ex
953 1039 1045 1096 00'.
1091 1038 1293 1096 Christ.
1335 1038 1535 1109 Plant.]
1579 1039 1629 1093 in
1665 1039 1756 1103 8°;
1807 1038 2016 1092 Arnobii

419 1135 534 1190 libri
554 1147 741 1206 septem
765 1151 878 1188 cum
901 1132 1197 1188 Godescalci
1223 1132 1490 1188 Stewechii
1510 1130 1695 1185 electis.
1734 1131 1881 1187 lianc
1907 1132 2016 1200 pri-

419 1245 560 1284 mam
591 1226 874 1283 Stewechii
905 1225 1196 1281 editionem
1227 1224 1342 1294 ipse
1371 1239 1475 1279 non
1501 1223 1644 1288 vidi,
1681 1239 1854 1294 neque
1898 1238 2012 1279 me-

420 1329 681 1376 moratam
712 1320 763 1373 in
793 1319 1036 1389 catalogo
1051 1318 1229 1387 aliquo
1259 1317 1470 1381 inveni,
1500 1316 1592 1370 sed
1620 1330 1878 1385 sponsore
1913 1314 2014 1368 Fa-

420 1415 688 1484 bricio(l)
716 1413 851 1479 cito,
895 1413 980 1467 cui
1027 1411 1368 1481 przefationes
1415 1409 1741 1476 Stewechii,
1791 1408 2016 1464 editioni

420 1510 544 1564 anni
582 1507 715 1565 1604
744 1509 960 1562 insertae
1006 1503 1404 1575 quodammodo
1435 1503 1593 1556 tidem
1622 1502 1801 1556 facere
1829 1501 2017 1556 viden-

421 1611 527 1659 tur.
557 1602 688 1658 Nam
718 1600 1001 1672 dnplexibi
1028 1609 1307 1666 comparet
1334 1597 1560 1668 epiStola
1591 1593 2014 1664 nuncupatoria,

422 1704 478 1751 et
496 1696 563 1750 ad
594 1695 850 1750 lectorem
879 1692 1194 1749 admonitio.
1226 1692 1304 1748 Ac
1327 1691 1432 1746 illis
1452 1689 1666 1761 quidem
1685 1730 1702 1754 ,
1733 1705 1850 1758 qua:
1877 1688 2018 1743 elec-

421 1789 490 1845 tis
543 1789 834 1859 praamissa:
887 1795 1043 1853 sunt,
1095 1800 1267 1840 annus
1319 1783 1654 1851 subscriptus
1698 1790 1781 1836 est
1830 1780 2012 1844 1586;

421 1881 648 1950 cpistola
675 1889 855 1934 autem
884 1877 1214 1933 dedicataria
1237 1918 1251 1942 ,
1293 1874 1460 1929 textui
1501 1873 1714 1944 praefixa
1737 1913 1753 1940 ,
1775 1873 1897 1928 data
1937 1882 2019 1930 est

424 1973 564 2029 1587
586 2013 602 2039 ,
635 1972 878 2042 praefatio
907 1970 975 2026 ad
997 1971 1254 2025 lectorem
1279 1967 1406 2022 anni
1447 1976 1568 2020 nota
1590 1975 1772 2032 caret,
1807 1966 1903 2021 sed
1932 1966 2018 2020 di-

421 2066 495 2122 cit
523 2066 626 2131 ibi,
668 2083 684 2117 ι
725 2079 912 2134 parum
961 2063 1195 2118 abfuisse
1219 2103 1233 2128 ,
1266 2061 1394 2130 quin
1425 2060 1599 2114 electa
1621 2074 1692 2113 ex
1747 2058 2018 2129 ingeniolo

424 2174 522 2214 suo
554 2155 924 2214 tantummodo
956 2165 1109 2220 nata,
1137 2153 1373 2224 iuvando
1405 2151 1675 2216 Arnobio,
1706 2161 1824 2205 ante
1875 2151 2017 2204 bien-

425 2253 568 2306 nium
592 2264 835 2304 seorsum
867 2247 1226 2318 publicasset,
1277 2260 1463 2300 verum
1506 2243 1852 2298 Franciscum
1904 2241 2018 2297 Mo-

423 2345 573 2402 dium
599 2345 953 2409 dis-suasisse,
979 2342 1204 2412 ejusque
1230 2340 1367 2395 adeo
1388 2353 1553 2409 opera
1583 2338 1831 2394 effectum
1862 2355 1982 2394 esse
2001 2382 2014 2402 ,

424 2451 483 2496 ut
510 2450 710 2497 textum
740 2453 954 2509 quoque
1005 2438 1278 2507 corrigere
1299 2443 1353 2489 et
1389 2435 1678 2490 restituere
1701 2433 1801 2488 sibi
1856 2434 2020 2488 licue—

429 2535 522 2591 rit.
561 2553 579 2586 ι
611 2534 740 2601 Quae
765 2546 1019 2602 quorsum
1047 2528 1330 2584 referenda
1359 2528 1500 2593 sint,
1527 2543 1634 2581 non
1679 2529 1810 2582 satis
1843 2527 2015 2597 capio.

424 2627 624 2684 Contra
656 2625 894 2694 plerique
914 2664 928 2689 ,
952 2620 1231 2693 quibusde
1250 2620 1576 2676 editionibus
1605 2619 1824 2674 Arnobii
1843 2634 2022 2674 sermo

427 2719 546 2785 fuit,
571 2719 710 2774 inter
725 2732 860 2788 quos
880 2714 1322 2784 diligentissimus
1336 2712 1560 2767 Nurrius
1575 2709 1654 2783 (2)
1671 2757 1686 2782 ,
1702 2713 1770 2766 de
1791 2726 1852 2766 ea
1869 2727 2022 2781 pror-

427 2831 521 2871 sus
541 2814 723 2878 silent,
767 2819 823 2867 ct
843 2823 1141 2880 repugnare
1163 2806 1395 2871 videtur,
1417 2821 1537 2876 quze
1558 2804 1777 2860 editioni
1801 2813 2020 2860 antuer-

430 2908 599 2980 piensi
638 2921 780 2960 anno
807 2904 944 2960 1604
977 2902 1194 2973 praeﬁxa
1241 2910 1323 2956 est
1376 2898 1730 2969 approbatio,
1761 2914 1866 2968 qua
1917 2912 2024 2952 non

429 3000 609 3056 denuo
637 2997 778 3070 typis
809 2994 976 3057 tradi;
1002 2992 1098 3048 sed
1114 2991 1226 3062 jam
1249 2990 1466 3046 demum
1491 2987 1732 3044 mandari
1757 2988 2024 3045 Arnobius

429 3088 749 3162 dicitur“).
781 3086 1044 3156 Quocirca
1093 3098 1417 3155 quaniquam
1459 3079 1688 3136 definire
1737 3080 1870 3135 nihil
1911 3081 2022 3151 jam

431 3185 639 3249 ausim,
695 3184 867 3236 fateor
890 3189 1066 3234 tamen
1094 3193 1180 3232 me
1224 3177 1277 3231 in
1327 3191 1446 3230 eam
1484 3175 1803 3230 sententiam
1856 3176 2025 3246 magis

432 3277 752 3350 proclivem,
785 3285 842 3330 ut
869 3281 994 3327 ante
1019 3285 1218 3326 annum
1244 3268 1381 3323 160i
1414 3267 1701 3331 Stewechii
1727 3266 2022 3322 Arnobium

431 3387 540 3428 non
587 3368 908 3436 impressum
937 3378 1056 3420 esse
1099 3361 1295 3418 dicam.
1329 3360 1425 3415 Cui
1456 3361 1617 3414 etiam
1651 3359 1868 3414 Auberti
1923 3358 2024 3413 Mi.

434 3463 524 3519 rtci
553 3460 844 3516 auctoritas
868 3454 1104 3518 accedit,
1136 3453 1227 3524 qui
1273 3468 1368 3520 pro
1397 3452 1675 3520 eXplorato
1705 3452 1889 3506 scribit
1911 3452 2019 3524 (4),

434 3555 654 3612 Arnobii
686 3552 850 3608 libros
879 3549 974 3605 Vll
998 3564 1123 3603 cum
1153 3547 1294 3602 notis
1321 3545 1590 3602 Theodori
1618 3545 1833 3601 Canteri
1867 3545 2022 3600 Plau-

436 3649 606 3702 tinum
630 3655 684 3701 et
709 3659 829 3700 cum
870 3643 1010 3698 notis
1054 3642 1286 3698 Godesc.
1321 3637 1611 3696 Stewecbii
1657 3638 2024 3710 'l‘rognzcsium

437 3741 578 3800 1004
594 3783 610 3809 ,
644 3738 953 3811 Antuerpize
973 3737 1279 3794 excudisse.

1150 3892 1307 3949 1597.

433 4072 437 4076 -
507 4036 738 4094 Genevaa
791 4030 1081 4090 editionem
1147 4028 1360 4084 Heraldi
1415 4027 1594 4084 laudat
1639 4027 1833 4099 Magna
1888 4027 2025 4083 Bibl.

510 4257 591 4334 (1)
618 4260 670 4314 in
702 4256 914 4334 Delegtu
946 4272 1090 4334 argg.
1124 4262 1172 4308 et
1195 4252 1389 4334 syllabo
1418 4250 1524 4333 8.9.
1558 4250 1886 4334 profer-itote
1911 4250 2025 4334 Bel.

439 4321 614 4385 christ.
643 4347 761 4401 pag,
793 4329 918 4401 226.
957 4321 1090 4401 Hinc
1115 4321 1246 4401 vero
1297 4323 1589 4401 LipeAnjus,
1614 4321 1749 4401 Bibl.
1796 4323 1947 4377 tlieol.
1983 4323 2024 4388 l,

441 4403 574 4466 751,
604 4393 660 4458 εἰ
683 4393 760 4456 Π.
788 4399 924 4454 Bibl.
953 4397 1078 4453 eccl.
1112 4395 1294 4460 Colon,
1324 4411 1377 4465 p.
1409 4394 1544 4460 625,
1575 4393 1811 4466 laudant.

622 4479 818 4544 Appar.
848 4471 914 4544 ad
948 4469 1193 4544 Biblioth.
1225 4483 1367 4522 max.
1399 4476 1634 4544 veterum
1668 4465 1905 4544 Patrum.

2113 431 2303 486 ausim.

2363 510 2365 512 ’
2830 542 2988 601 1598.

2185 703 2522 774 Lugd-Bal.
2556 718 2623 758 ex
2643 700 2735 757 ofl‘.
2766 701 2842 756 lo.
2875 698 3145 756 Balduini.
3171 729 3243 741 —
3262 697 3338 754 lo.
3368 697 3578 754 Meursii
3601 697 3719 753 Cri-

2113 799 2252 855 ticns
2282 797 2611 852 arnobianus
2655 795 2886 851 tributus
2915 797 2964 848 in
2994 793 3161 848 libros
3198 803 3424 864 septem.
3449 791 3582 847 Item
3609 791 3718 864 Hy-

2116 891 2402 962 pocriticus
2415 889 2739 944 Minutianus
2757 898 2809 943 et
2823 887 3086 956 Excerpta
3102 902 3204 941 ms.
3232 885 3363 956 regii
3383 884 3713 956 parisiensis,

2117 985 2169 1037 in
2200 983 2353 1055 queis
2385 982 2647 1036 Arnobius
2668 981 2931 1036 adversus
2960 979 3161 1035 Gentes
3211 985 3267 1034 et
3321 977 3583 1033 Minucius
3597 993 3722 1034 sex-

2117 1087 2270 1134 centa
2313 1076 2538 1147 amplius
2565 1074 2715 1141 locis,
2749 1075 2837 1128 alii
2867 1073 3160 1143 scriptores
3184 1071 3332 1128 varie
3360 1071 3709 1142 castigantur.

2188 1173 2522 1241 Quamquam
2560 1168 2741 1239 negari
2782 1167 2899 1222 sine
2931 1167 3129 1221 invidia
3158 1166 3370 1237 nequit,
3400 1163 3718 1234 praeclarum

2118 1265 2315 1336 ingenii
2337 1279 2582 1328 acumen,
2609 1272 2664 1318 et
2683 1261 2826 1332 quod
2856 1277 2924 1316 ex
2947 1259 3256 1315 omnimnda
3282 1258 3545 1315 doctrina:
3566 1258 3721 1328 copia

2115 1357 2355 1412 efﬂoruit
2381 1366 2434 1411 et
2458 1355 2612 1427 quasi
2641 1354 2982 1421 redundavit,
3010 1354 3112 1409 hoc
3131 1352 3522 1407 schediasmate
3547 1351 3723 1407 Meur-

2120 1450 2257 1504 sium
2305 1447 2640 1509 ostendisse,
2683 1444 2749 1500 ad
2789 1445 3086 1501 Arnobium
3132 1455 3309 1500 tamen
3347 1453 3399 1499 et
3430 1443 3720 1498 Minucium

2122 1556 2226 1596 non
2274 1540 2441 1610 magis
2485 1538 2614 1594 illud
2660 1555 2817 1610 quam
2861 1537 2929 1593 ad
2973 1553 3188 1593 omnem
3243 1536 3614 1608 antiquitatem
3663 1545 3722 1590 et

2122 1635 2414 1705 scriptores
2455 1632 2610 1688 valde
2649 1634 2844 1688 multos
2890 1633 3156 1703 pertinere
3201 1643 3348 1687 recte
3391 1630 3720 1688 censebitur.

2049 1729 2575 1805 BQuotiescumqtte
2622 1726 2765 1782 enim
2813 1726 2934 1780 illos
2976 1725 3150 1797 attigit
3197 1727 3422 1781 miriﬁce
3467 1725 3722 1780 callidum

2123 1821 2434 1893 detegendis
2487 1830 2541 1876 et
2592 1819 2943 1891 persanandis
2989 1819 3301 1874 vulneribus
3349 1834 3410 1874 se
3458 1818 3720 1888 praebuit,

2124 1917 2288 1971 multa
2320 1923 2475 1971 acute
2500 1915 2652 1981 vidit,
2678 1915 2744 1970 ad
2767 1930 2885 1984 quae
2913 1913 3219 1984 superiores
3245 1912 3482 1968 editores
3502 1911 3723 1967 omnino

2123 2009 2497 2072 cmcutiebant,
2519 2007 2681 2061 multa
2712 2005 2905 2062 menda
2935 2005 3206 2061 levissima
3231 2004 3439 2060 medela
3471 2004 3720 2060 sustulit:

2123 2105 2219 2161 sed
2259 2105 2428 2158 multo
2474 2103 2674 2172 largius
2714 2103 2827 2156 haec
2857 2101 3280 2172 quibuscumque
3304 2100 3424 2156 aliis
3451 2099 3723 2170 scriptori-

2124 2199 2224 2252 bus
2251 2213 2409 2269 quam
2441 2196 2680 2253 Arnobio
2700 2195 3002 2251 etMinucio
3027 2195 3093 2250 ab
3115 2211 3180 2251 eo
3201 2205 3325 2250 sunt
3355 2194 3617 2266 prastita.
3643 2195 3722 2248 Ac

2123 2293 2290 2359 initio,
2322 2290 2512 2361 inquit,
2545 2289 2674 2344 nihil
2699 2300 2945 2343 annotare
2967 2299 3073 2342 erat
3099 2287 3356 2342 decretum
3382 2287 3477 2342 soli
3499 2286 3724 2340 auctoris

2125 2385 2402 2440 valetudini
2428 2383 2671 2437 curandm
2694 2383 2905 2448 intento,
2939 2398 3040 2437 non
3064 2383 3204 2452 potui
3240 2393 3408 2436 tamen
3447 2381 3568 2433 milii
3597 2390 3723 2434 tem-

2127 2496 2335 2550 perare,
2361 2479 2484 2548 quin
2513 2479 2809 2546 aliquoties,
2835 2477 2932 2532 loci
2962 2478 3276 2546 potissimum
3302 2476 3510 2532 alterius
3549 2491 3721 2529 emen-

2127 2573 2285 2626 dandi
2315 2572 2579 2626 occasione
2606 2572 2870 2636 invitatus,
2901 2586 3262 2636 excurrerem;
3287 2571 3339 2626 in
3379 2570 3572 2641 quibus
3599 2585 3719 2624 om-

2127 2666 2283 2721 nibus
2335 2675 2393 2720 ut
2441 2665 2576 2720 nihil
2630 2666 2791 2720 alieni
2846 2666 2945 2722 sibi
2996 2665 3290 2720 vindicaret
3339 2680 3438 2720 nec
3492 2665 3718 2720 aliorqu

2127 2756 2601 2813 emendationibus
2651 2757 2983 2812 adducendis
3032 2758 3110 2812 vel
3169 2756 3360 2812 erratis
3417 2757 3721 2812 refellendis

2128 2856 2340 2919 tempus
2363 2859 2588 2915 tereret,
2621 2849 2713 2904 sed
2748 2864 2842 2903 sua
2859 2850 3168 2919 simpliciter
3191 2862 3542 2920 proponeret;
3565 2859 3721 2905 caute

2128 2961 2190 3000 ac
2211 2945 2449 3016 graviter
2475 2943 2698 2998 studuit.
2723 2943 2913 3010 Porro,
2941 2943 3195 3015 quidquid
3218 2945 3268 2998 in
3292 2943 3529 2999 Arnobio
3557 2957 3720 3014 praes-

2130 3038 2251 3099 titit,
2283 3037 2334 3091 id
2365 3052 2524 3092 omne
2545 3037 2843 3107 abingenio
2865 3051 3036 3106 neque
3059 3052 3087 3090 a
3118 3036 3269 3091 libris
3295 3037 3565 3091 veteribus
3593 3051 3720 3106 pro-

2049 3146 2094 3210 C
2129 3132 2325 3188 fectum
2351 3148 2474 3189 esse
2505 3132 2587 3188 vel
2627 3148 2732 3187 non
2777 3130 3068 3186 affirmanti
3112 3142 3244 3203 puto
3287 3131 3593 3195 tribuisscs,
3623 3130 3716 3186 sed

2126 3227 2407 3282 miraberis
2426 3227 2676 3291 fortasse,
2699 3235 2805 3280 tam
2849 3240 3023 3279 raram
3049 3226 3101 3279 in
3125 3225 3190 3278 iis
3227 3225 3532 3294 regionibus
3554 3224 3719 3280 fuisse

2126 3319 2414 3375 editionem
2442 3321 2669 3391 primam
2689 3361 2704 3386 ,
2734 3328 2794 3373 ut
2822 3334 2880 3373 sc
2911 3328 3098 3388 Optare
3140 3317 3404 3372 Meursius
3448 3317 3618 3382 dicat,
3660 3325 3718 3373 ut

2128 3413 2307 3483 plures
2334 3413 2600 3468 Canterus
2627 3410 2837 3466 romani
2865 3410 3069 3465 codicis
3097 3411 3364 3464 variantes
3417 3424 3715 3480 repraesen-

2129 3513 2313 3572 tasset,
2344 3503 2483 3574 quod
2516 3504 2664 3574 plura
2697 3503 3050 3576 investigandi
3090 3503 3430 3558 occasionem
3462 3503 3715 3572 prazbitu-

2126 3613 2243 3652 rum
2290 3596 2495 3652 fuisset.
2525 3595 2678 3664 Quod
2714 3603 2995 3665 superest,
3023 3604 3367 3650 accesserunt
3405 3595 3550 3665 operi
3597 3593 3717 3651 huic

2129 3688 2438 3762 appendicis
2469 3691 2588 3744 loco
2615 3698 2851 3757 excerpta
2879 3690 3182 3759 exemplaris
3218 3689 3343 3760 regii
3389 3689 3718 3759 manuscripti

2129 3802 2195 3841 ex
2239 3785 2374 3840 libro
2413 3782 2630 3853 Josephi
2675 3781 2952 3854 Scaligeri,
2980 3799 3142 3854 quem
3173 3783 3299 3838 olim
3346 3781 3569 3838 Lutetia:
3594 3800 3715 3840 cum

2131 3878 2277 3947 regio
2313 3875 2604 3946 exemplari
2633 3875 3000 3946 manuscripto
3028 3875 3350 3931 contulerat.
3381 3876 3610 3947 Singulis
3632 3876 3717 3947 ju-

2131 3969 2325 4027 dicium
2353 3985 2530 4036 suum,
2581 3969 2806 4026 subinde
2833 3971 2993 4026 etiam
3015 3970 3561 4026 animadversationes
3591 3987 3717 4040 pro-

2130 4063 2353 4119 lixiores
2378 4062 2640 4133 apposuit.
2669 4061 2945 4130 Universe,
2972 4063 3098 4131 vidi,
3118 4063 3309 4134 inquit,
3333 4064 3428 4117 hac
3451 4064 3718 4119 collatione

2131 4156 2283 4225 plura
2329 4156 2441 4210 loca
2484 4155 2670 4209 utiliter
2718 4155 2930 4226 augeri,
2971 4171 3109 4210 meas
3155 4160 3474 4219 coniecturas
3528 4157 3717 4227 aliquot

2131 4249 2355 4319 probari,
2381 4266 2482 4303 non
2505 4265 2696 4318 paucas
2718 4250 2840 4302 item
2867 4265 3020 4303 novas
3049 4249 3334 4303 inveniendi
3357 4266 3534 4303 ansam
3564 4251 3676 4304 dari
3701 4270 3714 4306 :

2128 4343 2354 4412 quamvis
2379 4359 2435 4395 re
2459 4357 2576 4409 vera
2613 4357 2960 4412 stepenumero
2989 4359 3083 4412 pro
3109 4343 3379 4410 thesauro,
3409 4361 3557 4414 quem
3602 4361 3716 4416 spe-

2128 4452 2324 4501 raram,
2356 4435 2596 4489 carbones
2633 4433 2934 4503 o/fenderim
2953 4477 2966 4500 ,
2994 4445 3043 4490 et
3070 4453 3265 4490 merum
3291 4437 3668 4504 sterquiliuium
3693 4453 3714 4492 :

514 4473 570 4546 (2
622 4479 818 4544 Appar.
848 4473 914 4526 ad
948 4473 1193 4524 Bibliotli.
1225 4483 1367 4522 max.
1399 4476 1634 4520 veterum
1668 4473 1905 4518 Patrum.
2130 4473 2324 4501 '“"""’
2356 4473 2596 4489 """’"""
2616 4473 2934 4540 .""°"""""'
2953 4477 2966 4500 ν
2994 4473 3042 4490 δ’
3070 4473 3265 4490 "mm"
3291 4473 3668 4504 "'°"I“""""m
3693 4477 3706 4492 ·

513 4473 594 4619 (5)
619 4545 734 4619 Quo
764 4543 931 4619 magis
959 4538 1316 4619 viros-domos
1337 4538 1594 4619 escitem,
1614 4545 1685 4618 ut
1713 4535 1784 4619 de
1808 4537 1977 4619 prima
2001 4578 2015 4602 ,
2044 4535 2097 4596 D
2123 4547 2150 4584 e
2180 4548 2279 4602 quo
2307 4539 2502 4592 tamen,
2528 4531 2627 4584 nist
2653 4547 2732 4584 me
2757 4531 2956 4602 egregie
2989 4530 3246 4601 judicium
3287 4531 3459 4600 fallit,
3483 4532 3711 4602 aliquas,

439 4607 796 4690 qttz‘e'd'i'citttr
842 4607 1131 4690 SteWecliii
1155 4652 1168 4674 ,
1201 4610 1465 4690 curiosius
1488 4608 1802 4690 dispici'ant‘,
1843 4607 2021 4690 addita

440 4677 526 4744 llic
555 4701 673 4744 esto
699 4706 713 4740 :
750 4686 871 4741 Ηωε
897 4682 1105 4739 Arnobii
1126 4682 1373 4737 restitutio
1395 4721 1407 4742 .
1437 4677 1643 4732 auctore
1663 4677 1875 4734 Godesc.
1907 4680 2023 4734 Ste-

440 4762 647 4828 wechio,
672 4759 888 4814 multum
915 4755 1148 4810 utilitatis
1165 4754 1401 4828 studioso
1424 4750 1592 4828 lectori
1627 4749 1818 4828 afferre
1840 4761 2018 4819 potest.

439 4823 664 4904 Dignam
692 4826 1217 4904 igitur._qutemlqpis_
1231 4823 1530 4884 mandetur,
1564 4823 1764 4891 judico.
1796 4826 2024 4877 Antuer-

439 4897 540 4974 piae
559 4951 572 4964 .
603 4903 674 4958 24
701 4897 958 4973 Ῑῖιηιιειτίῖ.
987 4897 1146 4952 1604.
1168 4897 1461 4974 Essemus
1496 4908 1841 4960 srrrnowus,
1866 4910 2024 4948 cano-

438 4969 580 5030 uicus
606 4985 654 5028 et
677 4969 916 5043 plebanus
941 4969 1332 5043 cntuerpiensis.

515 5045 593 5120 (4)
638 5036 694 5101 In
740 5036 1386 5120 notisad_[herminium
1432 5037 1499 5093 de
1519 5037 1762 5120 “Eccles:
1801 5036 2018 5120 SS._ed.

515 5056 593 5120 (ιι)
638 5056 694 5101 In
740 5056 957 5100 notlsaa
1007 5056 1386 5164 merongmum
1432 5056 1499 5093 ue
1550 5056 1758 5092 nectes.
1801 5056 1898 5092 DD.
1931 5056 2018 5093 ea.

442 5119 654 5174 Fabric.
676 5158 692 5181 ,
723 5131 864 5169 anno
895 5113 1061 5178 1718,
1097 5129 1148 5180 p.
1175 5111 1200 5165 1
1243 5111 1311 5172 5,
1343 5126 1442 5165 nec
1463 5110 1645 5181 (aliter
1666 5108 1854 5181 eadem
1904 5108 2021 5181 loco

435 5190 553 5262 ipse
571 5179 883 5262 Fabricius,
900 5179 1142 5239 similiter
1164 5182 1434 5262 [fran‘cisc
1451 5179 1753 5262 gtvvechitis
1780 5180 1830 5233 in
1843 5179 2020 5262 Athe-

436 5251 522 5316 nis
568 5257 792 5328 Belgicis
821 5257 1117 5328 (Antuerp.
1138 5307 1158 5328 ,Α
1186 5252 1323 5309 1628
1343 5295 1358 5319 ,
1385 5251 1630 5328 ἱιι-ΐυιίυι,
1673 5267 1789 5328 pag.
1842 5251 2015 5322 294),

437 5333 524 5387 ubi
551 5322 689 5387 duui
709 5322 902 5398 scripta
931 5322 1220 5398 Stevvechii
1254 5334 1498 5381 recenset
1515 5366 1553 5398 ,_
1565 5322 1889 5398 simpliciter
1918 5337 2016 5398 po-

432 5404 580 5458 suit:
637 5393 833 5456 Electa'
853 5400 906 5452 in
953 5397 1267 5461 Arnobium,
1328 5399 1463 5468 typis
1511 5394 1811 5468 Trognwsii.
1866 5393 2016 5468 Adde

432 5475 576 5547 quod
607 5475 766 5547 Casp.
787 5469 1105 5547 ‘Sciogipius-
1122 5469 1173 5547 in
1199 5471 1318 5523 Arte
1347 5465 1520 5547 critica
1538 5509 1571 5547 ,_
1594 5468 1679 5521 ubi
1732 5465 2021 5521 Stewechii

431 5540 630 5616 scripta
682 5540 862 5600 laudat
880 5584 908 5616 ,_
943 5541 1235 5616 Arnobiqu
1261 5551 1314 5597 et
1342 5540 1513 5616 electa
1559 5540 1610 5593 in
1634 5553 1760 5616 eum
1801 5552 2021 5616 prorsus

432 5607 661 5686 ignoret.
695 5617 774 5672 Ex
822 5607 1017 5686 quibus
1044 5613 1294 5686 omnibus
1321 5629 1426 5686 non
1451 5614 1580 5686 sine
1599 5607 2022 5686 aliq_ua__li_ducia

429 5680 660 5746 dixerim
681 5731 695 5751 ,
723 5680 1062 5758 praefationes
1104 5683 1224 5758 illas
1247 5685 1400 5739 annis
1440 5683 1580 5740 1586
1605 5692 1660 5740 et
1693 5681 1828 5738 1587
1862 5680 2022 5752 insig-

429 5762 569 5826 nitas
587 5756 831 5820 Fabricio
858 5760 1094 5816 fraudem
1118 5756 1320 5812 fecisse.

2126 4636 2179 4679 ut
2197 4627 2268 4678 ita
2295 4625 2480 4689 dicam,
2512 4625 2788 4696 gemmalas
2814 4625 2984 4678 elicui.
3013 4623 3281 4680 Cmternm
3324 4625 3438 4682 haec
3463 4636 3713 4697 excerpta

2124 4718 2378 4787 inscripta
2399 4727 2524 4773 sunt
2543 4718 2705 4774 Petro
2729 4717 2998 4773 Scriverio
3017 4720 3209 4787 amico,
3239 4730 3293 4774 ut
3321 4720 3434 4789 ipse
3451 4720 3712 4789 declarat,

2129 4811 2510 4874 dilectissimo,
2553 4811 2620 4866 de
2661 4811 2818 4882 cujus
2848 4811 3199 4880 Anticritico,
3245 4829 3364 4884 qua:
3415 4813 3711 4869 lladrianus

2129 4903 2384 4959 Bailletus
2414 4903 2525 4976 (De
2551 4904 3030 4975 Antiscriptoribus
3051 4948 3066 4972 ,
3110 4915 3241 4960 tom.
3279 4922 3352 4973 ιι,
3387 4922 3507 4978 pag.
3545 4907 3648 4962 9.99
3665 4905 3708 4978 ),

2130 4998 2404 5054 memoria:
2473 4997 2743 5068 prodidit,
2798 4997 2992 5055 fabulis
3052 5014 3334 5055 accensere
3397 5016 3555 5056 nemo
3611 5000 3710 5056 du-

2128 5091 2277 5149 bitet.

2549 5221 2764 5262 ειεευιο
2802 5219 2997 5262 DECIMO
3035 5220 3279 5261 SEPTIIIO.

2843 5341 3002 5398 1605.

2126 5480 2152 5508 ’τ
2197 5478 2477 5547 Hanovize,
2502 5480 3069 5536 in-8°:Arnobius.....
3103 5499 3218 5537 cum
3248 5485 3379 5537 notis
3402 5482 3708 5538 (lover/tardi

2132 5569 2519 5640 Elmenhorstii,
2548 5573 2615 5628 ad
2647 5572 2907 5629 illustrem
2940 5576 3111 5631 virum
3145 5576 3435 5647 Josephnm
3474 5577 3708 5649 Scalige-

2123 5680 2262 5729 rum,
2297 5666 2626 5722 eruditorum
2657 5685 2768 5724 sua:
2792 5671 2965 5726 aetatis
2993 5671 3148 5727 facile
3179 5670 3490 5741 principem.

2194 5757 2271 5813 lta
2286 5757 2565 5817 Fabricius
2595 5760 2615 5831 (
2633 5761 2685 5816 in
2712 5760 2942 5828 Delectu,
2977 5778 3097 5833 pag.
3123 5761 3254 5835 226)
3286 5772 3340 5816 ct
3370 5781 3435 5819 ex
3460 5780 3525 5820 eo
3557 5762 3708 5836 Mag-
