4020 6072
270 120 371 179 561

1422 130 1698 190 ARNOBII
1734 133 2009 191 ΝΟΤΙΤΙᾹ
2051 133 2447 194 EDI'I‘IONUM.
2478 136 2506 203 3":

3463 146 3570 204 562

270 254 372 328 :qtta
412 234 553 291 Bibl.
609 236 802 294 Ecclet.
853 239 1136 310 proferunt
1178 244 1406 314 primam
1459 246 1861 304 Elmenhorstii.
1892 252 1945 311 Α
1970 256 2092 304 tem.
2120 280 2195 291 —
2215 249 2291 304 Μ.
2322 248 2538 305 Minucii
2567 249 2762 307 Felicis
2791 251 3052 310 Octavius.
3084 254 3265 313 Editio
3292 272 3428 314 nova
3450 302 3467 328 ,
3497 262 3564 317 ad

266 327 498 385 Nurrius
517 345 638 386 eam
669 332 917 388 manibus
950 334 1197 391 versavit.

340 421 525 489 Paris,
575 422 716 478 iit-8°
762 442 776 477 :
825 425 1220 483 Arnobius......
1274 446 1391 484 cum
1439 429 1868 488 obseruationibus

263 514 392 584 Del.
424 515 663 572 Haaldi.
701 517 844 574 Citat
880 519 1162 577 Fabricius
1190 522 1230 577 l.
1260 519 1304 576 ι.
1337 539 1404 579 an
1444 533 1626 591 recte,
1657 524 1861 582 dubito.

976 615 1140 671 1604.

357 705 699 775 Antverpite,
762 707 901 778 apud
950 707 1140 764 .loach.
1210 709 1619 782 Trogntesium,
1676 712 1863 769 iii-8°:

259 796 611 854 Arnobius....
643 816 758 853 cum
817 798 1118 857 Godescalci
1170 801 1438 859 Stewecltii
1468 804 1683 860 Electis.
1719 804 1865 861 Con-

254 888 343 945 fer
379 906 502 961 quae
529 905 692 963 supra
721 892 788 948 ad
814 908 1016 949 annum
1050 894 1193 952 1586
1230 895 1375 952 dicta
1406 908 1554 955 sunt.
1610 898 1864 955 lteratam

257 983 603 1040 Stewechius
645 1002 865 1056 operam
916 988 1156 1044 Arnohio
1198 1004 1297 1045 suo
1334 991 1628 1062 impendit,
1662 992 1865 1048 Electis

252 1079 491 1146 primum
538 1081 945 1137 conscribendis
965 1123 981 1146 ,
1010 1083 1064 1137 in
1107 1098 1215 1151 quo
1253 1086 1470 1156 negotio
1499 1085 1617 1141 solo
1646 1086 1865 1157 ingenio

254 1185 315 1225 se
356 1172 621 1227 conﬁsum
670 1188 793 1229 esse
836 1175 1070 1241 fatetur;
1103 1177 1299 1233 deinde
1344 1194 1467 1234 cum
1511 1178 1713 1234 codicis
1756 1195 1859 1234 ms.

257 1262 534 1318 variantes
578 1263 838 1320 lectiones
886 1281 916 1320 a
963 1267 1253 1324 Francisco
1304 1260 1493 1325 Modio
1532 1271 1633 1341 ipsi
1678 1282 1864 1328 essent

249 1355 640 1425 suppeditata,
672 1358 868 1430 quibus
896 1359 1076 1415 denuo
1108 1359 1346 1417 labbrem
1383 1362 1496 1432 jam
1549 1362 1859 1418 absolutum

249 1465 569 1522 aggressus,
597 1467 704 1507 non
736 1454 912 1509 solum
940 1454 1111 1509 electa
1138 1455 1365 1533 meliora
1396 1456 1540 1522 fecit,
1564 1457 1659 1512 sed
1684 1457 1858 1528 ipsum

249 1558 471 1614 quoque
501 1544 726 1601 Aruobii
755 1554 956 1602 textura
985 1547 1208 1602 inﬁnitis
1231 1548 1362 1603 locis
1392 1565 1452 1604 se
1474 1549 1853 1620 interpolassc,

1968 338 2258 397 editionem
2301 356 2576 396 romanam
2606 357 2885 412 expressa,
2925 345 3245 413 quibusdam
3274 357 3453 407 tamen
3513 354 3565 406 in

1967 434 2101 490 locis
2125 452 2157 491 e
2182 450 2287 490 ms.
2317 452 2434 507 reg.
2460 447 2616 491 aucta
2643 446 2699 489 cl.
2717 437 3024 495 emendata.
3058 440 3322 498 Desiderii
3347 444 3566 500 ﬂeraldi

1967 526 2035 582 ad
2056 527 2278 584 Arnobii
2297 528 2465 584 libros
2489 545 2557 583 vn
2578 530 3075 590 animadversiones
3090 545 3145 589 et
3160 537 3563 607 castigationes.

2042 621 2335 675 Romanam
2365 621 2605 692 intellige
2636 622 3003 691 novissimam,
3034 642 3183 697 qum,
3219 640 3421 700 quanto
3449 632 3567 701 plu-

1969 727 2057 769 res
2087 722 2298 769 veteres
2324 712 2581 769 lectiones
2612 714 2875 780 restituit,
2908 726 3054 771 tanto
3083 723 3423 788 praastantior
3461 723 3565 792 ipsi

1966 807 2081 861 visa
2120 816 2204 862 est
2229 822 2294 862 ac
2338 807 2536 878 saepibs
2579 808 2810 864 laudata.
2840 810 2956 877 Quo
2986 810 3180 867 factum
3210 825 3313 878 est,
3349 827 3407 871 ut
3436 834 3567 872 non-

1967 897 2130 953 nullis
2155 898 2318 953 etiam
2348 901 2399 954 in
2429 900 2583 964 locis,
2612 901 2699 956 ubi
2731 900 2821 956 illa
2853 901 3132 959 Gelenium
3163 918 3345 962 secuta
3381 920 3558 978 esset,

1964 1005 2084 1046 eam
2114 991 2393 1048 desereret
2419 1002 2474 1049 et
2504 994 2585 1048 vel
2614 993 2828 1051 Canteri
2856 999 3178 1054 sententiam
3205 1002 3560 1071 amplectere-

1966 1094 2052 1140 tur
2092 1086 2177 1141 vel
2216 1085 2284 1141 de
2329 1102 2428 1143 suo
2455 1088 2701 1158 quaedam
2735 1088 2976 1149 inferret.
3008 1091 3083 1146 De
3111 1094 3333 1164 singulis
3363 1098 3414 1151 in
3441 1101 3561 1153 ani-

1964 1177 2467 1243 madversionibus,
2514 1182 2608 1236 sed
2657 1183 2996 1252 paucissimis
3041 1185 3258 1251 verbis,
3299 1188 3559 1258 judicium

1962 1270 2104 1335 tulit,
2137 1271 2362 1343 reliqua:
2395 1274 2475 1328 vel
2502 1288 2664 1330 sensu
2695 1275 3026 1333 declaranth
3060 1279 3147 1335 vel
3187 1282 3348 1336 rebus
3386 1288 3561 1340 omni;

1961 1363 2115 1431 genis
2143 1362 2477 1421 illustrandis
2503 1366 2767 1422 scrvinnt.
2796 1368 2852 1422 In
2875 1369 3072 1440 quibus
3093 1381 3152 1426 ut
3176 1375 3321 1430 varia
3346 1391 3559 1435 suntex

1960 1453 2110 1508 omni
2159 1456 2496 1526 antiquitatis
2553 1458 2795 1515 doctrina
2848 1461 3164 1535 deprompta
3220 1483 3558 1541 nequaquam

1957 1561 2088 1602 vero
2118 1549 2262 1618 quod
2286 1552 2529 1617 deceret,
2561 1554 2774 1623 quodve
2800 1554 3035 1610 alienum
3066 1568 3209 1614 esset
3235 1561 3321 1616 vel
3349 1563 3555 1632 tritum,

247 1635 558 1692 correxisse
577 1680 593 1704 ,
623 1648 678 1694 et
704 1653 855 1709 smpe
885 1654 1110 1695 numero
1139 1640 1346 1696 lacunis
1376 1641 1558 1713 magni
1593 1642 1853 1698 momenti
1882 1620 1932 1680 B
1957 1639 2156 1696 oblitus
2185 1649 2290 1697 est.
2323 1642 2555 1715 Egregio
2579 1661 2795 1716 quoque
2838 1648 3087 1703 insutqu
3134 1649 3330 1708 factum
3351 1665 3464 1719 est,
3502 1666 3562 1711 nt

246 1731 525 1801 suppletes
549 1730 771 1787 auxisse
804 1730 897 1787 afﬁ
908 1743 1067 1788 rmat.
1093 1734 1168 1789 De
1191 1733 1379 1790 codice
1399 1734 1503 1789 hoc
1528 1735 1851 1790 sententiam

242 1835 489 1880 nostram
529 1841 630 1881 suo
672 1825 792 1882 loco
835 1828 1191 1897 proferemus.
1224 1828 1380 1898 Quod
1410 1828 1590 1884 Electa
1618 1833 1847 1900 attinet,

242 1916 405 1988 (nam
447 1917 514 1974 de
560 1919 646 1975 his
684 1922 966 1978 audiamus
1009 1934 1258 1994 oportet,
1285 1935 1574 1995 antequam
1621 1926 1689 1981 de
1733 1927 1847 1997 ipsa

242 2019 426 2067 textus
469 2013 787 2070 recensione
827 2014 1041 2072 dicendi
1085 2016 1237 2072 locus
1266 2017 1428 2088 erit),
1459 2017 1583 2074 ideo
1614 2020 1715 2075 hoc
1743 2036 1844 2075 no-

240 2102 393 2160 mine
434 2106 712 2176 appellare
756 2107 930 2163 visum
960 2124 1081 2165 esse
1112 2109 1323 2180 inquit,
1351 2114 1490 2175 quod
1517 2129 1545 2165 e
1572 2113 1809 2182 plurimis
1832 2155 1848 2179 ,

240 2214 360 2265 qua:
384 2199 666 2271 depravata
683 2243 697 2266 ,
730 2219 844 2273 qua:
873 2204 1088 2259 obscura
1114 2206 1196 2259 hic
1224 2207 1500 2277 reperiret,
1529 2207 1734 2279 elegerit
1759 2209 1857 2262 sibi

242 2310 310 2349 ec
352 2295 557 2367 ingenio
588 2306 635 2350 et
676 2299 1012 2354 membraneis
1038 2300 1301 2355 codicibus
1326 2300 1405 2355 uel
1429 2301 1751 2356 emendanda
1773 2301 1855 2356 vel

241 2388 597 2456 illustranda;
626 2392 676 2447 id
706 2393 848 2462 quod
877 2393 1197 2463 plerumque
1218 2402 1277 2448 ct
1299 2404 1504 2449 tantum
1528 2411 1633 2450 non
1655 2396 1852 2467 ubique

239 2493 313 2535 ex
355 2482 559 2553 antiqui
604 2500 950 2539 romanorum
978 2487 1246 2557 sermonis
1276 2502 1375 2541 usu
1404 2502 1469 2542 ac
1496 2488 1846 2558 proprietate,

241 2592 351 2633 nec
388 2592 496 2633 non
526 2577 718 2633 ritibus
742 2579 884 2649 apud
919 2580 1127 2649 priscos
1162 2579 1496 2636 siilemnibus
1533 2580 1675 2635 hand
1712 2581 1848 2637 sini-

240 2680 357 2727 stre
401 2669 644 2742 profecto
664 2670 764 2740 ipsi
811 2672 997 2736 cessit,
1046 2683 1151 2728 etc.
1200 2671 1649 2742 quemadmodum
1678 2674 1848 2742 pluri-

239 2778 390 2816 mum
440 2761 496 2817 in
539 2761 781 2818 Varrone
835 2763 904 2817 ad
962 2763 1264 2819 Arnobium
1326 2764 1701 2821 illustrandum
1762 2776 1848 2823 est

243 2856 517 2926 prasidii,
549 2857 621 2912 ita
653 2856 772 2913 haec
809 2856 1104 2914 Stewechii
1155 2858 1336 2913 Electa
1382 2859 1684 2929 egregium,
1724 2875 1847 2915 meo

1954 1740 2132 1790 textus
2160 1736 2388 1793 Arnobii
2415 1739 2646 1793 seorsim
2677 1755 2799 1794 cum
2839 1740 3019 1798 indice
3058 1759 3235 1799 rerum
3275 1751 3557 1817 peculiari,

1952 1824 2152 1881 deinde
2186 1827 2689 1884 animadversiones
2730 1831 2947 1888 Heraldi
2977 1845 3032 1889 et
3060 1835 3191 1906 ipsa:
3219 1853 3339 1893 cum
3366 1841 3559 1898 indici—

1954 1916 2053 1972 bus
2080 1928 2132 1974 et
2162 1929 2466 1983 auctorum,
2500 1921 2590 1990 qui
2618 1923 2767 1978 varie
2799 1924 3135 1981 illustrantur
3163 1929 3243 1983 vel
3261 1933 3555 1988 emendan-

1951 2018 2059 2074 tur,
2090 2019 2145 2066 et
2173 2027 2352 2067 rerum
2390 2013 2796 2070 exhiberentur.
2830 2016 3068 2088 Denique
3108 2022 3282 2077 notari
3318 2036 3558 2081 meretur

1953 2112 2009 2157 et
2039 2103 2161 2170 hoc,
2195 2105 2338 2175 quod
2366 2108 2529 2161 animi
2557 2124 2717 2163 causa
2748 2122 2911 2179 opera
2953 2112 3069 2165 haec
3113 2113 3352 2171 instituta
3393 2117 3460 2172 sit
3501 2128 3557 2175 et

1952 2197 2091 2250 intra
2118 2196 2348 2254 duorum
2377 2201 2640 2255 mensium
2671 2202 2904 2270 spatium
2943 2204 3009 2258 ad
3050 2206 3212 2261 tinem
3255 2210 3510 2278 perducta
3539 2229 3555 2276 ;

1951 2286 2081 2345 item
2113 2292 2254 2361 quod
2287 2293 2513 2363 epistola
2542 2293 2870 2351 dedicatoria
2893 2339 2908 2362 ,
2939 2314 3061 2368 qua:
3103 2302 3323 2358 omnino
3364 2304 3555 2373 praefa-

1953 2382 2116 2439 tionis
2156 2386 2334 2440 locum
2379 2386 2646 2454 sustinet,
2676 2388 2800 2444 data
2840 2391 2908 2446 sit
2953 2392 3180 2449 Lutetiae
3226 2394 3413 2463 Paris,
3443 2396 3553 2451 kal.

1951 2485 2109 2533 mart.
2172 2493 2352 2543 uncv,
2385 2490 2443 2533 ut
2483 2479 2620 2536 adeo
2660 2482 2746 2536 vix
2798 2484 3076 2553 probabile
3123 2486 3385 2556 videatur,
3429 2502 3555 2547 ante

1952 2565 2094 2623 hunc
2117 2584 2318 2623 annum
2352 2570 2568 2627 Heraldi
2596 2586 2815 2642 operam
2845 2591 2967 2631 esse
2986 2577 3310 2648 evulgatam.

2664 2667 2824 2725 1610.

2019 2757 2342 2831 llamhurgi,
2383 2760 2606 2817 in-folio
2643 2781 2656 2817 :
2692 2763 3019 2821 Arnobii.....
3071 2767 3110 2822 Ι.
3160 2783 3253 2823 vn.
3304 2769 3551 2826 Gebhart.

1946 2848 2357 2908 Elittenltorstins
2400 2856 2605 2910 collatis
2649 2857 2861 2913 diversis
2906 2860 3172 2915 codicibus
3212 2868 3464 2920 recensuit
3503 2878 3551 2920 et

236 2948 467 3018 judicio,
494 2947 719 3005 Varroni
744 2959 907 3020 atque
927 2950 1072 3035 omqi
1094 2951 1360 3006 sermonis
1388 2949 1556 3020 priori
1580 2951 1842 3007 doctrinae

1953 2941 2377 2999 obseruationibus
2406 2944 2525 3020 (sic)
2553 2947 2852 3005 illustravit.

238 3043 613 3114 adjumentum
641 3044 875 3101 aﬁ'erunt
919 3047 1089 3114 Quam
1113 3045 1166 3099 in
1190 3061 1304 3100 rem
1333 3063 1438 3099 non
1468 3061 1653 3116 parum
1681 3045 1842 3101 etiam

239 3138 485 3212 syllabus
510 3148 889 3195 contentnrum
916 3140 1228 3211 praemissus
1246 3139 1515 3195 conducit.
1536 3140 1642 3195 Sed
1668 3155 1845 3211 neque

239 3250 309 3292 ex
338 3234 446 3300 his,
476 3250 653 3307 neque
677 3250 741 3290 ex
772 3236 911 3303 ipsa,
938 3249 1098 3304 quam
1130 3235 1376 3290 manibus
1403 3243 1582 3303 teneo,
1609 3235 1848 3290 editione

238 3330 378 3384 satis
404 3329 536 3384 mihi
572 3328 781 3401 liquere
818 3328 1027 3393 fateor,
1066 3344 1175 3398 quo
1206 3338 1364 3398 pacto
1392 3338 1597 3384 textum
1626 3326 1695 3383 ad
1723 3343 1850 3384 suas

238 3422 551 3477 aliorumve
574 3421 916 3489 conjecturas
946 3419 1243 3475 reﬁnxerit.
1275 3420 1327 3475 Is
1361 3429 1541 3488 certe,
1570 3435 1728 3490 quem
1757 3421 1846 3476 ed.

240 3513 624 3585 Trognzsiana
650 3511 840 3586 (1604)
870 3512 1032 3578 sistit,
1063 3512 1132 3566 ab
1153 3510 1439 3568 Ursiniano
1470 3511 1608 3566 haud
1631 3527 1849 3584 magno-

239 3620 374 3676 pere
396 3604 614 3670 differt;
641 3620 709 3661 eo
733 3604 930 3674 saepius
952 3612 1134 3660 autem
1161 3603 1450 3660 Stewechii
1491 3604 1753 3662 lectiones
1782 3606 1835 3660 in

239 3699 487 3770 margine
536 3697 747 3765 laudat,
801 3699 873 3753 ita
914 3715 1020 3753 non
1060 3714 1373 3768 numquam,
1408 3708 1465 3754 ut
1501 3698 1741 3765 nescias,
1773 3715 1841 3754 an

241 3791 458 3847 diversa
487 3791 664 3859 aliqua
695 3808 728 3847 a
757 3791 1047 3849 Stewechii
1084 3797 1403 3848 recensione
1434 3808 1529 3863 per
1557 3792 1659 3848 hos
1687 3802 1843 3864 typo-

238 3882 478 3955 graphos
502 3881 623 3938 data
644 3881 733 3938 sit.
749 3881 904 3950 Quod
927 3884 973 3938 si
1007 3884 1429 3954 praecipitandus
1457 3883 1614 3953 paulo
1633 3900 1663 3938 a
1687 3884 1843 3940 nobis

238 3978 537 4032 divinatum
572 3978 733 4033 fuerit
778 3992 1014 4048 vereque
1056 3977 1222 4034 editio
1266 3978 1650 4049 Antwerpiana
1697 3994 1842 4035 anno

242 4070 385 4126 1604
416 4070 482 4124 ad
518 4071 686 4142 ipsius
706 4069 997 4127 Stewcchii
1023 4070 1442 4142 descriptionem
1462 4086 1718 4141 expressa
1739 4072 1841 4139 sit;

239 4162 487 4218 laudabis
513 4161 741 4220 fortasse
771 4162 1006 4219 hominis
1029 4164 1430 4231 verecundiam,
1455 4162 1547 4234 qni
1571 4164 1841 4234 margines

240 4255 369 4311 libri
400 4256 866 4313 emendationibus
886 4267 941 4314 et
960 4257 1288 4326 conjecturis
1316 4257 1538 4327 opplere
1565 4257 1837 4324 maluerit,

2020 3034 2455 3095 Elmenhorstius
2493 3039 2729 3097 lectori:
2769 3061 2788 3095 ι
2826 3043 2894 3100 Ut
2926 3045 3156 3102 instituti
3196 3055 3366 3106 nostri
3411 3053 3549 3110 ratio

1947 3127 2040 3183 tibi
2089 3140 2343 3187 constare
2389 3134 2595 3203 possit,
2628 3136 2765 3190 scito
2811 3148 2898 3194 me
2940 3140 2992 3194 in
3028 3143 3128 3198 hac
3156 3158 3295 3199 nova
3325 3147 3551 3202 Arnohii

1946 3219 2184 3277 editione
2225 3226 2555 3280 recensenda
2598 3229 2872 3298 pra'cipue
2918 3246 3073 3287 usum
3121 3236 3309 3291 codice
3338 3248 3553 3293 vetusto

1949 3315 2222 3372 Francisci
2244 3316 2421 3372 Sabaei
2439 3317 2703 3387 Brixiani,
2728 3320 2914 3379 ltomze
2936 3340 3081 3380 anno
3096 3327 3241 3383 1542
3258 3328 3546 3399 impresso.

1948 3406 2051 3464 Ubi
2078 3410 2126 3464 is
2153 3421 2440 3482 corruptus
2466 3423 2561 3468 aut
2593 3416 2906 3484 mendosus,
2946 3419 3015 3472 ad
3059 3431 3313 3490 excerpta
3358 3439 3550 3480 manu-

1945 3502 2144 3573 scripta
2175 3514 2230 3560 et
2253 3505 2538 3562 doctorum
2569 3510 2810 3564 virorum
2852 3512 3260 3570 emendatinnes
3303 3516 3545 3586 confugi,

1945 3597 2283 3671 optimasque
2320 3615 2386 3656 ex
2429 3602 2537 3657 illis
2578 3602 2886 3676 desumpsi,
2917 3614 2972 3661 et
3002 3609 3171 3664 textui
3198 3611 3544 3679 Arnobiano,

1942 3707 2252 3763 quamquam
2273 3710 2424 3760 raro,
2449 3696 2681 3761 inserui;
2712 3703 2921 3754 ratione
2949 3716 3144 3771 nempe
3169 3703 3281 3771 ipsa
3299 3703 3545 3774 jubente,

1942 3781 2117 3853 adjeci
2146 3800 2362 3856 quoque
2403 3787 2672 3842 variarum
2728 3789 3019 3846 lectionum
3074 3793 3444 3862 collectanea,
3489 3799 3543 3853 in

1942 3877 2136 3948 quibus
2165 3894 2280 3944 eos,
2310 3895 2542 3950 quorum
2579 3882 2987 3939 cmendationes
3019 3886 3187 3954 probo
3216 3896 3271 3941 et
3322 3903 3542 3959 sequor,

1945 3971 2187 4027 nomino.
2230 3971 2288 4026 In
2316 3973 2787 4031 observationibus
2818 3976 2953 4030 meis
2981 3976 3034 4031 id
3066 3977 3401 4047 potissimum
3431 3983 3539 4052 egi,

1942 4074 2005 4119 ut
2030 4081 2251 4121 sensum
2277 4067 2537 4132 auctoris,
2561 4083 2722 4138 quem
2754 4068 3023 4124 edendum
3075 4072 3308 4141 suscepi,
3340 4073 3549 4131 edisse-

1943 4172 2141 4225 rerem,
2170 4157 2519 4229 breviterque
2544 4168 2599 4215 et
2625 4169 2834 4229 aperte,
2863 4161 2950 4216 ubi
2980 4161 3026 4218 is
3045 4162 3327 4227 obscurus,
3355 4165 3547 4223 diluci-

1942 4251 2148 4307 darem.
2201 4252 2363 4308 Certe
2406 4252 2830 4308 eruditissimum
2880 4255 3197 4327 scriptorem
3247 4257 3589 4324 innumeris,

238 4366 399 4422 quam
432 4350 513 4407 νει
545 4352 906 4408 certissimam
939 4351 992 4406 in
1023 4351 1218 4407 seriem
1247 4351 1509 4421 recipere,
1542 4349 1695 4407 Nunc
1711 4365 1841 4407 vero
1866 4338 1918 4398 D
1945 4343 2361 4400 faedissimornm
2395 4344 2714 4400 mendorum
2756 4347 2923 4402 naevis
2952 4347 3207 4414 liberavi,
3239 4359 3296 4405 et
3322 4351 3547 4407 inﬁnitis

238 4445 286 4501 is
326 4447 501 4519 ipsum
530 4455 743 4503 textum
776 4446 1222 4517 interpolavisse,
1265 4445 1568 4501 correxisse
1606 4457 1661 4502 et
1704 4446 1839 4502 inte-

234 4540 475 4611 griorem
503 4539 721 4596 dedisse
749 4538 853 4595 dici
888 4539 1087 4609 possit,
1115 4538 1335 4594 videant
1360 4537 1473 4592 alii.
1502 4537 1837 4610 Quamquam

235 4632 382 4687 enim
412 4633 463 4688 in
492 4631 713 4697 eadem,
747 4631 893 4688 unde
923 4630 1279 4702 praecedentia
1308 4630 1665 4695 adduximus.
1701 4647 1839 4703 prte-

234 4725 442 4781 fat‘ione
463 4727 532 4781 de
560 4726 733 4782 suain
764 4734 908 4782 textu
930 4725 1246 4782 adornanda
1267 4739 1430 4795 opera
1460 4740 1570 4795 pra:
1596 4739 1655 4781 se
1675 4723 1836 4791 ferat,

232 4834 303 4873 se
350 4832 557 4875 summo
602 4818 874 4883 candore,
904 4817 1017 4874 suis
1053 4818 1252 4887 ubique
1290 4818 1452 4886 locis,
1485 4827 1637 4889 atque
1663 4818 1793 4873 adeo
1815 4857 1831 4883 ,

233 4913 341 4985 ipsi
369 4930 565 4984 quoque
588 4914 809 4986 margini
846 4913 1062 4969 nomina
1108 4926 1297 4968 eorum
1334 4912 1718 4982 adscripsisse,
1746 4911 1836 4982 qui

233 5018 368 5063 ante
395 5008 562 5078 ipsum
585 5024 778 5064 manus
795 5005 1161 5063 auailiatrices
1183 5006 1424 5063 Arnobio
1445 5005 1833 5077 porrexissent,

232 5100 490 5172 idemque
530 5116 589 5157 se
625 5101 893 5158 facturum
923 5100 1089 5157 fuisse
1118 5100 1169 5154 in
1201 5100 1292 5167 iis,
1319 5116 1437 5170 quae
1465 5099 1687 5156 Ursiana
1714 5114 1838 5170 pro—

233 5192 361 5262 fert,
379 5194 480 5249 nisi
508 5193 593 5252 hic
611 5195 817 5259 omnia,
835 5209 930 5250 sua
958 5193 1134 5250 aliena
1161 5192 1632 5249 miscuisset:th
1658 5203 1837 5248 tamen

231 5285 375 5342 circa
403 5286 653 5343 lectionis
679 5287 993 5343 varietatem
1016 5285 1305 5342 sedulitate
1331 5299 1438 5340 non
1465 5284 1634 5356 ipsius
1655 5294 1833 5341 textus

227 5378 523 5449 sospitator
550 5378 654 5436 sibi
682 5379 849 5436 videri
891 5387 1123 5450 poterat.
1192 5384 1203 5395 ‘

953 5470 1113 5528 1605.

300 5563 547 5633 Parisiis,
577 5565 718 5638 apud
759 5566 994 5622 Marcum
1036 5564 1197 5638 Orry,
1231 5565 1315 5620 via
1351 5563 1621 5628 Jacobea,
1652 5564 1719 5620 ad
1748 5566 1833 5620 in-

223 5657 382 5733 signe
410 5656 608 5716 Leonis
636 5659 914 5727 salientis,
941 5657 1086 5715 ino8°
1116 5677 1132 5714 :
1162 5658 1497 5715 Arnobii.....
1537 5656 1681 5713 Libri
1706 5656 1836 5729 ζωρ-

756 5754 1029 5815 ΡΑτιοι.
1077 5752 1168 5833 ν.ξ

1941 4437 2059 4508 ejus
2090 4438 2224 4494 locis
2252 4439 2392 4494 male
2418 4437 2654 4504 affectis,
2685 4440 2997 4506 salubriter,
3024 4450 3081 4496 ut
3108 4442 3340 4517 conﬁdo,
3367 4444 3542 4499 rnedi-

1939 4534 2116 4586 cinam
2152 4531 2392 4587 adhibui.
2419 4531 2532 4587 Nec
2573 4542 2751 4588 tamen
2785 4532 3090 4600 dissimulo,
3122 4535 3351 4605 plurima
3377 4536 3538 4593 etiam

1938 4637 2084 4679 nunc
2103 4623 2344 4680 residere
2369 4624 2499 4679 falsa
2519 4634 2576 4679 et
2594 4635 2869 4694 corrupta,
2887 4641 3006 4696 qua:
3029 4628 3176 4683 nullo
3197 4629 3359 4685 modo
3383 4630 3543 4686 intel-

1939 4715 2055 4789 ligi,
2086 4725 2179 4772 aut
2206 4716 2412 4787 absque
2438 4730 2542 4786 ope
2571 4716 2811 4772 melioris
2850 4717 3056 4773 codicis
3101 4721 3279 4774 sanari
3318 4731 3541 4788 queant.

1941 4809 2018 4866 Ea
2047 4826 2149 4882 ego
2175 4810 2243 4867 de
2286 4810 2546 4866 industria
2592 4811 2790 4865 intacta
2838 4811 3073 4881 prieterii
3114 4823 3168 4866 et
3210 4811 3541 4870 felicioribus

1940 4902 2169 4974 ingeniis
2192 4902 2512 4973 corrigenda
2540 4903 2753 4975 reliqui.
2783 4904 2903 4960 Ret.
2939 4924 2958 4956 ι
2985 4903 3136 4960 Nasti
3160 4903 3271 4974 jam
3300 4907 3536 4974 codices,

1939 5014 2170 5069 quorum
2197 4998 2443 5069 speciosa
2468 4999 2833 5055 ostentatione
2865 4998 3053 5053 titulus
3082 4999 3346 5068 superbit.
3381 5000 3439 5057 Si
3470 5003 3539 5057 de

1942 5092 2347 5149 Elmenhorstio
2372 5093 2698 5164 interroges,
2728 5093 2773 5148 si
2801 5108 2907 5147 non
2935 5092 3230 5161 ingenium,
3253 5105 3405 5151 certe
3425 5110 3539 5149 ma-

1942 5188 2132 5245 turitas
2157 5197 2213 5245 et
2237 5188 2478 5244 studium
2506 5188 2587 5243 illi
2614 5185 2806 5243 defuit.
2830 5184 3032 5241 Textus
3051 5185 3119 5242 ad
3141 5188 3360 5243 verbum
3400 5203 3540 5259 pene

1935 5282 2003 5337 ad
2029 5298 2306 5338 romanam
2335 5282 2563 5338 alteram
2594 5281 2900 5350 descriptus
2925 5290 3026 5335 est.
3061 5279 3195 5335 Hinc
3218 5282 3381 5336 etiam
3409 5298 3542 5337 con-

1930 5374 2171 5446 jecturas
2199 5386 2254 5430 et
2277 5375 2710 5438 einendationes,
2742 5387 2879 5442 quas
2914 5371 3034 5429 sine
3058 5383 3340 5429 auctorum
3370 5373 3537 5427 nomi-

1937 5466 2188 5523 nibusin
2230 5466 2470 5536 margine
2517 5473 2775 5536 posuerat
2818 5462 3081 5532 Ursinus,
3129 5477 3318 5520 omnes
3359 5461 3539 5519 Fulvii

1937 5561 2155 5618 nomine
2196 5559 2441 5615 laudatas
2482 5557 2804 5629 desumpsit,
2842 5569 2901 5617 et
2942 5556 3269 5615 intermixtis
3312 5554 3435 5609 aliis
3471 5553 3541 5609 ad

1937 5656 2139 5714 calcem
2168 5653 2604 5710 observationqu
2640 5652 2896 5724 subjecit,
2941 5666 3042 5710 suo
3066 5648 3278 5717 judicio
3306 5661 3436 5702 raro
3461 5646 3544 5701 in-

3064 5737 3155 5800 12
