4020 6072
445 228 551 286 365

446 449 579 493 rata:
620 446 745 493 sunt
764 478 780 504 ,
809 447 868 492 ut
894 437 1025 492 viris
1053 437 1249 500 doctis,
1275 437 1463 507 quales
1494 435 1611 506 ejus
1638 445 1771 490 aetas
1798 434 2041 501 ferebat,

447 529 738 584 admodum
765 528 979 599 placere
1007 537 1272 598 poterant.
1304 527 1437 583 Nam
1465 539 1661 599 praeter
1683 527 1954 583 cumulate
1974 542 2042 582 ex

447 623 698 678 omnibus
726 632 967 677 veterum
997 622 1212 691 scriptis
1239 621 1307 677 ad
1336 622 1497 678 verba
1541 622 1627 677 vel
1670 636 1758 677 res
1801 620 2041 692 singulos

444 725 700 786 congesta
748 713 949 769 frustra
1002 713 1205 784 aliquid
1248 724 1521 784 expectes.
1577 710 1845 769 Caeterum
1907 712 2038 768 satis

444 815 568 876 apte
596 807 711 860 haec
735 805 899 861 editio
920 806 1159 875 excripta
1179 815 1262 861 est
1284 806 1423 878 typis
1444 805 1626 862 nitidis
1644 820 1708 861 ac
1730 804 2037 871 luculentis,

446 908 503 954 et
539 914 864 969 quamquam
890 900 1126 969 capitum
1153 898 1447 970 descriptio
1476 899 1647 965 desit,
1678 915 1937 955 numerus
1964 909 2044 955 ta—

444 1006 567 1053 men
593 991 749 1046 lineis
775 990 931 1046 denis
957 991 1331 1062 uniuscunque
1360 992 1569 1062 pagina».
1595 992 1650 1046 in
1676 991 1917 1062 margine
1962 990 2046 1047 in-

445 1084 631 1141 teriori
655 1083 939 1139 commode
968 1084 1271 1153 adseriptus
1297 1093 1401 1140 est.
1432 1084 1641 1140 Indices
1665 1084 1826 1140 etiam
1854 1099 2046 1141 acces-

442 1186 631 1235 serunt
659 1179 827 1235 textui
848 1190 980 1242 tres,
1003 1194 1185 1233 rerum
1211 1194 1276 1234 ac
1300 1179 1591 1239 verborum
1612 1190 1667 1235 et
1689 1179 2043 1255 locutionum,

440 1273 1002 1329 animadversionibus
1030 1273 1159 1328 item
1188 1272 1312 1339 duo,
1346 1282 1626 1328 auctorum
1644 1273 1896 1346 (quorum
1924 1274 2045 1329 loco

441 1367 671 1423 adducta
716 1365 877 1439 sunt)
907 1376 962 1423 et
989 1383 1171 1423 rerum
1215 1382 1534 1439 vocumque.
1579 1368 1749 1439 Hujus
1794 1368 2045 1425 editionis

440 1462 768 1533 exemplari,
809 1461 952 1532 quod
992 1461 1124 1517 bibl.
1180 1462 1510 1532 regio-acad.
1563 1474 1772 1528 servat,
1822 1479 1851 1517 a
1897 1462 2045 1520 Heu-

418 1571 659 1627 gianno,
692 1571 853 1625 quem
884 1569 1253 1625 possessorem
1285 1555 1415 1611 olim
1443 1555 1641 1622 habuit,
1670 1557 1873 1611 notula:
1893 1571 2043 1627 qua:-

435 1650 582 1711 dam,
610 1650 735 1704 item
764 1648 1174 1704 emendationes
1204 1649 1432 1718 appictae
1461 1658 1605 1704 sunt.

1624 224 1901 284 ARNOBII
1935 221 2214 311 NOTI’I'IA
2257 220 2659 285 EDITIONUM.

445 342 729 414 terposito.
767 341 952 414 Neque
997 354 1128 398 vero
1169 339 1666 397 animadversiones
1710 342 1782 396 ita
1825 356 2044 411 compa-
2069 348 2119 403 Α

3638 204 3747 279 δδι

2862 333 3025 396 1066.

2219 436 2471 504 Parisiis,
2497 435 2637 506 apud
2677 434 2873 491 Joann.
2917 432 3154 503 Dupuis,
3181 432 3432 501 in-l-‘olio,
3459 448 3585 491 cum
3628 434 3747 506 Cy-

2147 527 2317 598 priani
2347 528 2602 598 operibus
2627 543 2694 583 ex
2721 526 2957 583 editione
2981 525 3199 598 Rigaltii
3227 542 3323 594 per
3348 526 3640 582 Priorium.
3666 527 3747 584 Ex

2146 619 2598 690 Ephemeridibus
2648 617 3036 686 parisiensibos
3083 618 3245 687 hujus
3293 618 3421 673 anni
3467 616 3547 689 (I)
3589 619 3748 677 intel-

2144 711 2390 778 leximus,
2407 714 2679 766 variorum
2703 712 2843 779 notis
2859 711 3150 782 excerptis,
3170 710 3334 780 priori
3352 725 3504 766 more
3524 712 3750 767 instruc-

2147 812 2228 863 tos
2245 819 2382 868 esse,
2402 812 2667 874 quotquot
2690 814 2887 874 praeter
2915 802 3246 876 Cyprianum
3277 802 3635 873 Rigaltianum
3662 804 3749 860 hic

2144 901 2398 951 auctores
2436 895 2671 966 evulgati
2710 904 2858 953 sunt.
2892 895 3097 952 Textus
3145 910 3211 952 ex
3257 895 3750 968 Lugdune-Batava

2147 1004 2251 1045 una
2279 1003 2399 1045 cum
2432 989 2709 1057 omnibus,
2738 989 2909 1046 auctis
2935 989 3122 1045 itidem
3140 1031 3157 1058 ,
3179 988 3329 1046 vitiis
3351 1000 3433 1051 est
3459 990 3748 1063 repetitus.

2865 1081 3030 1138 1677.

2197 1174 2489 1246 Lugduni,
2535 1176 2679 1247 apud
2724 1175 3060 1241 Anissouios,
3091 1174 3331 1244 in-lolio,
3362 1175 3417 1232 in
3460 1174 3600 1232 Bibl.
3644 1175 3751 1231 Pa~

2147 1278 2311 1336 trum,
2341 1280 2473 1326 tom.
2503 1285 2584 1335 ιιι,
2614 1286 2728 1341 ιη).
2759 1269 3024 1326 too-till.
3075 1269 3286 1326 Recusa
3330 1269 3548 1326 Priorii.
3594 1269 3750 1327 Notae

2146 1367 2437 1419 maximam
2491 1372 2701 1435 partem
2749 1362 3137 1419 Elmenhorstii
3169 1373 3323 1430 sunt,
3353 1379 3480 1420 raro
3504 1363 3746 1434 ﬂeraldi,

2147 1455 2443 1525 Stewicbii,
2474 1466 2609 1526 etc.,
2639 1455 2839 1528 quibus
2862 1473 2990 1512 suas
3018 1456 3259 1513 Priorius
3280 1456 3635 1530 interspersit.

2572 1567 2790 1609 SECULO
2827 1567 3025 1609 ocello
3060 1568 3288 1609 οοτιιθ.

2861 1646 3025 1704 1715.

508 1705 738 1808 nim,
768 1741 932 1808 tota,
964 1742 1105 1796 in~8°
1138 1760 1153 1794 ε
1186 1705 1317 1797 niis
1345 1742 1563 1797 Cwsaris
1590 1740 2035 1813 Bulcngerilulio
2068 1705 2114 1771 Β
2211 1739 2454 1807 Parisiis,
2486 1739 2628 1810 apud
2657 1738 2744 1797 ιο.
2776 1740 2930 1810 Bapt.
2966 1740 3272 1811 Delespine,
3303 1740 3535 1807 iri-lolio,
3565 1740 3620 1797 in
3650 1740 3753 1796 Ni-

435 1836 678 1892 dtmensis
729 1833 1046 1907 Eclogarum
1093 1834 1163 1889 ad
1213 1836 1495 1890 Arnobium
1547 1834 1673 1890 liber
1717 1836 1931 1906 primus.
1964 1865 2035 1876 —-

437 1928 680 2001 Ineptum
707 1943 866 1999 opus.

546 2008 550 2013 ’
1152 2024 1309 2080 ιδδι.

506 2117 688 2182 Duaci,
720 2118 861 2174 iit-8"
892 2134 905 2169 :
942 2117 1212 2172 Stewecltii
1260 2116 1440 2172 Electa
1487 2134 1600 2172 cum
1644 2115 1917 2172 Paratitlis
1946 2134 2036 2172 seu

432 2211 723 2268 summariis
747 2209 975 2265 Leandri
1005 2209 1067 2263 de
1101 2209 1162 2265 S.
1188 2208 1439 2264 Hartino.

1154 2303 1320 2359 1651.

504 2397 1120 2468 Lugduni-Batavorum,
1145 2412 1210 2452 ex
1257 2394 1473 2451 ofﬁcina
1502 2395 1585 2452 .Io.
1613 2396 1806 2461 Maire,
1840 2396 1986 2452 ιιι-4⁸
2022 2416 2034 2451 :

434 2489 768 2545 Arnobii.....
802 2489 921 2543 libri
947 2504 1044 2556 vn,
1077 2504 1191 2543 cum
1216 2489 1509 2543 recensione
1535 2490 1630 2543 uiri
1658 2490 1972 2545 celeberrimi
1993 2502 2044 2545 et

320 2660 324 2664 Δ
431 2584 647 2655 integris
675 2583 902 2637 omnium
933 2583 1332 2637 commentariis.
1366 2582 1542 2637 Editt’o
1571 2585 1847 2639 novissima
1885 2594 2038 2656 atque

431 2677 656 2729 omnium
683 2675 1089 2729 accuratissima.
1120 2693 1139 2726 ι
1169 2675 1322 2744 Quod
1351 2675 1417 2729 ad
1447 2676 1585 2731 hanc
1611 2677 1831 2731 Aruohii
1863 2677 2033 2732 nostri

431 2769 759 2836 editionem,
808 2786 967 2840 quam
1027 2771 1489 2825 accuratissimam
1542 2770 1630 2826 hic
1677 2772 2030 2837 exhibemus,

431 2864 660 2926 attinet.
690 2862 1058 2934 typographus
1097 2863 1303 2932 inquit,
1345 2863 1628 2935 exemplar
1665 2872 1792 2919 ante
1832 2863 2037 2932 aliquot

433 2970 606 3011 annos
652 2956 793 3010 nacti
841 2954 1042 3011 fuimus
1085 2971 1247 3009 manu
1274 2955 1373 3010 viri
1406 2956 1745 3011 celeberrimi
1772 2955 2035 3011 emenda-

2139 1834 2276 1889 colai
2319 1834 2369 1887 le
2418 1831 2634 1905 Nourry
2683 1833 2954 1905 Apparattt
3006 1835 3075 1887 ad
3122 1831 3264 1888 Bibl.
3309 1850 3453 1890 mox.
3504 1833 3747 1903 Patrum,

2139 1925 2385 1997 Lugduni
2432 1910 2669 1992 editam,
2706 1936 2840 1983 tom.
2888 1942 2956 1992 ιι,
2988 1941 3077 1997 pp.
3109 1927 3375 1997 257-570.
3403 1958 3475 1971 —-
3496 1926 3753 1985 Biuertio

2139 2021 2193 2074 in
2220 2019 2525 2085 Arnobium,
2557 2019 2609 2075 in
2637 2035 2740 2090 qua
2770 2029 2896 2090 post
2932 2019 3186 2090 analyses
3219 2019 3553 2090 singulorum
3581 2020 3750 2076 libro-

2141 2129 2278 2177 rum,
2319 2112 2389 2168 de
2428 2121 2672 2176 auctore,
2707 2113 2892 2182 operis
2916 2121 3101 2179 actate,
3135 2112 3390 2180 consilio,
3424 2122 3751 2185 argumento

2140 2215 2193 2261 ct
2226 2206 2570 2274 tractatione,
2605 2206 2772 2278 style,
2798 2205 3108 2263 eruditione
3136 2216 3194 2262 et
3234 2207 3464 2279 reliquis
3502 2208 3746 2277 dotibus,

2140 2303 2211 2355 dc
2236 2315 2406 2370 opere
2425 2299 2824 2364 distribuendo,
2845 2298 3109 2356 librorum
3133 2300 3465 2371 integritate,
3486 2316 3551 2357 ac
3570 2309 3752 2357 textus

2142 2394 2512 2463 corruptione,
2539 2424 2609 2433 —
2632 2393 2704 2448 de
2728 2394 3008 2450 erroribus
3037 2394 3363 2464 quibusdam
3395 2395 3654 2462 Arnobii,
3678 2395 3750 2451 de

2140 2488 2305 2543 variis
2346 2487 2543 2543 borum
2585 2488 2851 2543 librorum
2889 2487 3047 2545 codd.
3081 2504 3215 2544 mss.
3245 2488 3576 2545 editionibus
3602 2499 3661 2546 et
3690 2489 3746 2545 in

2126 2596 2243 2638 eos
2272 2582 2416 2638 uotis
2442 2591 2498 2636 et
2522 2581 3016 2655 observationibus,
3048 2581 3166 2639 lose
3194 2597 3293 2655 pro
3322 2598 3475 2639 more
3499 2598 3622 2650 suo,
3647 2583 3746 2640 sed

2141 2675 2405 2743 prmclarc
2430 2674 2674 2740 dissetit,
2700 2690 2732 2729 a
2760 2691 2814 2746 p.
2842 2674 2948 2731 251
2977 2676 3044 2731 ad
3073 2676 3205 2742 296,
3235 2676 3472 2749 denique
3490 2692 3523 2732 a
3548 2694 3603 2747 p.
3633 2676 3747 2734 296

2144 2768 2210 2821 ad
2242 2767 2369 2834 570,
2412 2782 2584 2824 novas
2628 2768 2684 2822 in
2726 2768 3031 2824 Arnobium
3073 2770 3488 2827 observationes
3517 2770 3747 2841 μυῖαι,

2140 2862 2196 2916 in
2225 2861 2420 2932 quibus
2449 2861 2535 2917 vel
2562 2872 2884 2933 argumenta
2913 2861 3149 2934 singula,
3180 2864 3375 2934 quibus
3410 2863 3504 2919 ille
3531 2879 3657 2919 cum
3686 2864 3743 2919 in

2140 2954 2437 3011 asserenda
2484 2956 2745 3020 veritate,
2788 2965 2903 3011 tum
2950 2956 3256 3013 refutandis
3303 2957 3744 3016 adversariam

434 3057 567 3114 tum,
595 3046 750 3117 cujus
778 3046 1013 3102 eruditio
1052 3056 1107 3102 et
1150 3046 1290 3102 fama
1331 3047 1385 3101 in
1430 3048 1515 3103 his
1550 3049 1787 3115 artibus,
1821 3063 1941 3119 qua;
1968 3047 2037 3103 ab
2061 3056 2106 3119 ρ
2140 3048 2421 3103 erroribus
2450 3048 2638 3115 utitur,
2672 3050 3073 3118 exaruiuantur,
3115 3051 3204 3109 vel
3253 3051 3461 3122 potiora
3503 3053 3747 3124 antiqui-

432 3137 768 3194 bumanitate
793 3152 991 3194 nomen
1018 3137 1237 3204 habent,
1269 3138 1435 3195 veluti
1478 3140 1836 3210 principatum
1866 3149 2033 3195 tenet.

430 3230 626 3286 Curam
658 3230 1000 3301 postmodum
1028 3229 1213 3285 itidem
1246 3232 1364 3286 viro
1392 3230 1604 3287 erudito
1629 3229 2033 3297 commisimus,

433 3331 492 3377 ut
517 3323 769 3393 quicquid
799 3324 866 3378 ad
894 3324 1121 3394 gloriam
1155 3323 1313 3393 hujus
1339 3323 1593 3381 editionis
1620 3325 1798 3395 colligi
1827 3333 2030 3394 posset,

432 3417 487 3470 in
514 3415 751 3471 medium
781 3415 1126 3485 produceret.
1156 3415 1341 3486 Itaque
1371 3431 1560 3471 omnes
1603 3426 1660 3471 et
1698 3416 1915 3487 quidem
1952 3415 2035 3470 in-

443 3517 624 3579 tegros
649 3517 1122 3575 commentatores,
1144 3509 1289 3563 nulla
1316 3519 1471 3580 parte
1502 3520 1765 3574 truncata,
1791 3512 1842 3563 in
1868 3526 2033 3566 unum

433 3615 633 3669 corpus
662 3599 986 3670 redegimus,
1019 3611 1076 3655 ut
1103 3599 1363 3655 editionis
1388 3603 1526 3656 ratio
1550 3617 1617 3657 ex
1645 3603 1709 3656 iis
1732 3600 1839 3670 peti
1865 3604 2034 3671 possit
2078 3647 2080 3650 ,

430 3719 503 3731 —-
520 3692 590 3746 ita
616 3700 675 3746 ut
700 3691 833 3746 nihil
857 3691 907 3747 ei
926 3692 1088 3758 desit,
1107 3693 1248 3763 quod
1266 3694 1352 3748 vel
1368 3695 1508 3749 votis
1528 3695 1773 3765 exoptari
1790 3694 1978 3764 possit.
2006 3711 2029 3747 ι

430 3784 878 3847 —Receosionis
905 3786 1063 3856 hujus
1086 3799 1364 3844 auctorem
1396 3789 1560 3844 fuisse
1599 3796 1790 3859 putant
1824 3786 2033 3845 Salma-

431 3881 593 3946 sium,
622 3878 777 3950 cujus
815 3878 977 3934 etiam
1006 3880 1432 3936 commentarius
1476 3892 1651 3937 morte
1699 3882 2032 3950 interceptus

426 3972 519 4027 sit.
550 3974 628 4027 Ac
652 3981 915 4042 quantum
946 3974 1162 4044 quidem
1193 3974 1561 4045 comparando
1583 3974 1894 4040 didicimus,
1921 3992 2030 4035 non

428 4064 786 4123 mutationum
814 4065 1068 4122 indicium
1100 4082 1322 4139 prorsus
1347 4068 1555 4123 nullum
1577 4080 1820 4139 apparet,
1840 4070 2025 4138 credo,

431 4174 503 4214 ne
525 4159 692 4215 decor
718 4161 1137 4232 typographious
1160 4160 1594 4232 interciperetur,
1624 4162 1726 4217 hoc
1746 4162 1863 4217 viro
1882 4173 2033 4218 certe

429 4266 541 4307 non
573 4252 788 4323 indigna
815 4264 918 4308 est.
948 4252 1115 4325 Igitur
1138 4271 1169 4309 a
1196 4255 1569 4326 superioribus
1598 4266 1709 4310 toto
1737 4258 1873 4311 casto
1908 4256 2029 4327 qui-

404 4343 553 4405 ,dem
579 4344 779 4409 dill‘ert,
811 4345 1069 4415 plurimas
1096 4357 1274 4403 tamen
1304 4362 1372 4403 ex
1401 4348 1468 4402 iis
1492 4349 1818 4407 lectionibus
1844 4362 2030 4403 susce-

2141 3149 2281 3197 tates
2309 3149 2660 3201 monumenta
2693 3141 3051 3198 illustrantur.

2861 3237 2887 3290 1
2899 3235 3020 3293 ιθε.

2214 3328 2493 3395 Venetiis,
2523 3346 2591 3386 ex
2636 3339 2846 3401 typogr.
2890 3330 2980 3387 lo.
3020 3331 3178 3403 ΒΨ.
3211 3332 3465 3399 Albritii,
3494 3334 3741 3401 iri-lolio,

2138 3423 2195 3477 in
2236 3421 2486 3478 Gallaodi
2528 3423 2669 3477 Bibl.
2700 3432 2811 3481 vet.
2843 3423 3085 3493 Patrum,
3116 3433 3248 3493 etc.,
3284 3434 3419 3491 tam.
3453 3442 3526 3495 tv,
3554 3443 3588 3483 ι
3616 3443 3742 3502 pag.

2139 3515 2246 3571 155
2272 3515 2343 3569 ad
2361 3515 2492 3575 221.
2520 3516 2741 3571 Sistitur
2760 3525 2942 3573 textus
2960 3516 3217 3573 editionis
3238 3517 3504 3591 Lugduno
3524 3521 3744 3577 Batava:

2136 3606 2477 3667 emaculatae
2502 3618 2558 3663 et
2614 3607 2875 3664 adhibitis
2910 3609 3005 3672 iis,
3036 3626 3157 3681 qua:
3186 3609 3419 3667 Nora-ius
3451 3613 3741 3680 attulerat,

2135 3702 2457 3771 perpolitus.
2514 3703 2687 3758 Simul
2738 3705 3094 3759 constitutum
3134 3715 3282 3773 erat,
3313 3716 3471 3764 notas
3516 3707 3744 3767 addicta

2140 3794 2482 3861 sclectiores,
2504 3810 2737 3866 quaeque
2754 3796 3022 3866 imprimis
3035 3797 3101 3852 ad
3117 3798 3515 3855 emendandum
3532 3810 3741 3859 textum

2135 3895 2478 3955 spectarent,
2517 3888 2613 3947 sed
2663 3888 2754 3944 hic
2802 3890 3127 3946 industriam
3168 3908 3325 3964 atque
3367 3910 3432 3952 ac
3475 3895 3739 3967 judicium

2136 3980 2532 4037 desideramus.
2565 3983 2661 4039 Cui
2692 3984 2858 4049 bono,
2890 4000 3106 4056 qua'so,
3135 3985 3334 4043 Priorii
3376 3998 3553 4057 notae,
3602 4006 3743 4062 quas

2135 4076 2390 4131 munibus
2421 4078 2632 4147 paginis
2661 4079 2958 4134 inculcatas
2980 4080 3208 4137 videbis.
3235 4081 3537 4155 Singularis
3553 4093 3738 4142 autem

2131 4184 2237 4240 qua
2268 4170 2640 4240 praecidentes
2679 4172 2951 4230 editiones
2992 4175 3221 4230 Artiobii
3262 4174 3381 4232 hac
3422 4178 3736 4248 antecellit,

2132 4278 2309 4335 eaque
2359 4268 2541 4323 nescio
2590 4282 2663 4322 an
2706 4283 2917 4323 sumina
2970 4270 3140 4325 virtus
3186 4280 3271 4327 est
3317 4279 3531 4339 textus,
3574 4289 3739 4345 quem

2133 4367 2333 4426 praeter
2379 4356 2672 4417 Canterum
2717 4362 2785 4416 ad
2835 4378 2996 4418 unam
3046 4379 3242 4420 omnes
3287 4366 3544 4422 continuo
3594 4367 3739 4443 serie

428 4438 528 4533 pit,
556 4436 945 4533 quasllrsinus
973 4438 1365 4533 ad‘marginem
1394 4454 1505 4495 sum
1542 4441 1795 4496 editionis
1833 4452 2029 4512 W090-
2052 4452 2107 4513 D
2132 4450 2479 4517 exhibebant,
2516 4454 2567 4509 in
2599 4456 2773 4525 capita
2802 4455 3116 4529 descriptio,
3148 4472 3378 4530 quorum
3407 4460 3650 4533 analysis
3679 4440 3734 4517 in

427 4529 604 4585 suisse
624 4529 975 4586 indicavimus
994 4531 1240 4603 adeoque
1259 4534 1488 4589 fortasse
1511 4533 1785 4589 Ciacconii
1812 4535 2025 4605 ingenio

426 4623 704 4693 pracipoc
723 4622 1021 4686 Salmasius
1042 4625 1235 4691 litavit.
1255 4626 1333 4680 De
1354 4625 1574 4696 reliquis
1593 4625 1753 4696 hujus
1771 4625 2027 4682 editionis

429 4716 648 4773 dotibus
674 4732 785 4773 non
814 4727 920 4781 est,
950 4718 1095 4790 quod
1144 4720 1387 4790 pluribus
1432 4720 1666 4776 lectores
1709 4719 2021 4775 doceamus.

430 4812 675 4871 Invenias
703 4812 940 4881 Canteri,
973 4812 1261 4869 Stewcchii
1279 4856 1292 4878 ,
1324 4813 1709 4871 Elmenhorstii
1733 4822 1787 4870 et
1809 4813 2026 4875 Heraldi

429 4909 815 4964 commentaria
842 4908 910 4964 ad
933 4908 1152 4983 verbum
1180 4908 1468 4979 descripta.
1497 4906 1811 4965 Commodis
1837 4917 2024 4965 docto-

429 5013 549 5054 rum
580 4999 682 5055 hoc
712 5002 901 5058 saltem
926 5002 1212 5057 consulere
1237 5001 1539 5072 potuissent
1567 5003 1611 5056 si
1637 5000 1868 5057 indicem
1906 5001 2026 5057 uni-

430 5093 697 5147 versale»:
721 5094 1097 5166 subjecissent.
1112 5094 1266 5162 Quod
1295 5094 1562 5165 reliquum
1584 5103 1687 5160 est,
1705 5108 2026 5164 procurasse

430 5184 570 5241 hanc
595 5185 888 5242 editionem
914 5206 979 5247 ex
1003 5198 1157 5259 parte
1189 5188 1208 5259 ζ
1222 5203 1419 5256 nempe
1456 5196 1516 5241 ut
1554 5186 1887 5257 singulorum
1910 5186 2024 5240 ani-

432 5278 836 5337 madversiones
877 5283 978 5337 rite
1010 5280 1488 5351 describerentur)
1519 5281 1698 5338 dictus
1735 5295 1820 5338 est
1864 5283 2025 5336 Antor

432 5372 546 5426 nius
592 5372 835 5444 Thysius,
868 5374 907 5429 I.
940 5375 1038 5444 C.,
1069 5379 1223 5448 cujus
1262 5378 1425 5432 etiam
1472 5376 1525 5430 in
1570 5376 1868 5431 Arnobiurn
1910 5376 2025 5445 cpi-

428 5482 670 5537 gramma
702 5468 892 5538 pagina
917 5477 1034 5539 post
1056 5469 1453 5527 dedicationem
1490 5467 1735 5539 proxima
1766 5468 2022 5523 ostendit.

429 5557 855 5630 Typotbetarum
884 5560 1159 5615 erroribus
1187 5562 1359 5633 iisque
1385 5559 1674 5625 admodum
1703 5560 1861 5615 {mdis
1885 5560 2026 5615 banc

431 5651 721 5710 editionem
773 5654 1149 5710 nitidissimam
1202 5665 1445 5723 scatere,
1496 5653 1719 5711 Nonius
1761 5653 2025 5725 imprimis

434 5758 759 5818 conquestus
784 5760 889 5806 est.

2129 4546 2282 4601 calce
2322 4545 2566 4617 subjecta
2607 4549 2988 4620 compendium
3036 4552 3191 4623 quasi
3244 4552 3407 4609 totius
3451 4552 3736 4626 scriptoris

2130 4637 2358 4707 praebet.

2847 4735 3011 4792 1783.

2203 4822 2562 4897 Wirceburgi,
2590 4825 2645 4879 in
2667 4825 2761 4883 oﬂ‘.
2797 4827 2920 4883 libr.
2948 4826 3282 4895 Stabeliaoa,
3305 4829 3454 4885 in~8°
3480 4847 3494 4884 :
3519 4831 3734 4887 Ambii

2132 4916 2251 4987 Afri
2272 4916 2516 4973 adversus
2558 4929 2733 4990 genus
2762 4919 2880 4977 libri
2907 4935 2979 4975 vn
3007 4931 3055 4975 et
3083 4921 3219 4975 Julii
3259 4919 3480 4977 Εὔιοιὶοᾶ
3505 4922 3733 4980 laurui

2139 5006 2200 5063 Υ.
2227 5007 2286 5065 C.
2320 5011 2385 5065 tle
2410 5008 2605 5066 Errare
2635 5011 2776 5082 pro].
2805 5010 2948 5079 Rel.,
2982 5022 3089 5069 etc.

2204 5104 2373 5161 Iidem
2402 5106 2504 5161 sub
2527 5106 2685 5165 titulo
2713 5123 2728 5161 :
2759 5104 2934 5179 Opera
2985 5107 3094 5164 SS.
3154 5107 3379 5165 Patruus
3428 5111 3726 5180 latinorum,

2128 5200 2384 5259 volumen
2411 5202 2680 5272 quintum.

2590 5310 2809 5353 850850
2844 5310 3039 5353 necne
3074 5312 3232 5355 NONO.

2842 5388 3005 5444 1816.

2201 5477 2424 5547 Lipsizc,
2485 5480 2787 5550 sumptibus
2839 5478 2987 5537 Frid.
3034 5483 3239 5542 Christ.
3291 5484 3437 5544 Goii.
3482 5486 3725 5560 Vngelii,

2199 5678 2278 5751 (I)
2330 5677 2556 5759 Journal
2604 5680 2693 5735 des
2738 5692 2963 5759 smnia,
3001 5682 3238 5759 ᾗχι-ιον,
3271 5700 3405 5759 page
3443 5687 3506 5743 41
3544 5707 3556 5743 :
3595 5707 3615 5741 ι
3653 5687 3729 5746 Le

2124 5760 2242 5807 teut
2267 5766 2399 5807 aveo
2419 5751 2517 5808 des
2543 5766 2863 5825 rcmarques
2883 5755 2955 5811 de
2976 5751 3531 5817 dilidronts'au'teurs.
3572 5780 3594 5816 ι
