4020 6072
333 102 435 168 365
1383 131 1834 198 DISSEBTATIO
1871 136 1937 198 IN
1979 144 2352 218 ARNOBIUM,
2393 150 2545 208 CAP.
2587 151 2632 208 Ι.

325 227 365 327 2
392 239 524 289 tom.
560 234 727 311 ino8°,
755 240 952 313 quibus
982 244 1195 309 Titulus
1218 264 1236 301 ε
1263 249 1476 311 Arnobii
1513 255 1620 326 afri
1664 256 1920 327 Disputa-

326 325 526 389 tionum
552 328 796 395 adversus
822 345 994 407 gentes
1016 338 1135 399 libri
1155 350 1366 414 septem.
1395 376 1466 387 --
1494 325 1806 423 Recognovit
1834 370 1927 408 no-

3525 156 3631 222 366

2029 265 2094 319 tis
2140 267 2368 339 priorum
2413 271 2755 340 interpretum
2804 264 3005 330 selectis
3052 274 3373 349 aliorumque
3426 293 3474 338 et
3524 288 3636 342 suis

2034 357 2330 429 illustravit,
2361 360 2449 417 lo.
2479 362 2747 422 Commius
2779 365 3022 424 Oremus.

791 529 1130 540 *κήν

604 713 2255 901 DISSERTATIO

1831 550 2160 560 -_-_-———__.—
2293 549 2309 555 ’
2364 552 2403 556 ⁸-
2463 557 2948 574 -αι..μ--.,ρ....----...‹ι-
2979 571 3196 579 .-......---
3217 573 3356 582 .---...-
3375 576 3406 582 ,ς
3433 578 3484 583 --ι
3509 577 3546 583 -ω
3589 576 3620 584 φ⁷

1827 578 1834 581 -
1881 579 1888 582 .
1923 579 1994 584 ὀ
2025 581 2060 585 --
2085 583 2090 585 -
2129 582 2928 606 --------ι-----------..----Αῃ--Ἦ
2945 597 3386 609 ..ῆν-Ἦ
3429 605 3610 614 -—-————-

780 1048 974 1237 ἔδῃ
1001 1075 1479 1249 septem
1533 1037 2070 1212 am‘obii
2132 1068 3149 1289 bisputationum

1136 1364 1702 1445 ADVERSUS
1758 1373 2173 1455 GENTES
2228 1381 2645 1463 LIBROS.

1446 1551 1798 1626 (AUCTORE
1836 1558 1980 1618 non
2016 1562 2107 1621 LE
2145 1563 2484 1643 uounnv.)

824 1856 1053 1915 CAPUT
1079 1856 1371 1916 PRIMUM.

730 1973 970 2048 Analysis
999 1975 1182 2030 horum
1214 1976 1482 2034 librorum.

843 2106 1136 2157 ARTICULUS
1164 2108 1376 2161 punitus.

832 2203 1055 2271 Analysis
1075 2206 1191 2269 libri
1215 2210 1373 2273 primi.

380 2307 465 2365 Ab
482 2309 601 2379 ipso
625 2309 806 2380 operis
830 2310 916 2367 sui
942 2310 1166 2368 exordio
1197 2311 1470 2371 Arnobius
1497 2311 1741 2373 declarat
1770 2315 1904 2373 illud

300 2414 334 2453 a
362 2413 423 2457 se
441 2410 768 2472 susceptum,
798 2410 860 2459 ut
877 2410 1118 2461 veterem
1141 2418 1207 2461 ac
1241 2405 1441 2475 saepius
1469 2408 1753 2476 repetitam
1782 2425 1906 2479 pro-

306 2492 549 2562 pulsaret
573 2494 898 2555 calumniam
927 2535 944 2560 .
977 2510 1081 2567 qua
1110 2496 1322 2555 ethnini
1350 2505 1571 2568 propter
1599 2499 1905 2558 abdicatum

298 2584 751 2657 repndiatumque
774 2602 805 2641 a
829 2586 1140 2649 christianis
1161 2587 1418 2647 falsorum
1434 2589 1660 2649 deorum
1676 2593 1902 2662 cultum,

298 2691 399 2733 eos
455 2677 787 2748 publicarum
838 2680 1079 2741 ontnium
1127 2681 1495 2743 calamitatum
1536 2700 1602 2741 ac
1640 2686 1903 2744 malorum

297 2783 520 2833 causam
541 2783 595 2830 et
626 2782 879 2831 auctores
906 2782 1162 2843 essetam
1196 2774 1355 2844 falso,
1382 2792 1544 2849 quam
1574 2791 1781 2839 temere
1807 2798 1900 2842 ac-

294 2862 576 2921 cusabant.
600 2864 718 2934 Quo
743 2875 924 2927 autem
948 2868 1162 2937 gravior
1189 2878 1273 2925 est
1300 2869 1417 2929 hinc
1462 2873 1772 2931 criminatio
1788 2918 1804 2942 ,
1835 2890 1904 2933 eo

294 2955 392 3013 ille
412 2957 583 3028 magis
606 2958 677 3017 ad
693 2975 836 3027 eam,
862 2961 1115 3031 sepositis
1137 2971 1315 3019 tamen
1334 2965 1569 3035 partium
1580 2966 1792 3034 studiis,
1816 2983 1903 3026 ro-

292 3046 589 3107 fellendam
630 3050 922 3122 impulsum
959 3067 1022 3110 se
1049 3052 1215 3111 luisse
1246 3054 1563 3124 proﬁtetur;
1594 3074 1665 3115 ne
1689 3060 1899 3117 cunctis

292 3139 582 3203 silentibus
626 3141 940 3205 christianis
961 3185 979 3211 .
1008 3156 1101 3203 aut
1127 3161 1252 3205 vera
1284 3147 1558 3207 videretur
1584 3151 1854 3222 aliquibus

291 3243 390 3299 aut
416 3234 619 3293 ethnici
643 3251 867 3297 causam
891 3251 953 3297 se
978 3238 1281 3299 obtinuisse
1305 3242 1685 3312 gloriarentur.

364 3324 705 3387 Mnifestum
728 3328 909 3401 itaque
935 3328 1063 3387 facit
1087 3331 1446 3393 acbristianat
1472 3339 1752 3410 religionis
1773 3352 1897 3399 ortu

291 3418 363 3477 ad
391 3435 488 3479 sua
509 3437 681 3493 usque
707 3432 970 3494 tempore.
1005 3424 1137 3485 nihil
1169 3426 1223 3483 in
1247 3427 1638 3491 elementorum
1669 3436 1898 3506 qualitaw

291 3514 458 3581 tibus,
496 3516 549 3569 in
568 3524 678 3570 tota
707 3516 893 3572 mundi
921 3517 1194 3585 machina,
1223 3524 1281 3579 in
1304 3531 1577 3581 astrorum
1605 3540 1797 3597 cursu,
1838 3530 1894 3586 in

288 3613 674 3678 tempestatum
703 3649 721 3677 ,
760 3609 969 3669 dierum
993 3651 1009 3676 ,
1045 3625 1113 3669 ac
1141 3613 1378 3673 noctium
1411 3615 1809 3691 vicissitudine,
1837 3622 1893 3677 in

290 3699 500 3759 telltu'is
527 3708 585 3757 et
609 3700 921 3759 animalium
951 3701 1334 3772 incendium,
1379 3706 1437 3764 in
1467 3710 1691 3778 privatis
1719 3714 1895 3783 publi-

287 3795 483 3867 cisque
518 3793 801 3855 hominum
852 3796 1105 3867 negotiis,
1143 3813 1209 3855 ac
1251 3799 1414 3859 solito
1438 3801 1661 3861 vivendi
1693 3820 1893 3877 genere

285 3896 384 3953 aut
398 3895 686 3954 mutatam,
707 3896 804 3947 aut
825 3889 1148 3955 relaxatum,
1179 3897 1235 3949 et
1258 3890 1597 3953 dissolutum.

359 3980 547 4054 Neque
569 3981 701 4041 sinit
728 3981 833 4039 sibi
850 3981 921 4045 ab
938 3981 1170 4039 ethnicis
1188 3983 1348 4054 objici
1372 3994 1594 4057 propter
1622 3988 1757 4049 deos
1786 3992 1887 4049 im-

281 4075 509 4147 pietate.
538 4076 843 4137 sceleribus
863 4117 879 4143 ,
907 4091 972 4135 ac
1017 4085 1330 4148 contemptu
1351 4077 1769 4141 christianorum
1800 4088 1885 4140 ol-

283 4170 490 4238 Iensos,
518 4170 779 4229 mundum
807 4171 1136 4240 pestilentia,
1164 4171 1545 4242 grandinibus,
1576 4177 1884 4249 sterilitate,

284 4263 469 4330 bellis,
489 4263 718 4335 aliisque
736 4263 1133 4325 calamitatibus
1159 4265 1334 4322 obrui.
1364 4266 1445 4323 Ει
1468 4268 1605 4338 ipsis
1618 4270 1884 4342 siquidem

283 4358 567 4430 gentilium
596 4357 835 4417 histaniis
857 4368 1018 4428 atque
1045 4358 1330 4417 annalibus
1355 4374 1695 4431 compertum
1721 4363 1889 4421 babe-

1948 1740 3023 1809 Em

1924 1871 1981 1931 Α
2004 1868 2239 1987 bendum
2272 1875 2395 1936 ideo
2424 1888 2629 1941 tantum
2661 1890 2898 1951 animum
2937 1901 3119 1971 appuli
3146 1944 3162 1969 ,
3211 1914 3269 1973 ut
3295 1908 3613 1987 religionem

2015 1965 2364 2030 christianum
2417 1978 2485 2034 ab
2525 1980 2877 2053 iniquissimis
2927 1992 3214 2054 calumniis
3258 1965 3615 2063 vindicarem.

2013 2058 2149 2156 Quid
2180 2079 2329 2134 vero,
2355 2073 2526 2141 pergit
2550 2073 2662 2144 ille,
2688 2077 2732 2132 si
2767 2078 2882 2137 haec
2910 2083 2978 2139 ad
3005 2101 3197 2146 causas
3220 2096 3496 2152 naturales
3513 2114 3605 2156 re-

2014 2150 2234 2213 ferenda
2281 2174 2423 2232 sunt,
2467 2166 2533 2222 ad
2573 2184 2751 2227 acrem
2803 2175 3286 2259 veltementemque
3311 2190 3613 2250 elemento-

2011 2265 2130 2306 rum
2161 2253 2443 2327 impulsum
2468 2307 2483 2331 ,
2516 2265 2581 2321 ad
2612 2270 2785 2326 varios
2811 2271 3051 2337 siderum
3080 2292 3281 2353 motus,
3314 2286 3385 2353 ad
3431 2299 3611 2347 certas

2008 2358 2189 2402 rerum
2220 2351 2637 2432 vicissitudines,
2679 2379 2745 2421 ex
2770 2369 2966 2439 quibus
2994 2373 3137 2432 bona
3167 2388 3221 2435 et
3248 2351 3389 2437 mala
3409 2381 3607 2452 ﬂuunt,

2008 2440 2262 2511 relluunt,
2304 2464 2367 2505 ac
2404 2454 2842 2526 reciprocantur?
2869 2464 3177 2537 Prmterea,
3209 2488 3331 2542 qua:
3367 2475 3603 2535 homini-

2007 2531 2129 2602 bus,
2159 2543 2338 2598 omnia
2379 2550 2762 2608 commoditate
2788 2571 2884 2613 sua
2915 2562 3268 2625 metientibus
3290 2607 3307 2632 ,
3360 2571 3501 2625 mala
3528 2573 3611 2629 vi-

2010 2627 2223 2700 dentur,
2271 2652 2331 2691 ea
2377 2654 2522 2699 certe
2576 2646 2671 2701 toti
2710 2659 2918 2710 naturae
2952 2664 3007 2710 et
3043 2658 3245 2715 mundo
3275 2661 3424 2718 utilia
3460 2676 3610 2724 sunt.

2008 2721 2161 2790 Quod
2192 2729 2405 2798 quidem
2437 2746 2623 2791 auctor
2651 2750 2837 2798 noster
2869 2744 3106 2804 Platonis
3131 2753 3479 2824 auctoritate,
3513 2773 3609 2813 va-

2009 2815 2211 2887 riisque
2259 2835 2570 2901 nautarum,
2610 2833 2777 2903 Solis,
2809 2841 3091 2910 torrentis,
3122 2844 3338 2919 pluviae,
3370 2848 3604 2921 ltyemis,

2006 2911 2231 2977 aestatis,
2282 2919 2498 2986 veratri,
2554 2919 2824 2995 luporum,
2873 2940 2928 2985 et
2963 2911 3296 3005 serpentium
3324 2911 3608 3014 exemplis

2005 3000 2308 3097 conlirmat.
2345 3006 2472 3066 inde
2493 3025 2673 3070 autem
2696 3017 2788 3073 ille
2813 3000 3255 3097 colligits'uperbi
3286 3044 3409 3088 esse
3430 3000 3609 3095 homi-

2001 3094 2087 3149 nis
2112 3095 2208 3153 lias
2235 3101 2443 3159 abditas
2469 3123 2659 3165 causas
2682 3111 2903 3183 rimari;
2934 3117 3037 3175 nisi
3052 3121 3201 3190 prius
3228 3127 3441 3182 noverit
3460 3130 3607 3200 quis,

1876 3197 1893 3223 ο
1926 3206 1975 3266 Β
2001 3195 2055 3242 et
2084 3190 2224 3246 unde
2245 3192 2392 3264 ipse,
2424 3214 2486 3254 ac
2506 3217 2602 3257 cur
2621 3205 2853 3263 mundus
2878 3221 3091 3271 creatus
3115 3212 3205 3277 sit.

2076 3305 2246 3371 Quam
2273 3322 2607 3381 przepostere
2633 3326 2817 3383 autem
2835 3320 3037 3379 ethnici
3054 3324 3468 3399 inchristianos,
3496 3339 3609 3390 tre-

2003 3400 2178 3456 centis
2206 3401 2422 3465 circiter
2443 3408 2640 3469 abhinc
2666 3413 2824 3471 anuis
2851 3427 3072 3483 exortes
3095 3458 3111 3486 ,
3138 3420 3281 3477 mala
3306 3424 3490 3483 omnia
3510 3441 3601 3482 περ

2002 3489 2270 3551 iundenda
2295 3512 2417 3556 esse
2442 3501 2810 3574 claniitarent,
2855 3524 2922 3565 eo
2951 3509 3130 3569 adhuc
3155 3513 3250 3570 ille
3268 3515 3406 3576 scite
3446 3531 3605 3575 coar—

2000 3586 2136 3656 guit,
2165 3591 2306 3660 quod
2337 3594 2529 3653 mediis
2556 3609 2680 3668 post
2703 3615 2893 3659 eorum
2924 3612 3101 3665 ortum
3123 3607 3282 3667 annis
3303 3619 3360 3667 et
3382 3610 3597 3682 tempo-

1998 3682 2146 3740 ribus
2171 3728 2186 3753 ,
2246 3687 2666 3755 innumerabiles
2717 3696 2956 3755 victorias
3021 3711 3340 3771 reportans,
3396 3705 3598 3775 prolati

1998 3776 2363 3837 Romanorum
2413 3782 2578 3853 lines,
2621 3791 2962 3863 niaximaque
3014 3808 3245 3853 annonae
3267 3796 3372 3854 fuit
3418 3798 3597 3855 abun-

1995 3869 2201 3933 dantis.

2068 3983 2266 4042 Contra
2298 3997 2476 4046 tamen
2500 3994 2765 4064 urgebant
2786 3998 3016 4068 gentiles
3050 4014 3145 4071 per
3179 4001 3272 4057 illa
3300 4002 3417 4074 ipsa
3449 4012 3589 4061 tem-

1996 4091 2149 4145 pora,
2195 4095 2351 4152 aquo
2394 4082 2620 4141 deorum
2666 4088 2723 4144 in
2764 4090 3089 4148 christianos
3149 4093 3293 4163 odio,
3348 4105 3594 4156 vastatos

1996 4168 2285 4240 aliquando
2319 4176 2607 4233 sterilitate
2663 4195 2821 4250 agros
2846 4224 2861 4247 ,
2923 4191 2980 4239 et
3014 4184 3156 4240 bella
3188 4201 3594 4262 nonnumquam

1994 4263 2285 4324 infeliciter
2321 4270 2587 4328 confecta.
2639 4275 2779 4341 Quid
2801 4291 2934 4348 ergo
2961 4318 2976 4346 ,
3029 4279 3104 4335 ait
3140 4290 3332 4339 auctor
3366 4287 3594 4342 noster?

1994 4357 2263 4432 Numquid
2284 4362 2358 4419 dii
2381 4367 2515 4421 mira
2546 4368 2706 4438 plane
2724 4371 3083 4428 inconstantia
3110 4376 3215 4431 dici
3248 4389 3474 4448 possunt
3502 4381 3590 4436 in-

285 4466 411 4511 ultas
451 4451 702 4511 homines
739 4459 866 4507 ante
908 4450 1151 4510 auditum
1181 4467 1441 4524 unquam
1462 4457 1886 4515 ehristianorum
1933 4525 1957 4528 _
1989 4453 2256 4523 juriarum
2277 4459 2378 4515 sibi
2426 4475 2454 4513 a
2499 4461 2809 4519 christianis
2830 4465 3100 4523 illatarum
3128 4469 3353 4526 alternis
3388 4472 3593 4528 vicibus

284 4556 487 4603 nomen
509 4550 736 4603 vexatos
757 4540 921 4601 fuisse
934 4552 1027 4603 aut
1053 4543 1267 4608 iisdem,
1286 4552 1381 4603 aut
1405 4544 1885 4617 lrequentieribus,
1915 4525 1962 4589 Ο
1994 4564 2265 4608 memores
2290 4565 2346 4609 et
2373 4555 2756 4613 immemores?
2786 4559 3055 4616 Prmterea
3077 4562 3355 4621 christiani
3388 4566 3588 4637 ubique

287 4643 449 4705 atque
470 4634 768 4704 majoribus
791 4636 958 4691 etiam
982 4636 1245 4704 claribus,
1273 4637 1510 4708 lapidum
1541 4642 1741 4711 imbre,
1769 4655 1882 4701 ter-

282 4740 364 4785 ras
389 4727 624 4789 motibus
652 4738 707 4783 et
736 4727 992 4792 hiatibus,
1025 4728 1230 4789 diluvia
1252 4770 1269 4796 ,
1323 4731 1576 4789 incendio
1595 4774 1613 4801 ,
1643 4735 1879 4793 ferarum

284 4819 621 4887 crudelitate,
651 4835 863 4881 veneno
894 4830 1208 4891 serpentum
1234 4864 1250 4891 ,
1303 4831 1467 4894 annue
1494 4825 1710 4885 urbium
1740 4831 1881 4887 inte-

279 4926 501 4984 grarum
527 4914 813 4973 eversione
859 4928 925 4971 ac
970 4915 1147 4971 ruina.
1184 4916 1405 4973 Certum
1427 4934 1641 4989 quoque
1658 4930 1744 4978 est
1773 4933 1881 4982 tam

279 5005 523 5067 crudelia
574 5008 717 5065 bella
758 5008 831 5065 ab
884 5009 1195 5076 Atlantiois,
1230 5010 1488 5083 Assyriis,
1531 5013 1831 5072 Bactrianis
1862 5059 1879 5083 ,

277 5098 485 5163 Persis,
516 5099 740 5169 Grecis,
786 5101 1055 5174 Troianis,
1086 5114 1143 5160 et
1180 5103 1459 5173 Romanis,
1504 5124 1534 5161 a
1573 5108 1747 5178 Nino,
1777 5111 1883 5165 Zo-

276 5206 515 5265 roastre,
543 5196 745 5261 Xerxe,
774 5197 1084 5255 Alexandre
1100 5198 1315 5269 lagae,
1342 5210 1400 5257 et
1426 5201 1551 5257 aliis
1572 5204 1701 5259 olim
1726 5217 1880 5277 gesta

272 5285 461 5357 fuisse,
484 5305 649 5362 quam
679 5300 800 5360 post
822 5289 1027 5347 Christi
1051 5300 1233 5349 ortum
1252 5292 1536 5351 imminuta
1558 5295 1800 5353 fuerunt.

347 5380 507 5441 Unde
531 5398 684 5455 ergo,
716 5385 1032 5455 inquiebat»
1051 5383 1275 5450 ethnici,
1321 5394 1399 5441 tot
1423 5389 1692 5460 tantisque
1720 5391 1880 5446 malis

271 5473 512 5533 mundus
548 5478 834 5547 premitur,
867 5492 932 5533 ac
979 5486 1187 5535 tantum
1215 5494 1322 5534 non
1352 5480 1715 5551 opprimitur?
1733 5484 1876 5553 Quid

269 5567 344 5623 ad
377 5582 486 5632 ne.
512 5570 805 5641 respondet
851 5571 1169 5631 Arnobius?
1199 5569 1322 5628 Dion
1356 5574 1466 5631 mei
1490 5579 1734 5634 muneris
1756 5588 1873 5647 est,

269 5660 473 5734 inquit,
500 5664 738 5721 multas
777 5664 897 5721 illas
925 5664 1163 5723 rationes
1196 5664 1439 5736 pandere
1464 5709 1485 5737 ,
1523 5670 1615 5741 qui
1645 5672 1713 5727 ad
1739 5673 1873 5729 sui.

1992 4648 2259 4699 terrarum
2289 4660 2410 4700 cum
2438 4648 2691 4703 omnibus
2719 4651 3027 4707 nationibus
3050 4655 3291 4724 permisti
3311 4654 3582 4713 vivebant.

1991 4736 2110 4804 Quo
2136 4753 2266 4810 ergo
2283 4739 2404 4809 jure
2424 4742 2598 4796 adscri
2632 4753 2807 4814 potest
2834 4747 2887 4800 in
2916 4762 3102 4802 eorum
3131 4749 3386 4804 ultionem
3413 4765 3444 4805 a
3473 4750 3584 4807 Ro-

1990 4832 2163 4888 manis
2205 4834 2376 4890 victos
2395 4835 2561 4891 fuisse
2588 4838 2919 4896 Alamannos
2947 4883 2963 4906 ,
3015 4841 3208 4897 Persas
3231 4851 3288 4898 et
3317 4845 3586 4918 Scythas;

1988 4925 2232 4981 muribus
2255 4936 2310 4981 et
2340 4927 2559 4983 locustis
2586 4944 2860 4987 corrosam
2886 4943 3369 5009 consumptamque
3398 4940 3580 4997 Asiam

1990 5031 2055 5071 ac
2083 5019 2291 5090 Syriam
2312 5062 2327 5087 ,
2352 5022 2574 5078 minime
2608 5039 2741 5081 vero
2775 5025 3084 5111 Hispaniam
3104 5040 3159 5084 et
3188 5028 3415 5088 Galliam
3434 5051 3455 5099 ;
3477 5034 3583 5090 Ge-

1989 5110 2133 5165 tulos
2162 5122 2217 5167 ct
2245 5113 2595 5184 'l‘inguitanos
2644 5119 2853 5190 frugum
2888 5110 3166 5178 laborasse
3200 5125 3400 5197 inopia,
3432 5127 3583 5184 Mau-

1987 5218 2079 5257 ros
2099 5219 2229 5260 vero
2240 5215 2399 5277 atque
2423 5207 2691 5265 Nomades
2719 5211 3049 5281 amplissima
3077 5230 3259 5274 messe
3283 5219 3603 5291 locupleta;

1984 5305 2098 5363 tos,
2130 5300 2230 5353 hos
2257 5301 2491 5372 denique
2517 5302 2658 5360 fame
2686 5315 2907 5361 enectos
2926 5350 2940 5373 ,
2987 5310 3122 5366 alios
3150 5313 3202 5365 in
3235 5312 3424 5372 eadem
3453 5315 3588 5373 ciri-

1983 5400 2096 5446 tate
2136 5408 2317 5449 rerum
2358 5398 2597 5451 omnium
2636 5400 2789 5468 copia
2826 5401 3171 5461 abundasse?
3209 5406 3343 5462 Nam
3386 5411 3430 5464 si
3462 5426 3585 5480 quae

1983 5482 2208 5539 deorum
2236 5486 2426 5542 fuisset
2453 5490 2678 5558 mentitas
2704 5502 2759 5547 et
2777 5491 3009 5563 justitiu,
3041 5499 3279 5552 omnium
3302 5514 3436 5555 sane
3463 5501 3587 5556 illo-

1982 5591 2101 5631 rum
2131 5578 2469 5649 pepulorum,
2497 5595 2621 5637 cum
2641 5584 2837 5655 quibus
2863 5586 3152 5644 christiani
3190 5590 3472 5657 mquamer
3494 5591 3594 5646 dc-

1980 5671 2200 5743 gebant,
2228 5689 2330 5730 una
2355 5676 2655 5749 eademque
2684 5696 2812 5741 esse
2834 5683 3240 5755 debebatgsors
3264 5689 3322 5737 et
3377 5686 3611 5741 tormina.
