4020 6072
403 255 589 314 367'

1664 244 2114 305 DlSSERTATIO
2149 243 2427 301 PRAIVIA

3590 246 3697 305 568

478 376 610 431 Post
650 371 766 427 haec
814 368 1084 427 Arnobius
1123 368 1287 424 variis
1327 368 1621 423 rationibus
1666 367 2003 424 demonstrat
2027 366 2081 425 Λ
2107 366 2175 420 At
2202 365 2322 436 quis
2353 364 2521 419 nescit
2549 363 2737 419 Jovem
2760 376 2868 418 nou
2894 360 3069 418 solum
3089 362 3281 420 fratres
3302 361 3577 437 habuisse,
3599 362 3695 419 scd

408 470 545 521 iram
585 466 636 518 in
676 464 810 518 deos
849 459 1179 515 immortales
1205 459 1399 516 cadere
1440 460 1659 515 omnino
1685 475 1793 514 non
1817 473 1998 529 posse.

407 557 544 629 Quid
572 572 700 628 ergo
726 556 868 611 dictu
901 553 1069 624 magis
1095 552 1407 620 absurdum,
1440 569 1595 623 quam
1641 552 1763 608 illos
1792 552 1862 608 ob
1884 552 2000 606 illa-

407 664 492 708 tas
515 650 616 706 sibi
642 665 671 703 a
693 647 1002 704 ehristianis
1028 646 1252 715 injurias
1289 646 1365 701 ira
1396 646 1474 701 sic
1498 644 1783 708 incitatos;
1816 653 1874 698 ut
1903 658 1998 699 ea-

408 761 527 800 rum
575 756 781 813 pmnas,
824 749 931 793 tam
964 738 1032 793 ab
1063 738 1217 808 ipsis,
1259 753 1419 809 quam
1449 738 1517 792 ab
1548 736 1872 803 insontibus,
1925 735 2000 791 ttti

403 836 656 900 aiebant,
679 832 911 889 ethnicis
938 832 1049 885 ullo
1078 831 1282 902 absque
1308 830 1619 887 discrimine
1649 828 1994 900 repetierint?

407 925 543 983 Nam
589 925 743 981 facile
791 933 1039 995 poterant
1088 923 1376 994 separatim
1415 938 1535 979 reos
1577 922 1891 994 suppliciis,
1936 935 2001 977 ac

408 1021 549 1077 bene
572 1020 791 1075 meritos
819 1017 1096 1074 beneﬁciis
1122 1017 1373 1074 adlicere.
1407 1018 1485 1072 Dii
1512 1020 1657 1074 enim
1689 1017 1942 1074 caelestes
1955 1017 2000 1071 si

410 1116 499 1185 qui
526 1115 655 1180 sint,
685 1129 791 1168 non
817 1122 1042 1181 possunt
1083 1120 1175 1166 aut
1214 1112 1495 1182 gentilium
1527 1111 1835 1167 adulatione
1862 1108 2001 1164 deli—

409 1210 535 1273 niri,
567 1217 659 1262 aut
681 1216 898 1277 propter
926 1205 1343 1261 christianorum
1369 1214 1739 1274 contemptum
1777 1201 1962 1258 dolere
1986 1241 2003 1268 ,

409 1312 568 1374 atque
624 1301 803 1356 irasci.
851 1299 1215 1368 Quamobrem
1262 1311 1449 1355 auctor
1495 1290 1680 1354 noster
1728 1295 2006 1353 concludit

408 1396 507 1451 has
539 1394 790 1450 ridiculas
819 1394 1225 1449 criminationes
1257 1394 1370 1448 sola
1412 1393 1778 1463 haruspienm,
1808 1389 2005 1445 ariolo-

408 1503 550 1548 rum,
581 1494 635 1542 et
665 1496 840 1540 vatum
863 1482 1085 1539 avaritia
1112 1499 1234 1539 esse
1264 1486 1545 1539 conlictas.

482 1579 665 1649 Neque
688 1579 881 1633 minori
916 1576 1247 1647 impudentia
1275 1577 1480 1632 ethnici
1507 1578 1851 1648 ohjectabant
1875 1576 2009 1631 deos

408 1672 531 1728 ideo
555 1673 604 1727 in
634 1671 881 1726 homines
906 1672 1097 1725 saevire
1116 1671 1270 1741 ;‘quia
1302 1670 1861 1742 chriStianiquosdam
1883 1671 2010 1726 hac-

2105 472 2237 512 avos
2266 459 2426 511 etiam
2457 465 2511 512 et
2550 456 2730 522 avias,
2764 466 2969 526 patrem
2999 465 3054 511 et
3091 468 3316 511 matrem
3342 497 3356 518 .
3398 472 3465 512 ex
3505 455 3699 526 quibus

2102 549 2263 603 solito
2307 548 2582 602 hominum
2632 562 2785 602 more
2815 558 2973 602 natus
3017 548 3135 601 est?
3176 546 3389 602 Ethnici
3431 548 3610 618 itaque
3652 546 3698 601 si

2102 640 2470 707 huncJovem,
2486 655 2593 696 non
2611 640 2871 707 colerent,
2895 639 2989 696 sed
3006 656 3111 696 una
3130 651 3274 696 esset
3299 640 3514 696 illorum
3537 648 3698 709 atque

2101 736 2515 793 christianorum
2544 736 2758 807 religio,
2790 736 2935 791 nulla
2972 736 3208 807 amplius
3235 736 3374 792 foret
3401 736 3548 791 Jovis
3574 736 3650 789 ira
3681 777 3695 802 ,

2097 840 2190 887 aut
2235 832 2278 884 si
2333 845 2454 900 quae
2495 838 2669 897 esset,
2702 828 2890 885 falsam
2935 829 3269 901 patefaceret
3316 828 3458 885 illius
3504 828 3700 884 divini-

2105 933 2154 978 ta
2162 932 2267 980 tem
2277 961 2291 977 ο

2177 1016 2453 1072 lnstabant
2477 1016 2828 1084 nihilominus
2854 1015 3056 1072 ethnici
3083 1014 3213 1071 deos
3238 1028 3368 1070 suos
3390 1013 3699 1071 christianis

2108 1124 2231 1166 esse
2281 1111 2519 1166 infensos
2544 1153 2559 1177 ,
2622 1127 2728 1165 non
2767 1121 3053 1181 propterea
3087 1109 3305 1180 quidem
3341 1107 3481 1179 quod
3532 1107 3700 1163 Deum

2109 1205 2532 1275 omnipotentem
2563 1214 2988 1272 venerarentur;
3017 1204 3110 1260 sed
3140 1205 3262 1276 quia
3300 1204 3571 1259 hominem
3606 1220 3705 1257 na-

2109 1309 2242 1362 tum,
2264 1294 2447 1353 infami
2470 1300 2645 1353 crucis
2673 1299 2938 1369 supplicio
2966 1298 3369 1368 interemptum,
3396 1297 3561 1351 Deum
3581 1311 3704 1351 esse

2106 1391 2512 1457 contendentes,
2537 1392 2865 1463 qttotidianis
2895 1407 3017 1447 eum
3049 1390 3536 1462 supplicationibus
3573 1389 3706 1444 ado-

2110 1495 2312 1541 rarent.
2363 1483 2565 1540 Verum
2609 1484 2678 1539 ab
2721 1483 2911 1539 iisdem
2941 1483 3172 1539 ethnicis
3216 1483 3407 1554 quierit
3436 1481 3706 1536 Arnobius

2114 1579 2331 1648 quinam
2374 1577 2449 1631 illi
2498 1579 2607 1632 sint
2631 1577 2726 1643 dii,
2755 1577 2844 1648 qui
2868 1575 3144 1633 Christum
3176 1592 3203 1629 a
3239 1575 3394 1629 nobis
3431 1575 3534 1627 coli
3564 1573 3705 1628 indi-

2113 1687 2218 1741 gne
2273 1670 2537 1727 ferebant.
2583 1669 2701 1725 Non
2758 1670 2946 1737 Janus,
2986 1669 3205 1740 inquit,
3249 1683 3357 1724 non
3406 1667 3707 1738 Saturnus,

407 1776 565 1820 tenus
588 1764 856 1819 inauditos
882 1764 1056 1818 cultus
1085 1765 1137 1818 in
1166 1772 1338 1817 totum
1372 1765 1558 1819 orbem
1576 1776 1837 1819 terrarmn
1858 1764 2006 1817 invc-
2038 1757 2085 1815 B
2113 1764 2315 1830 Fauna,
2338 1764 2481 1818 Bona
2509 1764 2630 1829 dea,
2655 1761 2939 1833 Indigetes,
2965 1760 3332 1832 Esculapius,
3351 1761 3514 1817 Liber
3536 1771 3707 1831 pater,

409 1868 622 1914 xerant.
642 1857 819 1916 Unum
853 1858 1051 1929 quippe
1074 1874 1137 1912 ac
1161 1874 1347 1913 verum
1376 1859 1566 1925 Deum,
1588 1874 1875 1928 rerumque
1895 1873 2012 1912 om-

411 1951 558 2005 nium
598 1950 909 2016 dominum,
942 1951 1158 2005 intimas
1203 1951 1381 2005 cordis
1436 1951 1607 2006 nostri
1654 1950 2011 2021 cogitationes

409 2052 847 2116 cognoscentem,
881 2056 1229 2107 venerantur,
1269 2044 1476 2111 colunt,
1509 2043 1758 2113 diligunt,
1791 2053 1845 2099 et
1877 2058 2012 2114 quo-

411 2140 543 2196 tidie
570 2139 843 2196 invocant.
869 2139 971 2206 Qui
997 2153 1127 2193 vero
1150 2138 1309 2207 hujus
1347 2139 1461 2195 veri
1489 2139 1583 2194 Dei
1616 2139 1821 2194 cultum
1853 2139 2010 2193 dam-

409 2242 524 2297 nat,
559 2234 604 2287 is
646 2233 763 2288 sive
799 2231 1027 2302 Jupiter,
1055 2230 1169 2286 sive
1207 2231 1418 2301 Apollo,
1469 2238 1560 2285 aut
1600 2230 1735 2284 alius
1758 2230 1967 2286 dicatur
1992 2274 2005 2298 ,

412 2324 508 2380 Dei
552 2338 749 2379 nomen
798 2339 902 2378 non
948 2330 1203 2378 meretur.
1236 2322 1341 2378 Sed
1370 2323 1492 2393 quia
1529 2332 1740 2393 tempus
1768 2321 2008 2377 nondum

412 2424 529 2471 erat
551 2416 851 2484 patefacere
880 2415 1097 2483 quinam
1132 2414 1183 2469 bi
1215 2415 1415 2484 aliique
1447 2416 1727 2486 gentilium
1751 2414 1824 2470 dii
1861 2415 1971 2470 sint
1994 2456 2011 2477 .

415 2508 487 2563 ibi
533 2523 724 2565 auctor
765 2519 950 2565 noster
979 2510 1155 2580 palam
1198 2510 1483 2581 profitetur
1514 2510 1653 2567 hanc
1690 2526 1813 2566 esse
1847 2492 2012 2565 totius

412 2603 722 2659 christiana:
747 2602 1023 2674 religionis
1061 2618 1348 2658 summam.
1390 2603 1556 2659 Deum
1584 2603 1732 2658 illum
1747 2619 1930 2659 verum
1960 2612 2017 2658 et

416 2696 656 2761 unicum,
715 2697 852 2751 sicut
906 2695 1155 2750 Christus
1195 2694 1397 2761 docuit,
1446 2696 1629 2751 animo
1666 2696 1919 2759 sincero,
1953 2709 2016 2749 ac

412 2800 684 2859 prostrato
698 2804 925 2860 corpore
938 2790 1137 2857 colere,
1156 2789 1726 2862 adorare,collatisque
1742 2790 2012 2861 precibus,

412 2886 481 2941 ab
506 2886 599 2941 illo
621 2885 915 2955 deposcere
949 2900 1075 2940 vera
1106 2885 1269 2951 bona,
1297 2894 1351 2940 et
1375 2885 1639 2949 honesta,
1675 2901 1738 2940 ac
1765 2886 2016 2939 vitmtno-

412 2995 643 3050 rumque
673 2980 1054 3034 innocentiam.
1082 2978 1214 3047 Quis
1256 2989 1433 3034 autem
1466 2978 1673 3034 inlicias
1717 2979 1871 3034 iverit
1906 2994 2017 3033 tne-

2113 1858 2431 1925 Mercnrins,
2460 1858 2646 1924 Diana,
2678 1857 2894 1927 Apollo,
2932 1855 3134 1921 Venus,
3152 1855 3340 1921 Ceres,
3363 1855 3707 1924 Proserpina,

2115 1951 2642 2019 Hercttles,"l‘itanes
2667 1993 2683 2017 ,
2717 1950 2975 2016 Bocores,
3005 1949 3139 2019 Apis
3180 1963 3277 2004 seu
3305 1947 3544 2019 Serapis,
3568 1946 3709 2014 Isis,

2116 2056 2170 2100 et
2198 2044 2327 2116 Opis
2368 2043 2479 2109 lilii,
2507 2058 2644 2113 quos
2683 2041 2924 2097 humano
2952 2056 3104 2097 more
3133 2041 3365 2111 genitos,
3402 2056 3509 2094 non
3544 2054 3705 2095 secus

2113 2148 2274 2211 atque
2306 2140 2439 2194 alios
2487 2140 2729 2194 homines
2771 2138 3002 2202 vixisse,
3042 2145 3098 2191 et
3139 2146 3380 2190 mortuos
3408 2150 3530 2191 esse
3556 2135 3699 2189 anti-

2113 2234 2386 2304 quissimae
2420 2232 2702 2304 gentilium
2760 2231 3003 2286 Itislorizc
3040 2229 3418 2299 prodiderunt.
3448 2227 3719 2300 Nmnqnid

2116 2327 2260 2381 enim
2289 2325 2574 2380 voluerunt
2605 2339 2666 2380 se
2708 2323 2777 2379 ab
2803 2322 3040 2379 ethnicis
3067 2322 3197 2388 coli,
3224 2337 3286 2377 ac
3317 2322 3555 2392 pristina:
3584 2336 3721 2376 con-

2117 2420 2338 2477 ditionis
2365 2435 2481 2475 sua:
2503 2419 2872 2485 immemores,
2900 2418 3229 2475 christianos
3248 2414 3518 2471 Christum
3538 2416 3723 2471 colen-

2120 2523 2203 2569 tes
2233 2514 2351 2568 sine
2377 2513 2629 2567 maximis
2659 2514 2752 2566 ira:
2782 2510 3020 2567 motibus
3052 2509 3196 2566 ferre
3228 2525 3335 2564 non
3363 2507 3688 2565 valuerunt?

2193 2607 2297 2663 Fas
2324 2623 2453 2663 vero
2477 2607 2521 2662 si
2553 2606 2783 2663 ethnicis
2814 2605 2913 2660 fuit
2933 2605 3198 2676 quosdam
3222 2603 3279 2659 in
3309 2602 3534 2660 deorum
3559 2617 3724 2673 prop.

2125 2711 2209 2757 ter
2247 2702 2438 2757 collata
2465 2701 2588 2767 sibi,
2625 2711 2685 2756 ut
2720 2702 2862 2771 putat
2884 2709 3012 2765 ant,
3042 2698 3302 2756 beneficia
3336 2713 3618 2753 numerum
3653 2712 3728 2753 re-

2130 2799 2294 2863 ferre,
2324 2798 2576 2853 Liberum
2609 2796 2818 2851 scilicet
2852 2803 3074 2865 propter
3093 2794 3226 2856 vini,
3251 2792 3507 2848 Cererem
3531 2792 3686 2862 panis
3711 2832 3727 2859 ,

2124 2891 2497 2963 IEsculapium
2542 2890 2866 2955 herbarum,
2904 2888 3199 2945 Minervam
3248 2886 3407 2956 oleae,
3449 2885 3725 2957 Triptole-

2122 2999 2270 3039 mum
2305 2983 2469 3039 aratri
2519 2982 2908 3046 inventionem,
2941 2990 3104 3051 atque
3146 2978 3435 3035 Herculem
3459 3020 3474 3045 ,
3509 2988 3732 3049 propter

414 3073 603 3128 liorem
630 3086 752 3128 esse
796 3071 988 3127 horum
1025 3088 1261 3138 causam,
1298 3088 1457 3143 quam
1488 3086 1697 3135 eorum,
1721 3071 1811 3141 qui
1834 3069 2012 3125 Cran-
2041 3074 2087 3137 Ο
2120 3074 2329 3131 devicta
2363 3083 2641 3139 monstra;
2668 3081 2870 3144 quanto
2918 3072 3089 3143 magis
3117 3068 3366 3127 Christus
3401 3071 3587 3125 divino
3631 3069 3732 3124 lto-

416 3163 589 3230 dules,
626 3166 754 3221 Aios
792 3165 1069 3231 Locutius,
1109 3165 1441 3221 Litnentinos
1467 3208 1481 3234 ,
1511 3164 1749 3230 Faunos,
1772 3165 1971 3220 Fatnas
2000 3205 2017 3231 ,

414 3257 602 3329 genios
627 3256 899 3312 civitatum
923 3298 936 3321 ,
980 3258 1201 3322 Pausos,
1230 3257 1478 3312 Bellonas
1512 3258 1739 3313 adorant
1770 3272 1833 3312 ac
1860 3270 2017 3311 reve-

413 3349 640 3406 rentur?
672 3348 1052 3403 Vcrumtamen
1086 3348 1160 3402 dii
1198 3348 1296 3403 hos
1324 3348 1542 3419 impune
1572 3347 1774 3412 ferunt,
1804 3347 2020 3402 sinunt-

413 3460 522 3515 que
551 3442 758 3513 publica
780 3442 973 3498 scortis
999 3452 1053 3498 et
1080 3443 1455 3498 meretricibus
1473 3457 1624 3498 sacra
1654 3443 1790 3507 ﬁeri,
1821 3442 2023 3513 magni-

415 3537 517 3592 ﬁca
544 3536 756 3604 felibus,
785 3535 1101 3601 scarabteis,
1121 3546 1176 3591 et
1208 3536 1415 3591 buculis
1444 3535 1771 3590 exaedificari
1795 3540 2019 3607 templa,

417 3644 541 3686 cum
563 3629 644 3684 ira
684 3629 740 3683 in
779 3628 1105 3683 christianos
1145 3627 1367 3697 perciti,
1405 3627 1657 3683 inhibent
1701 3644 1768 3684 ne
1809 3631 1876 3684 ab
1915 3632 2021 3687 illis

422 3736 668 3778 summus
698 3721 953 3777 adoretur
984 3720 1170 3787 Pater,
1213 3736 1241 3773 a
1276 3736 1382 3791 quo
1410 3721 1487 3775 illi
1510 3722 1725 3791 ipsimet
1740 3723 2020 3793 gentilium

417 3812 493 3868 dii
519 3814 763 3883 accipere
792 3811 1095 3868 debuerant
1124 3813 1383 3882 quidquid
1417 3813 1669 3880 numinis,
1702 3818 1981 3886 potestatis
2006 3860 2022 3885 ,

420 3904 841 3961 immortalitatis
861 3904 1059 3960 habere
1082 3904 1394 3959 creduntur.
1795 3914 1799 3918 '

493 3998 601 4055 Sed
641 4007 698 4052 ut
736 3998 789 4053 id
820 3996 1157 4052 manifestius
1190 4006 1400 4068 pateat,
1429 4013 1495 4053 ex
1521 3997 1801 4056 effectibus
1836 4001 2015 4057 Arno-

421 4093 544 4150 bius
567 4094 778 4164 probat,
807 4092 955 4147 illum
996 4107 1183 4148 verum
1218 4092 1382 4148 Deum
1424 4108 1603 4147 rerum
1634 4095 1873 4150 omnium
1895 4111 2021 4152 esse

424 4186 700 4257 opificem,
732 4185 1003 4254 Apolline,
1030 4183 1319 4251 Mercurio,
1343 4194 1398 4238 et
1427 4183 1548 4239 aliis
1567 4226 1583 4252 ,
1614 4186 1862 4241 omnibus
1884 4186 2021 4241 licti-

420 4278 514 4331 tiis
554 4276 866 4331 numinibus
903 4275 1299 4344 antiquiorem,
1341 4274 1632 4345 infinitum,
1675 4278 1969 4349 ingenitum
2002 4321 2016 4345 ,

423 4374 784 4432 immortalem
808 4413 825 4440 ,
866 4384 1152 4439 mternum,
1203 4374 1459 4444 nulloque
1484 4374 1625 4440 loco,
1653 4384 1707 4429 et
1736 4375 1880 4428 nulla
1901 4389 2026 4428 cor-

423 4484 591 4539 porca
607 4467 1270 4537 forma-circumscriptum.
1291 4468 1629 4537 Quapropter
1642 4467 1797 4522 sicuti
1824 4467 2019 4522 mirum

425 4577 535 4618 non
563 4571 667 4623 est,
704 4560 751 4618 si
774 4561 917 4632 quis,
943 4562 1138 4630 qualis,
1169 4570 1509 4631 quantusque
1538 4560 1609 4616 sit
1634 4561 1929 4631 ignoretur,
1949 4561 2021 4614 ita

426 4670 653 4710 summae
696 4654 984 4709 dementia:
1008 4662 1094 4708 est
1132 4654 1184 4708 in
1230 4653 1449 4709 dubium
1487 4668 1682 4709 vocare
1713 4663 1889 4709 utrum
1931 4653 2023 4708 ille

428 4762 618 4803 revera
639 4744 856 4801 existat.
881 4743 999 4798 Non
1026 4743 1316 4800 defuerunt
1342 4755 1520 4801 tamen
1548 4745 1852 4817 philosophi
1880 4787 1896 4812 ,
1928 4745 2021 4816 qui

426 4853 521 4898 aut
547 4841 677 4896 illud
708 4850 1041 4911 negaverunt
1061 4881 1076 4907 ,
1134 4850 1225 4895 aut
1258 4855 1473 4910 semper
1499 4841 1900 4911 exquisierunt,
1932 4840 2018 4895 vel

427 4937 520 5009 qui
585 4936 821 4992 fortuitis
866 4934 1079 4991 casibus
1130 4943 1540 5005 atomorumque
1574 4935 2022 4990 concursionibus

427 5029 607 5084 omnia
636 5029 888 5084 fabricata
930 5026 1096 5083 fuisse
1146 5028 1525 5096 opinabantur.
1558 5027 1663 5083 Sed
1691 5042 1813 5083 cum
1844 5027 2023 5083 stultis

426 5120 830 5178 adsertionibus
874 5118 1249 5175 contradicere
1292 5119 1510 5187 ntajoris
1545 5119 1787 5174 stultitiae
1832 5119 1923 5186 sit,
1955 5133 2021 5173 ea

422 5222 646 5284 propter
674 5210 965 5276 Arnobius,
996 5212 1079 5267 his
1110 5211 1511 5282 prmtertnissis,
1530 5210 1748 5267 cuilibet
1771 5226 1801 5263 a
1830 5199 2020 5266 natura

424 5307 649 5362 insitum
678 5319 800 5360 esse
828 5302 1069 5371 adserit;
1105 5315 1162 5359 ut
1193 5304 1336 5360 hunc
1364 5313 1623 5375 agnoscat
1662 5320 1844 5375 regem
1876 5320 2026 5359 sum-

434 5412 624 5461 mum,
666 5405 719 5451 et
758 5397 999 5450 omnium
1041 5397 1455 5453 moderatorem.
1487 5396 1627 5465 Quin
1672 5398 1839 5453 immo
1881 5397 2024 5453 haud

424 5489 740 5545 dubitanter
764 5486 1049 5543 adseverat
1083 5487 1228 5554 fore,
1256 5498 1314 5543 ut
1339 5490 1588 5544 animalia
1616 5500 1670 5546 et
1707 5503 1839 5544 saxa
1870 5490 2027 5560 ipsa,

434 5583 479 5637 si
525 5582 663 5637 forte
691 5582 1060 5652 loquerentur,
1093 5582 1146 5636 id
1175 5593 1361 5651 aperte
1392 5582 1675 5654 palamque
1700 5584 2025 5645 clamarent,

432 5674 656 5731 Frustra
700 5676 862 5747 igitur
888 5674 1093 5731 ethnici
1120 5674 1311 5732 .lovem
1341 5691 1610 5733 summum
1638 5676 1798 5735 deum
1824 5677 2020 5748 praedi-

424 5777 567 5851 cant.
597 5769 1082 5845 Sommus~etenim
1116 5768 1253 5825 Deus
1285 5769 1553 5839 ingenitus
1578 5779 1885 5829 etaeternus
1910 5780 2016 5830 est.

2126 3158 2261 3223 nore
2304 3167 2374 3222 ab
2427 3165 2737 3221 hominibus
2788 3163 3067 3220 habendus
3115 3171 3231 3227 est,
3278 3161 3368 3233 qui
3414 3161 3519 3215 illis
3573 3160 3732 3229 longe

2134 3259 2338 3333 majora
2370 3272 2419 3316 et
2456 3260 2665 3315 infinita
2711 3257 3173 3314 abundantissime
3192 3255 3421 3312 contulit
3448 3297 3463 3320 ,
3490 3255 3581 3326 qui
3605 3260 3732 3310 vera

2130 3355 2223 3410 Dei
2251 3353 2559 3423 cognitione
2597 3365 2696 3406 nos
2746 3350 3071 3415 imbuendo,
3122 3348 3436 3420 superbiam
3478 3355 3720 3403 nostram

2127 3446 2447 3514 frangendo,
2478 3461 2505 3498 a
2535 3445 2687 3500 falsis
2716 3443 3087 3513 opinionibus,
3121 3452 3283 3513 atque
3312 3441 3477 3513 impio
3505 3441 3731 3497 deorum

2134 3540 2279 3595 cultu
2310 3539 2375 3594 ad
2395 3554 2575 3594 veram
2598 3580 2613 3604 ,
2640 3538 2714 3591 uti
2744 3537 2860 3607 ipse
2889 3534 3165 3591 Arnobius
3190 3534 3418 3590 salutari
3443 3533 3734 3604 experienv-

2126 3634 2198 3688 tia
2230 3644 2474 3697 noverat,
2512 3631 2830 3702 religionem
2871 3629 3152 3685 traduxit?

2200 3729 2271 3782 At
2296 3727 2385 3781 ille
2404 3768 2419 3793 ,
2454 3725 2768 3795 inquiebant
2793 3722 3019 3787 ethnici,
3047 3723 3227 3778 crucis
3260 3722 3502 3793 patibulo
3527 3720 3725 3777 affixus

2126 3820 2352 3876 interiit.
2388 3818 2529 3887 Quid
2572 3816 2730 3873 inde?
2774 3816 2892 3872 Non
2937 3816 3079 3871 enim
3120 3830 3266 3871 mors
3296 3814 3535 3883 Christi,
3573 3813 3736 3870 sicuti

2128 3927 2230 3966 nec
2263 3910 2605 3983 Pythagorae,
2637 3924 2738 3963 nec
2765 3908 3037 3974 Socratis,
3063 3907 3276 3963 illorum
3295 3907 3556 3963 doctrina:
3575 3922 3736 3978 egre-

2126 4007 2333 4077 giisque
2362 4004 2515 4060 factis
2543 4004 2714 4059 ullum
2743 4003 2923 4058 attulit
2966 4002 3374 4058 detrimentum.
3398 4001 3537 4070 Quid
3578 4015 3734 4067 vero,

2132 4099 2274 4171 quod
2305 4098 2448 4154 nulla
2479 4098 2668 4154 mortis
2696 4096 2913 4151 infamia
2948 4096 3213 4151 innocens
3244 4094 3409 4150 homo
3429 4136 3445 4158 .
3468 4094 3734 4165 quemad-

2131 4192 2350 4247 modum
2394 4189 2664 4260 Aquilius,
2702 4188 3027 4255 Trebonius,
3075 4198 3131 4242 et
3160 4186 3401 4259 Regulus
3445 4186 3585 4241 inuri
3622 4199 3736 4240 um-

2131 4298 2289 4355 quam
2339 4280 2717 4352 potest?Quid
2753 4280 2974 4350 insuper
2996 4278 3251 4335 irrisione
3299 4279 3470 4350 magis
3510 4279 3732 4350 dignum

2134 4378 2235 4432 hac
2269 4375 2736 4444 argumentatione
2764 4373 3067 4445 gentilium,
3108 4374 3200 4442 qui
3237 4372 3493 4427 Liberum
3526 4382 3732 4441 patrem

2132 4486 2163 4524 a
2187 4467 2464 4523 Titanibus
2479 4467 2823 4521 membratim
2846 4464 3205 4534 discerptum.
3235 4463 3606 4534 Esculapium
3634 4464 3735 4518 ful-

2129 4564 2275 4619 mine
2301 4559 2624 4632 perculsum,
2653 4560 2936 4615 Herculem
2966 4558 3145 4613 vivum
3172 4560 3534 4620 combustum,
3566 4559 3728 4627 Atym

2130 4656 2453 4721 abscissum,
2478 4654 2765 4710 Romulum
2796 4669 2827 4708 a
2857 4654 3204 4709 senatoribus
3219 4654 3483 4717 occisum,
3510 4667 3734 4724 supers-

2133 4750 2315 4805 titioso
2339 4748 2483 4805 cultu
2514 4747 2904 4816 :edtlicatisque
2935 4746 3149 4816 templis
3174 4744 3554 4801 honorabant?

2201 4843 2447 4898 Christus
2475 4855 2636 4911 porro
2662 4856 2693 4895 a
2721 4854 2935 4895 summo
2976 4840 3122 4910 Rege
3147 4838 3214 4894 ad
3252 4854 3352 4894 nos
3384 4839 3583 4894 missus
3604 4878 3617 4904 ,
3650 4838 3735 4893 in-
3761 4857 3767 4860 ν

2131 4936 2371 4991 numeris
2395 4974 2411 5002 ,
2469 4948 2590 5004 qua:
2618 4933 2885 5003 patravit,
2915 4931 3191 4987 miraculis
3223 4941 3333 4986 tam
3363 4940 3537 4995 certo,
3568 4946 3731 5002 quam

2127 5028 2409 5083 evidenter
2434 5040 2596 5081 verus
2625 5039 2749 5081 esse
2782 5025 2922 5080 Deus
2945 5024 3350 5094 comprobatur.
3383 5023 3569 5095 Neque
3585 5025 3733 5080 enim

2130 5122 2335 5193 magica
2362 5121 2558 5175 virtute
2583 5159 2600 5184 ,
2634 5119 2711 5174 uti
2739 5118 2960 5189 quidam
3006 5116 3473 5186 impudentissime
3511 5118 3736 5173 mentie-

2129 5213 2347 5279 bantur,
2386 5227 2450 5268 ea
2479 5212 2735 5282 perfecit;
2767 5209 2859 5281 qui
2908 5211 3027 5265 solo
3070 5224 3171 5263 suo
3211 5209 3378 5265 verbo
3413 5217 3467 5264 et
3516 5209 3734 5264 nomine

2131 5306 2388 5379 quaelibet
2401 5305 2714 5361 morborum
2738 5316 2936 5375 genere
2960 5302 3191 5361 sanavit.
3211 5299 3410 5372 fugavit
3426 5301 3730 5365 datmonas,

2136 5412 2424 5454 ventorum
2467 5397 2937 5468 procellarumque
2988 5393 3198 5449 sedavit
3250 5394 3493 5450 turbines
3518 5433 3535 5460 ,
3586 5393 3735 5449 sicco

2135 5494 2276 5566 pede
2306 5510 2455 5549 mare.
2483 5493 2748 5558 calcavit,
2809 5490 2944 5545 alios
2971 5505 3138 5560 seque
3181 5491 3354 5560 ipsum
3395 5490 3676 5545 suscitavit
3700 5504 3731 5544 a

2134 5586 2386 5651 mortuis,
2411 5600 2475 5641 ac
2502 5594 2686 5656 postea
2717 5581 2965 5654 plurimis
2993 5597 3114 5639 sese
3142 5583 3371 5653 praebuit
3396 5580 3690 5636 videndum
3716 5597 3731 5647 ;

2128 5679 2226 5751 qui
2246 5678 2397 5734 dedit
2414 5677 2693 5750 discipulis
2730 5675 2975 5732 omnium
3007 5676 3227 5747 linguis,
3256 5674 3419 5731 etiam
3448 5674 3549 5730 sibi
3581 5673 3740 5728 inco-

2124 5771 2315 5845 gnitis,
2346 5770 2601 5842 loquendi
2627 5768 2978 5836 facultatem;
3006 5769 3100 5841 qui
3125 5778 3295 5826 totum
3318 5766 3581 5825 mundum
3599 5766 3761 5825 doc--
