4020 6072
304 128 403 186 569

1533 127 1601 184 IN
1640 127 2030 200 ARNOBIUM,
2069 133 2223 190 CAP.
2268 135 2307 193 l.

3487 144 3596 201 570

295 244 439 301 trina
467 257 566 300 sua
593 251 816 314 repente
857 244 1184 315 complevit;
1216 245 1305 316 qui
1335 245 1547 302 vatibus
1573 253 1629 301 et
1650 244 1897 317 haruspi-
1927 249 1979 308 Α
2004 249 2293 319 antiquitas
2337 261 2415 307 tot
2462 262 2838 326 tantorumque
2865 272 3113 314 errorum
3159 269 3214 315 et
3253 259 3552 317 fabularum
3575 301 3594 331 ,

294 338 450 395 cibus
474 339 747 393 silentium
789 336 1067 408 imposuit,
1098 354 1160 394 ac
1188 354 1467 410 tnagorum
1503 340 1717 411 penitus
1744 354 1895 395 com-

294 434 494 491 minuit
515 433 902 504 arrogantiam.

368 531 553 603 Neque
590 531 676 585 his
717 533 919 603 opponi
950 542 1198 602 poterant
1220 543 1424 590 curatae
1453 535 1521 590 ab
1551 533 1892 592 ethnicorum

295 625 405 681 diis
426 626 649 680 infirma:
673 626 1055 682 nonnullorum
1081 626 1360 682 hominum
1386 628 1739 684 valetudines.
1757 628 1893 683 Nam

296 716 401 772 hoc
450 718 666 773 interim
721 719 890 790 gratis
922 718 1071 783 dato,
1101 730 1311 776 certum
1339 730 1460 775 erat
1508 736 1536 774 a
1580 722 1729 777 nullo
1772 737 1891 776 um-

291 831 451 887 quam
476 815 753 888 gentilium
786 816 907 883 duo,
940 817 1097 872 sicuti
1138 833 1166 869 a
1200 817 1438 882 Christo,
1467 817 1628 888 :rgris
1660 818 1892 873 homini-

292 908 414 975 bus,
449 909 562 963 sola
600 907 837 963 adhibita
890 925 1053 964 manu
1087 919 1180 964 aut
1205 924 1359 976 voce,
1395 909 1658 965 redditam
1690 910 1891 965 Sanita-

290 1010 423 1058 tem.
456 1001 635 1057 Gratis
658 1002 819 1057 etiam
846 1002 1115 1059 Arnobius
1141 1002 1388 1058 concedit
1407 1002 1524 1057 ﬁeri
1555 1003 1815 1073 pomisse,
1835 1011 1892 1059 ut

289 1093 426 1150 deus
451 1095 648 1165 aliquis
677 1110 841 1149 unum
872 1104 958 1149 aut
988 1095 1217 1150 alterum
1252 1111 1451 1167 aegrum
1483 1094 1755 1150 hominem
1774 1095 1890 1166 qui-

287 1186 513 1242 busdam
545 1186 952 1243 medicamentis
982 1188 1271 1243 sanaverit.
1309 1189 1377 1241 At
1426 1188 1591 1243 multa
1619 1230 1634 1253 ,
1670 1189 1885 1258 inquit,

288 1288 416 1334 sunt
464 1278 628 1333 millia
669 1278 971 1345 hominum,
1002 1281 1091 1349 qui
1119 1281 1220 1335 etsi
1251 1285 1305 1335 itt
1349 1281 1562 1349 templis
1587 1281 1887 1350 saepissime

288 1373 544 1441 prostrati
577 1370 947 1442 Esculapium
976 1372 1219 1444 aliosque
1249 1372 1382 1428 deos
1413 1374 1611 1443 smpius
1638 1373 1887 1444 repetitis

285 1464 540 1533 precibus
568 1473 623 1518 et
650 1463 789 1518 votis
830 1465 1203 1535 fatigaverint;
1248 1464 1453 1519 nullum
1483 1474 1659 1520 tamen
1695 1482 1761 1521 ne
1787 1466 1887 1520 mi-

1999 344 2191 414 quibus
2216 347 2529 404 earumdem
2558 350 2842 421 gentilium
2878 350 3003 407 libti
3028 363 3257 421 scatent,
3293 365 3463 410 mater
3487 371 3595 410 nuit

1999 436 2198 493 fuerit?
2225 439 2361 508 Quid
2393 456 2547 502 vero,
2576 442 2719 513 quod
2753 442 2955 498 falsitas
2999 444 3157 515 longe
3199 445 3404 502 facilius
3433 447 3486 502 in
3514 462 3598 504 re-

1998 531 2332 586 centioribus
2360 535 2576 605 smiptis
2604 552 2765 607 quam
2798 536 2851 591 in
2881 537 3293 609 antiquissimis,
3319 551 3496 612 potest
3527 544 3597 601 ab

1996 626 2247 681 omnibus
2277 626 2651 698 deprehendi?

2068 720 2337 775 Instabam
2370 722 2570 778 ethnici
2605 723 2771 779 libros
2810 725 3225 782 Christianorum
3256 728 3325 784 ab
3363 729 3597 785 indoctis

1996 811 2305 867 hominibus
2336 813 2453 868 rudi
2480 814 2833 887 impoliteque
2861 831 3112 874 sermone
3133 832 3403 883 exaratos,
3433 821 3599 878 soloe-

1995 905 2177 960 cismis
2203 916 2257 961 et
2284 907 2633 963 barbarismis
2662 911 2860 981 ubique
2887 910 3023 966 ftede
3047 912 3405 981 coinquinari.
3438 913 3619 985 Esto”

1995 998 2286 1069 reSpondct
2316 1001 2605 1055 Arnobius.
2638 1001 2806 1071 Major
2838 1003 3080 1073 profecto
3108 1007 3187 1061 eis
3219 1007 3353 1061 lides
3389 1007 3594 1065 idcirco

1995 1093 2242 1149 habenda
2284 1103 2400 1157 est;
2448 1096 2572 1166 quia
2622 1112 2649 1150 a
2698 1107 2881 1153 mente
2928 1099 3195 1165 simplici,
3245 1111 3297 1154 ct
3341 1101 3594 1158 lenocinii

1991 1186 2175 1256 ignara
2194 1230 2208 1253 ,
2246 1187 2576 1257 prodierunt.
2608 1189 2886 1246 Sermonis
2915 1192 3058 1246 enim
3088 1192 3349 1262 elegantis
3378 1203 3430 1248 et
3463 1195 3595 1265 poli-

1993 1278 2142 1334 tioris
2171 1280 2364 1333 faniam
2383 1321 2398 1343 ,
2432 1297 2717 1350 pompam,
2750 1292 2913 1353 atque
2939 1296 3255 1339 ornamenta
3284 1283 3400 1339 foro
3425 1286 3595 1341 relin-

1989 1373 2218 1444 quenda,
2246 1375 2440 1428 veritas
2469 1389 2573 1429 non
2602 1385 2859 1430 sectatur.
2887 1376 3089 1432 Deinde
3118 1376 3233 1432 haec
3255 1377 3369 1447 ipsa
3393 1378 3593 1434 veritas

1991 1465 2131 1520 inter
2160 1466 2429 1521 sermonis
2451 1467 2598 1533 vitia,
2629 1468 2770 1523 sicut
2801 1468 2975 1524 bonus
3002 1468 3143 1524 inter
3170 1484 3369 1539 vepres
3395 1478 3448 1525 et
3477 1472 3592 1541 Spi-

285 1557 491 1610 nimnm
534 1555 750 1625 quidem
787 1556 1090 1611 invenerint
1127 1557 1524 1623 levamentum,
1561 1560 1688 1631 quin
1721 1559 1887 1616 immo
1916 1575 1965 1635 Β
1994 1572 2088 1611 nas
2118 1556 2324 1612 fructus
2345 1598 2362 1623 ,
2403 1558 2623 1629 prodest
2654 1573 2869 1626 semper
2909 1558 3132 1614 homini.
3176 1559 3255 1614 Ad
3286 1560 3401 1615 haac
3426 1575 3590 1626 vero,

283 1648 443 1719 pejus
472 1647 634 1702 etiam
666 1658 851 1720 postea
884 1664 944 1705 se
974 1648 1277 1705 habuerint.

356 1740 539 1811 Neque
556 1741 755 1811 patitur
784 1739 886 1795 sibi
915 1740 984 1795 ab
1011 1740 1120 1796 alio
1145 1742 1329 1810 gentili
1359 1742 1522 1812 objici
1558 1743 1686 1799 ferri
1728 1759 1756 1798 a
1782 1745 1886 1801 diis

282 1848 441 1902 opem
477 1848 582 1886 non
617 1831 772 1887 malis
801 1832 1040 1903 quidem,
1084 1833 1179 1888 scd
1218 1814 1377 1889 bonis
1408 1835 1616 1904 piisque
1655 1836 1885 1892 homini-

286 1924 410 1978 hns.
444 1921 690 1977 Christus
731 1925 998 1994 siquidem
1048 1925 1205 1979 malis
1230 1926 1480 1981 omnibus
1516 1928 1797 1998 mqttaliter
1822 1944 1886 1985 ac

283 2016 443 2070 bonis
493 2017 777 2072 succurrit.
828 2016 1030 2073 Deinde
1090 2033 1221 2073 vero
1265 2019 1310 2073 si
1346 2018 1419 2075 dii
1471 2019 1627 2075 bonis
1676 2031 1883 2078 tantum

282 2113 481 2167 auxilio
508 2111 743 2179 fuerunt,
775 2113 827 2167 id
857 2128 962 2167 non
989 2112 1185 2168 divina:
1213 2115 1422 2182 virtuti,
1454 2115 1549 2170 scd
1592 2116 1747 2172 alicui
1776 2118 1883 2174 fur-

285 2208 420 2259 tuito
448 2206 596 2261 casui
624 2209 727 2260 erit
759 2206 943 2275 procul
961 2205 1125 2261 dubio
1146 2205 1511 2263 tribuendum.

360 2296 495 2352 Vera
538 2310 718 2353 autem
754 2312 877 2353 esse
915 2297 1113 2353 Christi
1156 2300 1417 2355 miracula
1461 2309 1649 2357 auctor
1693 2311 1878 2359 noster

282 2390 460 2449 adhuc
503 2392 739 2448 ostendit
790 2408 856 2449 ex
898 2376 1255 2464 illa‘prorsus
1303 2395 1533 2450 mirabili
1582 2405 1875 2465 potestate,

282 2500 448 2556 quam
474 2484 622 2540 dedit
650 2486 812 2541 etiam
843 2484 1043 2540 iullmte
1076 2484 1250 2555 plebis
1289 2486 1614 2550 hominibus,
1648 2489 1877 2558 piscato-

280 2579 454 2645 ribus,
483 2578 783 2648 opifirtbus,
809 2579 1092 2635 rusticanis
1125 2580 1379 2650 qumlibet
1415 2580 1533 2636 solo
1572 2582 1741 2652 ipsius
1779 2598 1879 2639 no-

279 2676 429 2729 mine
452 2676 686 2745 prodigia
710 2675 921 2730 edendi.
954 2674 1069 2729 Non
1102 2675 1244 2728 enim
1272 2674 1501 2745 Jupiter,
1529 2691 1627 2733 nec
1649 2676 1879 2733 Zoroas-

280 2776 415 2823 tres.
445 2769 754 2834 Armenius,
782 2767 1117 2839 Pamphilus,
1157 2767 1497 2839 Apollonius,
1540 2768 1874 2840 Damigerus,

279 2861 583 2926 Dardanus,
610 2860 791 2921 Vetus,
815 2859 1082 2927 Julianus,
1110 2860 1362 2928 Bebulus,
1386 2872 1476 2915 aut
1501 2861 1722 2933 quilibet
1740 2863 1878 2918 alius

1985 1668 2106 1708 cum
2135 1652 2203 1708 de
2231 1653 2394 1708 rebus
2438 1653 2506 1708 ab
2535 1654 2897 1709 ostentatione
2923 1654 3190 1709 submotis
3218 1653 3395 1723 agitur
3413 1695 3428 1717 ,
3461 1655 3589 1724 quid

1988 1746 2163 1815 reipsa
2184 1787 2198 1808 ,
2232 1760 2337 1801 non
2368 1744 2639 1816 quomodo
2674 1747 2913 1811 dicatur,
2945 1747 3180 1816 spectari
3222 1746 3402 1801 debet.
3435 1747 3586 1816 Qua-

1988 1838 2230 1893 mobrem
2276 1837 2520 1893 nonnulli
2556 1838 2832 1907 sapientia:
2862 1837 3066 1901 dediti,
3113 1838 3321 1892 tametsi
3366 1854 3498 1910 pure
3525 1849 3584 1894 et

1990 1943 2181 1988 ornate
2209 1932 2354 2003 loqui
2382 1933 2685 2002 potuerint;
2716 1948 2930 1987 omnem
2962 1941 3140 1988 tamen
3173 1933 3438 1989 sermonis
3468 1935 3588 1989 cul-

1991 2037 2103 2080 tum
2152 2026 2475 2094 rejecerunt.
2509 2026 2748 2097 Denique
2790 2026 2971 2081 nullus
2998 2040 3180 2082 sermo
3221 2036 3414 2082 natura
3454 2042 3585 2092 sua,

1988 2119 2065 2174 ttti
2096 2120 2286 2187 probat
2319 2120 2621 2185 Arnobius,
2658 2119 2755 2175 sed
2794 2120 3073 2175 hominum
3113 2117 3393 2174 dumtaxat
3422 2119 3588 2176 bene-

1894 2227 1907 2239 ’
1986 2213 2183 2284 placito
2215 2224 2298 2268 est
2329 2214 2570 2269 vitiosus.

2053 2307 2178 2362 Hzec
2206 2322 2367 2377 porro
2387 2305 2584 2361 ethnici
2607 2321 2729 2361 cum
2754 2320 2951 2377 negare
2971 2321 3077 2361 non
3102 2316 3343 2376 possent,
3369 2322 3398 2360 a
3419 2305 3586 2362 chris-

1981 2402 2142 2458 tianis
2171 2400 2513 2471 postulabant
2551 2415 2649 2455 cur
2676 2399 2950 2463 Christus,
2995 2400 3039 2456 si
3074 2400 3214 2455 Deus
3246 2402 3315 2456 sit
3387 2399 3580 2456 huma-

1982 2512 2104 2550 nam
2139 2494 2364 2550 formam
2397 2493 2589 2559 induit,
2620 2502 2673 2548 et
2714 2509 2865 2548 more
2893 2495 3250 2563 interemptus
3279 2502 3362 2547 est
3390 2491 3581 2547 huma-

1985 2586 2096 2643 no?
2131 2588 2221 2641 llis
2252 2587 2524 2643 Arnobius
2566 2586 2719 2641 facile
2759 2585 3039 2649 satisfacit,
3071 2586 3252 2656 aitque
3273 2584 3572 2650 Christum,

1983 2682 2107 2751 quia
2138 2682 2190 2734 in
2219 2679 2533 2751 primigenia
2568 2689 2623 2734 et
2657 2678 2974 2749 incorporea
3020 2692 3113 2731 sua
3160 2684 3349 2731 natura
3375 2692 3405 2731 a
3432 2676 3583 2730 nullo

1984 2789 2237 2844 utnquam
2266 2773 2479 2827 homine
2527 2771 2728 2834 videri,
2763 2786 2861 2825 nec
2892 2771 3025 2826 mori
3058 2769 3257 2840 potuit,
3285 2769 3574 2824 humanam

1983 2869 2183 2926 idcirco
2209 2871 2573 2940 adsumpsisse
2602 2868 2830 2924 formam
2852 2912 2865 2932 ,
2901 2886 3003 2940 qua
3037 2885 3094 2925 se
3122 2869 3201 2924 eis
3227 2869 3560 2938 conspicien-

277 2952 482 3023 aliquid
516 2953 599 3007 his
629 2952 890 3025 prodigiis
929 2952 1106 3008 simile
1147 2952 1349 3019 edidit,
1380 2952 1474 3008 sed
1506 2969 1575 3007 ne
1605 2955 1875 3024 pustulam
1900 3000 1945 3062 Ο
1978 2962 2105 3018 dum
2137 2962 2284 3017 darei
2310 3006 2325 3028 ,
2355 2979 2478 3019 cum
2528 2963 2607 3018 eis
2653 2972 2990 3029 versaretur,
3038 2978 3100 3017 ac
3144 2961 3359 3016 tandem
3393 2972 3578 3032 posset

276 3046 496 3117 quidem
527 3046 662 3117 pari,
689 3062 752 3101 ac
782 3045 1028 3102 Christus
1057 3047 1280 3118 ejusque
1307 3048 1572 3118 discipuli,
1600 3049 1762 3104 modo
1790 3066 1875 3106 sa-

276 3138 444 3194 navit.
485 3138 553 3192 Et
595 3154 724 3194 sane
752 3149 968 3210 quanta:
997 3137 1379 3210 magnitudinis
1415 3150 1469 3195 et
1498 3142 1779 3211 potesttis
1806 3142 1877 3197 sit

277 3232 396 3303 ipse
420 3233 688 3298 Christus,
723 3233 971 3288 sublimis
1001 3242 1056 3288 et
1083 3234 1152 3287 ab
1184 3234 1366 3288 intima
1395 3234 1576 3291 radice
1604 3234 1767 3301 Deus,
1793 3244 1872 3289 ta-

274 3328 438 3382 metsi
469 3327 779 3381 hominibus
804 3327 932 3381 olim
962 3327 1284 3398 incognitus,
1321 3329 1404 3384 vel
1428 3330 1577 3393 solis,
1607 3346 1727 3399 qua:
1752 3330 1871 3401 ipso

275 3419 541 3475 moriente
568 3417 706 3474 facta
727 3429 873 3486 sunt,
898 3419 1170 3476 miraculis
1193 3420 1597 3478 evidentissime
1617 3422 1870 3480 demons-

275 3523 473 3569 tratum
498 3521 602 3568 est.

345 3607 531 3677 Neque
553 3607 804 3664 audiendi
837 3619 993 3665 erant
1028 3611 1255 3680 gentiles
1274 3654 1288 3677 ,
1332 3612 1420 3682 qui
1450 3613 1568 3668 hzuc
1592 3613 1718 3670 falsa
1746 3630 1867 3672 esse

269 3704 602 3759 intolerabili
669 3720 893 3775 prorsus
953 3706 1174 3761 audacia
1242 3707 1607 3765 clamitabant.
1682 3709 1869 3766 Testes

267 3799 551 3853 enimvero
582 3799 987 3869 locupletissimi
1008 3842 1022 3862 ,
1056 3816 1156 3856 nec
1191 3800 1351 3858 facile
1375 3802 1616 3871 creduli,
1651 3820 1712 3859 ea
1738 3819 1866 3875 pos-

268 3893 402 3947 teris
435 3892 790 3959 tradiderunt,
816 3910 933 3959 qua:
958 3894 1058 3947 nisi
1082 3895 1193 3964 ipsa
1219 3893 1338 3950 luce
1360 3894 1590 3952 fuissent
1612 3897 1864 3964 clariora,

264 3988 340 4042 illi
366 3997 518 4042 certe
542 4003 602 4041 ea
627 3987 965 4058 prmdicanda
996 3988 1047 4043 in
1074 4003 1361 4046 commune
1384 3989 1661 4045 hominum
1684 3992 1865 4046 odium

264 4081 441 4136 voluis
471 4091 566 4136 ent
592 4083 759 4150 gratis
785 4083 1082 4139 incurrere.
1116 4084 1179 4138 Et
1204 4098 1336 4139 sane
1371 4085 1416 4141 si
1442 4084 1573 4140 falsa
1611 4084 1717 4140 sint
1751 4086 1866 4141 haec

268 4173 552 4239 miracula,
581 4190 717 4242 qua,
751 4190 965 4245 qua‘so,
998 4174 1140 4230 fatali
1169 4162 1577 4248 desperatione,
1609 4189 1865 4248 certoque

266 4267 463 4336 capitis
494 4267 765 4335 periculo,
802 4284 832 4321 a
854 4266 1052 4323 Christi
1095 4270 1376 4341 discipulis
1406 4271 1673 4341 publicata
1702 4281 1863 4340 sunt,

261 4374 325 4416 ac
348 4359 643 4415 christiana
684 4361 871 4432 religio
907 4361 970 4415 iis
1001 4362 1234 4418 stabilita
1269 4378 1335 4419 ac
1371 4362 1708 4430 conﬁrmata,
1738 4365 1863 4421 bre-

263 4455 490 4509 vissimo
518 4463 759 4523 tempore
790 4456 839 4509 in
873 4465 983 4509 toto
1011 4464 1274 4511 terrarum
1306 4456 1441 4513 orbe
1465 4468 1713 4528 suscepta
1740 4458 1863 4513 est?

335 4546 529 4602 Nullus
570 4561 700 4602 vero
741 4547 846 4602 nisi
885 4547 1270 4603 absurdissima
1299 4548 1481 4604 dicere
1505 4565 1736 4621 unquam
1767 4552 1863 4621 po-

262 4644 367 4696 tuit
409 4639 527 4693 haec
557 4639 747 4693 eadem
789 4639 1045 4694 miracula
1085 4655 1114 4694 a
1162 4639 1519 4710 scriptoribus
1549 4642 1748 4697 nostris
1772 4650 1865 4698 aut

230 4735 463 4804 scripta
524 4731 886 4798 mendaciter,
939 4740 1032 4787 aut
1085 4732 1307 4787 nimium
1374 4743 1680 4803 exagerata.
1743 4733 1859 4790 Non

257 4827 406 4882 enim
450 4825 629 4879 omnia
661 4825 858 4880 litteris
886 4833 941 4880 et
979 4826 1255 4880 memoria:
1296 4826 1705 4890 mandaverant,
1738 4841 1860 4896 qua:

254 4920 512 4978 ethnicos
551 4920 602 4973 in
636 4918 893 4989 majorem
926 4918 1365 4984 admirationem,
1397 4919 1478 4975 vel
1515 4920 1860 4976 incredulita-

258 5021 372 5066 tem
398 5010 668 5066 adducere
693 5019 958 5079 poterant.
983 5010 1182 5082 Siqua:
1208 5025 1340 5066 vero
1362 5012 1559 5081 scripta
1580 5022 1856 5082 corrupta,

259 5116 359 5158 aut
386 5103 688 5158 adulterata
713 5112 1018 5169 occurrant,
1046 5101 1150 5159 hoc
1176 5103 1442 5159 Arnobius
1469 5104 1858 5160 malevolentia:

254 5197 520 5254 adscribit
557 5196 894 5260 dicmonum,
946 5198 1038 5268 qui
1086 5195 1170 5252 his
1208 5197 1681 5267 depravationibus
1730 5212 1858 5254 vere

252 5305 535 5367 gestorum
568 5293 823 5348 volebant
854 5294 1127 5348 inlirmare
1154 5296 1455 5351 veritatem.
1486 5297 1555 5350 At
1578 5309 1707 5351 sane
1737 5311 1857 5367 qua:

253 5388 460 5443 nostris
485 5388 537 5442 in
579 5388 729 5443 libris
756 5387 825 5443 de
858 5384 1074 5443 Christo
1110 5388 1307 5457 scripta
1353 5387 1534 5454 fuere,
1583 5399 1687 5444 tam
1731 5405 1858 5445 vera

247 5491 409 5541 sunt,
439 5496 596 5550 quam
633 5480 766 5535 falsa
797 5495 917 5551 qua:
943 5481 1173 5552 gentiles
1200 5482 1268 5536 de
1292 5480 1394 5535 diis
1425 5481 1536 5537 suis
1566 5482 1854 5539 tradidere.

328 5570 443 5626 Sed
475 5579 676 5637 nostra,
709 5571 972 5642 urgebant
1001 5571 1097 5639 illi,
1121 5571 1322 5643 scripta
1349 5573 1674 5645 antiquiora,
1696 5584 1857 5646 atque

243 5667 463 5725 idcirco
493 5669 698 5723 veriora
747 5679 891 5724 sunt.
936 5668 1100 5740 Quasi
1151 5682 1303 5737 vero,
1336 5668 1410 5726 ait
1458 5667 1748 5741 Arnobius,
1792 5686 1857 5729 ea

1887 4426 1941 4486 D

1980 3064 2207 3111 mortem
2232 3056 2403 3112 obire.
2427 3057 2537 3111 Cur
2565 3071 2694 3113 vero
2717 3056 3002 3110 humanam
3030 3055 3205 3124 potius
3225 3069 3385 3124 quam
3405 3054 3567 3108 aliam

1979 3162 2225 3207 naturam
2273 3151 2578 3220 acceperit,
2622 3150 2854 3206 latentes
2894 3148 3166 3204 Arnobius
3214 3148 3409 3203 fatetur
3452 3161 3573 3203 esse

1977 3258 2190 3309 causas,
2221 3258 2354 3313 quas
2381 3242 2649 3297 obstinata
2678 3243 2957 3314 gentilium
2985 3240 3333 3296 incredulitas
3361 3255 3425 3295 ac
3453 3254 3575 3311 pcr-

1976 3338 2174 3393 vicacia
2206 3338 2462 3408 explicari
2493 3352 2600 3391 non
2633 3337 2864 3392 sinebat.

2049 3432 2115 3485 At
2151 3430 2201 3483 hi
2233 3446 2445 3485 rursum
2496 3429 2821 3499 objiciebant
2867 3428 3182 3485 incredibile
3228 3442 3476 3497 prorsus,
3506 3443 3572 3483 ac

1973 3523 2267 3579 cimmeriis
2299 3511 2537 3579 tenebris
2565 3523 2848 3579 obscurius
2888 3537 3046 3590 esse,
3088 3521 3362 3579 Christum
3402 3523 3570 3578 Deum

1973 3628 2028 3673 et
2056 3618 2331 3674 hominem
2362 3617 2597 3674 humana
2630 3627 2837 3673 tantum
2867 3627 3055 3673 natura
3083 3619 3275 3681 visum,
3304 3616 3574 3688 patibulo-

1973 3728 2080 3783 que
2107 3712 2340 3766 adfixum
2380 3712 2543 3766 vitam
2573 3710 2834 3767 finivisse.
2863 3711 2968 3765 Sed
3014 3710 3183 3765 futilis
3219 3722 3330 3775 est,
3365 3711 3439 3765 ait
3465 3714 3571 3767 Ar-

1973 3804 2186 3870 nobius,
2222 3804 2335 3858 lucc
2364 3804 2691 3874 redargutio.
2717 3803 2850 3857 Nam
2876 3804 2923 3858 si
2948 3803 3171 3875 Sibylla,
3205 3803 3383 3869 Bacis,
3410 3803 3571 3859 Hele-

1974 3912 2109 3957 nus.
2157 3896 2412 3963 Martius,
2473 3895 2673 3966 aliique
2734 3894 3372 3964 eorumdem‘geutilium
3424 3906 3573 3951 vates

1974 3988 2135 4058 impie
2156 3987 2320 4043 occisi
2344 3986 2592 4051 fuissent,
2619 3986 2877 4057 numquid
2901 3986 2976 4048 hi,
2999 3987 3052 4040 in
3075 3986 3268 4056 quibus
3289 3986 3420 4042 deos
3440 4002 3569 4042 suos

1970 4082 2179 4138 locutos
2206 4097 2329 4139 esse
2356 4080 2782 4148 arbitrabantur,
2814 4096 2908 4136 sua
2940 4092 3157 4152 propter
3184 4081 3391 4136 scelera
3417 4082 3567 4137 occi-

1968 4190 2059 4233 sos
2080 4176 2354 4233 dicerent?
2380 4172 2646 4230 Caeterum
2669 4187 2815 4229 mors
2834 4170 3058 4238 Christi,
3078 4173 3250 4243 pergit
3275 4172 3565 4241 Arnobius,

1970 4268 2037 4322 ad
2064 4270 2253 4339 sumpti
2294 4268 2516 4323 hominis
2559 4267 2690 4336 fuit,
2722 4283 2824 4322 non
2854 4266 3054 4337 ipsius;
3085 4267 3383 4338 gestaminis
3402 4308 3417 4332 ,
3465 4283 3569 4321 non

1970 4363 2231 4435 gestantis.
2260 4360 2422 4416 Addit
2449 4375 2580 4416 vero
2613 4375 2735 4415 eum
2775 4359 3034 4414 altissima
3061 4367 3280 4429 prepter
3310 4359 3568 4431 mysteria

1968 4464 2162 4527 Sponte
2202 4469 2297 4510 sua
2341 4465 2651 4520 mortuum;
2684 4452 3117 4523 quandoquidem
3161 4452 3268 4519 illi,
3296 4468 3326 4507 a
3353 4469 3460 4524 quo
3487 4461 3567 4509 tot

1967 4549 2103 4604 facta
2147 4548 2360 4602 fuerant
2406 4545 2693 4611 miracula,
2746 4546 2924 4600 nullus
2970 4545 3054 4601 vel
3098 4545 3371 4601 minimam
3416 4543 3561 4611 vim,

1967 4642 2138 4696 multo
2161 4642 2339 4695 minus
2364 4640 2627 4695 violentas
2656 4653 2846 4693 manus
2872 4637 3084 4695 adferre
3105 4654 3338 4710 unquam
3367 4639 3561 4709 potuit.

1965 4734 2213 4790 Christus
2245 4736 2421 4803 itaque
2451 4732 2517 4787 ad
2548 4731 2822 4787 sanandos
2852 4731 3287 4801 erudiendosque
3316 4732 3564 4788 homines

1966 4834 2113 4882 tanta
2142 4826 2379 4891 lenitate,
2414 4835 2612 4897 quanta
2653 4826 2899 4882 libertate
2928 4840 3116 4895 passus
3146 4834 3230 4880 est
3258 4840 3318 4880 se
3357 4826 3426 4881 ab
3458 4826 3560 4881 im-

1968 4920 2069 4990 piis
2094 4919 2285 4975 occidi.

2035 5013 2372 5085 Quapropter
2397 5014 2665 5070 Arnobius
2692 5012 2888 5069 acriter
2915 5011 3137 5082 corripit
3161 5011 3438 5078 ethnicos,
3467 5012 3561 5082 qui

1962 5108 2178 5163 tametsi
2208 5107 2448 5178 tyrannis
2490 5107 2636 5162 omni
2681 5105 2973 5176 impietatis
3007 5120 3070 5161 ac
3111 5105 3335 5161 sceleris
3359 5118 3561 5175 genere

1962 5203 2342 5260 contaminatis
2370 5203 2584 5258 divinos
2611 5201 2890 5258 deferrent
2918 5200 3185 5268 honores,
3217 5211 3272 5257 et
3301 5201 3559 5256 librorum

1960 5300 2300 5354 satiricorum
2352 5307 2601 5353 auctores
2646 5296 2873 5352 summis
2916 5295 3161 5352 laudibus
3203 5295 3557 5361 extollerent,

1962 5393 2334 5462 donarentque
2380 5393 2607 5453 statuis;
2641 5389 2815 5445 solum
2857 5388 3206 5444 nihilominus
3248 5387 3559 5454 Christum,

1963 5501 2142 5541 rerum
2184 5486 2534 5539 maximarum
2577 5498 2641 5537 ac
2680 5484 2910 5540 maxime
2952 5481 3267 5536 salutarium
3316 5478 3563 5532 nuntium

1963 5577 2299 5647 iniquissimo
2342 5582 2501 5644 atque
2541 5574 2864 5643 implacabili
2907 5574 3035 5631 odio
3078 5569 3565 5639 persequebantur.

1962 5668 2100 5740 Quid
2130 5670 2271 5727 cnim
2303 5665 2538 5737 iniquius
2567 5676 2618 5722 ct
2647 5667 2940 5738 crudelius,
2970 5676 3155 5736 quam
3182 5661 3433 5715 virtutum
3458 5674 3574 5717 om-
