4020 6072
356 199 455 257 37!

1609 176 2063 255 DISSEBTATIO
2102 176 2381 254 primm

3551 197 3656 254 372

353 320 503 376 nium
531 317 810 375 dominum
832 359 846 385 ,
875 320 1170 389 mortisque
1208 318 1573 376 exiinCtorem-
1609 318 1753 376 bello
1792 334 1947 375 acer-
1976 347 2029 408 Î‘
2053 318 2134 373 vis
2172 319 2333 375 homo
2371 320 2480 376 veri
2523 322 2725 394 aliquid
2763 339 3149 397 nonnunquam
3181 323 3647 396 pronuntiaverit,

351 412 581 471 bissimo
607 424 823 484 semper
858 413 1131 469 lacessere
1150 456 1166 480 ,
1196 413 1286 484 qni
1317 413 1578 484 permissa
1618 414 1791 470 morte
1820 426 1913 470 sua
1934 458 1948 483 ,

356 513 561 562 certam
593 504 661 561 de
690 505 864 560 futura
905 506 1205 560 animarum
1234 513 1538 562 nostrarum
1567 504 1760 576 salute,
1793 506 1837 562 si
1865 506 1952 578 pie

343 598 665 668 vixerimus,
688 612 840 671 spem
863 599 1113 655 omnibus
1137 597 1310 655 fecit?

964 740 1259 782 ARTICULUS
1296 741 1355 781 Il.

850 836 1073 902 Aualysis
1094 839 1211 889 libri
1233 840 1456 892 secundi.

427 960 601 1020 Petita
625 979 655 1019 a
684 965 962 1036 proposito
990 976 1278 1035 parumper
1306 965 1617 1025 discedendi
1648 972 1822 1035 venia,
1857 968 1955 1027 Ar-

358 1059 555 1115 nobius
578 1060 648 1115 ab
674 1059 908 1116 ethnicis
948 1061 1172 1132 inquirit
1208 1077 1311 1132 qua
1350 1062 1418 1118 de
1458 1074 1619 1118 causa
1649 1063 1955 1133 Chrismm,

357 1150 559 1207 nullius
600 1152 651 1206 in
682 1166 776 1207 eos
821 1152 1023 1222 peccati
1064 1164 1250 1221 reum,
1290 1155 1360 1210 ita
1385 1154 1630 1225 oderint,
1681 1167 1738 1212 ut
1779 1158 1961 1214 audito

356 1255 569 1302 tantum
602 1246 747 1302 illius
771 1248 1019 1316 nomine,
1051 1249 1127 1303 ira
1162 1250 1405 1319 protinus
1447 1252 1861 1310 excandeSCant.
1892 1255 1962 1310 At

358 1342 456 1399 ille
481 1354 614 1398 sne
652 1342 867 1398 etiamsi
892 1344 979 1399 cui
1020 1342 1293 1409 credatur,
1322 1344 1514 1416 dignus
1543 1363 1649 1401 non
1681 1358 1862 1415 esset;
1896 1366 1960 1403 co

363 1446 547 1492 tamen
571 1436 687 1505 ipso
709 1448 812 1492 non
837 1436 1247 1507 adspernandus
1266 1446 1405 1504 erat,
1425 1439 1566 1510 quod
1589 1442 1797 1496 cunctis
1820 1443 1961 1496 viam

363 1527 435 1583 ad
476 1529 672 1583 coelum
713 1536 768 1583 et
808 1529 1020 1584 beatam
1060 1528 1517 1586 immortalitatem
1560 1535 1959 1589 monstraverit.

367 1622 786 1693 Respondebant
828 1625 1056 1694 gentiles
1102 1625 1248 1679 illum
1287 1636 1496 1681 Summo
1539 1628 1640 1683 sibi
1683 1632 1965 1700 propterea

364 1728 489 1771 esse
516 1715 642 1770 odio
661 1758 676 1782 ,
704 1718 826 1787 quia
856 1730 1071 1773 onmem
1114 1719 1335 1774 deorum
1368 1721 1570 1776 cultum
1591 1764 1606 1787 ,
1640 1736 1967 1795 omnemque

366 1806 635 1877 majorum
683 1822 902 1862 suorum
950 1809 1267 1880 religienem
1314 1820 1426 1865 toto
1474 1812 1681 1881 erpulit
1727 1816 1795 1869 ab
1838 1816 1969 1870 orbe

369 1908 656 1954 terrarum.
686 1900 919 1970 Ergone,
944 1901 1018 1955 ait
1041 1903 1334 1968 Arnobius,
1366 1904 1560 1974 impius
1590 1912 1675 1961 est
1699 1905 1966 1975 Christus,

370 1994 465 2063 qui
506 1991 668 2063 impia
700 1995 960 2065 religiene
998 2008 1183 2052 eversa
1207 2039 1221 2064 ,
1263 2008 1450 2054 veram
1488 2000 1721 2069 induxit,
1766 2017 1971 2074 nosque

371 2086 556 2143 docuit
582 2089 759 2144 solum
787 2104 972 2145 verum
1001 2091 1169 2148 Deum
1199 2109 1321 2150 esse
1348 2095 1656 2164 colendum,
1686 2113 1845 2168 quem
1877 2099 1972 2153 bo-

371 2189 569 2237 norum
594 2182 831 2238 omnium
855 2182 1078 2251 fontem,
1105 2198 1168 2242 ac
1193 2199 1382 2242 concta
1405 2202 1642 2258 creasse,
1668 2200 1828 2261 atque
1851 2192 1972 2248 ideo

372 2293 564 2335 revera
587 2281 850 2337 exsistere
881 2282 1197 2338 naturaliter
1225 2285 1428 2339 scimus
1465 2293 1521 2340 et
1550 2285 1937 2341 testiiieamur?

446 2369 584 2425 Tum
612 2368 773 2427 dilata
796 2371 851 2426 iu
880 2373 1026 2428 aliud
1055 2382 1267 2445 tempus
1298 2374 1365 2432 de
1391 2376 1554 2433 variis
1580 2379 1862 2449 gentilium
1883 2390 1976 2435 su-

375 2467 791 2538 perstitionibus
814 2469 1200 2542 disputatibne,
1226 2473 1463 2529 ostendit
1486 2473 1732 2530 ethnicos
1755 2486 1976 2545 prorsus

381 2560 654 2615 immerito
683 2559 883 2615 ChriSti
912 2561 1068 2617 dictis
1097 2580 1201 2617 non
1244 2563 1502 2632 credere,
1536 2566 1973 2638 quandoquidem

382 2669 475 2721 ea,
517 2654 637 2726 qua:
667 2655 979 2726 pollicetur,
1014 2672 1073 2712 se
1110 2670 1345 2729 unquam
1386 2661 1563 2730 reipsa
1595 2660 1844 2716 daturum
1879 2678 1978 2717 nos

379 2760 495 2801 non
531 2747 822 2802 convincit.
858 2747 926 2803 At
961 2748 1007 2803 si
1037 2749 1216 2815 nulla,
1262 2748 1434 2820 inQuit
1476 2748 1778 2820 Arnobius,
1811 2753 1979 2822 possit

381 2837 582 2895 adferri
624 2839 926 2895 futurorum
967 2850 1116 2897 certa
1156 2842 1554 2912 comprobatio,
1591 2860 1769 2899 nonne
1810 2846 1981 2901 satius

387 2940 472 2990 est
498 2933 581 2989 his
611 2935 700 3005 qui
726 2950 876 3005 spem
908 2935 1038 2991 dant
1062 2936 1319 3005 aliquam,
1355 2937 1529 3005 potius
1555 2952 1713 3007 quam
1746 2939 1864 2993 aliis
1890 2939 1982 3010 qui

2056 423 2110 467 et
2137 407 2242 468 hoc
2271 413 2444 485 ipsum
2477 432 2575 486 pro
2600 424 2749 472 certo
2776 417 2953 474 adhuc
2979 433 3086 475 non
3117 419 3298 474 habet.

2130 504 2283 559 Nulla
2306 506 2466 577 igitur
2486 508 2691 564 ratione
2725 510 2962 565 aiiisnon
2992 510 3263 566 doctiores
3282 510 3483 565 ethnici
3513 509 3657 565 chri-

2057 595 2265 651 stianos
2294 595 2475 653 divino
2504 600 2759 670 magistro
2800 618 2897 657 suo
2943 599 3227 657 credentes
3261 600 3656 673 vituperabant.

2058 689 2185 747 Sine
2216 693 2409 761 praevia
2440 693 2702 765 siquidem
2734 684 2838 751 (ide
2870 695 3075 751 nullum
3108 692 3353 766 profecto
3384 694 3655 764 negotium

2058 800 2088 839 a
2120 786 2601 856 peregrinantibus,
2629 789 3025 862 navigantibus,
3048 789 3322 862 agricolis,
3344 788 3653 860 suscipitur.

2060 877 2186 932 Sine
2214 877 2316 933 {ide
2347 878 2510 933 etiam
2533 874 2711 937 nullus
2741 883 2993 953 coniugio
3019 882 3284 953 jUngitnr,
3313 880 3492 938 nullus
3513 897 3658 953 {eger

2059 973 2288 1027 accersit
2316 973 2604 1043 medicum,
2636 976 2719 1030 vel
2743 976 2898 1031 miles
2934 975 3130 1031 bellum
3168 976 3325 1048 gerit,
3351 975 3435 1030 vel
3465 976 3659 1048 magis-

2061 1070 2201 1118 trum
2234 1063 2383 1120 audit
2408 1066 2724 1136 discipulus,
2757 1082 2931 1138 neque
2963 1067 3101 1123 ullus
3127 1066 3344 1138 gentilis
3371 1066 3502 1123 deos
3531 1082 3660 1123 suos

2062 1156 2295 1212 invocat.
2334 1159 2474 1226 Quin
2516 1160 2675 1214 etiam
2714 1154 2945 1231 gentiles
2981 1158 3326 1231 epiniombus
3365 1158 3659 1215 credebant

2064 1248 2536 1322 philosophorum,
2570 1252 2659 1322 qui
2688 1253 2754 1308 de
2793 1254 2981 1323 primis
3025 1262 3202 1308 tamen
3245 1268 3424 1309 rerum
3456 1253 3657 1324 princi-

2067 1344 2187 1415 piis,
2214 1345 2440 1416 aliisque
2469 1345 2533 1400 tlc
2559 1347 2723 1401 rebus
2752 1345 2885 1400 nihil
2912 1346 3046 1403 certi
3075 1346 3445 1418 exploratiqne
3473 1344 3659 1416 profe-

2066 1446 2226 1503 runt,
2262 1450 2325 1491 ac
2358 1452 2572 1508 semper
2615 1437 2758 1493 inter
2795 1453 2854 1494 se
2884 1434 3263 1510 digiadiantur.
3305 1437 3494 1492 Nonne
3534 1453 3663 1507 ergo

2067 1529 2303 1597 Christo,
2337 1533 2425 1602 qui
2455 1533 2616 1587 tantis
2645 1524 2918 1587 miraculis
2948 1530 3251 1588 doctrinam
3279 1534 3431 1586 suam
3461 1530 3666 1585 stabili-

2072 1624 2169 1690 vit,
2200 1624 2405 1695 :cquins
2436 1634 2520 1681 est
2544 1624 2801 1693 credere,
2842 1641 3001 1696 quam
3036 1616 3266 1690 Platoni,
3294 1612 3528 1690 Cronio,
3561 1620 3669 1678 Nu-

2071 1718 2281 1785 menio,
2321 1728 2413 1772 aut
2449 1718 2568 1773 aliis
2596 1716 3010 1789 quaintumlibet
3040 1720 3111 1772 ob
3144 1732 3355 1772 morum
3394 1716 3671 1788 integritaâ€”

2072 1818 2202 1875 tem,
2230 1820 2391 1879 atque
2415 1790 2758 1880 eloquentiae,
2788 1808 2997 1881 lttgicm,
3019 1808 3395 1877 arithmeticae,
3428 1809 3666 1876 musicaâ€˜,

2072 1901 2413 1971 geometriae,
2460 1902 2736 1958 scientiam
2766 1902 3069 1968 laudandis,
3100 1903 3188 1973 qui
3231 1903 3363 1956 nihil
3392 1902 3476 1957 vel
3513 1902 3673 1957 mini-

2076 2006 2221 2048 mum
2265 1993 2395 2064 quid
2436 1992 2518 2049 his
2561 1994 2737 2051 simile
2769 1993 2947 2052 iacere
2978 1996 3212 2066 unquam
3235 1995 3578 2067 fpotuerunt?
3609 1996 3676 2050 Et

2076 2097 2220 2142 certe
2251 2087 2293 2142 si
2334 2083 2579 2142 Christus
2622 2082 2869 2143 humanis
2912 2097 3116 2143 tantum
3147 2086 3372 2158 argutiis
3417 2097 3472 2143 et
3512 2103 3672 2160 argu-

2077 2180 2270 2235 mentis
2303 2190 2432 2235 uSus
2452 2176 2663 2247 fuisset,
2697 2194 2885 2236 omnes
2907 2181 2955 2236 ei
2982 2190 3269 2252 negassent
3293 2178 3476 2247 (idem,
3509 2197 3669 2254 quam

2078 2272 2205 2326 dare
2234 2274 2404 2327 coacti
2445 2278 2570 2326 sunt
2611 2272 2678 2327 ob
2705 2268 2849 2327 edita
2881 2272 2947 2328 ab
2988 2273 3106 2343 ipso
3135 2274 3358 2344 ejusque
3397 2270 3677 2344 discipulis

2077 2364 2333 2419 mâ€˜il-a'eula
2362 2364 2501 2434 apud
2528 2362 2713 2432 Indos,
2747 2364 2929 2432 Seras,
2960 2358 3175 2433 Pâ€˜ersas,
3207 2348 3413 2434 Medos,
3442 2365 3673 2434 Arabas,

2082 2456 2386 2530 Egyptios,
2417 2457 2654 2525 Galatas,
2683 2456 2930 2523 Parthos,
2960 2457 3220 2530 Phrygas,
3254 2458 3416 2529 atque
3444 2458 3495 2513 in
3522 2452 3673 2524 Asia,

2077 2550 2491 2623 Syria,Achaia,
2523 2545 2852 2617 Macedonia,
2877 2546 3059 2623 Epiro,
3091 2556 3146 2607 et
3174 2544 3375 2622 ubique
3402 2551 3453 2606 in
3477 2542 3673 2605 Orien-

2084 2652 2135 2702 Î¹Îµ
2178 2650 2231 2701 e't
2275 2638 2600 2712 Occidente,
2636 2661 2698 2701 ac
2729 2646 3067 2717 potissimum
3097 2646 3317 2714 anm,
3358 2634 3447 2701 ubi
3490 2640 3675 2702 Simon

2084 2748 2269 2809 magus
2300 2754 2327 2790 a
2358 2734 2517 2793 Petro
2545 2754 2609 2794 ex
2642 2739 2858 2794 Sublimi
2888 2755 3016 2796 aere
3055 2740 3295 2810 dejectus
3316 2782 3330 2807 ,
3373 2740 3426 2795 in
3477 2750 3675 2796 terram

2085 2828 2265 2887 fractis
2293 2834 2540 2887 cruribus
2570 2833 2933 2903 prmcipitatns
2965 2844 3066 2887 est.

2159 2918 2299 2995 Quid
2321 2926 2511 2997 plura?
2540 2925 2657 2980 Non
2690 2928 2928 2981 vexantia
2954 2927 3118 2993 certe,
3150 2914 3245 2982 sed
3276 2927 3395 2982 ideo
3418 2920 3679 2983 laudanda

385 3030 595 3086 "unam
615 3029 878 3100 pmbem,
904 3029 1172 3085 credere?
1213 3028 1347 3084 Tum
1378 3030 1571 3085 (Î¹ÏÎ¹Î¹á½·Î·Îµ
1594 3033 1829 3087 omnum
1861 3008 1981 3104 pf",
2009 3008 2054 3069 C
2087 3012 2205 3075 erat
2234 3014 2300 3073 ab
2330 3016 2560 3074 ethnicis
2590 3019 3005 3074 Christianorum
3038 3010 3206 3084 fides;
3236 3020 3358 3091 quia
3388 3020 3495 3073 illis
3534 3034 3681 3101 cont-

385 3124 521 3177 rima
546 3122 704 3178 nobis
726 3130 1015 3193 suppetere
1041 3138 1249 3188 eormn,
1282 3134 1401 3193 qua:
1428 3122 1677 3179 Christus
1710 3126 1979 3196 promisit,

390 3215 539 3271 haud
568 3220 790 3287 prorsus
816 3218 1019 3271 incerta
1035 3217 1424 3286 promissorutn
1450 3230 1785 3288 argumenta.
1804 3212 1991 3277 Primoâ€™

386 3311 536 3365 cnim
571 3309 717 3365 illius
756 3304 1003 3363 doctrina
1052 3316 1105 3363 et
1140 3308 1329 3378 religio
1367 3322 1465 3379 per
1520 3312 1798 3367 universas
1842 3314 1987 3368 orliis

385 3414 550 3459 terra:
581 3412 781 3473 partes,
809 3412 967 3474 atque
997 3403 1160 3458 etiam
1193 3400 1332 3472 apud
1358 3410 1542 3473 gentes
1578 3408 1743 3475 magis
1793 3405 1956 3462 barba
1976 3438 1990 3447 -

391 3508 503 3563 ras,
532 3495 985 3568 quemadmodum
1029 3492 1121 3551 ille
1151 3495 1469 3564 premiserat
1491 3538 1507 3564 ,
1540 3495 1691 3562 brevi
1735 3490 1991 3569 temporis

392 3590 569 3661 spatio
592 3588 691 3642 fuit
712 3584 1079 3642 disseminata.
1112 3586 1312 3642 Deinde
1344 3594 1473 3642 vero
1507 3590 1846 3653 quantumvis
1877 3591 1990 3649 haec

394 3682 643 3737 doctrina
684 3681 817 3736 dura
862 3686 918 3735 et
961 3686 1149 3750 aspera
1199 3679 1465 3746 videatdr,
1499 3681 1642 3737 illam
1671 3686 1845 3739 tamen
1878 3702 1991 3741 ma-

395 3782 504 3847 gno
524 3773 742 3845 ingenio
771 3772 981 3843 pra:diti
1005 3781 1271 3840 oratores,
1300 3768 1634 3843 grammatici
1665 3818 1680 3843 ,
1713 3778 1987 3842 rhetores,

392 3870 787 3942 jurisconsulti,
840 3868 1055 3935 medici,
1090 3868 1392 3939 philosophi
1433 3870 1775 3939 expetebant.
1811 3871 1995 3928 Tertio

387 3965 541 4022 illius
568 3970 870 4018 sectatores
914 3961 1075 4017 nullis
1106 3962 1264 4033 plane
1291 3960 1620 4033 quibuslibet
1662 3965 1943 4036 suppliciis
1977 4010 1992 4035 ,

395 4058 561 4115 etiam
589 4056 944 4129 gravissimis,
989 4055 1055 4111 ad
1099 4071 1216 4111 eam
1247 4056 1620 4127 deponendam
1664 4074 1770 4113 non
1821 4060 1993 4116 solum

398 4152 517 4223 cogi
550 4154 842 4223 potuerunt
869 4168 883 4204 :
917 4149 1011 4205 sed
1039 4150 1103 4205 iis
1127 4162 1341 4221 quoque
1369 4151 1540 4206 erevit
1566 4162 1782 4223 semper
1808 4168 1994 4208 eorum

396 4256 676 4300 numerus.
711 4244 779 4298 Î‘Î¹
800 4242 917 4298 hmo
943 4243 1091 4313 prius
1114 4260 1141 4295 a
1170 4242 1392 4298 ChriSto
1413 4243 1679 4314 promissa
1708 4259 1829 4300 cum
1867 4261 1995 4302 cve-

398 4341 603 4408 nerint;
630 4338 701 4394 de
719 4338 947 4392 aliorum
971 4346 1185 4409 quoque
1207 4338 1274 4392 ab
1295 4353 1360 4393 eo
1389 4338 1778 4407 promissorum
1801 4350 1995 4396 eventu

400 4430 685 4491 dubitandi
714 4430 859 4489 nulla
886 4434 1025 4489 ratio
1052 4442 1157 4489 est.

474 4528 660 4602 Neque
689 4544 852 4600 porro
891 4536 971 4583 tot
999 4526 1245 4583 homines
1277 4542 1374 4597 per
1402 4536 1564 4583 totam
1599 4536 1799 4585 terram
1828 4524 1999 4585 chris-

404 4627 549 4682 tiana
578 4623 841 4695 religione
874 4621 1094 4688 initiati,
1127 4620 1247 4675 aliis
1277 4622 1475 4688 obtusi,
1511 4620 1755 4689 hebetes,
1785 4628 1847 4677 ac
1874 4623 2003 4678 fatui

404 4720 578 4777 videri
614 4726 887 4792 poterant,
929 4716 1029 4771 nisi
1056 4714 1108 4770 hi
1143 4730 1201 4770 se
1230 4716 1375 4770 solos
1408 4716 1668 4787 sapientia
1698 4725 1751 4771 ct
1779 4717 2001 4771 scientia

405 4812 668 4884 przcditos
688 4811 1020 4880 jactitarent.
1048 4807 1155 4864 Sed
1184 4808 1352 4879 quali,
1384 4808 1553 4879 inquit
1578 4817 1765 4863 auctor
1796 4818 1999 4876 noster,

407 4905 672 4978 sapientia
695 4911 750 4960 et
780 4902 1043 4960 scientia?
1062 4900 1200 4957 Num
1229 4904 1597 4973 grammatica,
1628 4905 1857 4973 peetica,
1881 4903 2003 4960 rhe-

402 5002 597 5067 torica,
628 4998 801 5069 logica
835 5008 888 5054 et
915 4996 1232 5051 dialectica?
1263 4998 1328 5050 At
1359 5012 1518 5067 quam
1546 5012 1678 5050 vana
1710 4997 1779 5051 sit
1811 4997 2000 5052 harum

408 5092 813 5163 disciplinarum
859 5090 1152 5145 ostentatio
1203 5088 1325 5144 inde
1368 5098 1563 5160 patet,
1614 5078 1757 5161 quod
1806 5106 1901 5160 per
1944 5107 2003 5150 se

405 5188 574 5245 homo
611 5186 754 5241 scire
799 5191 1031 5254 nequeat
1065 5198 1183 5255 quzc
1223 5182 1428 5250 divina,
1460 5183 1544 5238 vel
1584 5183 1810 5239 obscura
1856 5196 2000 5255 sunt,

407 5294 511 5335 nec
537 5278 664 5349 quid
701 5276 818 5347 ipse
853 5275 954 5343 sit,
989 5285 1046 5331 ut
1083 5277 1157 5331 ait
1196 5275 1467 5342 Socrates,
1512 5290 1610 5331 nec
1652 5276 1822 5344 unde,
1856 5274 1941 5334 vel
1973 5294 1999 5332 a

407 5384 548 5442 quo,
592 5378 643 5425 et
687 5382 789 5440 qua
832 5367 899 5423 de
944 5383 1105 5425 causa
1147 5378 1393 5434 creatus,
1428 5382 1523 5422 cur
1550 5376 1626 5422 tot
1654 5371 1923 5425 'terumuis
1949 5380 2002 5425 et

410 5464 569 5519 malis
615 5462 977 5534 opprimatur,
1014 5460 1141 5534 quid
1173 5462 1225 5517 in
1267 5460 1493 5517 somniis
1522 5471 1662 5533 agat,
1703 5476 1822 5528 qua:
1853 5478 2002 5517 som-

406 5561 555 5616 nium
587 5560 727 5615 inter
751 5568 806 5615 et
833 5558 1046 5628 vigilias
1076 5556 1398 5623 diiiâ€˜erentia,
1436 5555 1706 5628 quomodo
1731 5555 1822 5611 liat
1849 5556 2004 5623 visio,

409 5664 502 5709 aut
539 5654 826 5720 odoratus,
856 5667 955 5708 cur
985 5650 1198 5706 animus
1227 5653 1326 5705 etsi
1365 5650 1681 5706 immortalis
1724 5649 1779 5704 in
1828 5648 2005 5706 infanâ€”

425 5744 571 5801 tibus
592 5745 838 5813 stolidus,
862 5744 916 5798 in
938 5742 1159 5799 senibus
1189 5742 1257 5799 sit
1274 5741 1537 5801 defessus.
1563 5742 1800 5813 Denique
1825 5757 2010 5813 quam-

2091 3116 2280 3167 munes
2305 3118 2459 3167 erant
2486 3124 2608 3167 cum
2638 3112 3078 3184 philosophorum
3107 3112 3409 3187 corypltreis
3449 3113 3515 3170 dc
3549 3112 3680 3178 Deo,

2087 3206 2155 3261 de
2185 3218 2472 3275 corporum
2504 3207 2923 3272 resurrectione,
2957 3207 3025 3262 de
3070 3190 3245 3262 salute
3274 3206 3599 3272 animarum,
3632 3216 3687 3262 et

2092 3299 2284 3355 futuris
2330 3298 2611 3370 itnpim'um
2657 3302 2834 3370 pomis
2878 3301 3189 3360 sentcntiae.
3232 3300 3475 3372 quamvis
3506 3299 3686 3354 abhis

2096 3394 2251 3447 aliter
2293 3401 2451 3462 atque
2481 3408 2510 3447 a
2542 3393 2847 3447 Christianis
2878 3392 3237 3463 explicentur.
3270 3396 3441 3463 Aique
3474 3392 3546 3447 ibi
3586 3392 3687 3447 Ar-

2098 3486 2290 3541 nobius
2318 3485 2567 3541 edisserit
2597 3488 2752 3555 cujus
2785 3496 2989 3542 natura:
3032 3497 3210 3542 nostra
3242 3487 3311 3541 sit
3340 3486 3549 3555 anima,
3582 3504 3689 3558 quo

2096 3596 2159 3635 ex
2192 3579 2335 3634 fonte
2365 3580 2610 3651 prodeat,
2642 3590 2692 3634 et
2725 3596 2823 3634 cur
2853 3580 3014 3634 variis
3042 3579 3324 3635 ailâ€˜ectibus
3352 3591 3406 3635 et
3430 3579 3572 3634 vitiis
3602 3579 3690 3635 iiat

2094 3671 2347 3726 obnoxia.

2168 3762 2305 3817 Tum
2359 3762 2556 3817 deinde
2596 3760 2814 3818 illorum
2867 3763 3110 3819 retundit
3157 3764 3559 3836 arrogantiam,
3601 3767 3692 3838 qui

2100 3864 2338 3910 nostram
2366 3852 2596 3909 attitnam
2625 3854 2867 3925 ejusdem
2891 3871 3011 3912 cum
3044 3850 3155 3912 Deo
3189 3866 3342 3928 patre
3374 3859 3696 3915 immortali-

2103 3948 2231 4002 tatis
2266 3956 2321 4002 et
2366 3956 2572 4002 natura:
2611 3950 2929 4019 participem
2963 3964 3083 4004 esse
3119 3950 3418 4006 insolenter
3450 3952 3694 4006 vendita-

2103 4042 2251 4098 bant.
2283 4043 2458 4099 Simili
2499 4043 2696 4113 quippc
2725 4053 2885 4114 atque
2925 4044 3178 4099 animalia
3207 4045 3370 4100 modo
3400 4047 3695 4113 nascimur,

2104 4138 2358 4203 viviinus,
2382 4154 2446 4192 ac
2475 4137 2675 4192 morbis
2703 4142 2757 4194 et
2786 4148 3068 4193 senectute
3092 4139 3373 4193 solvimur.
3408 4140 3521 4194 lluc
3546 4155 3701 4195 acccc

2102 4230 2181 4286 dit
2208 4231 2350 4302 quod
2381 4228 2621 4285 nonnulli
2652 4232 2862 4286 animas
2899 4230 3266 4302 improborum
3313 4240 3437 4303 post
3464 4243 3697 4288 mortem

2104 4326 2156 4380 in
2189 4325 2452 4397 pecudum
2486 4326 2711 4395 Corpora
2743 4327 2977 4396 migrare
3003 4327 3207 4397 Opinati
3240 4328 3381 4382 sunt.

2178 4418 2245 4474 At
2271 4418 2451 4474 divina
2482 4428 2585 4486 est,
2621 4418 2962 4489 inquiebant,
2992 4420 3173 4475 anima
3203 4419 3463 4486 hominis,
3491 4423 3581 4493 qui
3615 4438 3700 4479 ra.

2108 4517 2255 4593 tione
2297 4512 2511 4570 cmferis
2543 4518 2757 4585 praestat
2799 4514 3142 4569 animalibus.
3190 4514 3405 4586 Optime
3444 4517 3697 4587 quidem,

2106 4611 2182 4665 ait
2209 4608 2510 4674 Arnobius,
2542 4612 2585 4663 si
2618 4604 2780 4663 bOnIo
2815 4610 2915 4663 hac
2946 4623 3038 4662 sna
3082 4609 3293 4664 ratione
3320 4610 3456 4666 bene
3485 4627 3701 4681 semper

2108 4710 2370 4758 uteretur.
2417 4701 2522 4759 Sed
2564 4702 2651 4756 ubi
2681 4712 2794 4766 est,
2828 4701 3080 4756 humana:
3111 4702 3307 4757 animae
3349 4707 3702 4774 prarstantia?

2105 4786 2377 4867 Numquid
2427 4796 2549 4867 quia
2608 4794 2857 4850 homines
2910 4806 2963 4849 et
3015 4795 3206 4851 domos
3252 4805 3307 4850 et
3359 4797 3524 4852 urbes
3570 4814 3706 4853 con-

2108 4886 2365 4946 struunt?
2391 4889 2459 4945 At
2493 4891 2535 4943 si
2568 4892 2870 4947 animantes
2904 4878 3169 4946 haberent
3199 4894 3396 4947 artium
3428 4896 3704 4951 ministras

2110 4996 2322 5049 manus,
2360 4984 2580 5053 possent
2611 4985 2791 5053 utique
2815 4983 3007 5037 similia
3034 4983 3258 5038 aedilicia
3292 4995 3595 5043 exstruere.
3626 4989 3704 5045 Ab

2114 5078 2179 5132 iis
2207 5076 2471 5149 siquidem
2504 5077 2607 5132 alia
2641 5076 2803 5143 liunt,
2834 5092 2953 5148 qua:
2988 5094 3278 5150 numquam
3323 5079 3568 5137 homines
3593 5098 3707 5154 po-

2116 5183 2331 5228 tuerunt
2368 5173 2585 5227 imitari.
2620 5166 2891 5240 Numquid
2924 5171 3112 5225 bestiis
3154 5172 3488 5229 antecellunt
3525 5174 3705 5231 homi-

2113 5278 2246 5332 nes,
2297 5267 2420 5336 quia
2470 5266 2673 5319 vestem
2715 5263 3142 5335 supeliectilem,
3176 5263 3387 5336 aliaque
3429 5269 3553 5322 vitae
3602 5267 3705 5322 hu-

2111 5376 2286 5418 manae
2325 5358 2532 5416 alenda:
2572 5362 2876 5417 necessaria
2918 5358 3019 5414 sibi
3059 5373 3253 5429 parare
3281 5362 3518 5416 norunt?
3546 5361 3617 5417 At
3643 5378 3706 5419 ea

2110 5456 2289 5510 omnia
2334 5470 2438 5508 non
2471 5454 2711 5509 scientia:
2741 5467 2998 5517 munera,
3030 5450 3126 5508 sed
3165 5467 3211 5520 a,
3240 5453 3584 5525 pauperrima
3619 5455 3708 5510 in-

2113 5554 2275 5605 venta
2307 5558 2434 5603 sunt
2464 5548 2809 5604 necessitate.

2183 5638 2384 5697 Omnes
2416 5656 2577 5711 porro
2605 5656 2725 5695 cum
2759 5648 2905 5697 artes
2934 5640 3213 5697 hominum
3247 5640 3296 5697 ei
3344 5640 3586 5698 scienti:e
3631 5642 3711 5699 la-

2118 5720 2335 5794 boreâ€™et
2373 5735 2703 5805 experientia
2737 5743 2938 5805 partae,
2966 5734 3103 5791 nihil
3130 5734 3286 5791 valde
3314 5730 3615 5791 mirandum
3654 5734 3711 5791 in
