4020 6072
280 113 386 171 375

1564 116 1630 173 IN
1668 115 2053 185 AWI,
2092 117 2247 177 CRP.
2286 120 2331 177 Ι.

3477 124 3580 180 574

277 247 340 289 se
367 232 647 301 habeant,
695 246 798 290 nec
836 247 1029 293 omnes
1067 237 1248 293 oinnia
1282 244 1613 307 cognoscant
1638 277 1654 301 ,
1701 245 1878 291 ratum
1906 236 1959 296 Α
1987 234 2271 304 obnoxius,
2303 236 2474 292 nullas
2503 238 2798 293 inferorum
2830 251 3020 308 prunas
3049 237 3417 308 pertimeseet,
3450 245 3502 292 et
3524 237 3581 292 in

277 324 529 397 profecto
557 336 612 383 et
640 324 805 383 ﬁxum
832 342 957 384 esse
980 329 1144 386 debet
1173 329 1436 384 humanas
1465 329 1678 395 animas
1702 344 1880 399 neque

276 416 513 485 divinas,
541 432 719 490 neque
743 421 891 475 omni
918 421 1147 477 scientia
1173 421 1417 477 eruditas
1456 437 1522 477 ex
1567 422 1708 477 emio
1735 423 1880 477 hunc

276 510 562 567 admissae
610 512 665 567 in
714 513 997 570 mundum.
1047 518 1224 585 Atque
1263 515 1391 571 inde
1421 516 1529 571 ruit
1573 516 1716 571 idem
1756 516 1881 570 aliis

276 612 492 660 tantum
533 605 720 662 verbis
761 622 1059 676 expressus
1087 607 1331 664 Platonis
1360 617 1418 664 et
1463 609 1691 663 aliorum
1738 623 1878 678 quo-

275 697 533 755 rumdam
578 698 1025 771 philosophorum
1067 703 1263 767 error,
1313 716 1421 772 quo
1465 701 1880 757 somniaveram

274 792 561 847 scientiam
608 807 732 849 esse
764 809 945 850 rerum
978 795 1046 849 ab
1074 794 1314 862 homine,
1345 795 1655 866 priusquam
1683 794 1876 851 nasce-

273 890 463 952 retur,
492 885 830 956 cognitarum
863 886 1318 943 recordationem.
1354 888 1562 943 Etenim
1604 886 1877 944 Arnobius

273 977 467 1034 falsam
500 977 705 1034 hancce
727 980 1096 1050 opinationem
1126 980 1249 1035 aliis
1273 980 1449 1035 adhuc
1469 980 1739 1034 rationum
1763 982 1876 1035 ino-

270 1069 474 1125 mentis
507 1073 719 1127 evertit.
756 1072 826 1127 Et
860 1074 1055 1141 primo,
1094 1073 1311 1144 quidem
1340 1074 1463 1143 quia
1504 1073 1692 1129 eadem
1736 1073 1877 1129 foret

271 1172 597 1219 cunctorum
627 1163 907 1221 hominum
943 1166 1191 1233 scientia,
1224 1165 1552 1233 recordatio,
1580 1166 1871 1221 sententia.

268 1258 549 1326 Secundo,
587 1259 749 1315 detur
775 1276 915 1332 puer
937 1261 1133 1329 aliquis
1161 1263 1213 1315 in
1243 1259 1610 1316 desertissima
1638 1270 1694 1316 et
1722 1260 1871 1315 inac-

269 1365 430 1407 cessa
455 1351 752 1408 solitudine
779 1363 957 1419 natus,
985 1358 1144 1424 atque
1170 1353 1243 1409 ibi
1270 1366 1483 1409 summo
1513 1353 1567 1406 in
1597 1352 1815 1408 silentio
1840 1368 1871 1405 ε

269 1451 421 1498 muta
448 1444 662 1499 nutrice
686 1443 970 1513 educatus,
1002 1454 1189 1516 postea
1218 1446 1341 1501 eibo
1370 1444 1553 1513 aliquo
1578 1442 1871 1515 simplicis-

1983 343 2144 384 omne
2166 330 2457 399 voluptatis
2476 329 2766 402 flagitiiquc
2792 344 2984 402 genus,
3019 329 3348 400 contemptis
3373 330 3585 384 virtuti-

1982 421 2102 488 bus,
2135 422 2460 492 przecipitem
2494 430 2613 478 scSe
2644 424 2861 493 impune
2889 422 3056 477 dabit.

2055 514 2257 570 Eadem
2303 527 2481 571 autem
2524 518 2735 572 ratione
2779 515 3051 572 Arnobius
3095 516 3372 586 impugnat
3401 512 3582 569 fundi-

1988 617 2179 677 Iusque
2228 608 2423 663 evertit
2466 609 2795 662 contrariam
2846 609 3153 678 opinionem
3210 605 3448 677 Epicuri,
3495 604 3585 673 qui

1984 698 2217 752 animam
2241 709 2481 753 nostram
2511 698 2793 754 mortalem
2822 713 2943 753 esse
2967 697 3259 769 garriebat.
3286 698 3361 752 Ea
3388 697 3587 767 quippe

1985 792 2167 867 opinio
2196 798 2239 851 si
2277 812 2403 853 vera
2435 798 2526 860 sit,
2560 798 2703 852 nulla
2733 797 2964 867 amplius
2993 797 3097 851 erit
3127 811 3306 863 causa,
3340 810 3437 849 cur
3462 792 3586 865 phi-

1984 889 2230 961 losophia
2254 900 2459 946 mentes
2486 902 2699 945 nostras
2725 890 3055 955 excolamus,
3083 889 3369 945 virtutibus
3394 888 3586 943 demus

1985 997 2224 1051 operam,
2255 994 2318 1037 ar.
2346 983 2471 1037 vitia
2498 982 2781 1053 fugiamus.

2057 1075 2134 1130 De
2157 1086 2338 1130 negtra
2368 1078 2531 1147 porro
2552 1078 2726 1131 anima
2755 1078 2832 1132 sic
2859 1076 3130 1133 Arnobius
3155 1088 3339 1134 noster
3367 1078 3585 1145 statuit;

1981 1183 2097 1222 eam
2125 1167 2314 1222 media:
2340 1167 2617 1238 cujusdam
2645 1169 2927 1224 mortalem
2960 1170 3101 1224 inter
3130 1178 3186 1225 et
3220 1170 3454 1225 divinam
3486 1187 3587 1226 na-

1980 1268 2154 1315 turam
2184 1274 2305 1315 esse
2326 1260 2665 1324 substantiae,
2700 1262 2902 1331 Deique
2927 1261 3194 1316 beneficio
3225 1261 3338 1317 fieri
3382 1262 3586 1333 longa:-

1978 1366 2099 1408 vam
2130 1362 2290 1424 atque
2336 1354 2719 1409 immortalem.
2748 1355 3088 1425 Quapropter
3131 1354 3407 1410 christiani
3439 1356 3584 1427 pium

1979 1446 2032 1501 in
2083 1448 2187 1502 hoc
2214 1447 2414 1502 mundo
2463 1448 2587 1503 vita:
2615 1464 2784 1519 genus
2833 1456 3076 1519 agentes,
3109 1459 3331 1519 sperant
3375 1447 3489 1504 fore
3532 1458 3590 1504 ut

270 1535 421 1592 sitne
462 1536 741 1605 victitans,
785 1537 996 1593 nullum
1027 1553 1260 1608 unquam
1302 1537 1615 1608 loquentem
1663 1536 1869 1592 audiat.
1905 1556 1953 1616 Β
1978 1555 2131 1594 suam
2164 1550 2282 1610 post
2311 1550 2540 1596 mortem
2569 1549 2625 1596 et
2652 1542 2702 1594 in
2730 1540 2947 1606 cteium,
2973 1542 3112 1596 sicut
3137 1542 3203 1596 de
3225 1556 3323 1595 suo
3349 1540 3475 1595 illuc
3498 1546 3586 1595 re-

269 1628 408 1685 lude
428 1640 551 1700 post
578 1630 791 1701 triginta
819 1638 914 1685 aut
940 1631 1288 1702 quadraginta
1315 1642 1487 1685 annos
1513 1630 1797 1696 educatur,
1819 1636 1877 1687 et

271 1721 503 1793 prodeat
533 1722 585 1778 in
616 1723 914 1793 publicum,
945 1732 1056 1778 tum
1087 1738 1222 1779 saxo
1259 1723 1524 1787 obtusior,
1556 1721 1687 1777 nihil
1717 1722 1875 1794 plane

273 1816 466 1886 quavis
493 1814 564 1871 de
602 1828 664 1872 re
704 1816 1068 1887 interrogatus
1111 1815 1444 1885 respondere
1484 1817 1711 1886 pdterit,
1740 1815 1879 1870 nihil

268 1924 458 1965 rerum
490 1909 840 1975 naturalium,
872 1920 965 1965 aut
991 1925 1211 1974 earum,
1258 1924 1379 1979 qua:
1410 1908 1689 1964 hominum
1733 1909 1874 1973 usui,

269 2005 361 2061 vei
398 2004 608 2062 deliciis
653 2014 710 2061 et
740 2006 1002 2076 voluptati
1033 2005 1338 2061 necessaria
1367 2004 1694 2069 creduntur,
1722 2014 1779 2060 et
1807 2004 1877 2058 ab

274 2108 502 2154 auctore
531 2107 721 2153 nostro
763 2108 1186 2166 enumerantur,
1217 2108 1403 2152 notum
1444 2096 1683 2153 habebit.
1715 2096 1878 2152 Deni-

272 2205 381 2263 que
405 2190 610 2246 nullam
641 2190 732 2246 ille
760 2191 1086 2247 articulatitn
1120 2199 1175 2247 et
1212 2189 1467 2246 distincte
1493 2204 1684 2245 vocem
1711 2188 1873 2244 emito

274 2294 376 2340 tet.
419 2283 606 2339 Nonne
630 2292 810 2339 autem
852 2281 978 2339 hinc
1021 2282 1304 2340 evidenter
1328 2283 1612 2339 coniicitur
1639 2283 1877 2337 animam

274 2378 423 2433 illius
448 2378 501 2432 in
530 2376 789 2433 mundum
816 2392 924 2433 non
952 2374 1171 2433 venisse
1200 2377 1454 2432 omnibus
1493 2375 1739 2431 scientiis
1767 2374 1879 2429 ins-

278 2479 510 2526 tructam
523 2469 547 2523 ?

352 2565 546 2620 Postea
568 2563 838 2619 Arnobius
859 2563 1191 2620 contrarium
1214 2561 1456 2617 Platonis
1476 2570 1876 2632 argumentum,

277 2674 347 2715 ex
374 2672 542 2728 puero
576 2657 645 2712 de
672 2656 912 2711 numeris
937 2655 1271 2725 interrogato
1300 2654 1547 2725 petitum,
1582 2653 1884 2709 luculenter

278 2751 455 2807 diluit.
472 2750 559 2806 Ab
581 2750 685 2805 hoc
702 2759 935 2819 namque
963 2760 1070 2804 non
1093 2748 1267 2804 solum
1291 2762 1482 2819 puero,
1507 2762 1699 2804 verum
1719 2748 1881 2805 etiam

1975 1646 2164 1703 gressu
2212 1630 2409 1687 ethnici
2465 1631 2855 1710 gloriabanwr,
2885 1634 3202 1704 remigrent,
3231 1640 3286 1687 et
3314 1632 3535 1704 insuper
3560 1649 3590 1687 a

1979 1726 2093 1781 Deo
2114 1732 2333 1780 actorum
2358 1724 2633 1781 felicitatis
2673 1729 2975 1797 praemium,
3024 1727 3329 1782 certissimo
3359 1728 3591 1782 miracu-

1980 1819 2157 1875 lorum
2187 1833 2412 1875 suorum
2435 1819 2657 1890 pignore
2698 1818 2729 1873 ξι
2768 1818 2985 1875 Christo
3021 1821 3345 1890 promissum
3391 1835 3587 1876 conse-

1982 1925 2237 1983 quantur.

2052 2006 2316 2074 Quoniam
2338 2018 2518 2063 autem
2542 2007 2704 2063 modo
2723 2009 2922 2071 anima,
2955 2007 3286 2079 inquichant,
3326 2007 3369 2062 si
3396 2005 3589 2063 media:

1982 2100 2126 2155 illius
2166 2101 2444 2172 qualitatis
2482 2102 2574 2166 sit,
2608 2110 2783 2171 potest
2823 2116 3056 2171 unquam
3087 2101 3405 2157 immortalis
3429 2101 3583 2156 fieri!

1982 2191 2294 2262 Respondet
2320 2193 2590 2247 Arnobius
2611 2194 2742 2248 satis
2766 2192 2921 2247 nobis
2955 2192 3083 2247 illud
3114 2207 3254 2257 esse,
3289 2192 3430 2263 quod
3468 2206 3588 2246 om-

1983 2289 2233 2360 nipotens
2272 2289 2435 2350 Deus,
2467 2290 2554 2343 cui
2577 2288 2709 2342 nihil
2734 2288 3000 2343 obsistere
3028 2297 3225 2358 potest,
3258 2303 3359 2342 nos
3398 2287 3465 2342 de
3491 2286 3591 2341 hac

1983 2382 2178 2435 animm
2216 2391 2413 2436 nostra:
2446 2381 2849 2436 immortalitate
2884 2390 3039 2436 certo
3074 2380 3261 2435 fecerit
3305 2378 3588 2435 certiores.

1985 2473 2123 2542 Quid
2146 2490 2275 2529 vero
2303 2474 2444 2545 qu’od
2469 2474 2687 2545 ipsimet
2714 2472 2914 2528 ethnici
2933 2471 3085 2527 fateri
3109 2471 3441 2542 cogebantur
3456 2471 3588 2527 deos

1984 2584 2112 2625 suos
2142 2569 2255 2623 sive
2282 2567 2499 2639 angelos
2537 2576 2592 2622 et
2616 2568 2892 2622 diemones
2919 2564 3225 2636 hujusmodi
3254 2563 3445 2618 media:
3467 2578 3588 2618 esse

1987 2663 2256 2733 qualitatis
2276 2678 2291 2722 :
2315 2661 2745 2732 quandoquidem
2768 2675 2862 2715 eos
2883 2657 3169 2729 aliquando
3199 2666 3372 2723 natos,
3400 2667 3584 2728 postea

1988 2762 2237 2825 suprema
2264 2755 2354 2810 Dei
2388 2755 2555 2825 patris
2582 2754 2876 2821 voluntate,
2910 2753 3065 2808 sicuti
3095 2750 3250 2806 Plato
3279 2751 3463 2817 docet,
3488 2751 3588 2805 im-

278 2846 350 2903 ab
378 2846 491 2912 illo,
521 2845 591 2901 de
611 2860 719 2916 quo
743 2845 946 2900 dictum
973 2853 1086 2911 est,
1132 2843 1561 2914 quadragenario
1589 2842 1808 2898 homine
1837 2845 1880 2897 si
1910 2876 1954 2939 ε
1990 2850 2245 2905 mortales
2268 2848 2437 2904 factos
2465 2848 2865 2904 existimabant.

278 2940 408 3012 quid
437 2939 507 2995 de
533 2938 985 3009 multiplicandis,
1038 2945 1131 2992 aut
1165 2935 1469 2991 dividendis
1493 2936 1755 2997 numeris,
1789 2943 1882 2988 aut

280 3032 563 3104 triangulis
581 3042 633 3086 et
653 3031 926 3102 quadratis
946 3029 1208 3101 inquiras,
1223 3039 1403 3082 mutus
1416 3027 1637 3082 omnino
1655 3028 1776 3093 erit,
1790 3037 1884 3082 aut

278 3126 630 3199 respondebit
646 3142 753 3182 non
770 3124 988 3196 quidem
1006 3140 1071 3179 cx
1097 3126 1216 3179 [icta
1245 3138 1275 3177 a
1301 3121 1523 3176 Platone
1544 3120 1880 3192 cognitorum

278 3221 410 3277 olim
436 3230 617 3276 rerum
648 3220 930 3285 memoria,
978 3216 1071 3272 sed
1101 3230 1167 3271 ex
1198 3216 1262 3270 iis
1299 3227 1419 3285 qua:
1447 3214 1757 3284 quotidiano
1784 3226 1884 3267 usu

279 3312 489 3369 didicit.
521 3311 778 3368 Homines
821 3312 1097 3367 enimvero
1126 3308 1501 3379 magistrorum
1542 3321 1762 3362 suorum
1797 3305 1884 3360 in-

283 3405 584 3471 stitutione,
607 3402 1063 3473 quemadmodum
1094 3400 1344 3456 animalia
1367 3414 1468 3454 usu
1490 3407 1545 3453 et
1574 3397 1886 3453 assiduitate

280 3499 626 3556 erudiuntur.
669 3498 861 3553 Anima
890 3496 1050 3567 igitur
1088 3495 1342 3559 humana,
1367 3492 1604 3548 scientiis
1637 3491 1887 3547 omnibus

282 3596 571 3659 instructa,
596 3590 701 3647 huc
724 3607 828 3646 non
851 3588 1179 3645 adventavit.
1205 3588 1408 3644 Docere
1428 3586 1691 3657 siquidem
1709 3585 1886 3655 potius

284 3684 527 3751 deberet,
556 3698 715 3754 quam
745 3681 948 3737 doceri.

358 3778 545 3850 Neque
580 3777 783 3834 dixeris
817 3762 1089 3839 animam,
1132 3773 1221 3828 ubi
1263 3772 1476 3841 corpori
1520 3769 1882 3841 conjungitur,

282 3875 529 3947 priorum
557 3871 821 3938 oblivisci,
851 3880 1032 3941 atque,
1065 3879 1123 3924 ut
1150 3870 1319 3932 aiunt,
1350 3884 1411 3923 ra:
1437 3868 1584 3922 docta
1617 3867 1887 3927 elementa-

283 3970 419 4025 riam
447 3968 580 4038 ﬁeri,
614 3966 665 4021 id
691 3975 796 4031 est,
828 3964 1016 4035 primis
1046 3963 1331 4018 elementis
1371 3960 1735 4016 imbuendum.
1767 3958 1885 4014 Pri-

286 4078 437 4119 mum
460 4061 603 4117 enim
632 4059 746 4123 illa,
779 4057 1098 4113 docentibus
1137 4056 1327 4111 iisdem
1357 4052 1713 4124 philosophis,
1754 4054 1893 4107 sim-

286 4155 444 4227 plicis
475 4165 529 4208 ct
569 4155 902 4221 incorporczc
941 4161 1026 4207 est
1050 4150 1386 4205 substantia).
1421 4146 1713 4217 Coniuncto
1759 4161 1886 4215 ergo

286 4248 505 4318 corpori
534 4246 666 4302 nihil
692 4245 992 4316 spiritualis
1019 4254 1246 4307 naturae,
1277 4252 1330 4296 et
1361 4241 1599 4312 pristina:
1629 4241 1888 4312 cognitio-

285 4343 373 4398 nis
399 4341 651 4395 amittere
700 4348 895 4408 potest.
931 4337 1170 4393 Mortalis
1194 4336 1391 4407 quippe
1434 4344 1489 4390 et
1525 4334 1888 4404 corruptibilis

287 4438 464 4493 ﬁeret.
496 4433 703 4490 Deinde
745 4430 961 4503 quando
1006 4430 1095 4485 illa
1141 4442 1337 4501 corpus
1384 4428 1608 4497 animat,
1660 4429 1887 4497 plurium

283 4538 413 4585 ante
436 4528 708 4599 Octoginata
738 4533 896 4596 atque
940 4523 1170 4594 amplius
1199 4539 1369 4579 annos
1398 4539 1427 4576 a
1459 4539 1518 4577 se
1547 4522 1805 4577 laetorum
1837 4530 1891 4576 et

283 4622 632 4682 auditorum,
670 4617 1016 4679 recordatur;
1062 4615 1229 4670 multo
1268 4629 1399 4684 ergo
1436 4612 1607 4683 magis
1648 4614 1886 4680 illorum,

287 4730 409 4786 qua:
430 4725 555 4768 ante
585 4727 737 4766 suam
767 4724 997 4779 corpore
1021 4708 1419 4778 copulationcm
1458 4715 1702 4770 noverat,
1731 4706 1891 4761 remi-

291 4809 428 4864 nisci
454 4806 695 4862 deberet.
731 4803 1014 4859 Postremo
1045 4800 1092 4856 si
1123 4801 1235 4855 haec
1274 4798 1581 4869 conjunctio
1607 4796 1808 4852 cfliciat
1836 4806 1891 4851 ut

290 4902 515 4975 pristina
549 4901 773 4957 scientia
801 4899 1018 4955 excidat
1054 4914 1120 4953 ex
1148 4898 1349 4959 anima,
1397 4895 1667 4966 quomodo
1705 4895 1890 4951 dicunt

287 5011 415 5053 eam
443 4996 581 5051 scire
611 5010 672 5049 se
700 5008 823 5049 esse
866 4993 1262 5062 incorporeum,
1306 4990 1684 5052 immortalem,
1717 4990 1890 5044 omni-

286 5103 400 5159 que
428 5086 552 5141 olim
575 5086 835 5141 imbutam
855 5084 1103 5149 scientia,
1123 5083 1219 5138 sed
1244 5084 1482 5139 omnium
1506 5070 1624 5154 qua:
1647 5092 1888 5150 neverat,

287 5192 406 5238 tum
435 5180 696 5236 utilitam?

362 5276 589 5332 Demum
641 5272 914 5329 Arnobius
952 5287 1021 5327 ex
1064 5271 1148 5327 his
1187 5271 1257 5325 ita
1306 5270 1587 5341 disputatis
1622 5269 1891 5325 concludit

287 5370 564 5426 hominem
595 5366 966 5438 protelarium,
996 5364 1301 5430 classicum,
1331 5365 1506 5433 capite
1539 5374 1781 5425 censum,
1829 5376 1891 5417 ac

288 5466 514 5533 prorsus
557 5462 805 5529 inopem,
838 5459 1013 5529 primo
1039 5456 1236 5527 ordini,
1275 5457 1376 5514 hoc
1402 5467 1519 5524 est,
1559 5455 1745 5511 divino
1785 5470 1889 5510 nou

286 5552 728 5616 adscribendum,
762 5565 861 5606 nec
888 5552 935 5606 ei
967 5550 1213 5606 eamdem
1238 5560 1397 5621 atque
1424 5550 1535 5606 Deo
1558 5548 1888 5605 tribuendam

288 5647 778 5706 immortalitatem.
815 5646 985 5704 Secus
1028 5646 1172 5703 enim
1214 5643 1377 5704 nullis
1400 5644 1635 5705 fortuitis
1680 5644 1893 5703 casibus

1910 4300 1966 4361 D

2065 2942 2251 2996 Anima
2283 2942 2461 3011 itaque
2490 2950 2672 2995 nostra
2703 2957 2732 2994 a
2775 2954 3026 3009 suprema
3060 2937 3288 3011 quadam
3322 2945 3588 3008 potestate

1990 3036 2088 3103 fuit
2112 3045 2315 3103 creata,
2343 3035 2436 3090 sed
2456 3049 2556 3090 nec
2576 3034 2771 3089 divina:
2797 3033 2985 3104 prolis,
3013 3040 3113 3087 nec
3137 3033 3332 3087 summi
3365 3030 3459 3085 Dei
3480 3032 3584 3085 lilia

1990 3136 2094 3184 est.
2125 3127 2311 3181 Tanta:
2330 3127 2527 3197 quippe
2554 3127 2601 3180 si
2630 3126 2817 3180 fuisset
2836 3123 3183 3195 perfectionis
3203 3122 3335 3178 nihil
3358 3122 3588 3192 amplius

1988 3231 2174 3294 posset
2195 3224 2247 3277 in
2261 3237 2322 3277 ea
2343 3221 2658 3285 desiderari,
2690 3235 2791 3275 nec
2828 3219 3057 3274 diversa:
3096 3226 3279 3273 essent
3306 3216 3587 3272 hominum

1994 3319 2277 3374 sententiae
2310 3331 2407 3372 nec
2430 3316 2535 3370 ulla
2556 3328 2744 3370 eorum
2775 3313 2953 3369 anima
2984 3328 3050 3368 ex
3083 3313 3254 3369 beatis
3284 3311 3502 3367 sedibus
3532 3314 3587 3367 in

1992 3426 2190 3483 corpus
2213 3411 2350 3467 mitti
2381 3411 2659 3466 voluisset.

2065 3504 2180 3559 Non
2201 3506 2399 3575 patitur
2423 3511 2600 3559 autem
2623 3502 2894 3558 Arnobius
2921 3501 3021 3557 sibi
3053 3500 3213 3572 objici
3231 3498 3487 3554 mundum
3512 3500 3554 3555 si
3570 3528 3587 3539 -

1992 3615 2062 3655 ne
2103 3599 2322 3654 homine
2357 3610 2478 3653 esse
2520 3593 2916 3668 imperfectum,
2953 3602 3115 3665 atque
3155 3594 3359 3649 idcirco
3396 3594 3586 3660 Deum,

1992 3692 2407 3762 uniuscujusque
2447 3692 2680 3745 animam
2721 3706 2786 3744 ex
2822 3690 3003 3760 seipso
3041 3689 3275 3760 genitam
3316 3689 3369 3743 in
3404 3688 3591 3743 huma-

1994 3801 2119 3839 num
2144 3785 2356 3839 misisse
2385 3798 2603 3851 corpus.
2629 3782 2835 3852 Duplici
2877 3786 3156 3836 enimvero
3202 3782 3468 3852 longaque
3508 3782 3590 3836 in-

1994 3878 2243 3933 ductione
2274 3876 2445 3947 palam
2474 3876 2564 3931 ille
2592 3874 2769 3931 facere
2799 3883 3025 3930 conatur
3059 3874 3333 3929 hominem
3378 3890 3482 3929 non
3523 3876 3589 3929 ad

1995 3971 2379 4041 perfectionem
2410 3968 2617 4034 mundi,
2652 3968 2743 4039 qui
2773 3967 2992 4038 quidem
3024 3966 3144 4020 sine
3171 3967 3263 4019 illo
3304 3981 3424 4021 esse
3448 3976 3593 4037 pote-

1994 4073 2098 4129 rat,
2114 4064 2208 4118 sed
2225 4060 2291 4116 ad
2315 4061 2573 4131 privatam
2593 4058 3116 4130 ipsiusmethominis
3131 4056 3410 4112 utilitatem
3440 4072 3590 4112 com-

1997 4155 2415 4224 moditatemque
2453 4167 2574 4208 esse
2610 4160 2871 4206 creatum.
2913 4152 3088 4220 Atque
3112 4165 3177 4206 ex
3220 4151 3284 4205 iis
3321 4151 3594 4208 concludit

1995 4249 2255 4315 divinam,
2286 4263 2391 4302 non
2415 4262 2536 4302 esse
2557 4248 2812 4312 animam,
2855 4254 2974 4317 qua:
3014 4244 3359 4316 postmodum
3389 4248 3442 4303 in
3464 4264 3588 4303 cor-

1995 4356 2095 4412 pus
2121 4340 2336 4411 aliquod
2364 4357 2395 4394 a
2420 4341 2531 4396 Deo
2559 4354 2769 4395 summo
2790 4339 2953 4394 missa
2976 4339 3156 4395 fuerit.

2066 4434 2139 4489 At
2160 4449 2277 4500 sua,
2304 4434 2570 4504 inquiunt,
2592 4433 2891 4497 veluutate,
2928 4447 3035 4486 non
3060 4433 3151 4487 Dci
3176 4430 3329 4502 jussu
3360 4433 3506 4487 venit
3536 4434 3588 4486 in

1993 4528 2271 4583 mundum.
2299 4525 2408 4582 Cur
2436 4541 2587 4597 ergo,
2626 4525 2920 4595 respondet
2964 4524 3274 4581 Arnobius?
3318 4523 3588 4593 Numquid

1995 4623 2119 4694 quia
2148 4623 2287 4677 Deus
2302 4622 2540 4693 jubendo
2582 4630 2638 4675 ut
2670 4623 2867 4689 veniat,
2907 4622 3138 4691 ipsemet
3170 4621 3310 4675 Dens
3345 4620 3586 4673 omnium

1993 4716 2380 4781 calamitatum,
2426 4715 2617 4784 quibus
2663 4713 2826 4768 homo
2846 4714 2899 4767 in
2925 4713 3026 4767 hoc
3061 4710 3263 4766 mundo
3302 4709 3586 4779 premitur,

1994 4817 2155 4879 atque
2179 4805 2338 4861 etiam
2367 4815 2708 4871 cunctorum,
2732 4821 2851 4875 quae
2875 4813 3148 4874 perpetrat
3175 4802 3440 4858 scelerum
3468 4819 3587 4858 cau-

1994 4912 2052 4955 sa
2077 4899 2384 4956 diceretur?
2410 4900 2479 4953 At
2498 4899 2717 4965 iutilius,
2739 4898 2815 4952 ait
2842 4896 2953 4963 ilic,
2978 4894 3231 4965 ponderis
3247 4904 3329 4949 est
3355 4894 3471 4950 haec
3496 4911 3585 4951 ra-

1997 4993 2090 5049 tio.
2136 4992 2269 5059 Quia
2300 4991 2442 5046 enim
2473 5004 2585 5045 non
2625 4988 2878 5061 prohibet
2905 4984 3355 5059 Quemadmodum
3385 4997 3585 5057 potest,

1996 5101 2067 5141 ne
2097 5087 2257 5141 homo
2288 5084 2549 5140 veniatin
2577 5085 2719 5138 hunc
2764 5079 3046 5146 mundum,
3091 5080 3402 5136 eorumdem
3445 5080 3590 5136 illius

1996 5181 2259 5238 scelerum
2290 5191 2347 5235 et
2372 5178 2736 5234 calamitatum
2770 5190 2874 5230 non
2917 5174 3096 5229 minus
3124 5182 3285 5229 eausa
3331 5173 3587 5230 dicendus

1998 5275 2119 5331 erit.
2151 5273 2255 5330 Sed
2284 5272 2336 5328 id
2364 5271 2432 5327 de
2459 5272 2553 5326 illo
2580 5271 2697 5325 sine
2722 5267 2951 5323 maxima
2982 5267 3256 5338 impietate
3277 5268 3587 5338 pronuntia-

1997 5370 2044 5421 rl
2075 5382 2183 5421 non
2210 5374 2408 5435 potest.

2071 5457 2348 5527 Urgebant
2375 5453 2611 5511 ethnici:
2650 5453 2745 5509 Dic
2766 5454 2928 5524 igitur
2956 5452 3112 5508 nobis
3144 5450 3283 5509 unde
3314 5452 3591 5522 progenita

1999 5560 2088 5604 aut
2121 5548 2327 5619 prolata
2358 5546 2428 5601 sit
2447 5547 2648 5601 anima.
2684 5545 2790 5603 Sed
2819 5545 2945 5615 hoc,
2971 5545 3175 5614 inquit,
3204 5541 3493 5607 Arnobius,
3521 5543 3597 5597 si-

2000 5653 2092 5703 cut
2118 5653 2173 5701 et
2197 5642 2299 5699 alia
2333 5640 2483 5712 plura
2512 5640 2777 5711 ignorare.
2808 5649 3100 5715 possumus
3135 5680 3160 5709 ,
3202 5632 3418 5691 tametsi
3460 5632 3604 5691 illam
