4020 6072
424 224 531 279 375

1666 217 2115 277 DlSSERTA'l'lO
2152 217 2428 277 PREVIA
3298 210 3309 216 ’
3609 221 3676 275 37

426 352 526 391 nec
556 337 812 403 divinam,
833 351 932 392 nec
959 336 1052 391 Dei
1073 335 1380 406 progeniem
1410 349 1528 389 esse
1556 342 1892 405 compertum
1919 348 2014 389 no—
2040 334 2094 394 Α
2118 341 2264 399 sunt,
2297 333 2366 387 de
2394 332 2583 388 mundi
2607 333 2831 403 origine,
2864 335 3007 400 loco,
3038 345 3094 390 et
3121 336 3262 399 situ;
3292 335 3362 391 de
3390 335 3533 402 nive,
3568 337 3709 405 sole,

428 429 507 483 bis
533 429 624 483 sit.
661 428 873 483 Scimus
892 430 1033 483 enim
1059 427 1187 482 nihil
1215 443 1244 480 a
1269 427 1379 483 Deo
1400 442 1611 483 summo
1637 427 1751 483 ﬁeri
1780 442 2016 498 unquam

421 524 685 592 potuisse,
720 522 822 576 nisi
849 521 1099 575 omnibus
1143 521 1379 575 numeris
1407 520 1731 593 absolutum.
1765 519 1874 575 Nec
1915 520 2017 574 mi-

423 629 526 668 nus
551 622 702 668 certo
729 613 1105 684 cognoscimus
1125 611 1371 667 homines
1399 611 1532 666 nihil
1561 627 1682 667 esse
1710 611 1879 678 aliud,
1912 610 2013 666 nisi

422 706 631 760 animas
656 707 867 775 corpori
909 704 1175 775 alligatas,
1208 721 1326 773 qua:
1356 702 1595 758 omnium
1641 703 1890 757 vitiorum
1919 719 2008 774 ge-

420 812 553 852 nere
578 804 1011 865 eorrmupuntur.
1036 793 1288 862 Quamvis
1316 797 1462 848 enim
1487 793 1700 863 quidam
1729 793 2015 865 inculpatis

418 891 743 961 optimisque
769 890 878 944 sint
919 891 1180 955 moribus,
1211 899 1360 943 certe
1403 888 1455 942 hi
1506 888 1812 957 paucissimi
1862 898 2010 955 sunt,

419 1001 519 1042 nee
564 1000 727 1055 parvo
771 1000 984 1049 eorum,
1022 997 1160 1054 quos
1188 983 1459 1038 Arnobius
1485 983 1756 1053 proponit,
1789 998 2014 1038 numero

419 1080 790 1135 mstitnautlum
821 1089 903 1133 est
950 1087 1118 1132 totum
1149 1092 1321 1147 genus
1353 1078 1663 1130 humanum.
1713 1075 2011 1147 Ecquittam

416 1189 566 1237 vero,
623 1173 792 1244 pergit
840 1172 948 1237 ille,
983 1169 1204 1241 perfecti
1245 1178 1371 1224 sunt
1416 1167 1701 1223 homines?
1747 1167 2012 1239 Numquid

420 1266 754 1337 philosophi!
786 1264 948 1335 Atqui
992 1264 1042 1318 hi
1085 1263 1326 1336 quotidie
1366 1278 1490 1317 cum
1529 1262 1912 1330 cupiditatibus
1958 1272 2015 1320 et

416 1360 579 1414 variis
606 1359 766 1413 animi
816 1358 1093 1413 aflecﬁbus
1126 1366 1443 1428 pugnantes,
1473 1357 1706 1410 animam
1750 1371 1902 1410 suam
1944 1356 2011 1411 ad

416 1454 545 1508 vitia
569 1452 884 1522 proclivem,
915 1460 969 1507 et
1011 1449 1279 1505 inﬁrmam
1319 1464 1441 1504 esse
1467 1449 1862 1505 demonstrant.
1892 1447 2011 1504 Non

415 1562 544 1615 ergo
568 1546 744 1600 divina
767 1557 849 1599 cst
878 1545 1091 1599 illorum
1121 1560 1220 1597 nec
1241 1543 1469 1598 aliorum
1500 1543 1698 1598 anima.

2118 425 2263 491 luna,
2295 442 2359 482 ac
2390 425 2559 481 stellis
2585 442 2600 493 ;
2630 427 2696 481 de
2717 427 2917 509 pluvia,
2943 438 3126 495 vento,
3152 436 3528 499 tempestatum
3550 429 3713 484 vicis-

2118 518 2376 582 situdine,
2425 518 2493 574 de
2517 520 2661 574 snlso
2690 521 2826 575 mari
2854 538 2867 585 ;
2896 520 2964 575 de
2989 519 3314 591 quibusdam
3355 521 3516 577 terris
3542 520 3715 576 dulci-

2119 609 2237 678 bus,
2271 612 2491 677 amaris,
2520 611 2752 683 frigidis,
2779 627 2842 668 ac
2869 612 2940 669 de
2961 617 3318 668 humanorum
3346 612 3708 670 membrorum

2119 704 2535 773 compositione.
2578 703 2766 776 Neque
2813 707 2984 776 magis
3029 715 3226 761 norunt
3254 706 3379 776 quid
3421 707 3473 761 in
3511 706 3712 763 mundo

2119 794 2319 849 faciant
2343 794 2607 861 bubones,
2640 797 2950 862 immissuli,
2976 797 3236 861 formicae,
3264 813 3472 868 vepres,
3500 797 3708 866 lolium,

2118 886 2329 957 aliaque
2357 889 2440 943 his
2468 889 2696 953 similia;
2728 906 2827 945 cur
2855 890 2946 944 tali
2978 905 3080 946 nec
3119 891 3223 945 alia
3255 890 3420 961 ﬁgura
3450 892 3709 958 triticum,

2119 978 2222 1043 far,
2252 979 2541 1046 hordeum,
2571 992 2880 1053 czeteraque
2897 982 3020 1037 usui
3043 982 3277 1038 humano
3294 992 3439 1053 apta.
3465 998 3564 1040 nec
3582 984 3713 1056 quid

2118 1073 2334 1129 tandem
2362 1074 2470 1130 sint
2496 1075 2652 1142 odor,
2687 1090 2870 1147 sapor,
2901 1087 3062 1145 atque
3083 1078 3205 1132 alia:
3225 1077 3554 1146 ejuscentodi
3581 1093 3715 1148 qua-

2116 1168 2313 1223 litates.
2350 1169 2516 1225 Recte
2564 1170 2745 1240 itaque
2785 1170 3052 1233 Christus,
3087 1187 3246 1228 verus
3280 1172 3451 1240 Deus,
3483 1172 3583 1228 ενι)
3614 1171 3717 1228 ho-

2117 1262 2279 1316 minis
2301 1262 2472 1317 l‘orma
2503 1263 2734 1327 locutus,
2754 1264 2910 1335 jubet
2929 1279 3028 1320 nos
3048 1265 3251 1321 relictis
3278 1266 3428 1321 hisce
3441 1267 3717 1333 omnibus,

2115 1354 2492 1427 similibusque
2534 1356 2655 1412 aliis
2686 1357 3098 1427 quaestionibus.
3127 1358 3194 1413 ad
3224 1374 3405 1415 rerum
3433 1359 3720 1416 universa-

2117 1463 2236 1502 rum
2264 1447 2543 1503 dominum
2576 1458 2686 1503 tota
2720 1458 2902 1505 mente
2945 1449 3164 1512 adtolli.
3198 1459 3360 1520 atque
3404 1459 3717 1521 perpetuam

2118 1541 2290 1611 ipsius
2318 1542 2520 1598 habere
2568 1542 2911 1605 memoriam,
2945 1544 3037 1615 qui
3068 1546 3283 1601 tametsi
3331 1546 3721 1617 comprehendi

488 1636 597 1693 Nec
632 1648 715 1693 est
740 1637 879 1708 quod
906 1636 1117 1691 rideant
1138 1636 1361 1702 ethnici,
1394 1636 1439 1689 si
1464 1651 1723 1706 negemus
1750 1636 2016 1692 nobisin-
2045 1657 2092 1715 Β
2119 1647 2375 1705 nequeat,
2404 1635 2589 1691 nullus
2618 1647 2795 1693 tamen
2825 1637 2927 1691 nisi
2957 1652 3167 1704 amens,
3200 1638 3349 1693 illum
3377 1639 3552 1694 solum
3591 1653 3718 1695 esse

416 1742 752 1802 compertum
770 1746 889 1787 esse
907 1730 1177 1801 quomodo
1199 1729 1288 1784 illa
1304 1739 1481 1785 creata
1497 1730 1585 1784 sit.
1606 1728 1798 1784 Nullus
1816 1731 2017 1786 etenim

416 1824 665 1881 irrisione
695 1826 887 1898 dignus
908 1836 1012 1890 est,
1041 1827 1131 1897 qui
1175 1824 1374 1896 aliquid
1405 1824 1599 1889 nescit,
1624 1832 1718 1879 aut
1745 1825 1834 1895 qui
1873 1826 2018 1895 quod

415 1930 610 1984 nescn,
636 1920 687 1974 id
712 1935 771 1975 se
792 1921 1003 1975 nescire
1026 1919 1335 1975 conﬁtetur.
1365 1920 1431 1973 At
1450 1919 1540 1973 ille
1559 1926 1752 1974 merito
1782 1920 2015 1976 irriden-

416 2014 538 2077 dus,
556 2014 644 2084 qui
672 2029 731 2068 se
754 2014 892 2069 scire
908 2023 1053 2083 putat
1073 2012 1516 2084 qnodobscurum
1535 2022 1639 2077 est,
1657 2022 1706 2067 et
1724 2012 2013 2069 humanam

416 2118 632 2177 superat
657 2109 1045 2177 cognitionem.
1093 2108 1365 2162 Prmterea
1411 2107 1502 2176 qui
1549 2106 1757 2160 animas
1784 2107 1851 2161 ab
1898 2107 2016 2177 ipso

414 2214 627 2254 summo
664 2199 811 2270 Rege
850 2200 903 2254 in
935 2199 1165 2254 hominis
1216 2212 1411 2268 corpus
1453 2197 1783 2253 descendere
1813 2198 2014 2268 opina-

419 2292 630 2360 bantur,
668 2293 797 2347 nihil
829 2293 1177 2364 proferebant
1201 2294 1332 2347 certi
1361 2300 1416 2348 et
1439 2292 1726 2362 explorati,
1759 2292 1854 2346 sed
1894 2306 2014 2347 sus-

418 2387 657 2455 piciones
690 2395 892 2440 tantum
921 2401 983 2441 ac
1008 2386 1361 2456 conjecturas,
1393 2402 1510 2456 qua:
1541 2383 1668 2459 nihil
1696 2385 1840 2439 aliud
1866 2393 2010 2450 sunt,

421 2483 526 2537 nisi
559 2487 760 2537 incerta
787 2481 988 2552 opinio,
1024 2491 1075 2535 et
1102 2482 1176 2535 rei
1211 2482 1377 2551 ipsius
1404 2480 1728 2547 ignorantia.

488 2573 569 2629 Ad
585 2573 700 2628 lucc
722 2588 872 2640 vero,
895 2572 1352 2643 ip-imctgrntiles
1375 2573 1676 2643 pltilosotibi
1703 2571 2016 2628 nesciebant

415 2665 558 2722 unde
579 2666 833 2733 qualesve
863 2665 972 2720 sint
990 2667 1423 2736 elephantorum,
1441 2681 1744 2733 cervorum,
1770 2667 2008 2734 lenitum,

413 2758 749 2828 aliorumque
783 2757 1121 2824 animalium,
1154 2759 1319 2812 immo
1361 2772 1493 2813 vero
1524 2772 1626 2812 nec
1658 2758 2009 2824 locustarum,

416 2854 671 2910 murium.
705 2851 963 2913 sericum,
988 2860 1042 2906 et
1062 2851 1287 2905 aliarum
1311 2851 1641 2918 ejuscemudi
1665 2851 2010 2906 bestiolarum

415 2947 641 3012 animai;
674 2963 805 3018 quas
834 2945 1050 3016 quidem
1077 2961 1142 3001 ex
1167 2945 1354 3001 ﬁctitio
1376 2945 1612 3000 Platonis
1636 2956 1847 3001 cratere
1867 2953 2015 3001 ortas

2126 1729 2295 1785 Deum
2323 1729 2567 1802 ambigit.
2604 1731 2863 1788 Ethnicos
2892 1732 3076 1801 igitur,
3105 1733 3195 1803 qui
3224 1748 3348 1787 eum
3394 1747 3500 1787 non
3527 1747 3724 1804 agnos-

2121 1833 2266 1890 cunt,
2301 1834 2518 1881 manent
2543 1827 2671 1881 δωνί
2701 1836 2821 1898 post
2845 1835 3073 1881 mortem
3096 1827 3385 1893 cruciatus,
3411 1838 3701 1899 quantum-

2120 1916 2205 1971 vis
2233 1915 2394 1988 Magi,
2430 1917 2664 1984 Etrusci,
2697 1919 2778 1974 vel
2811 1919 2928 1986 alii,
2962 1920 3088 1983 illis,
3120 1919 3165 1974 si
3197 1921 3281 1990 pie
3310 1922 3577 1983 vixerint.
3607 1936 3728 1979 coa-

2124 2010 2236 2065 lum
2285 2021 2409 2082 post
2454 2023 2688 2068 mortem
2739 2021 2928 2083 patere
2959 2012 3284 2083 spondeant.
3326 2013 3383 2068 In
3409 2014 3552 2069 illius
3579 2015 3725 2070 enim

2119 2106 2291 2162 solius
2323 2107 2456 2174 Dei,
2489 2108 2715 2164 minime
2742 2125 2874 2164 vero
2903 2109 3160 2177 aliorum,
3211 2110 3609 2179 quantumlibet
3653 2111 3725 2167 dii

2118 2199 2388 2263 dicantur,
2420 2210 2688 2272 potestate
2732 2203 2965 2273 positum
2993 2202 3368 2278 estvconferre
3411 2204 3722 2259 immortali~

2118 2303 2305 2348 tatem.
2333 2292 2595 2361 Quocirca
2634 2294 2884 2351 Christus
2923 2297 2993 2350 ab
3039 2295 3132 2349 illo
3162 2296 3361 2352 missus
3388 2306 3489 2362 est,
3540 2306 3599 2352 ut
3625 2313 3727 2355 nos

2115 2387 2182 2440 ab
2213 2388 2451 2451 interitu,
2497 2399 2660 2459 atque
2685 2390 2851 2444 exitio
2885 2390 3170 2445 liberaret.

2191 2479 2327 2547 Quid
2354 2494 2504 2549 ergo,
2534 2482 2829 2552 arguebant
2861 2483 3088 2546 ethnici,
3118 2492 3299 2537 actum
3324 2493 3409 2538 est
3437 2483 3505 2539 de
3528 2499 3723 2539 eorum

2116 2571 2420 2636 animabus,
2454 2573 2544 2643 qui
2592 2584 2717 2627 ante
2765 2573 2969 2628 Christi
2996 2574 3287 2630 adventum
3332 2576 3529 2631 mortui
3558 2578 3729 2633 sunt?

2113 2664 2358 2721 Christus
2386 2667 2534 2737 ipse,
2570 2667 2743 2738 inquit
2773 2667 3055 2723 Arnobius
3078 2710 3093 2733 ,
3124 2683 3226 2723 nos
3254 2668 3437 2724 docuit
3471 2683 3564 2725 eas
3591 2686 3727 2726 con-

2116 2761 2351 2816 venienti
2383 2771 2628 2830 tempore
2668 2778 2698 2816 a
2740 2777 2798 2817 se
2832 2760 3005 2817 fuisse
3033 2772 3411 2827 conservatas,
3442 2779 3505 2819 ac
3535 2764 3729 2820 libera-

2118 2864 2221 2919 tas,
2249 2854 2704 2925 quemadmodum
2730 2855 2797 2911 ab
2823 2856 2941 2922 ipso
2967 2856 3085 2912 solo
3108 2856 3399 2912 didicimus
3425 2858 3643 2929 quando
3672 2861 3725 2915 in

2126 2951 2285 3006 terris
2311 2966 2433 3006 esse
2452 2952 2685 3021 coeperit
2711 2950 3007 3006 humanum
3031 2966 3222 3020 genus,
3255 2952 3470 3020 quando
3497 2953 3723 3023 primum

416 3037 2022 3110 nemodixerit.Necmagisintcrphilosophosconstataquo
2048 3071 2091 3135 ε
2125 3043 2361 3115 alligatae
2418 3044 2529 3098 sint
2582 3043 2903 3114 corporibus
2945 3043 3171 3109 animae,
3223 3052 3277 3098 et
3325 3044 3448 3114 quis
3494 3044 3728 3102 hominis

414 3141 470 3186 et
496 3145 562 3186 ex
598 3130 792 3200 quibus
823 3130 1011 3200 primis
1043 3131 1378 3199 potissimum
1411 3130 1569 3185 rebus
1596 3131 1789 3185 anima:
1818 3140 2021 3186 nostra:

413 3227 569 3281 factae
588 3227 793 3281 sint.At
808 3226 852 3280 si
878 3226 962 3295 pie
981 3235 1036 3280 et
1054 3233 1279 3280 sanetea
1300 3225 1520 3280 Platone
1536 3225 1811 3281 adsertam
1833 3236 2021 3295 putant

417 3320 562 3384 illas,
610 3336 716 3373 non
761 3319 979 3390 quidem
1011 3334 1039 3370 a
1074 3319 1184 3372 Deo
1224 3332 1459 3383 summo,
1494 3318 1589 3372 sed
1620 3318 2017 3374 alrminoribus

417 3413 736 3485 quibusdam
762 3411 1114 3481 potestatibus
1139 3422 1371 3477 creatas,
1398 3427 1493 3467 cur
1519 3414 1674 3467 nobis
1701 3430 1805 3468 non
1836 3413 2017 3470 licebit

413 3505 575 3575 longe
616 3506 817 3560 certius
860 3504 1118 3558 adserere
1159 3504 1306 3572 ipsas
1338 3503 1528 3558 media:
1559 3504 1845 3574 qualitatis,
1891 3521 2015 3576 quas

416 3597 630 3667 quidem
679 3597 801 3652 licet
831 3613 860 3650 a
891 3595 1273 3666 principalibus
1300 3596 1653 3665 potestatibus
1696 3612 1801 3652 non
1831 3596 2009 3666 editze,

417 3691 711 3762 mortisque
741 3692 946 3762 legibus
972 3681 1220 3746 obnoxia:
1248 3691 1380 3757 sint,
1405 3691 1806 3749 immortalitate
1830 3702 2011 3751 tamen

415 3802 445 3839 a
478 3786 586 3841 Deo
614 3785 880 3840 donantur
906 3785 930 3839 ?

486 3878 671 3949 Neque
695 3878 894 3935 dixeris
915 3878 1048 3934 nihil
1070 3878 1281 3949 penitus
1305 3879 1423 3935 sine
1456 3879 1550 3934 Dei
1570 3880 1844 3936 voluntate
1875 3881 2011 3936 ﬁeri.

415 3970 561 4028 Cave
597 3973 740 4026 enim
775 3987 842 4026 ne
870 3971 994 4027 inde
1022 3970 1378 4026 concludatur
1409 3972 1576 4027 Deum
1623 3981 1702 4026 tot
1729 3988 1792 4028 ac
1832 3982 2011 4029 tanto-

414 4082 559 4134 rum,
591 4066 789 4139 quibus
819 4064 1065 4121 homines
1092 4066 1413 4128 obruuntur,
1438 4080 1664 4135 qua-que
1690 4082 1753 4121 ex
1778 4067 2015 4124 eletnen-

416 4171 593 4216 torum
643 4159 1011 4230 inaequalitate
1040 4159 1170 4214 oriri
1204 4173 1309 4213 non
1338 4167 1572 4224 constat,
1607 4160 1868 4215 malorum
1899 4177 2021 4218 esse

414 4263 714 4309 auctorem.
737 4252 848 4307 Nec
863 4252 1131 4307 curiosius
1150 4252 1315 4306 etiam
1342 4251 1585 4321 inquiras
1608 4251 1748 4307 unde
1770 4252 1856 4306 illa
1880 4254 2021 4308 mala

414 4350 683 4413 oriantur,
727 4355 783 4401 et
823 4361 922 4401 cur
949 4361 1011 4401 ea
1042 4346 1187 4401 Deus
1214 4347 1515 4416 permittat.
1555 4345 1689 4401 Nam
1734 4345 1836 4402 hoc
1874 4349 2014 4404 scire

413 4442 501 4496 Vel
544 4439 753 4495 nescire
800 4454 988 4509 parum
1036 4440 1294 4503 interest,
1327 4437 1490 4493 modo
1522 4454 1620 4510 pro
1658 4448 1810 4496 certo
1854 4440 2015 4512 plane

418 4535 714 4589 habeamus
745 4531 875 4586 nihil
909 4546 939 4586 a
967 4546 1096 4585 vero
1125 4531 1235 4585 Deo
1263 4529 1380 4586 ﬁeri
1408 4530 1629 4599 malum,
1660 4532 1930 4597 vitiosum,
1961 4541 2016 4587 et

418 4626 664 4693 noxium,
696 4623 952 4695 quodque
990 4622 1241 4678 omnibus
1271 4637 1379 4677 non
1404 4622 1475 4676 sit
1501 4621 1757 4689 salutare,
1787 4631 1842 4677 et
1868 4639 2017 4678 amo-

418 4720 494 4775 ris
523 4734 588 4773 ac
613 4712 815 4773 iustitiae
846 4717 1241 4783 plenissimum.
1292 4714 1434 4770 Nulli
1470 4723 1650 4770 autem
1684 4715 1815 4769 mira
1845 4714 2015 4772 videri

418 4813 582 4870 debet
613 4824 796 4867 nostra
825 4810 894 4866 de
941 4820 1020 4865 tot
1048 4809 1171 4863 aliis
1199 4807 1359 4864 rebus
1391 4809 1678 4879 ignoratio.
1707 4807 1839 4876 Quis
1868 4809 2012 4864 enim

419 4910 595 4966 nescit
624 4918 800 4962 tantas
837 4920 958 4962 esse
977 4904 1218 4959 omnium
1247 4918 1311 4959 ac
1339 4905 1635 4974 praesertim
1664 4902 2014 4975 philosopho-

419 5019 560 5068 rum,
594 5004 663 5058 de
693 5018 752 5057 re
782 4999 1060 5069 qualibet,
1093 4997 1161 5053 de
1191 4997 1377 5053 mundi
1405 5005 1526 5053 ortu
1568 5005 1624 5052 et
1661 4998 1878 5052 interitu
1902 5040 1919 5065 ,
1948 4997 2016 5054 de

418 5096 612 5168 primis
641 5110 823 5150 rerum
855 5090 1165 5164 primordiis
1185 5133 1201 5159 ,
1233 5091 1304 5147 de
1329 5091 1464 5156 diis,
1502 5090 1571 5147 de
1599 5091 1793 5146 animm
1817 5101 2017 5148 nostra:

417 5189 752 5253 conditione,
787 5188 1186 5250 contentiones.
1212 5196 1270 5240 ut
1288 5184 1421 5241 nihil
1444 5200 1475 5240 a
1502 5200 1770 5256 quoquam
1796 5186 2016 5242 adsera-

418 5293 524 5347 tur,
557 5281 701 5353 quod
730 5279 800 5334 ab
829 5279 937 5334 alio
965 5280 1148 5336 statim
1180 5293 1288 5335 non
1327 5278 1498 5349 possit
1527 5277 1730 5334 destrui
1761 5294 1828 5335 ac
1879 5293 2015 5335 con-

417 5373 627 5432 mea?

495 5467 753 5539 Quamvis
783 5481 916 5539 ergo
945 5466 1225 5523 christiani
1251 5467 1559 5539 ignorarent
1584 5481 1612 5520 a
1641 5481 1768 5536 quo.
1791 5475 1848 5523 et
1875 5466 2017 5546 unde

424 5572 608 5619 creata
638 5560 709 5617 sit
740 5569 924 5617 nostra
953 5559 1151 5625 anima,
1176 5558 1322 5618 unde
1341 5559 1548 5615 oriatur
1565 5558 1788 5626 malum,
1814 5561 1898 5615 vel
1920 5574 2021 5614 cur

425 5659 567 5713 Dens
595 5655 728 5713 illud
759 5656 1014 5727 patiatur,
1048 5653 1177 5708 nihil
1210 5655 1335 5710 inde
1363 5655 1622 5712 adversus
1650 5654 1769 5710 illos
1803 5651 2020 5710 efﬁcere

420 5761 670 5827 poterant
716 5751 947 5822 gentiles
972 5791 988 5816 ,
1039 5746 1237 5819 quibus
1284 5748 1443 5819 longe
1486 5748 1641 5820 plura
1681 5748 2019 5819 incomperta

2125 3147 2357 3192 creator.

2194 3227 2472 3298 Urgebant
2502 3227 2727 3294 ethnici,
2776 3244 2873 3284 cur
2916 3243 3048 3299 ergo
3073 3243 3268 3284 omnes
3297 3229 3506 3285 animas
3535 3232 3728 3300 aequali

2121 3321 2478 3377 beneﬁcentia
2503 3337 2610 3375 non
2634 3322 2854 3376 liberat?
2872 3321 3095 3386 Omnes,
3119 3321 3413 3392 rcSpondet
3432 3325 3720 3391 Arnobius,

2116 3414 2397 3485 :equaliter
2424 3424 2615 3481 Vocat,
2649 3424 2705 3470 et
2738 3414 2805 3470 ad
2834 3429 2895 3470 se
2922 3414 3173 3471 veniendi
3209 3426 3533 3486 potestatem
3574 3418 3720 3475 fecit.

2124 3506 2315 3563 Nostra
2345 3508 2510 3580 igitur
2537 3524 2643 3563 non
2679 3508 2776 3564 Dei
2803 3509 2961 3578 culpa
3002 3520 3119 3575 est,
3148 3509 3191 3564 si
3227 3510 3372 3565 illius
3402 3511 3725 3569 beneﬁcium

2117 3617 2231 3656 non
2259 3601 2640 3672 adsequamur.
2673 3600 2828 3671 Quod
2857 3601 3076 3672 quidem
3122 3603 3367 3658 Platonis
3405 3606 3727 3663 auctoritate

2117 3697 2421 3762 conﬁrmat,
2448 3698 2705 3768 additque
2739 3699 2930 3763 Deum,
2961 3699 3047 3753 cui
3076 3699 3223 3756 salus
3254 3709 3434 3755 nostra
3467 3716 3720 3759 necessa-

2119 3792 2198 3846 ria
2229 3806 2336 3846 non
2364 3800 2471 3859 est,
2505 3791 2636 3846 nulli
2666 3790 2881 3846 adferre
2913 3792 3310 3848 necessitatem.

2191 3881 2495 3950 Instabam,
2537 3883 2583 3938 si
2618 3883 2758 3938 Deus
2786 3892 2979 3952 potens
3017 3898 3081 3939 ac
3111 3884 3421 3942 misericors
3461 3896 3577 3952 est,
3621 3904 3721 3944 cur

2116 3991 2223 4032 non
2251 3975 2397 4043 facit,
2424 3984 2481 4031 ut
2510 3977 2660 4031 inviti
2684 3976 2932 4032 homines
2956 3977 3126 4048 ipsius
3150 3978 3376 4034 credant
3402 3981 3726 4050 promissis?

2125 4068 2221 4126 Vis
2244 4069 2356 4136 illa,
2387 4069 2463 4124 ait
2485 4069 2780 4136 Arnobius,
2814 4083 2919 4124 non
2942 4071 3133 4140 gratia,
3158 4071 3251 4126 sed
3276 4072 3533 4142 injustitia
3556 4085 3722 4138 esset,

2124 4177 2228 4233 qua
2274 4161 2343 4217 ab
2391 4161 2577 4217 invitis
2615 4172 3047 4231 extorqueretur,
3095 4164 3238 4235 quod
3271 4164 3446 4219 nolint
3484 4179 3549 4220 ac
3579 4165 3725 4222 refu-

2125 4254 2291 4324 giant,
2321 4254 2575 4325 quodque
2605 4254 2649 4308 si
2681 4254 2875 4317 velint,
2910 4255 3120 4324 possint
3146 4257 3431 4327 consequi.

2198 4347 2358 4402 Solus
2407 4348 2569 4418 igitur
2609 4346 2963 4413 christianos,
3012 4349 3233 4404 aiebant
3272 4350 3496 4419 ethnici,
3524 4350 3723 4409 Christi

2122 4455 2227 4510 ope
2252 4449 2305 4495 et
2328 4440 2534 4495 auxilio
2561 4440 2773 4496 beatam
2807 4441 3266 4498 immortalitatem
3297 4443 3595 4515 impetrare
3624 4462 3721 4515 po-

2120 4539 2243 4586 test.
2273 4530 2446 4587 Reete
2468 4573 2483 4596 ,
2535 4533 2711 4603 inquit
2741 4530 3037 4588 Arnobius.
3071 4533 3413 4607 Soli~quippe
3442 4537 3517 4593 illi
3550 4531 3666 4594 haec
3692 4556 3719 4593 a

2120 4622 2234 4678 Deo
2261 4634 2412 4693 patre
2446 4622 2678 4679 facultas
2707 4625 3049 4680 conceditur.
3085 4625 3198 4682 Nec
3225 4627 3276 4681 id
3319 4642 3452 4684 sane
3491 4629 3722 4686 ethnicis

2117 4716 2354 4773 debebat
2374 4719 2572 4774 mirum
2596 4718 2790 4782 videri.
2816 4719 2905 4790 qui
2929 4720 3156 4792 singulis
3172 4720 3275 4776 diis
3294 4723 3407 4777 suis
3422 4724 3722 4797 singulares

2115 4813 2377 4886 quasdam
2407 4822 2712 4885 potestates
2741 4814 2895 4870 datas
2923 4815 3310 4885 opinabantur.

2188 4908 2271 4964 Ad
2304 4917 2539 4965 veterem
2567 4907 2795 4975 deinde,
2831 4922 2894 4963 ac
2923 4909 3123 4979 saepius
3160 4909 3495 4978 refricatam,
3526 4913 3722 4969 transit

2118 5002 2389 5059 Arnobius
2410 5002 2688 5070 gentilium
2716 4984 3133 5074 querimoniam,
3168 5019 3273 5075 qua
3298 5004 3569 5060 novellam
3596 5021 3719 5064 esse

2119 5094 2545 5151 Christianorum
2577 5093 2918 5166 religionem,
2956 5103 3120 5164 atque
3146 5095 3395 5166 antiquos
3435 5105 3491 5153 et
3516 5098 3719 5169 patrios

2118 5187 2256 5244 ritus
2300 5187 2353 5243 in
2385 5187 2648 5243 barbaros
2679 5188 3108 5259 peregrinosque
3146 5187 3436 5243 mutandos
3464 5206 3571 5245 non
3597 5205 3718 5246 esse

2121 5279 2563 5350 expostulabant.
2583 5278 2762 5335 Variis
2782 5291 2962 5335 autem
2982 5279 3281 5336 rationibus
3300 5281 3536 5338 ostendit
3551 5282 3719 5339 homi-

2121 5372 2282 5428 nibus
2307 5387 2405 5426 usu
2432 5387 2653 5443 semper
2678 5372 2895 5429 venisse
2912 5414 2927 5439 ,
2971 5380 3031 5427 ut
3059 5372 3262 5428 salubri
3294 5376 3718 5433 commutatione

2121 5468 2282 5524 malis
2306 5478 2361 5524 et
2382 5466 2664 5523 inutilibus
2684 5467 2825 5524 bona
2847 5476 2903 5522 et
2925 5466 3073 5522 utilia
3099 5479 3496 5541 pmponerent.
3519 5469 3719 5538 Quam-

2122 5561 2310 5617 obrem
2344 5576 2451 5615 non
2491 5562 2606 5632 ipsa
2636 5562 2716 5617 rei
2744 5560 2973 5631 alicujus
3003 5562 3363 5632 permutatio,
3411 5561 3510 5618 sed
3539 5573 3718 5620 mutas

2122 5654 2286 5710 tionis
2317 5669 2479 5710 causa
2503 5669 2721 5726 semper
2765 5654 3088 5727 inquirenda
3135 5664 3239 5710 est.
3276 5654 3479 5711 Deinde
3505 5671 3637 5713 vero
3674 5661 3722 5716 si

2121 5755 2303 5805 vetera
2337 5746 2577 5804 instituta
2622 5756 2837 5805 mutare
2880 5747 3094 5805 crimini
3122 5755 3385 5815 vertatur,
3419 5748 3578 5820 hujus
3607 5751 3720 5806 cri-
