4020 6072
265 114 368 151 all

1515 95 1581 151 IN
1621 93 1994 163 ABNOBIUM,
2038 94 2198 151 CAP.
2240 95 2277 148 I.

3451 92 3558 151 378

267 211 427 269 minis
470 227 596 269 reos
642 228 764 269 esse
808 213 1039 285 gentiles
1077 213 1350 270 convincit
1392 212 1665 268 Arnobius
1695 212 1855 282 longa
1884 216 1931 273 Α
1960 208 2273 266 satisfacere
2301 208 2553 278 ethnicis,
2580 223 2796 282 semper
2814 212 3124 283 rogantibus
3150 228 3248 271 cur
3274 210 3554 271 christiani

264 309 546 373 ciborum,
582 324 825 377 morum,
857 308 1071 380 legum,
1121 323 1504 377 sacrorumque
1550 306 1748 361 rituum
1792 304 1858 359 ab

263 402 399 474 ipsis
432 412 755 458 mutatorum
780 404 1209 458 enumeratione.

337 495 610 551 Prwterea
657 499 868 551 tametsi
919 495 1208 552 christiana
1253 496 1443 567 religio
1486 505 1611 550 ante
1657 508 1857 564 paucos

261 587 386 645 dies
415 589 761 644 disseminata
794 591 1011 656 fuisset,
1042 606 1219 645 nonne
1249 606 1336 646 res
1366 606 1553 646 omnes
1582 590 1853 652 humanm,

263 692 438 747 artes,
468 682 731 748 scicntia),
759 681 1079 753 disciplinae,
1107 699 1333 755 quarum
1365 684 1621 754 quasdam
1666 695 1856 738 auctor

259 784 454 828 uoster
482 784 752 839 recenset,
803 784 983 829 ortum
1038 775 1323 831 habuere?
1364 774 1578 838 Nonne,
1611 774 1855 846 ipsismet

255 866 557 924 fatentibus
582 868 838 934 ethnicis,
871 885 1056 924 eorum
1084 869 1182 937 dii,
1229 869 1455 940 Jupiter,
1500 870 1696 937 aliique
1717 884 1851 937 quos

256 961 355 1017 ille
400 963 717 1018 nominatim
766 965 1041 1035 appellat,
1088 980 1210 1021 esse
1257 966 1575 1035 casperuut?
1620 965 1675 1021 Si
1720 979 1851 1036 ergo

251 1067 385 1110 ante
431 1054 539 1112 400
577 1071 751 1112 annos
793 1059 983 1129 religio
1028 1057 1318 1114 christiana
1349 1075 1455 1115 non
1485 1071 1630 1127 erat,
1675 1074 1848 1130 neque

249 1147 418 1201 etiam
465 1159 591 1203 ante
638 1148 745 1203 duo
796 1165 1059 1206 annorum
1101 1151 1269 1205 millia
1319 1150 1495 1206 nullos
1540 1150 1674 1206 deos
1716 1166 1843 1207 suos

248 1238 421 1295 fuisse
447 1256 644 1312 negare
674 1257 778 1297 non
811 1252 1076 1313 poterant.

322 1335 393 1388 At
413 1345 645 1402 constat,
666 1337 979 1407 inquichant
999 1337 1095 1405 illi,
1115 1347 1352 1394 nostram
1371 1339 1684 1410 religionem
1708 1336 1843 1393 chri-

247 1425 420 1481 stiana
450 1426 610 1499 longe
641 1429 987 1485 vetustiorem
1030 1446 1184 1495 esse,
1216 1441 1378 1502 atque
1419 1431 1618 1488 idcirco
1659 1433 1838 1486 verio-

1963 302 2095 357 deos
2136 317 2234 357 nec
2264 302 2529 369 colerent,
2558 318 2655 358 nec
2694 302 3003 360 adorarent.
3038 306 3347 376 lleSpoudet
3376 306 3555 376 itaque

1961 396 2013 450 in
2043 396 2151 451 Deo
2186 412 2366 452 rerum
2399 397 2637 452 omnium
2662 409 2909 455 creatore
2935 410 2989 454 et
3016 400 3373 469 moderatore,
3399 399 3555 472 quid—

1959 490 2086 562 quid
2130 488 2418 545 colendum
2469 500 2523 545 et
2569 490 2899 547 adorandum
2942 503 3025 548 est
3052 508 3083 547 a
3112 492 3420 549 christianis
3447 492 3552 548 coli

1955 595 2005 637 et
2030 584 2263 638 adorari.
2286 583 2339 639 Si
2364 585 2451 654 qui
2478 599 2606 655 ergo
2637 585 2708 639 dii
2736 586 2862 649 sint,
2893 586 2959 641 ab
2992 587 3083 640 illo
3109 586 3369 658 originem
3398 602 3550 642 suam

1955 678 2179 741 ducunt,
2211 687 2373 748 atque
2405 678 2456 732 iu
2510 694 2575 734 co
2633 680 2904 735 coluntur.
2937 679 3041 736 Sed
3073 695 3167 735 eus
3211 695 3400 737 revera
3430 695 3552 736 esse

1956 768 2088 823 deos
2122 770 2334 838 probari
2365 787 2635 840 nunquam
2669 772 2840 843 potuit
2866 772 2934 825 ab
2959 772 3206 838 ethnicis,
3234 773 3427 842 quibus
3461 772 3548 827 in-

1956 873 2295 933 compertum
2330 878 2548 933 semper
2580 864 2679 919 fuit
2704 874 2794 919 aut
2844 865 2985 921 unde
3015 866 3229 922 notniua
3268 880 3362 921 sua
3391 879 3549 921 accc-

1954 957 2147 1027 perint,
2182 968 2271 1012 aut
2301 967 2496 1028 quanta
2530 959 2601 1017 sit
2631 960 2843 1015 illorum
2876 959 3185 1015 multitudo.

2021 1053 2258 1111 Ulterius
2286 1071 2413 1111 vero
2442 1056 2780 1126 progreditur
2805 1068 2965 1125 atque
2984 1072 3047 1112 ex
3076 1056 3179 1120 his,
3201 1072 3319 1128 qua:
3346 1054 3545 1111 ethnici

1948 1147 2016 1200 de
2045 1146 2149 1202 diis
2205 1149 2316 1203 suis
2359 1150 2742 1218 pra'dicabant,
2800 1150 2975 1205 nullos
3028 1166 3149 1206 esse
3206 1148 3547 1221 apertissime

1945 1237 2300 1295 demonstrat.
2330 1241 2513 1296 Primo
2542 1242 2685 1296 enim
2718 1243 2849 1298 deos
2876 1258 3052 1298 mares
3079 1254 3129 1297 et
3171 1242 3423 1297 heminas
3451 1257 3546 1297 ve-

1946 1333 2644 1391 nerabantur.Atdivinam
2679 1345 2922 1390 naturam
2971 1353 3075 1391 non
3116 1336 3337 1403 diversi,
3378 1336 3544 1392 immo

1944 1424 2143 1479 nullius
2169 1441 2331 1481 sexus
2355 1442 2476 1482 esse
2506 1443 2757 1497 capacem
2805 1445 2909 1482 non
2957 1430 3130 1483 solum
3156 1427 3433 1484 Ciceronis
3462 1437 3545 1484 te-

244 1534 386 1574 rem.
430 1521 535 1576 Sed
583 1523 853 1577 Arnobius
893 1523 1031 1580 hanc
1077 1523 1521 1595 consequentiam
1569 1524 1685 1580 falsi
1717 1524 1840 1581 ideo
1872 1543 1918 1602 B
1943 1518 2216 1586 Stimnnio,
2241 1520 2335 1574 sed
2368 1520 2491 1577 inde
2514 1521 2676 1576 etiam
2702 1522 2859 1591 plane
2890 1523 3128 1584 conﬁcit,
3153 1522 3293 1594 quod
3317 1537 3541 1579 sexuum

242 1614 458 1682 arguit,
489 1614 631 1685 quod
682 1626 908 1686 utraque
954 1615 1167 1671 iuitittm
1212 1616 1463 1673 habuisse
1502 1618 1735 1682 dicatur,
1774 1632 1839 1674 ac

242 1702 355 1757 duo
380 1719 647 1759 annorum
676 1706 846 1762 millia
876 1724 983 1763 non
1027 1710 1256 1765 ntultum
1296 1710 1549 1765 aestimari
1580 1709 1835 1777 debeant,

242 1802 290 1853 si
316 1815 440 1854 cum
472 1803 763 1871 praeteritis
790 1804 1165 1873 superioribus
1196 1806 1408 1860 szeculis
1432 1815 1834 1876 comparentur.

239 1891 325 1946 Ad
358 1890 475 1947 ι]ωο
501 1909 651 1961 vero,
685 1896 816 1951 nihil
846 1898 1220 1969 omnipotente
1246 1908 1301 1953 et
1328 1909 1530 1953 :etcruo
1563 1901 1670 1955 lico
1697 1899 1837 1953 anti-

237 1984 434 2056 quius,
477 1998 639 2057 atque
666 1987 806 2044 adeo
851 2006 1048 2045 novum
1082 2006 1381 2062 recensque
1408 2010 1511 2046 non
1547 2001 1659 2060 est,
1694 1992 1837 2063 quod

240 2079 294 2134 in
324 2094 391 2134 eo
421 2081 638 2136 COllllll‘.
692 2084 760 2136 At
799 2082 932 2137 illud
962 2084 1007 2139 si
1044 2098 1201 2151 sero,
1235 2095 1288 2140 et
1331 2083 1530 2140 Christi
1561 2086 1839 2141 dumtaxat

239 2180 490 2241 tempore
521 2173 828 2239 didicimus,
864 2175 996 2229 nihil
1034 2176 1157 2232 inde
1184 2175 1375 2233 conﬁci
1406 2186 1617 2248 poterat
1643 2177 1835 2232 adver—

237 2280 336 2321 sus
364 2266 711 2336 christianos,
739 2278 832 2323 attt
861 2285 958 2340 pro
984 2270 1236 2336 ethnicis,
1272 2274 1362 2343 qui
1395 2290 1502 2327 non
1535 2284 1640 2328 tam
1671 2274 1833 2344 longo

237 2374 269 2414 a
302 2370 550 2430 tempore
579 2360 876 2432 Serapidis,
907 2363 1081 2430 Isidis,
1110 2373 1165 2419 et
1191 2363 1461 2435 Apollinis
1484 2380 1703 2432 nomen,
1746 2376 1835 2420 at—

235 2468 344 2523 quc
375 2451 624 2525 Phrygia:
663 2464 790 2509 tttatt
807 2455 872 2521 is,
916 2454 1236 2525 Cererisque
1268 2473 1420 2512 sacra
1453 2471 1825 2530 susceperant.

310 2545 513 2601 Verum
545 2548 889 2618 postulabant
917 2550 1144 2617 ethnici,
1176 2566 1274 2605 cur
1303 2551 1546 2607 Christus
1577 2563 1683 2606 tam
1713 2564 1834 2610 seto

232 2638 436 2695 missus
461 2655 493 2695 a
516 2641 625 2697 Deo
665 2641 845 2697 fuerit.
886 2643 993 2699 Sed
1022 2643 1090 2698 ab
1127 2644 1194 2698 iis
1225 2644 1461 2699 vicissim
1488 2646 1622 2717 petit
1651 2650 1831 2703 Arno-

233 2732 381 2797 bius.
412 2749 510 2790 cur
537 2734 832 2808 aliquando
864 2734 1273 2809 hyems,a:stas,
1292 2739 1489 2808 pluvia,
1534 2757 1640 2795 non
1667 2751 1826 2809 stato,

231 2839 649 2901 opportuneque
686 2845 904 2901 semper
941 2842 1204 2903 tempore,
1253 2834 1347 2889 sed
1392 2836 1596 2891 tardius
1646 2854 1828 2894 recur-
1856 2861 1901 2924 ρ

229 2923 378 2978 rant?
398 2939 494 2979 cur
514 2923 794 2992 Hercules,
818 2924 1187 2996 IEsculaptus,
1210 2926 1506 2984 Mercurius
1519 2931 1698 2998 etalii,
1721 2940 1828 2987 tam

226 3029 355 3071 sero
413 3016 465 3070 in
518 3016 741 3072 deorum
767 3033 1010 3089 gregem,
1058 3028 1408 3091 uestrumque
1463 3024 1830 3092 cognitionem

227 3109 801 3178 venerint?Quamvis
826 3112 1010 3184 itaque
1060 3114 1201 3168 ratio
1240 3128 1338 3169 cur
1381 3115 1584 3186 aliquid
1628 3116 1827 3172 factum

222 3203 318 3268 sit,
339 3204 494 3259 reddi
519 3215 778 3277 nequeat;
808 3222 914 3261 nou
939 3205 1063 3263 inde
1088 3216 1267 3263 tamen
1290 3208 1484 3264 factum
1516 3209 1645 3287 illud
1664 3209 1829 3267 fuisse

224 3298 414 3368 negari
444 3298 626 3354 debet.
652 3299 792 3368 Quid
823 3310 1084 3371 prieterea
1106 3343 1122 3369 ,
1156 3303 1299 3372 quod
1319 3303 1551 3359 nihilest
1581 3304 1632 3358 in
1661 3317 1824 3361 aeter-

222 3390 398 3446 nitate
424 3392 633 3448 tardum
683 3404 778 3449 aut
825 3396 1250 3465 prtentaturum?
1281 3397 1443 3464 Quid,
1487 3398 1531 3452 si
1585 3398 1825 3456 deterior

221 3482 462 3538 humana
510 3485 770 3553 conditio,
826 3496 881 3541 et
923 3486 1208 3543 infirmitas
1237 3490 1629 3558 pesterioribus
1658 3508 1819 3564 quam

219 3575 496 3645 prioribus
523 3578 735 3633 sacculis
764 3579 957 3647 major,
1006 3581 1057 3635 id
1097 3580 1388 3651 exigebat?
1442 3584 1680 3656 Denique
1712 3586 1822 3641 sitt-

217 3669 343 3739 gula
366 3667 508 3725 facta
534 3680 661 3726 sunt
686 3673 979 3743 quomodo,
1012 3688 1075 3729 ac
1095 3676 1311 3745 quando
1334 3675 1476 3732 Deus
1503 3677 1821 3735 inunotabili

214 3760 442 3817 decreto
471 3765 846 3821 constituerat.

214 3886 219 3895 -
288 3854 575 3911 Postremo
616 3858 956 3928 inquirebant
994 3862 1222 3931 gentiles
1239 3878 1333 3919 cur
1371 3863 1517 3919 Deus
1550 3867 1634 3920 cui
1674 3866 1819 3924 chri-

210 3950 376 4003 stiani
395 3951 722 4015 serviebant,
746 3953 791 4006 si
811 3955 1153 4024 omnipotens
1170 3956 1255 4020 sit,
1281 3959 1511 4027 patiatur
1530 3959 1648 4013 illos
1670 3964 1818 4017 omni

212 4044 658 4112 persecutionum
684 4085 700 4111 ,
730 4060 1011 4115 poenarum
1032 4090 1048 4113 ,
1086 4063 1150 4103 ac
1179 4049 1565 4119 suppliciorqu
1622 4069 1818 4123 genere

211 4135 409 4191 vexari
438 4144 494 4192 et
515 4138 770 4207 Opprimi?
791 4138 894 4195 Sed
912 4140 1144 4197 vicissim
1171 4144 1365 4200 abillis
1398 4146 1621 4214 requirit
1642 4150 1816 4204 Arno-

211 4230 356 4298 bius,
376 4244 478 4284 cur
495 4244 681 4284 eorum
695 4232 769 4286 dii
792 4234 1027 4289 cultores
1042 4249 1171 4290 suos
1190 4237 1457 4294 similibus
1473 4245 1730 4298 :erunmis
1750 4259 1814 4299 ac

210 4324 617 4381 calamitatibus
638 4326 793 4381 obrui
820 4330 1264 4396 patiebantur.At
1292 4331 1591 4403 christiani,
1623 4338 1813 4410 inquit,

208 4418 411 4490 quibus
432 4417 568 4473 nihil
594 4418 648 4474 in
681 4418 783 4476 hac
809 4423 912 4475 vita
940 4424 1265 4491 promissum
1316 4437 1416 4490 est,
1450 4444 1658 4498 pmnas,
1690 4448 1818 4503 sup-

208 4511 397 4583 plicia,
426 4522 483 4568 et
504 4513 638 4568 dura
667 4515 846 4569 omnia
873 4517 1105 4572 libenter
1132 4519 1372 4589 perferre
1398 4524 1594 4591 edocti,
1622 4529 1815 4584 certis-

207 4608 348 4663 sime
374 4617 641 4664 noverant
693 4608 778 4663 his
818 4627 923 4666 non
956 4612 1082 4667 mali
1111 4613 1311 4684 aliquid
1359 4616 1462 4670 sibi
1489 4618 1692 4686 afferri,
1719 4622 1817 4678 sed

206 4715 399 4755 veram
430 4701 829 4766 liberationem,
856 4721 959 4774 qua
1015 4716 1274 4762 aeternam
1296 4710 1522 4764 salutem
1554 4726 1815 4769 consecu-

206 4792 325 4849 turi
383 4803 526 4849 sunt.
586 4794 667 4850 Ad
722 4812 841 4852 eam
893 4813 1056 4867 porro
1103 4803 1516 4871 comparandam
1543 4804 1815 4863 Arnobius

205 4886 442 4959 gentiles
469 4886 810 4959 adhortatus,
847 4891 1006 4948 tinent
1050 4893 1190 4950 libro
1230 4896 1476 4966 imponit.

807 5022 1101 5065 AB‘I‘ICULUS
1136 5025 1215 5065 111.

747 5121 966 5185 Analysis
986 5124 1097 5175 libri
1124 5127 1275 5175 tertii.

280 5249 545 5320 Quamvis
568 5250 862 5307 christiana
889 5253 1076 5325 religio
1102 5264 1205 5309 tam
1232 5270 1260 5309 a
1284 5255 1446 5328 longo
1473 5265 1715 5329 tempore
1740 5258 1809 5313 ah

202 5348 426 5403 eximiis
465 5346 841 5403 defensoribus
892 5348 1022 5404 satis
1068 5366 1335 5421 superque
1375 5364 1575 5407 asserta
1626 5353 1805 5420 fuerit,

204 5456 313 5495 nec
342 5441 452 5494 ullo
479 5457 701 5510 prorsus
726 5442 936 5496 vindice
967 5443 1231 5514 indigens,
1257 5459 1352 5514 per
1380 5459 1439 5499 se
1480 5444 1648 5517 ipsam
1675 5463 1810 5501 con-

204 5544 291 5587 tra
325 5547 517 5587 «unues
562 5533 997 5591 adversariorum
1043 5537 1271 5608 impetus
1307 5546 1412 5593 stet
1440 5539 1599 5610 plane
1628 5539 1814 5595 incon-

200 5639 407 5691 cussa;
441 5625 706 5684 Arnobius
740 5639 918 5685 tamen
952 5644 1132 5700 Operae
1163 5632 1393 5702 pretium
1422 5647 1542 5690 esse
1557 5632 1817 5705 judicavit

1841 4282 1893 4343 D

1944 1608 2227 1665 diversitas
2270 1611 2334 1665 ad
2376 1612 2737 1685 generandam
2784 1613 3025 1669 sobolem
3080 1614 3201 1670 data
3230 1624 3335 1672 est.
3379 1615 3541 1686 Atqui

1942 1704 2184 1773 quamvis
2217 1721 2410 1761 nomen
2445 1706 2585 1761 Deus
2628 1708 2910 1763 masculini
2958 1709 3026 1763 sit
3080 1712 3317 1780 generis,
3361 1718 3542 1765 tamen

1940 1792 2013 1849 dii
2041 1796 2323 1865 gentilium
2372 1813 2472 1853 nec
2519 1814 2800 1869 generare,
2853 1816 2951 1855 nec
2991 1801 3239 1871 generari
3289 1812 3537 1871 pC'ount.

1941 1886 2073 1943 Cum
2100 1889 2245 1945 enim
2280 1891 2635 1958 iuuuortales,
2670 1904 2722 1947 et
2745 1895 3038 1960 senectuti,
3066 1894 3293 1964 aliisque
3318 1894 3541 1949 infirmi-

1940 1964 2140 2036 tatibus
2167 1997 2275 2071 nor:
2317 1984 2536 2039 obnoxii
2595 1985 2886 2055 fingantur,
2918 1988 2960 2040 si
2990 2001 3251 2057 generare
3294 1995 3537 2057 possent,

1932 2076 2043 2148 jam
2073 2078 2311 2133 infinitus
2340 2089 2484 2134 esset
2510 2095 2700 2136 eorum
2730 2096 3007 2137 numerus.
3033 2081 3114 2137 Ad
3140 2083 3254 2137 haec
3281 2097 3410 2137 vero
3440 2080 3540 2137 fce-

1939 2171 2021 2224 dis
2074 2173 2441 2241 voluptatibus
2485 2188 2549 2228 ac
2604 2174 2990 2244 cupiditatibus
3020 2175 3537 2229 contaminarentur.

1940 2264 2177 2336 Denique
2197 2267 2313 2321 deae
2344 2268 2516 2337 turpia
2542 2278 2859 2338 paterentur
2880 2268 3232 2338 graviditatis.
3249 2278 3304 2323 et
3331 2276 3535 2338 partus,

1934 2356 2141 2427 aliaque
2169 2348 2454 2414 mulierum
2486 2359 2848 2414 incommoda.
2872 2360 2979 2414 Cur
3004 2376 3133 2431 ergo
3156 2359 3360 2415 ethnici
3388 2375 3532 2431 a-gre

1933 2446 2107 2502 ferant
2138 2449 2270 2504 tales
2296 2450 2429 2504 deos
2458 2452 2670 2521 genitos
2715 2463 2768 2505 et
2811 2461 3137 2523 generautes
3165 2470 3194 2507 a
3226 2452 3536 2508 christianis

1937 2544 2237 2612 reprohari,
2268 2545 2414 2599 nulla
2449 2560 2671 2616 prorsus
2698 2554 2782 2601 est
2808 2547 2964 2601 ratio.

2009 2636 2259 2693 Secundo
2289 2638 2449 2694 iidem
2492 2641 2744 2709 gentiles,
2779 2641 3234 2710 quemadmodum
3263 2641 3528 2709 Saductei,

1936 2743 2247 2798 persuasum
2270 2730 2536 2787 habebant
2555 2732 2686 2789 deos
2713 2749 2974 2804 corporea
3000 2736 3336 2806 lmmanaque
3361 2735 3531 2791 forma

1936 2821 2176 2891 ﬁgurari,
2211 2839 2274 2879 ac
2304 2827 2572 2895 componi.
2606 2829 2675 2880 At
2694 2837 2843 2881 certe
2868 2826 3124 2898 quidquid
3146 2842 3375 2897 corpore
3402 2844 3533 2884 con-

1935 2926 2060 2984 stat,
2094 2920 2318 2975 morlalc
2356 2922 2538 2991 utique
2560 2922 2628 2975 sit
2656 2930 2890 2990 nportet.
2920 2922 3058 2991 Quid
3089 2938 3237 2990 vero,
3271 2922 3412 2991 quod
3434 2929 3531 2979 Ar-

1935 3009 2127 3064 nobius
2149 3009 2285 3065 facta
2312 3010 2670 3067 humanorum
2709 3014 3073 3068 membrorum
3100 3015 3526 3083 enumeratione,

1933 3103 2017 3157 his
2041 3102 2171 3159 deos
2197 3106 2446 3173 componi
2491 3121 2595 3159 non
2640 3121 2803 3175 posse
2854 3107 3134 3161 ostendit?
3174 3107 3287 3163 liuc
3322 3107 3530 3163 accedit

1932 3196 2073 3267 quod
2103 3196 2175 3250 dii
2207 3196 2307 3251 sibi
2342 3199 2572 3253 invicem
2615 3198 2719 3253 dici
2760 3199 3021 3255 deberent
3045 3211 3135 3255 aut
3181 3200 3405 3269 similes,
3436 3212 3528 3257 aut

1930 3288 2237 3344 dissimiles.
2288 3288 2404 3344 Non
2451 3291 2707 3361 primum.
2740 3291 2873 3359 Quis
2903 3293 3047 3347 enim
3105 3309 3268 3347 untun
3324 3293 3393 3348 ab
3421 3293 3525 3348 alio

1930 3396 2111 3457 posset
2133 3386 2482 3444 discernere?
2512 3387 2625 3443 NOn
2646 3391 2940 3444 secumlum
2963 3407 2977 3456 ;
3003 3406 3126 3444 nam
3147 3389 3330 3460 aliqui,
3356 3390 3429 3443 uti
3457 3391 3525 3445 ab

1927 3482 2156 3537 ethnicis
2188 3485 2737 3553 reprarscutabautur,
2768 3486 3048 3556 capitones
3074 3497 3278 3550 essent,
3310 3487 3520 3540 fronto-

1929 3590 2048 3639 nes,
2079 3576 2248 3644 pueri,
2278 3576 2527 3642 juvenes,
2558 3590 2739 3642 senes,
2775 3577 3021 3631 nonnulli
3055 3579 3136 3632 his
3164 3579 3520 3644 lineamentis,

1925 3666 2162 3722 aliialiis
2190 3668 2534 3734 conformati,
2564 3670 2781 3740 quidam
2816 3671 2935 3737 hac,
2970 3671 3057 3726 alii
3099 3673 3200 3727 alia
3233 3672 3420 3744 figura.
3456 3677 3525 3730 At

1925 3759 1975 3813 id
1999 3778 2101 3816 non
2123 3762 2299 3817 minus
2326 3762 2641 3830 absurdum,
2666 3780 2825 3834 quam
2849 3765 3158 3821 animalium
3190 3766 3388 3824 fortnas
3416 3768 3522 3823 illis

1924 3853 2164 3919 attribui,
2197 3855 2340 3926 quod
2367 3871 2498 3911 sane
2528 3856 2597 3910 ab
2626 3855 2897 3929 IEgyptiis
2921 3860 3114 3913 factmn
3138 3861 3321 3915 czetcri
3344 3864 3522 3932 genti-

1923 3946 2007 4001 les
2030 3952 2221 4002 merito
2249 3949 2569 4003 irridebaut.

1994 4039 2177 4110 Neque
2228 4056 2291 4097 ex
2322 4040 2405 4095 his
2433 4042 2650 4111 quidam
2697 4042 2973 4107 audiendi,
3006 4045 3093 4113 qui
3123 4046 3519 4115 respondebant

1922 4133 2208 4189 humanam
2241 4136 2461 4207 figuram
2494 4135 2597 4189 diis
2631 4135 2850 4191 honoris
2878 4146 3084 4191 tantum
3117 4153 3277 4194 causa
3306 4155 3520 4196 accom-

1920 4229 2145 4285 modari.
2180 4229 2338 4299 Pejor
2359 4229 2625 4299 siquidem
2655 4245 2825 4298 error,
2883 4230 3163 4303 majorque
3193 4235 3517 4291 contumelia

1920 4331 2022 4387 est,
2054 4321 2157 4376 diis
2192 4320 2393 4376 formas
2424 4320 2756 4390 adscribere,
2781 4337 2915 4392 quas
2942 4322 3138 4378 habere
3161 4341 3266 4379 non
3292 4328 3517 4384 credan-

1922 4427 2025 4471 tur.
2058 4416 2221 4471 Addit
2259 4416 2399 4472 haud
2445 4416 2662 4487 illepide
2694 4418 2986 4501 Arnobius,
3014 4418 3057 4472 si
3091 4420 3280 4475 bellua:
3309 4422 3517 4477 ratione

1918 4511 2207 4581 aliquando
2231 4510 2465 4582 prredita:
2510 4511 2758 4566 homines
2789 4511 3058 4567 honorare
3106 4513 3324 4580 vellent,
3364 4532 3517 4572 num-

1918 4606 2043 4677 quid
2091 4606 2337 4662 homines
2394 4607 2658 4677 patienter
2697 4606 2900 4661 ferrent
2947 4622 3005 4662 se
3062 4607 3296 4664 belluina
3347 4608 3514 4665 forma

1920 4698 2065 4771 pingi
2115 4711 2170 4755 et
2209 4699 2498 4755 exhiberi?
2529 4699 2681 4755 Nulla
2714 4701 2874 4771 igitur
2902 4700 3020 4765 Dei,
3057 4703 3267 4757 tametsi
3313 4704 3515 4773 audiat,

1920 4795 2119 4862 videat,
2163 4794 2446 4864 intelligat,
2477 4795 2687 4864 species
2715 4802 2809 4848 aut
2864 4793 3029 4863 figura
3060 4810 3178 4850 esse
3204 4804 3395 4867 potest.
3426 4809 3518 4853 aut

1916 4889 1960 4943 si
1983 4905 2101 4959 qua:
2129 4888 2452 4960 sit,prorsus
2489 4888 2780 4943 nescimus.
2807 4886 2982 4943 Unum
3010 4889 3208 4943 scimus
3237 4888 3366 4943 nihil
3396 4906 3516 4946 cor-

1919 4983 2095 5051 porei,
2146 4992 2240 5037 aut
2288 4983 2643 5037 humanorum
2674 4982 3120 5037 lineamentorum
3152 4993 3204 5037 et
3228 4983 3512 5040 affectuum

1916 5078 2116 5132 essein
2149 5078 2279 5145 Deo,
2335 5078 2488 5149 cujus
2537 5090 2725 5134 natura
2774 5077 2922 5132 nullo
2953 5088 3131 5148 potest
3163 5082 3375 5136 mortali
3401 5097 3515 5137 scr-

1914 5187 2075 5228 mone
2094 5173 2299 5242 caplica
2309 5174 2374 5233 ri.

1984 5267 2171 5323 Tertio
2217 5267 2417 5324 ethnici
2479 5269 2613 5324 deos
2668 5267 2993 5322 inducebant
3049 5268 3223 5339 aliqua
3277 5270 3516 5342 singulos

1916 5373 2160 5428 quosque
2192 5369 2327 5421 arte,
2362 5370 2417 5413 et
2443 5360 2661 5414 scientia
2696 5359 3029 5425 informatus,
3063 5377 3127 5416 ac
3158 5364 3513 5432 particulatim

1919 5450 2174 5505 humanis
2203 5452 2416 5519 officiis,
2448 5453 2695 5522 negotiis,
2742 5454 3010 5524 rchuSque
3053 5456 3175 5512 aliis
3216 5455 3335 5510 sive
3363 5458 3516 5511 bonis

1920 5551 2013 5599 aut
2040 5542 2219 5610 malis,
2252 5543 2369 5598 sive
2418 5545 2659 5599 honestis
2703 5557 2798 5602 aut
2824 5548 3092 5619 turpibus,
3130 5550 3224 5605 hic
3246 5544 3315 5597 ab
3351 5548 3524 5599 Arno-

1920 5638 2010 5694 bio
2053 5646 2304 5693 accurate
2352 5638 2703 5709 enumeratis,
2753 5641 3165 5713 praesidentes.
3192 5636 3387 5694 Verum
3420 5635 3537 5690 hac
