4020 6072
449 206 555 269 579

1691 192 2148 267 nissennrto
2186 196 2462 269 primo

3635 212 3740 272 380

448 332 757 392 cliristianis
783 326 1177 404 quantumlibet
1202 327 1351 402 impii
1375 335 1430 385 et
1452 324 1597 383 atbei
1621 310 1891 390 dicantur,
1912 321 2039 379 nul-
2066 320 2116 385 A
2144 324 2313 393 misit,
2340 326 2570 400 singulis
2608 327 2773 386 rebus
2816 322 3060 402 praesint,
3105 344 3202 385 cur
3228 345 3334 384 non
3371 320 3620 386 similiter
3664 330 3738 386 dii

449 428 533 485 lus
566 445 816 500 umquam
841 418 1199 498 persuadebit.

519 516 744 593 Quarto,
793 520 1065 579 Arnobius
1105 518 1407 575 luculenter
1444 512 1780 573 demonstrat
1828 511 2041 568 iictitios

449 616 669 669 omnino
689 630 809 671 esse
836 610 1113 686 gentilium
1137 610 1287 678 deos,
1313 627 1377 667 ex
1401 611 1564 664 variis
1591 606 1801 663 illorum
1833 606 2042 677 opinio—

449 708 607 765 nibus
634 704 699 765 de
723 704 878 774 lano,
901 708 1156 773 Saturno,
1189 702 1341 763 Jove.
1369 702 1600 769 Junone,
1620 699 1875 765 Minerva,
1902 696 2043 769 Nep—

449 811 596 869 tuno,
651 788 938 868 Mercurio,
981 786 1167 871 Magna
1221 806 1414 863 matre,
1469 794 1727 861 Vulcano,
1770 784 1935 848 Diana
1989 801 2045 846 et

446 894 585 949 aliis.
616 880 764 950 Unus
789 892 931 949 enim
966 889 1334 947 tantummodo
1385 904 1505 943 cum
1532 900 1652 941 esse
1693 884 1859 955 possit
1887 892 2044 937 reter-

446 1004 546 1043 nus
575 974 738 1053 Deus,
770 1002 927 1057 quem
954 986 1152 1041 frustra
1182 981 1422 1038 nonnulli
1471 968 1728 1035 mundum
1758 976 1900 1033 hunc
1923 986 2044 1032 esse

448 1080 723 1151 putabant,
758 1089 1076 1134 eieterorum
1104 1077 1373 1145 omnium,
1424 1077 1495 1130 uti
1530 1073 1878 1137 vocabantur,
1917 1069 2046 1124 deo-

446 1191 563 1230 rum
592 1164 797 1230 falsitas
814 1189 883 1229 ex
911 1172 1012 1227 hac
1040 1172 1354 1243 opinionum
1389 1168 1546 1241 plane
1575 1165 1917 1223 ridicularum
1955 1178 2044 1217 va—

445 1266 636 1324 rietate
663 1264 1064 1323 evidentissime
1095 1262 1415 1321 ostenditur.

518 1358 742 1430 Quinto,
767 1361 944 1433 itaque
961 1358 1231 1415 Arnobius
1253 1358 1393 1414 idem
1421 1372 1524 1411 non
1553 1355 1731 1411 minus
1754 1351 2048 1409 efiteaciter

444 1456 659 1513 coniicit
679 1471 744 1511 ex
770 1455 1085 1510 eorumdem
1118 1451 1457 1508 ethnicorum
1485 1450 1552 1505 de
1599 1448 1826 1519 origine,
1856 1448 1910 1500 et
1948 1459 2049 1498 nu-

446 1566 598 1608 mero
623 1536 847 1605 deorum
879 1564 1121 1615 suorum,
1155 1556 1282 1620 puta
1323 1536 1617 1609 Musarum,
1649 1538 2041 1606 Novensiliuin,

2143 417 2308 490 aliqui
2339 422 2657 490 cucnrbitis,
2707 424 2876 494 rapis,
2906 416 3122 489 culinae,
3169 421 3457 486 nasuirtio,
3488 421 3625 489 ficis,
3647 420 3741 477 be-
3781 438 3785 442 ‘

2143 513 2330 581 taceis,
2362 515 2629 583 caulibus,
2667 510 2951 587 unguibus,
2994 514 3135 587 pilis,
3195 512 3423 584 aliiSqne
3450 522 3739 586 corporum

2144 602 2386 673 partilms
2428 607 2832 677 praeticiuntur?
2880 606 3057 665 Unum
3110 601 3376 679 siquidem
3428 618 3534 661 non
3568 612 3741 680 magis

2145 708 2304 767 quam
2337 694 2567 754 alterum
2598 708 2628 755 a
2655 705 2782 756 vero
2806 692 3121 769 abhorrere,
3147 696 3371 771 deisque
3402 701 3599 771 probro
3621 710 3743 759 esse

2147 784 2240 847 ille
2270 790 2572 849 luculenter
2595 793 2854 851 ostendit.

2216 884 2327 940 Nec
2343 894 2426 941 est
2452 886 2593 957 quod
2627 888 2822 958 aliquis
2857 887 3076 959 nbjiciat
3106 876 3229 943 illos
3271 882 3393 944 ideo
3432 886 3567 945 deos
3613 898 3737 945 esse

2148 978 2293 1051 qiio'd
2319 980 2387 1035 ab
2424 979 2800 1052 haruspicibus
2844 982 3039 1049 vocati,
3070 983 3330 1038 continuo
3360 982 3595 1051 veniant,
3627 999 3748 1038 cere

2148 1083 2309 1145 taque
2356 1086 2617 1145 responsa
2678 1074 3040 1134 reddiderint.
3088 1076 3345 1144 Quamvis
3387 1078 3586 1132 etenim
3644 1077 3748 1133 hoc

2146 1166 2315 1236 gratis
2342 1167 2692 1235 concedatur,
2727 1170 2846 1240 quis
2876 1166 3181 1225 Mellottiftm
3221 1178 3312 1225 aut
3357 1170 3743 1239 Limentinum,

2149 1268 2205 1314 ut
2231 1266 2492 1332 responsa
2534 1262 2708 1331 daret,
2759 1261 2954 1318 alienis
3001 1260 3152 1318 ilbris
3206 1264 3440 1319 insertos
3469 1263 3604 1319 vidit
3648 1281 3749 1319 un-

2150 1357 2347 1428 quam?
2374 1357 2512 1426 Quid
2539 1359 2582 1411 si
2617 1357 2743 1412 dolo
2765 1370 2815 1412 et
2852 1354 3064 1425 fraude,
3101 1356 3181 1413 vel
3209 1352 3519 1413 (liPlllOllllm
3548 1371 3665 1413 arte
3686 1362 3751 1413 ac

2151 1449 2376 1505 fallaciis
2403 1463 2662 1521 responsa
2691 1444 2814 1504 data
2846 1451 2951 1505 Sint
2970 1450 2996 1505 .’
3017 1444 3099 1505 Ad
3128 1440 3246 1505 haec
3267 1456 3423 1517 vero,
3456 1466 3578 1506 cum
3607 1459 3750 1506 tanta

2148 1538 2374 1598 dearum
2410 1532 2700 1598 multitudo
2726 1536 2794 1597 ab
2822 1534 3055 1597 ethnicis
3101 1542 3423 1613 proferatur,
3456 1543 3596 1598 seire
3644 1560 3751 1598 non

446 1646 729 1711 Penatum,
763 1642 981 1699 Larium
1014 1641 1288 1711 perpetuis
1336 1630 1707 1709 absurdisque'
1743 1631 2046 1691 contentio-
2077 1636 2125 1712 Β
2153 1644 2420 1711 poterant,
2452 1640 2631 1695 ulriini
2686 1638 2826 1693 uotis
2883 1642 3090 1693 tantum
3139 1634 3273 1692 deus
3326 1637 3447 1692 aliis
3476 1638 3750 1702 omnibus,

445 1729 603 1794 nibus
626 1753 689 1794 ac
717 1734 975 1793 dissidiis.
1005 1733 1217 1790 Nemini
1245 1731 1442 1804 quippe
1466 1729 1683 1785 ctltnico
1704 1724 1908 1782 homini
1933 1736 2048 1779 tan-

444 1840 527 1886 tas
557 1831 699 1886 inter
724 1828 1087 1885 dissentiones
1115 1825 1263 1881 licuit
1290 1820 1620 1888 discernere,
1669 1820 1787 1891 quis
1829 1837 1892 1875 ex
1942 1819 2047 1873 illis

446 1940 607 1982 verus
625 1933 742 1979 erat
774 1923 935 1987 Deus,
968 1922 1089 1994 quis
1112 1918 1443 1976 invocandus
1465 1927 1521 1973 et
1537 1910 1900 1981 honorandus,
1926 1912 2047 1985 quis

424 2034 602 2099 ’opem
635 2016 938 2090 petentibus
966 2015 1107 2072 ferre
1133 2028 1387 2086 umquam
1418 2017 1645 2085 poterat.

1033 2168 1327 2211 AR‘ﬂGULUS
1362 2169 1439 2210 IV.

967 2268 1192 2334 Aualysis
1214 2268 1327 2319 libri
1350 2270 1526 2333 quarti.

519 2404 813 2475 lncmplam
839 2400 1104 2458 adversus
1141 2392 1422 2472 gentilium
1450 2396 1585 2453 deos
1622 2392 2041 2469 disputationem

448 2500 791 2572 prosequitur
830 2496 1120 2563 Arnobius,
1176 2495 1439 2564 planeque
1484 2490 1718 2547 ostendit
1759 2491 2040 2556 Pietatem,

449 2592 828 2659 Concordiam,
867 2590 1132 2655 Salutem,
1161 2574 1453 2654 Honorem,
1489 2578 1771 2652 Virtutem,
1798 2585 2046 2641 Felicita-

449 2687 806 2758 tent,a|iaque
836 2682 1144 2756 huiusmodi
1176 2682 1416 2744 numina,
1446 2668 1641 2751 quibus
1678 2678 1838 2733 iidem
1866 2678 2042 2749 genti-

454 2784 532 2839 lcs
559 2782 843 2853 magnilica
870 2779 1065 2850 templa
1085 2785 1519 2842 construxerant,
1542 2790 1640 2829 nec
1662 2773 1772 2828 risu
1792 2781 1880 2826 ant
1896 2773 2039 2843 joco,

452 2892 554 2933 uec
577 2876 722 2932 serio
748 2885 803 2928 et
823 2872 1088 2928 affirmate
1110 2872 1215 2926 dici
1243 2856 1399 2941 posse
1427 2870 1531 2922 vim
1558 2867 1758 2922 habere
1785 2865 2043 2929 divinam,

2152 1740 2291 1802 quos
2316 1731 2659 1797 invocabant,
2692 1736 2797 1785 nim
2836 1730 3195 1801 Supponatur.
3226 1722 3358 1798 Qnis
3383 1738 3562 1785 autem
3594 1734 3754 1786 verus

2154 1824 2299 1881 Deus
2352 1824 2805 1907 sil,rogare‘n0n
2854 1814 3075 1885 debent,
3120 1816 3557 1893 quandoquidem
3602 1820 3752 1879 illum

2150 1919 2409 1991 Egyptii,
2435 1902 2636 1985 Persw,
2670 1902 2782 1973 indi
2806 1916 3006 1988 aliique
3027 1930 3220 1972 omnes
3250 1924 3610 1988 agnoverunt.

2224 2012 2329 2070 Sed
2363 2013 2527 2068 instat
2552 2008 2846 2075 Arnobius,
2871 2010 3199 2081 planumque
3224 2008 3345 2065 t‘a'cit
3367 2004 3752 2065 absurdissima

2149 2104 2217 2161 ab
2244 2093 2472 2160 ethnicis
2521 2102 2744 2176 produci
2794 2102 3020 2158 deorum
3074 2106 3294 2157 sitorum
3342 2110 3609 2167 monstra,
3646 2111 3756 2159 tres

2149 2198 2400 2257 videlicet
2426 2196 2608 2265 Ioves,
2656 2198 2892 2269 quinque
2945 2192 3124 2262 Soles,
3166 2192 3387 2252 totidem
3434 2180 3751 2262 Mercurius,

2147 2286 2434 2359 Minervas,
2468 2301 2523 2348 et
2549 2288 2846 2365 Dyonisos;
2903 2299 3014 2346 tres
3040 2289 3257 2357 Dianas,
3292 2298 3346 2346 et
3374 2286 3751 2362 Esculapios;

2147 2390 2379 2460 quatuor
2407 2384 2699 2451 Vulcanus,
2730 2392 2784 2440 et
2812 2369 3092 2449 Veneres;
3119 2382 3217 2437 tria
3245 2388 3440 2452 genera
3468 2382 3754 2438 Castorum

2146 2493 2201 2538 et
2254 2481 2551 2548 MuSarum,
2599 2486 2691 2534 Sex
2743 2466 3026 2539 Hercules,
3078 2476 3242 2547 trlgas
3291 2468 3635 2545 Cupidinum,
3696 2476 3755 2531 et

2148 2566 2541 2646 Apollinarium
2585 2570 2865 2628 nominum
2917 2568 3232 2642 quadrigas.
3267 2570 3335 2622 At
3374 2568 3427 2623 h‘i
3455 2570 3650 2624 omnes
3677 2556 3753 2624 dii

2145 2660 2390 2742 ejusdem
2414 2666 2648 2725 nominis
2675 2682 2795 2722 esse
2825 2672 2930 2721 non
2971 2670 3214 2735 possunt,
3263 2668 3358 2717 ant
3402 2663 3525 2732 quis
3552 2670 3619 2715 ex
3650 2654 3753 2715 illis

2151 2768 2310 2819 verus
2333 2756 2473 2817 Deus
2501 2761 2590 2825 sit,
2616 2756 3146 2831 penitusignnratur.
3170 2750 3375 2809 Deinde
3404 2752 3536 2807 vero
3565 2750 3611 2806 sl
3638 2752 3751 2819 uni,

2148 2855 2299 2912 verbi
2329 2855 2495 2926 gratia
2526 2846 2806 2918 Mincrvm,
2843 2856 2944 2906 nec
2974 2844 3298 2903 noinlna‘tii'n
3347 2836 3632 2915 appellatae
3662 2845 3756 2900 fiat

452 2979 506 3025 et
550 2970 602 3024 in
634 2982 915 3022 numerum
969 2963 1190 3020 deorum
1235 2928 1532 3033 aggregari.
1586 2959 1730 3014 idem
1780 2959 1935 3029 plane
1982 2952 2121 3032 deC
2154 2940 2500 3014 sacrificium,
2536 2957 2715 3002 nonne
2755 2945 2875 2999 alia:
2922 2938 3193 3012 tamquam
3222 2936 3322 2996 Silii
3364 2937 3562 2995 factum
3588 2928 3755 2995 stulta

452 3059 709 3129 Victoria,
736 3046 894 3125 Pace,
912 3066 965 3112 et
994 3055 1263 3127 Equitate
1293 3051 1808 3110 statuendum.Nam
1838 3067 1902 3107 ea
1930 3067 2047 3106 om-

454 3156 563 3223 nia,
592 3154 728 3211 sicut
750 3162 804 3208 et
826 3167 1015 3207 eorum
1044 3150 1337 3214 contraria,
1369 3148 1423 3202 in
1450 3148 1726 3202 hominum
1750 3145 2048 3201 actionibus

454 3247 840 3318 aifectibusque
875 3245 1045 3317 posita
1074 3253 1220 3300 sunt.
1255 3242 1365 3298 Nec
1396 3243 1571 3297 minus
1616 3251 1946 3313 praepostere
1982 3239 2051 3293 ab

455 3341 687 3397 ethnicis
704 3338 977 3404 nonnulla,
995 3338 1071 3393 uti
1088 3336 1735 3407 sumniaverant,propter
1750 3331 2051 3398 benefacta,

457 3438 638 3507 plures
674 3433 769 3500 dii,
807 3431 1260 3504 quemadmodum
1292 3427 1531 3500 Luperca
1552 3469 1567 3493 ,
1600 3426 1873 3482 Prmstana
1902 3468 1917 3489 ,
1959 3441 2053 3481 seu

457 3529 665 3598 Panda,
694 3528 779 3583 vel
810 3529 1049 3591 Panticu,
1080 3525 1344 3589 Pelionia,
1373 3525 1597 3594 aliasque
1625 3524 1927 3594 ignotorum
1954 3538 2055 3575 nu-

456 3623 661 3677 minum
689 3630 922 3675 catervm
944 3612 1336 3673 edocebantur.
1370 3602 1482 3669 Non
1512 3614 1654 3669 enim
1687 3613 1932 3679 beneiici,
1960 3612 2052 3667 sed

457 3718 605 3771 solus
643 3729 822 3770 rerum
846 3713 1085 3768 omnium
1106 3719 1320 3767 creator
1348 3722 1506 3764 verus
1532 3707 1675 3762 Deus
1705 3715 1805 3761 est.

529 3810 661 3878 Quis
684 3809 844 3864 etiam
869 3808 986 3863 sine
1034 3804 1410 3875 indignatione
1438 3790 1551 3858 eos.
1586 3801 1773 3856 audire
1820 3808 2055 3872 poterat,

458 3905 546 3976 qui
570 3902 881 3976 garriebunt
901 3898 1162 3971 quosdam
1201 3912 1322 3953 esse
1352 3893 1485 3951 deos
1507 3894 1846 3949 sinistrarum
1876 3892 2054 3964 regiu-

458 4013 586 4054 num
620 3997 903 4068 prazsides,
928 3994 1273 4049 dexterarum
1306 3988 1595 4046 inimicos?
1626 3987 1855 4043 Mundus
1883 3986 2059 4041 enim-

458 4109 586 4150 vero
611 4108 733 4150 cum
781 4102 924 4147 teres
955 4090 1027 4145 sit
1067 4104 1130 4144 ac
1181 4086 1465 4150 rotundus,
1516 4099 1639 4153 pars
1677 4084 1795 4152 ejus
1845 4082 1975 4136 licva
2006 4089 2060 4135 et

458 4188 697 4251 dextera,
723 4186 907 4240 oriens
936 4194 989 4239 ct
1010 4180 1287 4247 occidens,
1315 4190 1500 4233 auster
1522 4187 1574 4231 et
1597 4175 1869 4240 meridies,
1889 4173 2058 4228 nostri

461 4290 687 4345 tantum,
716 4278 933 4351 quando
965 4276 1317 4348 quiescimus,
1348 4281 1598 4343 respectu
1630 4269 1732 4325 dici
1761 4279 1957 4339 putest.
1980 4267 2059 4323 Ab

459 4372 651 4430 iisdem
683 4386 898 4443 quoque
927 4368 1216 4440 gentilibus
1248 4366 1452 4423 insulse
1479 4365 1699 4420 omnino
1723 4361 2061 4433 ﬁngebantur
2083 4402 2138 4462 Β

460 4466 676 4538 quidam
707 4465 782 4519 dii
806 4465 969 4519 rebus
1011 4460 1356 4532 quibusdam,
1390 4474 1505 4513 nacc
1534 4457 1655 4512 aliis
1688 4455 1947 4527 priefecli,
1977 4455 2059 4509 vi-

460 4560 660 4615 delicet
686 4556 1132 4622 Lateranus,_sen
1159 4553 1364 4610 Genius
1405 4552 1563 4618 focis,
1587 4548 1772 4606 Venus
1818 4548 2062 4603 Militaris

460 4652 676 4724 ﬂagitiis
705 4649 1075 4707 castrensibus
1128 4658 1179 4703 et
1236 4661 1524 4717 puerorum
1572 4643 1797 4713 stupris,
1829 4639 2059 4706 Pertica,

461 4743 753 4811 Pertunda,
805 4741 1054 4797 Tutunus
1102 4740 1266 4796 rebus
1317 4735 1589 4801 obscenis,
1646 4736 1778 4789 Puta
1811 4731 2059 4805 putandis

462 4837 764 4900 arboribus,
789 4834 1102 4890 nemoribus
1128 4831 1521 4896 Nemestrinus,
1546 4828 1817 4884 Patellana
1869 4837 1924 4882 et
1963 4822 2063 4880 Pa-

464 4929 588 4983 tella
615 4926 1000 4999 patel‘acieudis
1029 4934 1122 4980 aut
1152 4923 1437 4996 patefactis
1476 4923 1654 4989 ostiis,
1688 4918 1915 4977 Nodutis
1944 4916 2060 4973 fru-

464 5039 588 5093 gum
619 5019 795 5084 nodis,
832 5020 897 5074 iis
928 5016 1166 5074 tcrendis
1194 5015 1472 5081 'l‘erensis,
1503 5014 1694 5070 Vibilio
1740 5014 1946 5067 viarum
1975 5027 2063 5068 er-

467 5115 702 5180 roribus,
735 5112 949 5168 Orbana
1001 5110 1236 5167 ﬁliorum
1286 5109 1492 5164 orbatis
1521 5106 1857 5178 parentibus,
1882 5104 2068 5160 Nienia

468 5212 593 5266 xitre
622 5207 901 5271 extremis,
931 5206 1178 5276 Ossilago
1220 5204 1431 5259 ossibus
1459 5201 1884 5269 consolidandis,
1914 5200 2065 5266 Peta,

468 5304 627 5365 Puta,
663 5300 863 5356 Patella
891 5300 1103 5371 apibus,
1159 5299 1304 5354 melli
1351 5297 1620 5361 Mellonia,
1664 5297 1845 5352 anrii
1892 5282 2064 5363 lucro,

470 5388 753 5453 Libentina
785 5405 837 5448 et
867 5392 1137 5448 Liburnus
1162 5392 1388 5461 libidini,
1432 5391 1709 5446 liminibus
1737 5390 2073 5446 Limentinns

470 5501 529 5548 ct
580 5487 753 5557 Limn,
806 5486 1212 5557 obliquitatibus
1268 5486 1483 5552 Limus,
1538 5486 1733 5541 sationi
1786 5484 2071 5551 Saturnus,

472 5581 746 5637 montibus
774 5580 1066 5644 Montinus,
1103 5578 1340 5633 Mnrcida
1372 5578 1648 5649 segnibus,
1679 5592 1741 5631 ac
1761 5577 2000 5645 pecuniae
2021 5585 2075 5629 et

474 5673 674 5729 divitiis
705 5671 801 5728 dea
834 5672 1087 5728 Pecunia.
1121 5671 1174 5726 Si
1225 5670 1369 5725 enim
1423 5670 1477 5724 hi
1528 5669 1727 5742 aliique
1760 5668 1940 5740 plures
1978 5666 2074 5734 dii,

475 5779 612 5836 quos
646 5767 850 5821 Anetor
884 5775 1069 5823 noster
1122 5778 1188 5819 ne
1241 5762 1426 5818 lectori
1454 5760 1615 5818 taedio
1658 5771 1822 5829 esset,
1853 5768 2080 5831 praetcr-

2146 3042 2490 3103 co‘ntelttihne
2521 3036 2794 3095 vindicare
2820 3032 3198 3091 communior?

2221 3122 2376 3204 Quod
2406 3134 2451 3189 Si
2492 3133 2613 3201 quis
2641 3129 2840 3185 diXerlt
2880 3120 2981 3182 sibi
3033 3118 3206 3180 latere
3235 3134 3301 3178 an
3336 3112 3573 3193 theologi
3599 3120 3759 3177 alllve

2154 3233 2267 3287 suis
2319 3231 2370 3285 in
2401 3218 2551 3283 libris
2581 3224 2797 3297 eugnila
2829 3224 2884 3279 et
2913 3216 3215 3291 explorata,
3246 3218 3330 3275 vel
3361 3214 3496 3273 falsa
3527 3216 3759 3287 fletaque

2155 3342 2254 3398 pro
2274 3310 2499 3379 libidine
2525 3318 2842 3388 scripserint
2875 3306 3044 3386 :quiil
3071 3312 3139 3367 ad
3174 3303 3311 3369 nos?
3345 3308 3534 3398 inquit
3584 3310 3761 3365 Arno-

2158 3396 2296 3474 bius.
2321 3413 2532 3472 Sufficit
2562 3412 2649 3468 illa
2678 3410 2882 3470 omnia,
2913 3416 3032 3479 qua:
3070 3400 3138 3462 de
3168 3405 3271 3460 diis
3298 3396 3574 3468 dlcuntur,
3606 3400 3759 3458 falsi-

2159 3510 2287 3565 mns
2314 3508 2585 3564 convinci.
2621 3493 2697 3560 De
2720 3496 2898 3559 medio
2932 3496 3094 3570 igitur
3123 3497 3347 3555 tollendi
3375 3496 3501 3553 sum
3530 3490 3582 3551 ni
3608 3492 3760 3551 111ὸο-

2158 3604 2424 3674 logortlm,
2461 3598 2797 3671 pontificum,
2849 3588 3184 3663 alteramque
3225 3584 3436 3646 veteres
3484 3586 3627 3657 libri,
3670 3588 3763 3644 aut

2159 3686 2359 3751 ethnici
2400 3706 2461 3748 ea
2492 3690 2797 3763 patefacere
2821 3680 2982 3743 nobis
3012 3683 3236 3750 debent,
3268 3690 3387 3753 (tua:
3413 3696 3542 3739 vera
3572 3680 3625 3737 lli
3681 3678 3763 3738 eis

2161 3790 2522 3859 reperiantur.

2231 3885 2301 3937 At
2328 3879 2601 3952 quomodo
2626 3880 2740 3934 veri
2768 3875 2970 3947 aliquid
3005 3875 3058 3929 in
3086 3874 3196 3929 illis
3223 3868 3450 3927 indicari
3478 3864 3678 3942 posset,
3709 3870 3763 3925 iit

2164 3976 2359 4049 quibus
2388 3970 2548 4032 iidem
2581 3972 2655 4030 dli
2685 3968 2912 4028 summis
2958 3968 3305 4025 contumeliis
3335 3960 3534 4038 ubique
3563 3963 3762 4035 passim

2163 4069 2496 4128 afficiuntur.
2525 4067 2658 4123 Nam
2692 4062 2762 4121 ibi
2807 4058 3169 4135 pra-dicantur
3212 4060 3283 4114 dii
3332 4072 3442 4113 non
3495 4070 3650 4112 secus
3700 4070 3766 4112 ac

2165 4162 2414 4220 homines
2432 4160 2621 4232 geniti,
2645 4154 2935 4214 celebratis
2953 4153 3103 4225 prius
3129 4152 3353 4223 nuptiis,
3379 4159 3470 4205 aut
3495 4144 3767 4205 adulterio

2164 4267 2219 4315 et
2244 4258 2475 4321 incestu,
2507 4252 2666 4310 sicuti
2713 4249 2941 4321 Jupiter,
2976 4259 3031 4303 et
3077 4246 3172 4301 lilii
3205 4246 3345 4316 ejus,
3393 4254 3486 4298 aut
3532 4257 3596 4298 ex
3649 4241 3769 4296 ovis

2166 4351 2315 4407 velut
2355 4347 2547 4404 Castor
2575 4354 2625 4402 et
2653 4340 2865 4409 Pollux,
2899 4347 2994 4397 aut
3039 4355 3105 4396 ex
3151 4337 3326 4409 pelagi
3375 4338 3585 4406 spuma,
3629 4333 3769 4388 sicut

2166 4445 2364 4501 Venus.
2392 4442 2584 4498 Nonne
2622 4455 2753 4510 ergo
2780 4432 3008 4509 publicae
3052 4432 3268 4506 generis
3298 4428 3518 4486 humani
3545 4426 3767 4484 calami-

2166 4546 2307 4594 tates
2332 4533 2521 4591 iisdem
2570 4531 2828 4597 ethnicis,
2859 4529 2975 4584 haic
3004 4525 3432 4597 pertinacissime
3474 4523 3769 4579 asserenti-

2164 4636 2285 4701 bns,
2335 4626 2557 4704 humique
2615 4629 2895 4686 numinum
2949 4633 3198 4698 portenta
3238 4622 3404 4704 impie
3461 4620 3769 4677 colentibus

2166 4700 2540 4784 adscribendze
2597 4732 2745 4786 sunt,
2802 4732 2910 4776 non
2966 4727 3149 4774 antetn
3191 4700 3528 4781 christianis,
3559 4715 3649 4785 qui
3680 4726 3765 4781 ea,

2163 4828 2272 4894 quo
2303 4836 2399 4893 par
2425 4828 2530 4888 est,
2563 4818 2789 4873 horrore
2812 4812 3192 4871 detestantur?

2242 4916 2426 4987 Neque
2450 4924 2626 4969 tamen
2651 4911 2724 4967 ibi
2751 4910 2900 4966 stetit
2949 4909 3136 4963 insana
3165 4904 3451 4979 gentilium
3498 4903 3766 4976 opinatio.

2168 5009 2276 5067 Sed
2305 5010 2420 5064 suis
2449 5007 2623 5063 adhuc
2653 5007 2706 5061 in
2731 5002 2885 5061 libris
2928 4998 3282 5057 venditabant
3300 4997 3591 5065 Saturnum
3623 4998 3772 5052 vinc-

2169 5112 2306 5168 tum,
2333 5100 2519 5156 Jovem
2560 5097 2823 5154 infantem
2843 5110 2874 5151 a
2897 5092 3188 5150 Curetibus
3224 5100 3516 5157 servatum,
3542 5106 3768 5162 regnum

2170 5195 2379 5265 expulsi
2410 5193 2440 5248 ὲ
2470 5208 2531 5248 sc
2572 5192 2738 5262 patris
2765 5198 3144 5261 occupantem,
3182 5186 3430 5241 humanis
3461 5182 3772 5255 impruden-

2172 5298 2253 5344 ter
2283 5297 2497 5359 pastum
2540 5284 2815 5341 carnibus.
2845 5282 3141 5339 Vulcanum
3172 5278 3408 5345 fabrum,
3437 5279 3610 5334 altero
3625 5276 3771 5332 clau-

2176 5376 2300 5440 dum
2326 5382 2493 5454 pede;
2522 5378 2907 5452 jEsculapinm
2939 5391 3257 5447 percussum
3292 5373 3535 5439 fulmine,
3566 5371 3773 5441 Apolli-

2177 5491 2300 5530 nem
2339 5472 2488 5528 falsis
2513 5472 2786 5543 responsis
2816 5469 3220 5538 locupletatum,
3263 5456 3408 5521 fures
3448 5462 3775 5519 Mercurium

2179 5580 2231 5625 et
2260 5568 2576 5634 Laverna‘m,
2614 5565 2792 5620 illusus
2821 5562 3145 5634 Mcgaclonis
3172 5558 3474 5621 ancillulas,
3509 5557 3772 5612 Venerem

2181 5660 2545 5727 meretricem,
2592 5654 2888 5713 Palladium
2924 5672 2991 5711 ex
3019 5652 3235 5724 Pelopis
3261 5650 3505 5722 reliquiis
3532 5648 3773 5718 factum;

2188 5752 2374 5811 Martis
2396 5754 2648 5825 patriam,
2683 5750 2920 5821 vincula,
2950 5756 3148 5804 etcum
3173 5744 3383 5801 Venere
3415 5743 3779 5809 adulterium;
