4020 6072
196 168 305 231 38!

1462 168 1529 225 ΙΝ
1568 165 1949 238 ABNOBIUII,
1991 168 2146 227 CAP.
2187 169 2230 225 Ι.

3392 166 3499 224 582

197 288 597 346 mercenariam
624 286 891 357 Herculis,
919 290 1189 361 Apollinis
1215 297 1269 345 et
1296 287 1532 360 Neptuni
1558 289 1796 347 servituo
1823 290 1876 352 Α
1902 304 2022 346 esse
2049 284 2465 346 arbitrabantur.
2518 288 2698 346 Prima
2728 296 2813 344 est
2854 285 3044 345 Numa:
3090 283 3362 357 Pompilii,
3408 283 3503 354 qui

198 395 347 448 tem;
376 383 673 439 Minervam
726 384 779 439 in
810 384 1186 455 conjugalibus
1214 384 1441 441 secretis
1497 385 1799 439 ministram

195 477 372 543 lucis;
421 476 629 544 Martis,
670 476 921 543 Veneris,
965 477 1235 546 Plutonis,
1279 478 1508 534 lunonis
1536 479 1797 544 vulnera;

196 570 375 640 Jovis,
399 569 637 640 Saturni,
665 571 904 628 Castoris
935 583 989 628 et
1015 573 1251 629 Pollucis
1282 574 1632 645 sepulturam,
1670 574 1797 629 hos-

195 680 311 737 que
347 665 570 719 aitemis
620 666 861 720 viventes
890 676 953 721 ac
1010 664 1334 733 merientes;
1366 666 1647 721 Herculem
1678 667 1800 737 igne

194 766 537 823 crematum;
568 755 900 815 eil‘rzcnatam
936 757 1168 830 Neptuni
1188 769 1244 814 et
1263 759 1541 829 [Apollinis
1564 759 1617 814 in
1646 759 1801 815 femi-

196 866 302 909 nas
328 851 397 907 ab
424 858 647 907 auctore
673 860 861 907 nostro
882 854 1196 908 nominibus
1216 854 1332 909 suis
1352 854 1650 925 appellatas
1678 853 1801 909 ilbi-

197 943 421 1009 dinem;
448 945 627 1000 varias
663 943 813 999 iovis
837 960 961 1000 eam
991 947 1064 1001 ob
1094 961 1210 1001 rem
1260 945 1666 1010 conversiones,
1719 944 1802 1001 fu-

195 1046 414 1094 rentem
444 1037 607 1108 hujus
631 1045 687 1093 et
715 1038 940 1092 aliorum
964 1037 1188 1094 deorum
1245 1052 1308 1093 ac
1355 1036 1579 1094 dearum
1604 1038 1655 1093 in
1682 1017 1799 1093 ma-

196 1133 389 1189 sculos
414 1132 791 1202 petulantiam.
824 1132 985 1204 Atqui
1015 1133 1133 1189 haec
1160 1134 1340 1187 omnia
1369 1142 1462 1188 aut
1488 1132 1621 1190 falsa
1653 1142 1797 1199 sunt,

196 1234 296 1282 aut
320 1240 470 1281 vera.
503 1225 560 1282 Si
590 1228 847 1297 primum,
882 1227 954 1282 dii
990 1235 1165 1283 tantas
1205 1237 1420 1299 tamque
1461 1229 1801 1299 impudentes

197 1320 502 1376 calumnias
532 1328 709 1376 morte
763 1320 1104 1376 ethnicorum
1134 1323 1373 1377 omnium
1407 1322 1679 1378 vindicare
1704 1314 1801 1378 de-

195 1413 457 1469 buerunt.
496 1413 555 1468 Si
593 1412 909 1478 secundum,
948 1414 1112 1470 iidem
1145 1415 1217 1471 dii
1248 1415 1454 1478 miseri,
1489 1414 1719 1472 infames
1748 1427 1803 1472 et

192 1505 605 1562 sceleratissimi
628 1506 877 1562 homines
907 1505 1077 1565 fuisse
1100 1506 1511 1564 convincuntur.

269 1598 413 1667 Quid
438 1612 587 1665 vero,-
619 1599 765 1669 quod
787 1597 1025 1655 humana
1058 1600 1279 1656 illorum
1326 1609 1518 1656 natura
1549 1599 1805 1656 manifes-

1903 397 1932 436 a
1962 382 2095 438 Jove
2117 381 2305 444 Elicio,
2339 381 2478 437 dolis
2501 390 2554 436 et
2583 380 2788 437 artibus
2818 379 3069 451 decepto,
3096 378 3370 434 ferebatur
3392 376 3500 432 im-

1904 478 2200 547 petravisse
2223 476 2461 532 fulminis
2476 476 2931 547 procurationem.
2953 474 3031 531 Ex
3050 472 3303 529 omnibus
3323 481 3501 526 autem

1903 568 2064 639 hujus
2116 568 2355 624 historia:
2425 567 2845 623 circumstantiis
2912 565 3257 623 manifestum
3315 571 3503 619 auctor

1902 671 2088 718 noster
2114 662 2366 717 omnibus
2396 660 2523 717 facit
2570 660 2701 716 nihil
2746 673 2907 731 posse
2933 658 3060 729 fingi
3088 673 3119 713 a
3148 657 3395 723 veritate,
3447 663 3504 712 et

1901 756 2183 812 divinitate
2212 756 2379 827 magis
2403 755 2662 811 alienum.

1974 867 2219 924 Secunda
2270 866 2517 922 Acdestis
2568 874 2622 921 et
2673 863 2865 937 Atydis
2912 863 3140 919 historia
3189 869 3293 926 est,
3342 874 3503 930 quam

1903 968 2064 1015 nemo
2105 962 2280 1016 neseit
2308 959 2633 1029 turpissimis
2675 957 2847 1023 lovis,
2891 955 3074 1010 Matris
3101 953 3284 1018 deum,
3315 951 3502 1016 Name,

1902 1062 1958 1108 et
1983 1053 2062 1107 ,ιω
2085 1052 2321 1124 flagitiis,
2353 1052 2709 1123 ignominiosa
2732 1050 2921 1122 Atydis
2950 1048 3300 1112 castratione,
3334 1045 3505 1099 illius-

1903 1160 2007 1215 que
2024 1154 2078 1199 et
2098 1141 2177 1199 ιω
2206 1155 2398 1208 morte,
2441 1143 2667 1213 aliisque
2698 1142 2775 1198 illi
2803 1140 3091 1211 adjttnctis,
3141 1140 3304 1194 fuisse
3332 1138 3504 1191 famo-

1902 1237 2191 1293 sissimum.
2261 1236 2463 1291 Contra
2520 1236 2668 1291 illam
2740 1234 2904 1305 igitur
2972 1231 3245 1288 Arnobius
3312 1229 3504 1285 eodem

1903 1342 2127 1401 prorsus
2147 1329 2307 1385 modo
2327 1343 2391 1384 ac
2412 1340 2597 1383 contra
2622 1327 2757 1382 alias
2778 1333 3202 1397 argumentatur,
3239 1322 3506 1393 planeque

1903 1423 2141 1479 ostendit
2166 1437 2285 1479 eam
2310 1422 2381 1477 ab
2410 1420 2643 1477 ethnicis
2665 1436 2771 1475 non
2802 1433 2963 1489 posse
2993 1416 3243 1472 falsitatis
3265 1414 3502 1483 coargui.

1904 1518 1989 1572 Ab
2014 1515 2405 1585 antiquissimis
2431 1514 2697 1587 siquidem
2726 1513 2940 1567 illorum
2987 1508 3345 1580 scriptoribus
3397 1519 3505 1561 tra-

1905 1610 2015 1665 dita
2066 1611 2256 1676 fuerat,
2287 1619 2341 1666 et
2383 1610 2452 1665 ab
2477 1622 2657 1663 annuo
2703 1606 2937 1663 ethnicis
2962 1605 3147 1660 Matris
3174 1604 3335 1658 deum
3366 1601 3508 1657 festo

194 1694 416 1750 ίῖεθίωθ
439 1692 828 1762 comprobatur
880 1707 987 1748 "0"
1045 1693 1224 1750 301m
1276 1692 1591 1761 Euhemel'i,
1638 1692 1801 1750 Nica-
1834 1694 1882 1755 Β
1910 1704 2138 1759 maxima
2162 1718 2282 1757 cum
2317 1718 2510 1774 pompa
2535 1713 2587 1757 et
2618 1701 2958 1756 solemnitate
2983 1696 3249 1755 celebrari
3276 1708 3511 1751 consue—

194 1801 369 1860 goraa,
396 1785 639 1853 Leontis,
664 1784 959 1854 Theodori,
990 1786 1275 1858 Hipponis,
1295 1796 1350 1843 et
1373 1786 1621 1857 Diagoras
1648 1787 1805 1842 testi-

196 1883 411 1950 monio,
447 1897 635 1938 verum
687 1881 853 1937 etiam
884 1880 1049 1937 rebus
1101 1894 1130 1935 a
1175 1880 1308 1937 Jove
1340 1882 1527 1952 gestis,
1552 1880 1808 1936 Minerva:

194 1978 496 2047 Dianaque
521 1975 700 2042 bellis,
725 1974 982 2030 affectato
1026 1990 1056 2029 a
1097 1974 1295 2031 Libero
1320 1974 1587 2043 :lndorum
1615 1989 1802 2045 regno,

196 2083 365 2143 atque
392 2072 623 2128 aliorum
647 2072 981 2137 cunditione,
1003 2076 1193 2143 Opera,
1211 2080 1418 2142 quaestu
1440 2080 1496 2127 et
1520 2070 1805 2142 coujugiis.

200 2167 311 2224 Sed
332 2165 573 2221 declarat
605 2166 881 2220 Arnobius
907 2181 966 2221 se
989 2165 1223 2235 id,quod
1247 2164 1404 2220 facile
1419 2173 1553 2228 erat,
1581 2164 1805 2220 demon-

200 2258 487 2315 strandum
514 2273 625 2313 non
648 2259 975 2330 suscepisse,
999 2258 1095 2313 sed
1131 2258 1265 2314 deos
1282 2268 1294 2278 ‘
1311 2270 1341 2313 a
1378 2258 1595 2314 nemine
1619 2266 1809 2313 contu-

201 2350 494 2408 meliosius
513 2366 677 2423 quam
704 2352 774 2405 ab
797 2351 1027 2407 ethnicis
1053 2352 1262 2407 vexari.

276 2443 432 2512 Quod
487 2443 704 2513 quidem
759 2443 849 2498 ille
893 2442 1271 2499 demonstrare
1307 2443 1503 2514 pergit,
1555 2454 1668 2497 tum
1713 2457 1806 2498 so-

205 2534 480 2593 lemnibus
499 2534 819 2606 statutisquc
840 2535 895 2590 in
924 2535 1243 2590 eorumdem
1269 2534 1493 2591 deorum
1520 2534 1807 2603 honorem,

207 2643 333 2699 quae
361 2627 577 2699 quidem
608 2637 891 2698 poetarum
919 2636 1226 2683 commenta
1257 2627 1364 2682 diei
1398 2644 1505 2682 non
1535 2635 1805 2697 poterant,

206 2723 409 2788 sacris,
456 2722 747 2794 mysteriis,
799 2721 1161 2785 caeremoniis,
1193 2728 1249 2775 et
1290 2719 1453 2786 ludis,
1502 2730 1612 2775 tum
1642 2721 1806 2775 etiam

209 2833 274 2873 ex
302 2817 416 2886 jam
447 2815 733 2871 recensitis
762 2814 978 2869 illorum
1003 2811 1240 2885 ﬂagitiis,
1269 2812 1589 2878 sceleribus,
1618 2814 1807 2868 vulne-

208 2910 360 2965 ribus
400 2916 458 2964 et
498 2908 678 2964 bellis.
724 2907 805 2962 Eo
844 2908 1044 2978 quippe
1092 2906 1264 2977 major
1308 2915 1424 2961 erat
1471 2906 1807 2962 ethnicorum

212 3002 488 3072 iniquitas,
530 3001 672 3071 quod
714 3015 923 3055 summa
970 2999 1148 3069 legum
1194 3000 1482 3054 severitate
1532 3001 1584 3053 in
1618 2999 1810 3056 famosi
1836 2979 1881 3041 Ο

210 3094 444 3163 alicujus
470 3093 621 3156 dicti,
665 3092 943 3157 carminis,
993 3099 1047 3146 et
1089 3091 1256 3146 libelli
1284 3099 1534 3146 auctores
1562 3093 1812 3146 animad—

210 3193 513 3249 verterent,
555 3183 953 3255 patientissime
984 3192 1113 3238 vero
1142 3182 1348 3239 ferrent
1391 3192 1535 3239 tanta
1584 3184 1810 3240 deorum

208 3278 507 3349 opprobria
529 3287 584 3331 et
599 3276 869 3332 dedecora
886 3276 1051 3331 scribi
1078 3284 1132 3330 et
1161 3275 1460 3341 decantari,
1485 3291 1657 3348 eaque
1679 3280 1816 3333 scri-

209 3372 427 3433 bentes,
472 3377 637 3439 atque
680 3370 843 3424 etiam
893 3367 1190 3423 histriones
1217 3377 1273 3423 et
1313 3369 1509 3424 mimos
1538 3370 1727 3426 eadem
1760 3372 1811 3426 in

208 3461 445 3519 theatris
470 3461 807 3532 publicisque
834 3460 1158 3532 spectaculis
1183 3472 1661 3532 repraesentantes,
1696 3480 1812 3519 ma-

206 3557 359 3611 xima
386 3555 682 3610 audiebant
723 3566 849 3609 cum
896 3556 1198 3625 voluptate,
1230 3564 1285 3609 et
1324 3556 1448 3611 illos
1478 3557 1725 3613 laudibus
1751 3572 1815 3615 ac

207 3648 457 3720 prwmiis
480 3646 991 3703 remunerabantur.

284 3739 420 3809 Quis
445 3752 575 3811 ergo
600 3739 881 3796 dubitandi
911 3739 1063 3795 locus
1090 3750 1396 3811 supererat,
1427 3742 1557 3813 quin
1578 3758 1643 3798 cx
1669 3753 1813 3799 tanta

209 3836 442 3892 deorum
472 3834 744 3898 irrisione,
777 3843 1035 3904 tantoque
1065 3834 1298 3889 ludibrio
1323 3844 1458 3890 ortte
1488 3835 1687 3891 fuerint
1713 3852 1815 3907 pu-

210 3930 369 3985 blica:
410 3927 787 3983 calamitates?
811 3926 1002 3983 Nullus
1043 3928 1222 3998 itaque
1249 3943 1396 3984 sana:
1428 3931 1626 3986 mentis
1654 3930 1816 3987 homo

211 4036 453 4094 unquam
479 4021 694 4092 negabit
712 4020 799 4075 illa
821 4021 1105 4091 gentilium
1132 4024 1333 4093 scripta
1363 4024 1541 4094 potius
1564 4025 1816 4082 debuisse

211 4114 472 4178 cremari,
514 4129 676 4185 quam
704 4112 1122 4169 christianorum
1153 4114 1344 4181 libros,
1398 4122 1563 4188 atque
1600 4118 1816 4174 illorum

210 4210 424 4266 theatra
454 4208 655 4279 potius,
708 4224 869 4279 quam
910 4208 1102 4263 horum
1148 4212 1523 4267 conventicula
1549 4212 1730 4268 dirui?
1758 4213 1817 4269 ltt

211 4304 637 4361 christianornm
690 4303 955 4373 siquidem
982 4304 1375 4360 conventiculis
1417 4321 1481 4361 ac
1525 4308 1817 4379 synaxibus

214 4401 360 4456 Deus
390 4408 555 4453 verus
580 4407 860 4463 exoratur,
893 4412 997 4467 pax
1023 4406 1079 4452 et
1108 4399 1259 4452 venia
1283 4413 1383 4469 pro
1401 4399 1672 4466 omnibus,
1701 4402 1816 4459 sive

213 4496 370 4561 vivis,
406 4494 521 4550 sive
549 4491 781 4547 mortuis
821 4490 1143 4562 postulatur,
1173 4492 1413 4563 nihilque
1440 4492 1676 4561 auditur,
1709 4494 1813 4550 nisi

213 4591 361 4663 quod
392 4590 680 4653 humanos,
710 4587 892 4653 mites,
919 4584 1276 4653 verecundos,
1312 4585 1534 4656 pudicos
1561 4594 1615 4641 et
1638 4596 1815 4643 castos

214 4690 401 4745 faciat.
426 4684 507 4739 Dii
529 4698 660 4752 ergo
686 4681 730 4737 si
754 4681 854 4748 ira,
882 4681 959 4735 uti
984 4679 1344 4749 cpinabantur
1372 4679 1595 4747 ethnici,
1624 4694 1816 4735 accen-

215 4782 436 4842 dantur,
471 4792 579 4833 non
608 4774 943 4841 christianis,
977 4774 1071 4829 sed
1101 4774 1346 4844 ipsismet
1394 4773 1644 4840 ethnicis,
1694 4788 1815 4828 om-

215 4877 376 4933 nium
425 4883 547 4928 ante
577 4870 765 4926 oculos
807 4869 1042 4924 dedecus
1083 4876 1139 4924 et
1178 4867 1563 4938 turpitudinem
1602 4867 1815 4922 illorum

215 4964 602 5030 statuentibos,
635 4962 793 5018 irasci
836 4962 1125 5017 debebant.
1177 4960 1234 5016 Si
1281 4975 1412 5017 vero
1448 4961 1542 5017 irae
1568 4970 1817 5033 expertes

218 5061 353 5127 sint,
390 5053 695 5112 cbristianis
722 5052 922 5108 frustra
954 5053 1075 5107 irati
1119 5051 1387 5107 dicuntur.

828 5187 1122 5244 nricuws
1154 5204 1207 5241 v.

756 5321 980 5387 Analysis
1000 5321 1113 5373 libri
1134 5323 1310 5386 quinti.

297 5448 383 5509 Ad
411 5448 552 5509 aliud
591 5460 776 5507 contra
805 5449 1085 5521 gentilium
1115 5448 1246 5505 deos
1272 5457 1647 5521 argumentum
1677 5446 1822 5504 venit

219 5544 522 5611 Arnobius,
544 5543 779 5614 illudque
802 5543 933 5614 petit
959 5556 1022 5597 ex
1048 5542 1308 5605 historiis,
1329 5556 1461 5613 quas
1478 5556 1596 5597 cum
1621 5540 1821 5595 ethnici

220 5655 325 5695 usu
360 5636 673 5705 quotidiano
695 5636 1012 5703 retinerent,
1044 5634 1194 5689 festis
1239 5634 1579 5690 celebrarent
1605 5632 1818 5699 annuis,

226 5729 549 5790 simulacris
575 5737 1048 5801 repracsentarcnt,
1100 5740 1191 5785 eas
1236 5728 1476 5799 profecto
1514 5727 1825 5785 verissimas

1909 1806 2080 1852 verat.
2105 1795 2261 1851 Nulla
2290 1806 2470 1850 autem
2502 1802 2664 1849 tantae
2696 1790 3051 1848 solemnitatis
3078 1803 3238 1846 causa
3267 1802 3387 1843 esse
3416 1803 3511 1858 po.

1908 1891 2031 1954 tuit,
2066 1889 2167 1945 nisi
2198 1888 2322 1958 quia
2349 1904 2409 1941 ea
2438 1887 2618 1942 omnia
2648 1887 2825 1956 rcipsa
2856 1886 2992 1941 facta
3022 1883 3190 1939 fuisse
3213 1879 3509 1952 opinaban-

1909 1991 2015 2037 tur.
2049 1981 2105 2040 Si
2133 1996 2251 2052 quaa
2282 1995 2415 2036 vero
2440 1979 2541 2035 alia
2573 1979 2713 2034 illius
2738 1977 2966 2033 obscura
2994 1975 3158 2032 fuerit
3199 1974 3359 2042 ratio,
3389 1988 3508 2028 eam

1910 2086 2082 2143 certe,
2125 2073 2558 2146 quandoquidem
2589 2072 2642 2128 in
2675 2072 2814 2127 festo
2856 2070 2951 2126 illo
2982 2067 3340 2141 turpitudines
3389 2081 3506 2121 ma-

1910 2172 2070 2226 ximat
2097 2169 2417 2241 agebantur,
2442 2165 2886 2223 obscenissimam
2910 2178 2973 2219 ac
2998 2160 3364 2234 turpissimam
3388 2172 3511 2215 esse

1908 2272 2149 2336 oportet.

1983 2357 2171 2414 Plures
2200 2356 2333 2410 alias
2364 2354 2451 2411 his
2496 2352 2703 2409 similes
2731 2350 3025 2417 Arnobius,
3058 2345 3390 2404 exsecranda
3418 2360 3513 2401 ca-

1909 2468 2029 2506 rum
2075 2450 2315 2506 fceditate
2358 2448 2670 2512 deterritus,
2700 2460 2760 2501 se
2803 2442 3220 2516 prastermittere
3245 2440 3507 2496 declarat.

1914 2543 2102 2598 Paucis
2134 2553 2310 2597 tamen
2341 2539 2654 2612 perstrinxit
2680 2536 2937 2602 Faunum,
2968 2537 3081 2591 sive
3107 2535 3309 2589 Bonam
3353 2531 3509 2588 deam

1907 2638 2073 2709 virgis
2096 2651 2313 2705 cresam,
2359 2647 2566 2704 turpem
2595 2633 2767 2689 Servii
2799 2641 2994 2695 ortum,
3029 2645 3090 2685 ac
3122 2628 3418 2685 fmdissima
3453 2636 3512 2682 et

1911 2731 2164 2798 nefanda,
2190 2746 2312 2801 quae
2343 2731 2396 2784 in
2425 2727 2793 2799 Omophagiis,
2824 2723 3242 2798 Corybantibus,
3271 2719 3511 2776 Baccha-

1913 2826 2143 2891 nalibus,
2175 2823 2421 2896 Phrygiis
2464 2820 2633 2877 sacris
2677 2834 2742 2875 ac
2777 2819 3050 2891 mysteriis
3097 2817 3209 2871 fieri
3242 2813 3507 2870 Solebant.

1914 2919 2117 2974 Horum
2149 2925 2324 2970 autem
2373 2913 2658 2969 occasione
2689 2911 2821 2966 scite
2849 2911 3102 2966 observat
3130 2916 3207 2963 tot
3256 2915 3511 2977 tantaque

1917 3010 2064 3066 Jovis
2095 3008 2301 3063 narrari
2326 3004 2609 3071 adulteria,
2643 3006 2852 3075 aliaque
2882 3000 3079 3073 ﬂagitia
3107 3017 3121 3064 ;
3176 3008 3228 3053 ut
3261 3016 3367 3053 non
3407 2998 3509 3053 alia

1917 3118 2076 3159 causa
2104 3100 2347 3155 videatur
2378 3108 2555 3167 natus,
2599 3097 2700 3152 nisi
2729 3108 2786 3151 ut
2812 3097 2863 3151 in
2897 3111 3019 3150 eum
3053 3093 3229 3148 omnis
3255 3091 3507 3155 infantiae,

1917 3211 1980 3251 ac
2006 3194 2289 3265 cujuslibet
2317 3192 2593 3248 ἴωύὶεεὶιυί
2624 3190 2877 3244 facinoris
2898 3198 3055 3258 atque
3084 3180 3324 3251 sceleris,
3347 3182 3513 3239 cultu-

1917 3293 2031 3345 vies
2059 3284 2415 3345 derivaretur.
2451 3283 2589 3342 Tum
2616 3284 2814 3340 deinde
2841 3282 2944 3362 alia
2972 3280 3315 3354 prosequitur
3334 3294 3509 3345 sacra,

1917 3382 2167 3440 videlicet
2186 3376 2228 3436 Τ
2235 3374 2636 3451 hcsnmphoria,
2671 3376 2964 3444 Eleusinia,
3010 3385 3170 3445 atque
3196 3372 3510 3437 Alimuntia,

1918 3477 1971 3531 in
1999 3470 2193 3545 quibus
2225 3490 2329 3528 non
2358 3473 2557 3540 minor,
2586 3485 2746 3542 quam
2777 3468 2827 3523 in
2857 3468 2977 3522 aliis
3005 3466 3219 3521 lascivia
3245 3480 3309 3519 ac
3356 3472 3514 3533 petu-

1916 3567 2105 3623 lantia.
2154 3567 2344 3624 Postea
2371 3581 2499 3620 vero
2526 3578 2684 3635 quam
2717 3578 2777 3617 ea
2821 3562 2875 3616 in
2921 3554 3091 3616 oculis
3117 3566 3516 3629 conspectuque

1919 3662 2157 3718 onmium
2204 3659 2471 3731 exposuit,
2520 3657 2585 3711 ab
2614 3653 2846 3711 ethnicis
2893 3654 3127 3724 postulat
3158 3660 3333 3705 utrum
3363 3650 3511 3704 chri-

1918 3754 2077 3810 stiani
2111 3744 2177 3807 ad
2204 3752 2318 3807 hasc
2345 3766 2496 3805 sacra
2527 3747 2731 3816 agenda
2759 3745 2909 3801 omni
2936 3744 3321 3815 suppliciorum
3352 3742 3514 3797 etiam

1919 3847 2312 3902 dirissimorum
2335 3857 2535 3914 genere
2559 3842 2675 3911 cogi
2706 3838 2961 3903 debeant,
2991 3855 3053 3893 ac
3093 3847 3272 3891 utrum
3302 3836 3518 3906 ipsimet

1918 3940 2119 3997 ethnici
2140 3938 2264 4004 diis,
2292 3947 2517 4008 quorum
2560 3934 2765 3990 seelera
2791 3938 2845 3988 ει
2867 3932 3065 4004 ﬂagitia
3098 3932 3148 3984 in
3178 3929 3367 3984 iisdem
3396 3938 3516 3999 my-

1918 4033 2097 4089 steriis
2128 4029 2585 4092 memorabantur,
2615 4026 2823 4080 similes
2866 4038 2928 4079 se
2974 4034 3116 4086 esse,
3150 4020 3235 4075 vel
3274 4030 3368 4076 eos
3396 4019 3517 4074 filiis

1919 4129 2034 4185 suis
2063 4135 2152 4182 aut
2182 4122 2498 4195 conjugibus
2549 4124 2853 4192 proponere
2878 4117 2930 4171 in
2962 4115 3265 4187 exemplttm
3317 4112 3519 4169 velint?

1918 4222 2111 4276 Mirum
2138 4218 2317 4289 itaque
2348 4215 2450 4271 sibi
2476 4212 2643 4269 videri
2675 4211 2765 4267 ille
2812 4211 2885 4265 ait
2910 4216 3070 4274 eum;
3113 4207 3211 4279 qui
3256 4207 3356 4261 hos
3384 4196 3518 4261 deus

1920 4328 2041 4370 esse
2067 4320 2226 4383 neget
2248 4309 2333 4365 vel
2365 4308 2599 4368 dubitet,
2633 4305 2852 4361 athemn
2881 4312 2936 4359 et
2965 4302 3286 4372 sacrilegum
3317 4301 3385 4355 ab
3411 4301 3519 4357 illis

1838 4385 1893 4445 Ι)
1920 4404 2208 4480 appellari.
2238 4403 2575 4475 Denique‘cx
2603 4400 2689 4456 his
2713 4400 2967 4455 omnibus
2990 4399 3083 4453 ille
3104 4396 3381 4453 Concludit
3412 4395 3515 4450 nu.

1914 4501 2153 4573 jusmodi
2185 4498 2340 4565 deos,
2368 4512 2475 4552 non
2500 4494 2833 4559 christianis,
2858 4502 2952 4547 eos
2983 4488 3389 4560 respuentibds,
3421 4487 3519 4541 sed

1919 4596 2154 4651 ethnicis
2180 4601 2325 4648 tanta
2357 4591 2573 4646 illorum
2600 4587 2829 4644 crimina
2860 4583 3305 4656 prtedicantibus,
3340 4579 3515 4636 infen-

1918 4705 2011 4747 sos
2040 4704 2161 4746 esse
2184 4686 2460 4744 debuisse.

1991 4784 2223 4840 Futilem
2253 4764 2449 4835 deinde
2476 4784 2784 4847 vanamque
2830 4768 3105 4829 Arnobius
3132 4769 3370 4827 ostendit
3397 4782 3520 4824 esse

1921 4878 2200 4954 gentilium
2237 4872 2673 4946 responsionem,
2724 4872 2812 4942 qui
2845 4884 3032 4924 omnes
3061 4869 3222 4922 hasce
3262 4864 3538 4949 historias.

1921 4972 2213 5045 allegorice
2236 4977 2443 5025 tantum
2474 4978 2639 5023 sensu
2678 4956 3055 5036 intelligendas
3076 4970 3197 5017 esse
3222 4960 3522 5016 contende-

1923 5072 2073 5126 bant.
2100 5062 2295 5121 Adeas
2313 5061 2578 5135 siquidem
2605 5056 2970 5132 explodendas
2994 5057 3153 5128 plane
3175 5056 3375 5112 sufficit
3400 5058 3523 5112 illas

1923 5177 2032 5218 non
2089 5170 2247 5231 pesse
2302 5155 2534 5211 naturali
2588 5167 2752 5209 sensu
2795 5152 2910 5206 sine
2960 5149 3242 5221 impietate
3298 5149 3518 5220 exponi.

1927 5250 2135 5312 Deinde
2179 5267 2310 5308 vero
2350 5266 2448 5307 cur
2474 5266 2503 5305 a
2534 5246 2889 5318 scriptoribus
2940 5252 3047 5299 tam
3100 5244 3245 5300 Serio
3288 5242 3522 5315 posteris

1927 5348 2140 5407 traditae
2167 5352 2314 5413 sunt,
2348 5356 2405 5400 ut
2451 5350 2550 5400 suo
2579 5338 2812 5397 naturali
2844 5353 3005 5393 sensu
3037 5353 3145 5393 non
3178 5339 3521 5408 esplicaren—

1928 5446 2052 5501 tur?
2081 5441 2348 5513 Numquid
2380 5440 2433 5494 hi
2467 5437 2761 5507 scriptores
2810 5448 2902 5490 eas
2943 5433 3175 5505 mystico
3205 5431 3525 5501 allegorico-

1927 5552 2033 5609 qnc
2081 5532 2364 5589 dumtaxat
2408 5545 2568 5583 sensu
2619 5522 2961 5597 accipiendas
3006 5524 3204 5578 alicubi
3257 5522 3529 5575 testificati

1929 5627 2088 5689 sunt?
2105 5626 2158 5682 Si
2177 5638 2303 5681 vero
2319 5622 2497 5694 plures
2514 5620 2720 5691 possint
2734 5633 2855 5676 esse
2876 5615 3120 5690 ejusdem
3149 5611 3397 5669 hismrim
3413 5627 3537 5681 par-

1935 5726 2019 5781 tes
2042 5712 2315 5792 allcgorici
2344 5715 2541 5774 Occulti
2571 5724 2784 5784 sensus,
2819 5715 3042 5771 ubinam
3073 5706 3168 5764 illi
3205 5718 3307 5779 quo
3329 5703 3557 5771 \wulc'tsc
