3990 6072
489 264 593 323 383

1716 247 2169 308 DISSERTATIO
2204 244 2485 304 PRAWIA

3671 225 3779 283 58‘

491 381 715 454 intelligi
761 380 1067 444 debebant,
1130 375 1289 432 alicui
1336 370 1762 445 'patefecerunt?
1811 367 2078 438 Numquid
2110 368 2155 427 Λ
2185 364 2472 425 habebant,
2507 357 2833 454 turpissimis
2881 365 2938 413 et
2985 354 3162 412 divina
3190 351 3476 423 majestate
3499 349 3658 421 plane
3689 349 3778 404 in-

490 478 653 534 etiam
674 489 890 541 omnes,
913 473 998 529 vel
1020 472 1215 542 aliqua:
1239 477 1442 523 tantum
1464 467 1621 521 unius
1645 463 1885 518 historiae
1907 471 2085 532 partes

488 570 780 642 allegorice
809 566 1112 638 signiﬁcatu
1142 560 1479 634 exponendm
1523 558 1689 614 sunt?
1732 556 1851 612 Non
1898 570 2085 611 omnes

489 661 730 734 quidem.
758 658 994 715 Necesse
1022 656 1164 712 enim
1196 663 1366 721 esset,
1400 662 1457 707 ut
1482 651 1683 707 ethnici
1715 648 1921 720 singula
1948 664 2087 718 qua:-

488 769 593 825 que
627 753 783 815 facta,
830 751 999 815 locos,
1030 748 1300 819 regiones,
1332 746 1542 809 domos,
1576 742 1845 807 natiOoes,
1874 742 2086 814 aliaque

487 845 571 901 his
601 844 842 900 historiis
870 840 1283 911 cotttprehctisa,
1315 836 1606 910 allegorico
1627 850 1787 890 sensu
1815 835 2083 902 interpre-

485 948 764 1003 tarentur,
817 951 917 993 nec
974 934 1082 989 alio
1133 932 1357 1003 intelligi
1417 945 1576 1001 posse
1624 929 2080 986 demonstrarent.

486 1031 666 1091 Gratis
694 1030 854 1086 etiam
886 1031 1154 1100 ﬁngerent
1202 1026 1408 1094 aliquas
1448 1026 1606 1079 unius
1638 1023 1882 1078 historia:
1909 1030 2084 1093 partes

485 1125 582 1180 illo
611 1124 927 1196 allegorice,
957 1122 1089 1177 alias
1117 1120 1344 1175 naturali
1371 1135 1532 1175 sensu
1559 1117 1924 1188 accipit-udas.
1951 1116 2083 1184 Qua:

485 1217 685 1275 etenim
715 1232 838 1287 pars
856 1216 1054 1286 potius,
1078 1230 1235 1285 quam
1262 1214 1365 1267 alia
1393 1214 1445 1267 in
1474 1210 1757 1268 Sumtnani
1786 1222 1840 1266 et
1864 1211 2085 1267 Proser-

483 1311 647 1382 pinae,
694 1309 780 1364 vel
829 1308 978 1364 Jovis
1002 1315 1057 1362 et
1082 1306 1302 1362 Cereris
1341 1304 1565 1359 historia
1593 1303 1855 1375 assignari
1882 1314 2078 1374 puIeSI,

482 1422 604 1477 quae
645 1405 938 1476 allegorica
968 1411 1060 1458 aut
1086 1400 1316 1457 naturali
1344 1416 1506 1455 sensu
1537 1399 1796 1470 explicari
1848 1397 2082 1453 debeat?

483 1500 613 1569 Quae
640 1499 781 1554 ratio
798 1497 952 1554 reddi
981 1498 1200 1567 poterit,
1223 1510 1320 1550 cur
1345 1495 1398 1549 in
1420 1492 1744 1564 quibusdam
1771 1491 1886 1548 sive
1909 1490 2080 1554 Jovis,

483 1591 602 1647 sive
654 1589 932 1647 Summani
992 1587 1234 1643 historia:
1280 1586 1532 1657 partibus
1589 1583 1981 1655 explanandis,
2050 1598 2081 1638 a

481 1684 714 1740 naturali
737 1683 803 1739 ad
828 1682 1179 1754 allegoricum
1204 1695 1425 1737 sensum
1453 1694 1681 1736 necesse
1703 1679 1773 1734 sit
1797 1678 2079 1734 transitum

482 1776 637 1832 ﬁeri?

551 1890 744 1945 Omnia
774 1890 955 1959 igitur,
984 1904 1102 1960 qua:
1131 1904 1235 1944 una
1261 1888 1561 1959 eademque
1581 1887 1803 1944 historia
1829 1903 2076 1959 compre-

484 1983 817 2051 henduntur,
853 1998 962 2038 uno
987 1985 1288 2053 eodemque
1318 1998 1480 2038 sensu
1505 1983 1627 2038 sive
1672 1982 1925 2047 naturali,
1960 1985 2074 2038 sive

478 2078 773 2150 allegorica
792 2077 990 2134 debent
1018 2077 1265 2147 intelligi.
1288 2077 1450 2148 Atqui
1476 2076 1577 2133 hoc
1607 2078 1850 2132 secundo
1875 2078 2074 2147 allego-

476 2170 593 2227 rico
644 2169 947 2241 signiﬁcatu
1000 2179 1194 2224 cuncta
1225 2170 1277 2223 in
1309 2186 1415 2224 una
1464 2169 1767 2242 eademque
1825 2170 2071 2238 historia,

475 2261 930 2335 quemadmodum
962 2262 1014 2317 in
1041 2261 1259 2331 Trojani
1291 2260 1417 2316 belli
1446 2262 1529 2317 vel
1557 2261 1855 2318 Cannensis
1884 2277 2074 2332 pugna:

475 2356 808 2421 narratione,
845 2371 951 2410 non
992 2364 1218 2425 possunt
1244 2354 1522 2425 explicari.
1557 2356 1632 2411 De
1662 2356 1765 2411 diis
1790 2357 2073 2412 enimvero

472 2464 594 2521 qua:
623 2449 840 2520 scriptis
868 2449 1180 2521 consignata
1211 2449 1462 2521 legimus,
1510 2467 1574 2506 ea
1620 2451 1746 2506 inde
1778 2452 2072 2522 probantur

472 2543 650 2611 reipsa
680 2556 743 2597 ac
769 2557 898 2598 vere
927 2542 1066 2597 facta
1095 2556 1239 2607 esse,
1269 2542 1394 2612 quia
1424 2541 1494 2598 de
1522 2543 1629 2598 illis
1654 2542 1786 2599 festa
1810 2545 2070 2600 solemnia

472 2646 617 2692 stato
645 2645 889 2705 tempore
910 2635 1344 2691 celebrabantur.
1378 2635 1580 2690 Horum
1611 2636 1875 2707 siquidem
1907 2636 2073 2692 festo-

469 2749 592 2790 rum
636 2741 890 2788 constans
928 2740 983 2787 et
1022 2741 1168 2787 certa
1199 2730 1431 2787 debebat
1459 2746 1582 2787 esse
1613 2731 1786 2803 origo,
1848 2748 1948 2789 nec
1978 2732 2068 2787 illa

470 2828 589 2883 sine
617 2826 795 2898 aliqua
823 2827 1033 2882 ratione
1063 2826 1305 2881 instituta
1336 2826 1574 2882 fuerunt.

545 2946 651 3002 Fac
679 2954 880 3008 tamen,
922 2945 965 2999 si
995 2943 1147 3011 velis,
1201 2945 1253 2998 in
1285 2945 1522 3000 historia:
1553 2944 1839 3014 cujuslibet
1868 2944 2068 3000 descri-

469 3040 655 3109 ptione
680 3037 823 3093 aliud
848 3038 1091 3099 omnino,
1124 3052 1288 3107 quam
1314 3036 1476 3091 verba
1508 3047 1724 3103 sonant,
1748 3036 2064 3108 signiﬁcari.

467 3131 584 3188 Non
618 3131 795 3185 minus
821 3139 973 3185 certe
999 3128 1129 3184 illud
1160 3127 1226 3183 ad
1257 3129 1483 3184 deorum
1533 3128 1768 3184 dedecus
1794 3139 1846 3184 et
1878 3140 2068 3185 contu-

469 3224 683 3280 meliam
740 3222 1079 3279 redundabit.
1131 3220 1262 3290 Quze
1293 3222 1494 3277 etenim
1543 3222 1716 3288 maior
1741 3221 1843 3276 diis
1871 3222 2064 3294 injuria

468 3318 587 3374 ﬁeri
617 3326 816 3388 potest,
846 3332 1005 3388 quam
1034 3316 1183 3371 Jovis
1210 3331 1271 3371 ac
1299 3315 1537 3379 Cereris,
1568 3313 1714 3370 verbi
1745 3315 1939 3385 gratia,
1972 3331 2063 3370 ne-

388 3472 393 3493 ι
465 3412 601 3469 fario
626 3412 915 3468 concubitu
943 3422 1141 3466 terram
1168 3409 1340 3465 imbre
1358 3408 1711 3465 madefactam
1734 3408 2065 3479 signiﬁcari?

467 3504 657 3560 Nonne
688 3503 857 3557 multo
878 3503 1045 3557 satius
1066 3511 1183 3557 erat
1209 3500 1479 3555 hominem
1508 3514 1629 3555 esse
1651 3508 1883 3565 mutmn,
1902 3515 2061 3570 quam

464 3611 556 3653 res
583 3596 838 3651 honestas
866 3606 923 3652 et
954 3595 1225 3650 naturales
1258 3593 1582 3664 turpissimis
1611 3592 1837 3647 deorum
1881 3595 2065 3665 appel-

468 3690 582 3744 lare
609 3688 940 3744 sceleribus?
966 3688 1059 3743 Dic
1080 3696 1285 3753 autem,
1312 3701 1520 3755 quaeso,
1546 3684 1673 3753 quid
1698 3685 1912 3740 vetabat
1932 3702 2066 3754 quo-

465 3781 642 3837 minus
667 3796 1005 3852 unaquaeque
1042 3796 1131 3838 res
1156 3779 1420 3836 naturalis
1446 3780 1662 3851 proprio
1687 3795 1785 3836 suo
1815 3781 2059 3848 nomine,

466 3890 573 3931 non
602 3873 826 3930 deorum
857 3875 1038 3946 aliquo
1061 3874 1286 3931 crimine
1306 3873 1743 3945 signiﬁcaretur?

535 3993 718 4067 Neque
746 4008 909 4065 porro
934 3992 1223 4049 dicendum
1251 3991 1383 4048 deos
1409 3992 1645 4047 noluisse
1674 4006 1769 4046 sua
1802 3990 2062 4062 publicari

461 4088 738 4160 mysteria,
781 4097 944 4158 atque
974 4086 1175 4143 idcirco
1219 4100 1405 4141 eorum
1456 4084 1711 4140 historias
1757 4086 2063 4157 allegorieis

459 4183 690 4254 scriptas
715 4197 836 4238 esse
851 4180 1186 4252 ambagibus.
1217 4180 1352 4236 Nam
1381 4180 1466 4235 hae
1489 4180 1801 4251 allegoricis
1822 4182 2062 4237 tenebris

462 4274 717 4329 involutae
749 4274 936 4346 paucis
964 4272 1185 4345 quidem
1214 4273 1444 4343 cognitae
1474 4286 1653 4340 erant,
1705 4273 1799 4329 sed
1830 4274 2062 4345 apertis-

460 4367 595 4421 sima
644 4367 896 4421 omnibus
936 4365 1379 4437 proponebantur
1424 4366 1650 4422 deorum
1693 4365 1915 4437 flagitia,
1943 4383 2063 4438 quae

462 4460 775 4515 hominibus
814 4459 866 4514 in
893 4459 1021 4513 vitia
1050 4460 1273 4515 nimium
1324 4461 1604 4530 propensis
1649 4460 1849 4516 dabant
1872 4462 2059 4517 eadem

2188 457 2364 529 dignis
2393 455 2570 511 vocari
2603 449 2927 509 nominibus.

2762 582 3054 625 ARTICULUS
3109 582 3176 621 Vl.

2712 705 2934 770 Analysis
2952 704 3063 755 libri
3091 703 3239 754 sexti.

2259 835 2315 890 In
2347 835 2450 890 hoc
2478 844 2534 891 et
2557 833 2905 904 subsequenti
2934 831 3072 887 libro
3097 831 3257 886 aliam
3288 826 3556 884 Arnobius
3602 825 3782 899 genti-

2188 933 2317 987 litim
2364 929 2515 984 diluit
2548 929 3003 991 criminationem,
3048 940 3152 996 qua
3181 923 3504 979 christianos
3531 922 3783 976 maxima:

2188 1025 2474 1097 impietatis
2507 1033 2789 1094 propterea
2818 1020 3163 1083 accusabant,
3195 1016 3340 1089 quod
3383 1017 3521 1071 nulla
3552 1015 3782 1070 deorum

2186 1120 2449 1176 haberent
2487 1118 2684 1186 templa
2714 1125 2806 1170 aut
2833 1116 3142 1178 simulacra,
3173 1127 3273 1169 nec
3304 1112 3406 1167 ulla
3439 1125 3671 1181 unquam
3720 1109 3787 1164 iis

2186 1214 2449 1270 sacriﬁcia
2480 1210 2737 1267 facerent.
2769 1214 2807 1264 A
2844 1210 3059 1280 templis
3089 1217 3267 1264 autem
3298 1207 3525 1263 deorum
3547 1204 3785 1273 orditur,

2185 1310 2474 1381 palamque
2507 1308 2703 1363 fatetur
2731 1307 2796 1361 iis
2826 1305 3148 1360 chrisﬁanos
3191 1317 3402 1365 carere,
3437 1315 3543 1356 non
3571 1302 3623 1354 in
3655 1300 3788 1355 deo-

2185 1419 2328 1463 rum,
2359 1402 2403 1456 si
2434 1400 2594 1455 modo
2640 1399 2775 1453 tales
2824 1397 3038 1469 quidam
3066 1398 3320 1463 existant,
3370 1404 3783 1464 contemptum;

2183 1494 2278 1550 sed
2310 1495 2433 1565 quia
2480 1509 2602 1549 cum
2652 1506 2868 1557 semper
2914 1489 3140 1546 beneﬁci
3176 1502 3296 1544 esse
3340 1486 3591 1553 debeant,
3638 1488 3787 1542 omni

2184 1591 2440 1643 virtutum
2497 1602 2695 1659 genere
2755 1583 3150 1655 perfectissimi,
3204 1582 3510 1651 nulliusqtte
3554 1581 3647 1636 ira;
3698 1578 3787 1637 vel

2183 1680 2605 1752 perturbationis
2634 1693 2881 1750 capaces,
2914 1677 3114 1746 templa
3148 1677 3326 1730 omnia
3361 1690 3554 1745 magno
3583 1674 3789 1730 ducunt

2110 1772 2156 1830 B
2182 1773 2504 1844 despicatui.
2534 1771 2610 1826 Ea
2644 1786 2877 1840 namque
2900 1768 3029 1824 nulli
3059 1768 3189 1839 ipsis
3217 1768 3334 1822 usui
3376 1781 3498 1822 esse
3538 1776 3784 1837 possunt,

2178 1866 2426 1938 quamvis
2447 1865 2640 1935 exiguo
2670 1864 2947 1918 hominum
2993 1862 3210 1933 ingenio
3254 1860 3533 1927 fabricata,
3590 1859 3786 1914 iisdem

2178 1958 2310 2014 solis
2338 1957 2648 2013 hominibus
2675 1955 3203 2028 magniﬁcentissima
3234 1955 3538 2010 videantur.
3570 1953 3786 2009 Primus

2177 2062 2356 2106 autem
2388 2050 2628 2105 omnium
2662 2048 3000 2112 Phoroneus,
3051 2048 3137 2102 vel
3187 2046 3397 2118 Merops
3418 2090 3431 2111 ,
3462 2047 3548 2102 vel
3577 2044 3785 2102 Eacus

2176 2160 2238 2199 ea
2278 2143 2582 2200 aediﬁcasse
2612 2142 2946 2215 perhibetur.
2972 2142 3036 2198 At
3067 2140 3401 2213 quantalibet
3428 2142 3785 2210 magnificen-

2177 2238 2247 2292 tia
2273 2248 2395 2308 post
2419 2237 2534 2291 htrc
2554 2245 2865 2291 constructa
2893 2235 3021 2301 sint,
3064 2233 3191 2305 quid
3217 2233 3324 2288 diis
3350 2233 3519 2305 magis
3559 2233 3786 2302 injuria-

2175 2343 2293 2385 sum
2320 2345 2382 2385 ac
2408 2329 2883 2392 contumeliosum,
2918 2340 3077 2397 quam
3110 2335 3315 2381 temere
3338 2339 3650 2380 asseverare
3677 2323 3778 2380 ιο.

2176 2438 2317 2489 vcm,
2371 2432 2463 2476 aut
2509 2422 2671 2477 alium
2722 2420 2966 2495 quemvis
2994 2419 3155 2476 deum
3209 2418 3431 2488 templo,
3487 2417 3778 2488 tuguriolo,

2175 2514 2421 2568 conclavi
2447 2523 2502 2569 et
2537 2513 2727 2569 cellula
2759 2510 2998 2567 includi?

2247 2606 2446 2663 Verum
2478 2607 2600 2672 diis,
2629 2606 2943 2678 inquiehant
2963 2604 3185 2669 ethnici,
3213 2604 3414 2672 templa
3440 2605 3775 2668 extruimus;

2175 2710 2227 2754 ut
2248 2716 2369 2755 cum
2396 2703 2474 2756 eis
2495 2700 2896 2771 quodammodo
2924 2698 3280 2770 praesentibus
3307 2715 3412 2753 non
3445 2713 3633 2768 magna
3657 2697 3779 2754 sine

2172 2793 2474 2849 reverantia
2496 2793 2891 2859 colloquantur,
2920 2800 3080 2861 atque
3110 2791 3229 2846 illos
3256 2790 3325 2846 de
3353 2790 3599 2859 proximo
3625 2790 3780 2844 invo-

2171 2896 2375 2952 cantes,
2408 2885 2475 2940 ab
2502 2885 2631 2954 ipsis
2658 2885 2863 2940 facilius
2891 2883 3192 2938 audiamur.
3221 2882 3329 2938 Sed
3357 2897 3664 2952 perperam,
3695 2884 3777 2938 ait

2171 2978 2460 3031 Arnobius.
2482 2976 2675 3032 Omnia
2694 2978 2908 3047 quippe,
2932 2992 2994 3031 ac
3015 2977 3204 3032 tacitas
3225 2976 3387 3032 etiam
3411 2976 3575 3030 animi
3599 2976 3775 3031 nostri

2170 3070 2524 3136 coxitationes
2569 3087 2725 3126 verus
2759 3071 2896 3125 Deus
2940 3071 3240 3139 cognoscit,
3274 3078 3465 3125 cuncta
3495 3069 3777 3141 mqualiter

2093 3176 2138 3237 ί]
2171 3164 2340 3227 audit,
2377 3165 2561 3219 nullibi
2590 3165 2763 3231 abest,
2796 3180 2895 3219 nec
2939 3165 3073 3219 sicut
3097 3164 3310 3234 Jupiter
3329 3175 3598 3219 cenatum
3630 3163 3780 3220 vadit

2169 3259 2238 3314 ad
2272 3258 2576 3329 IEthiopas,
2636 3275 2742 3313 uno
2796 3258 2964 3313 verbo
3020 3258 3383 3313 immensitate
3428 3273 3522 3313 sua
3578 3257 3777 3329 ubique

2172 3366 2413 3421 praesens
2435 3360 2535 3414 est,
2572 3366 2745 3416 neque
2775 3367 3025 3421 umquam
3051 3351 3172 3406 loco
3200 3361 3463 3406 movetur.

2244 3442 2359 3496 lluc
2383 3442 2595 3497 accedit
2627 3442 2883 3513 pleraque
2909 3443 3133 3497 deorum
3180 3443 3649 3513 sumptuosissima
3680 3459 3777 3497 au-

2170 3534 2585 3605 gustissimaque
2633 3536 2831 3605 templa
2875 3535 3005 3590 nihil
3038 3550 3160 3590 esse
3205 3535 3369 3596 aliud.
3401 3536 3503 3590 nisi
3530 3537 3775 3606 sepulcra

2172 3638 2528 3684 mortuorum.
2558 3628 2708 3684 Talia
2737 3631 3019 3684 enimvero
3046 3628 3348 3700 produntur
3378 3628 3544 3685 fuisse
3571 3630 3775 3686 Cecro-

2170 3721 2274 3792 pis,
2306 3722 2523 3789 Acrisii,
2554 3721 2877 3788 Erimhonii,
2913 3723 3104 3788 Dairtr,
3135 3733 3189 3777 et
3218 3722 3455 3787 lmmari,
3487 3723 3632 3779 Celei
3667 3725 3778 3779 vir-

2166 3814 2374 3884 ginum,
2430 3813 2778 3886 Hyperoches
2818 3826 2872 3870 et
2917 3815 3196 3883 Laodices,
3251 3815 3519 3884 Clearchi,
3567 3817 3777 3873 Leuco-

2167 3908 2429 3980 phrynes,
2482 3908 2515 3964 Ἰ
2529 3910 2777 3975 esmessi,
2825 3908 3062 3981 Cynirrr,
3093 3918 3151 3965 et
3175 3910 3401 3965 aliorum
3433 3926 3591 3982 quam
3649 3912 3778 3980 plu-

2166 4002 2306 4057 rium
2350 4014 2694 4057 monumenta
2723 4017 2787 4057 ac
2813 4003 3148 4074 polyandria.
3186 4003 3426 4074 Denique
3448 4003 3772 4075 Capitolium

2166 4096 2234 4152 ab
2264 4096 2481 4153 invento
2509 4096 2625 4151 Toli
2656 4099 2834 4168 capite
2888 4113 3084 4153 nomen
3138 4098 3368 4167 accepit.
3417 4104 3592 4167 Atque
3642 4099 3773 4155 inde

2166 4189 2671 4246 conﬁcitAroobius
2692 4191 2797 4246 diis
2823 4190 3046 4259 frustra,
3074 4206 3138 4247 ac
3164 4201 3349 4248 contra
3374 4207 3560 4247 eorum
3580 4191 3773 4261 decus,

2168 4285 2368 4353 templa
2393 4285 2663 4341 fabricari.

2238 4377 2461 4433 Colendi
2511 4393 2639 4434 vero
2668 4392 2854 4433 eorum
2902 4379 3193 4435 simulacra
3222 4394 3329 4434 non
3376 4380 3559 4451 potior
3587 4381 3774 4452 utique

2167 4475 2253 4523 est
2278 4469 2435 4524 ratio.
2464 4468 2543 4524 Dii
2575 4469 2773 4540 quippe
2799 4470 2842 4524 si
2879 4470 2930 4524 in
2955 4471 3095 4525 cado
3129 4471 3389 4539 habitant,
3439 4470 3506 4527 ad
3536 4488 3630 4527 eos
3658 4488 3769 4531 non

458 4553 693 4610 faciendi
714 4553 1077 4611 occasionem.
1104 4552 1306 4607 Deinde
1332 4568 1462 4607 vero
1487 4552 1574 4608 cui
1597 4569 1829 4624 unquam
1857 4554 2058 4610 homini

2180 4562 2232 4618 Id
2260 4562 2472 4617 illorum
2496 4562 2781 4619 simulacra
2810 4563 3095 4620 fundendte
3115 4577 3241 4619 sunt
3271 4580 3481 4632 preces.
3506 4565 3563 4621 Si
3584 4576 3766 4622 autent

459 4644 537 4701 dii
560 4645 972 4701 declaraveruttt
1000 4642 1235 4698 voluisse
1262 4644 1362 4699 sub
1390 4644 1692 4714 allegorica:
1733 4644 2059 4713 interpreta-

384 4784 388 4789 .
461 4737 626 4793 tionis
657 4736 987 4791 obscuritate
1017 4735 1288 4806 adscripta
1317 4735 1418 4790 sibi
1445 4735 1832 4791 obscenissitna
1858 4737 2058 4808 ﬂagitia

456 4831 759 4887 venditari?
791 4829 923 4897 Quis
949 4843 1080 4883 vero
1107 4827 1319 4884 dubitat
1344 4843 1439 4885 eos
1468 4845 1571 4884 non
1602 4830 1801 4899 turpia,
1832 4831 1925 4888 sed
1962 4832 2060 4886 ho-

456 4933 608 4979 ncsta
636 4923 704 4979 de
736 4938 795 4979 se
820 4921 925 4977 dici
955 4936 1171 4992 semper
1196 4922 1485 4977 maluisse?
1536 4922 1805 4978 Praeterea
1833 4925 1877 4977 si
1907 4924 2061 4994 Atty-

458 5014 544 5071 dis
573 5015 791 5071 nomine
834 5013 1006 5069 solem
1040 5023 1439 5081 nuncuparunt,
1494 5013 1621 5083 quid
1654 5012 1852 5069 factum
1882 5024 1966 5069 est
1991 5015 2060 5069 de

454 5109 572 5175 illo,
602 5125 761 5176 quem
797 5109 1036 5164 historia:
1080 5107 1366 5178 perhibent
1404 5107 1456 5162 in
1490 5108 1722 5181 Phrygia
1766 5117 1969 5174 natum,
1998 5124 2064 5166 ac

455 5203 687 5274 plurima
719 5201 916 5270 egisse,
966 5218 1087 5272 qua:
1120 5210 1582 5271 repra‘sentantur
1632 5203 1683 5255 in
1733 5202 1977 5267 theatris,
2009 5211 2065 5257 et

455 5296 654 5351 annuis
704 5296 1135 5351 solemnitatibus
1182 5294 1533 5351 recoluntur?
1579 5294 1717 5361 Quid
1770 5296 1931 5350 etiam
1981 5297 2063 5352 sol

457 5388 689 5452 meruit;
718 5396 773 5442 ιιι
802 5385 1017 5458 Attydis
1044 5388 1264 5442 castrati
1296 5387 1529 5443 hominis
1554 5397 1779 5443 vocetur
1807 5389 2064 5444 nomine?

458 5481 701 5551 Denique
754 5484 954 5535 Auctor
1001 5491 1185 5537 noster
1235 5483 1400 5538 multa
1450 5483 1502 5537 in
1551 5481 1775 5538 deorum
1822 5482 2063 5538 historiis

458 5575 671 5630 lectitar
736 5572 1012 5641 ostendit,
1071 5592 1192 5643 qua:
1249 5578 1543 5649 allegorice
1585 5592 1751 5632 sensu
1808 5577 2064 5648 explicari

457 5678 752 5741 nequeunt.
780 5668 859 5723 Ex
887 5668 1083 5739 quibus
1104 5669 1196 5724 ille
1223 5671 1498 5727 concludit
1520 5670 1673 5727 nefas
1695 5686 1917 5742 prorsus
1943 5685 2062 5727 esse

459 5762 592 5820 deos
619 5763 688 5820 ah
712 5763 1027 5835 gentilibus,
1057 5764 1102 5821 si
1126 5763 1247 5823 illos
1273 5779 1458 5822 revera
1485 5768 1724 5823 existere
1747 5780 2060 5839 persuasum

2165 4654 2286 4710 illos
2317 4654 2389 4710 ibi
2415 4654 2655 4711 habitare
2683 4655 2906 4711 dubium
2935 4657 3029 4717 sit,
3066 4655 3262 4711 frustra
3294 4657 3372 4713 rei
3405 4657 3581 4713 dubiae
3609 4660 3774 4713 simu-

2164 4749 2369 4805 lacrum
2404 4750 2640 4822 ﬁngitur.
2678 4750 2944 4806 Prteterea
2995 4751 3085 4821 qui
3132 4751 3266 4806 deos
3292 4766 3414 4807 esse
3455 4752 3649 4817 credit,
3683 4752 3773 4807 hic

2162 4842 2231 4896 ad
2262 4843 2619 4899 exhibendam
2649 4844 2859 4899 illorum
2903 4845 3246 4914 prresentiam
3288 4844 3590 4900 simulacris
3634 4860 3772 4917 opus

2166 4949 2274 4988 non
2295 4933 2476 4989 habet.

2240 5025 2378 5081 Tum
2418 5026 2682 5081 lArnobius
2725 5026 2789 5081 iis
2834 5028 3088 5090 occurrit,
3137 5029 3226 5099 qui
3275 5028 3657 5084 asseverabant
3710 5044 3772 5087 se

2166 5133 2264 5190 per
2291 5119 2577 5174 simulacra
2593 5119 2723 5176 deos
2752 5120 2934 5176 colere
2959 5135 3022 5176 ac
3051 5121 3279 5189 precari.
3298 5120 3600 5191 Numquam
3622 5123 3769 5178 enim

2165 5225 2285 5276 eos,
2319 5211 2362 5265 si
2394 5226 2480 5266 res
2511 5212 2581 5265 ita
2611 5211 2700 5279 sit,
2734 5225 3143 5277 venerarcntur,
3194 5212 3237 5266 si
3284 5212 3428 5267 nulla
3460 5223 3643 5269 essent
3669 5214 3772 5269 hn-

2160 5304 2398 5376 jusmodi
2423 5305 2732 5361 simulacra.
2767 5306 2904 5376 Quid
2933 5307 3094 5361 etiam
3118 5307 3425 5374 absurdius,
3455 5323 3614 5378 quam
3642 5324 3767 5363 cum
3800 5314 3807 5319 ’

2166 5399 2271 5453 diis
2301 5398 2435 5469 ipsis
2461 5398 2595 5464 suis,
2630 5399 2704 5453 uti
2738 5401 2996 5468 putabant
3046 5400 3269 5456 ethnici.
3304 5399 3607 5470 supplicare
3637 5415 3767 5470 pos-

2166 5498 2308 5558 sent,
2338 5489 2457 5544 illos
2486 5505 2581 5560 per
2608 5500 2874 5545 mortuam
2906 5490 3160 5560 efﬁgiem.
3198 5501 3447 5560 tanquam
3477 5506 3574 5561 per
3597 5492 3769 5561 quod-

2165 5581 2289 5637 dam
2321 5581 2444 5636 ﬁdei
2490 5583 2839 5638 comtnissum
2868 5583 3071 5652 aliquid
3101 5584 3325 5655 rogare?
3351 5581 3488 5650 Quid
3538 5597 3770 5654 namque

2167 5673 2297 5730 illud
2325 5686 2428 5739 εει,
2463 5676 2562 5731 nisi
2593 5673 2755 5730 Deum
2784 5677 3003 5732 alterum
3030 5678 3178 5743 scire,
3228 5687 3284 5733 et
3309 5675 3541 5747 efﬁgiem
3568 5677 3768 5736 dente-

2167 5768 2279 5824 cari
2305 5769 2454 5825 omni
2483 5783 2647 5827 sensu
2674 5774 2989 5828 carentem?
