3990 6072
223 136 343 193 585

1485 127 1548 189 lN
1587 121 1975 197 ARNOBIUM,
2014 126 2171 185 CAP.
2214 119 2255 181 Ι.

3365 112 3508 174 ί586

288 254 558 309 Prmterea
587 252 761 323 imago
780 250 862 307 rei
886 228 1235 323 alienjusipsi
1262 248 1453 306 similis
1476 263 1597 304 esse
1627 247 1809 313 debet,
1840 242 2185 313 ANumquid
2231 240 2304 295 dii
2352 239 2403 293 in
2445 236 2622 308 parvis
2659 231 2964 290 simulacris
3007 228 3272 287 dedicatis
3315 242 3513 299 corpus

210 344 454 417 alioquin
485 343 662 415 imago
692 360 797 399 non
826 345 950 399 erit.
978 343 1138 415 Atqui
1170 358 1329 398 nemo
1359 341 1605 397 ethnicus
1650 342 1813 394 homo

208 440 357 494 scire
383 448 562 508 potest
582 449 760 493 utrum
780 436 1004 507 quilibet
1025 436 1157 492 deus
1176 436 1296 490 talis
1320 448 1506 490 revera
1527 432 1616 496 sil,
1642 430 1815 502 qualis

210 533 336 602 ejus
354 531 549 602 imago.
570 530 641 585 At
662 539 812 586 certe
838 529 1036 584 scimus
1059 528 1191 583 tales
1207 530 1341 582 deos
1364 541 1483 582 esse
1499 540 1606 581 non
1633 538 1812 595 posse,

210 626 407 696 quales
435 625 535 691 sol,
567 625 716 690 luna,
749 624 917 689 venti,
946 623 1148 693 aliique
1178 621 1393 677 leonina
1424 621 1508 675 vel
1547 618 1647 673 alia
1682 617 1816 672 facie

210 720 767 792 repraesentabantur.
818 720 902 774 Ab
950 717 1180 773 ethnicis
1227 725 1408 771 autem
1452 714 1574 785 jure
1621 712 1815 768 merito

210 814 380 871 derisi
403 824 531 870 sunt
559 813 719 884 prisci
753 812 1017 877 homines,
1048 809 1139 881 qui
1184 825 1282 879 pro
1309 809 1413 864 diis
1439 807 1682 873 ﬂuvium,
1707 806 1817 861 aci-

212 922 430 973 nacem,
462 904 719 973 lapidem,
768 904 1001 961 informe
1052 904 1276 973 lignum,
1330 911 1423 957 aut
1467 899 1594 970 quid
1642 899 1816 955 simile

213 1001 489 1056 colebant.
518 997 719 1053 Verum
751 997 827 1053 illi
876 998 977 1068 ipsi
1027 1012 1132 1051 non
1188 997 1366 1051 minus
1417 993 1692 1058 irridendi,
1725 993 1815 1063 qui

214 1096 577 1153 Hammonem
606 1108 728 1149 cum
756 1092 1015 1147 cornibus
1040 1090 1304 1155 arietinis,
1355 1090 1647 1145 Saturnum
1694 1102 1814 1142 cum

215 1191 388 1256 falce,
440 1188 636 1245 nudam
704 1187 1008 1253 Venerem,
1063 1185 1361 1240 Vulcanum
1408 1198 1532 1238 cum
1579 1182 1721 1251 pileo
1763 1188 1819 1236 et

212 1283 437 1346 malleo.
467 1297 589 1338 cum
621 1281 829 1352 plectro
851 1289 906 1336 et
928 1279 1121 1335 [idibus
1161 1276 1488 1347 Apollinem,
1540 1284 1596 1330 et
1619 1272 1818 1344 Neptu-

217 1392 349 1432 num
375 1391 496 1430 cum
531 1374 729 1431 fuscina
758 1373 1075 1444 depingunt.
1118 1370 1289 1438 Quam
1319 1370 1462 1426 enim
1490 1368 1606 1422 hinc
1633 1383 1660 1419 a
1691 1381 1816 1421 vera

216 1469 445 1525 deorum
467 1468 634 1537 ﬁgura
658 1467 1010 1532 abhorreant,
1039 1465 1160 1536 quis
1190 1480 1294 1520 non
1340 1462 1520 1518 videt?
1549 1461 1814 1516 Praeterea

215 1564 264 1618 si
288 1562 407 1618 hac
436 1560 647 1632 propria
677 1560 786 1615 sint
805 1559 1223 1629 uniuscujusque
1244 1555 1332 1611 dei
1354 1561 1692 1619 ornamenta,
1728 1551 1815 1606 ubi

1918 352 2074 392 suum
2106 332 2457 398 contrahunt,
2491 340 2545 385 et
2576 327 2857 399 porrigunt
2883 326 2933 379 in
2968 323 3175 395 magnis
3205 331 3260 377 et
3287 322 3515 378 immen-

1916 430 2031 485 sis?
2058 425 2327 496 Numquid
2376 438 2515 477 unus
2557 421 2711 487 deus,
2746 428 2870 490 puta
2913 416 3213 482 Vulcanus,
3246 415 3299 469 in
3341 414 3516 470 omni-

1916 520 2017 576 bus
2046 519 2159 573 suis
2199 514 2503 571 simulacris
2549 512 2747 582 ubique
2784 510 3024 581 gentium
3072 507 3259 577 positis
3291 515 3345 561 et
3386 523 3517 560 con-

1918 612 2144 669 secratis
2179 610 2264 665 vel
2294 607 2599 677 multiplex,
2632 606 2716 661 vel
2748 604 3010 661 indivisus
3050 617 3269 657 manere
3296 598 3515 671 pulerit?

1989 705 2127 775 Quid
2176 704 2364 776 plura?
2394 702 2451 760 Si
2492 701 2566 755 dii
2610 701 2663 756 in
2705 699 2789 754 his
2817 699 2927 754 suis
2972 695 3274 752 simulacris
3323 708 3515 751 revera

1920 797 2188 861 habitant,
2218 812 2314 851 cur
2343 810 2405 851 ea
2433 792 2685 865 gentiles,
2715 807 2784 847 ne
2812 805 2917 862 qua
2953 789 3143 859 injuria
3173 786 3512 853 adﬁciantur,

1919 891 2191 957 claustris,
2222 888 2484 954 clavibus,
2511 884 2762 957 pessulis,
2789 882 3035 949 canibus,
3055 880 3336 937 anseribus
3362 887 3517 933 tuen-

1920 993 2029 1048 tur,
2087 998 2152 1038 ac
2198 979 2611 1050 diligentissime
2660 975 3013 1033 custodiunt?
3062 972 3169 1028 Cur
3204 971 3412 1042 Jupiter
3463 977 3518 1025 et

1921 1075 2267 1144 [Escttlapitts
2300 1082 2406 1129 tam
2439 1072 2706 1144 patienter
2737 1069 2976 1124 tulerunt
3005 1065 3291 1120 simulacra
3318 1077 3414 1118 sua
3446 1061 3516 1117 ab

1920 1168 2191 1224 Antiocho
2217 1180 2274 1222 et
2291 1165 2546 1238 Dionysio
2573 1160 2831 1232 spoliari?
2858 1160 2915 1215 Si
2942 1158 3145 1213 dixeris
3166 1156 3234 1211 de
3271 1155 3355 1209 his
3381 1152 3517 1208 nihil

1919 1263 2051 1319 deos
2075 1276 2315 1325 curasse,
2349 1268 2497 1315 certe
2522 1257 2707 1313 Venus
2737 1254 3109 1311 incredibilem
3155 1249 3517 1323 Pygmalionis

1919 1355 2219 1414 etalterius
2246 1353 2441 1424 perditi
2470 1350 2707 1405 hominis
2738 1348 2791 1402 in
2819 1347 3124 1402 sumulacra
3153 1359 3247 1400 sua
3276 1340 3519 1413 petulan-

1922 1446 2047 1501 tiam
2083 1444 2399 1516 propulsare
2428 1441 2679 1498 debi:bat.
2712 1439 2902 1495 Nonne
2931 1439 3093 1494 etiam
3124 1436 3335 1507 Jupiter
3362 1434 3519 1504 Capi-

1920 1539 2152 1605 tolinus,
2212 1536 2353 1593 Juno
2395 1534 2630 1606 Argiva,
2686 1532 2941 1602 Serapis,
2993 1530 3156 1584 Diana
3205 1527 3513 1599 Ephesina,

214 1653 286 1709 ab
334 1619 451 1708 υθέ
486 1619 642 1708 ειςυω
690 1648 990 1706 “euantis
1018 1619 1072 1705 ἐι
1116 1619 1332 1704 dederis
1362 1644 1539 1709 alteri,
1590 1654 1816 1714 υιειηηθ
1844 1648 1893 1708 Β
1921 1632 2114 1701 Apollo
2140 1638 2196 1685 et
2219 1630 2309 1684 alii
2338 1628 2643 1683 debuerunt
2670 1623 2952 1679 simulacra
2981 1632 3037 1678 et
3067 1620 3207 1688 fana,
3239 1621 3291 1675 itt
3322 1619 3519 1690 quibus

215 1743 457 1801 discerni
482 1745 713 1814 amplius
734 1759 839 1798 non
867 1741 1082 1812 poterit.

285 1838 473 1910 Neque
500 1826 716 1907 indigna
748 1844 952 1892 tantum
982 1833 1181 1890 ethnici
1225 1833 1329 1888 diis
1352 1832 1467 1889 suis
1496 1840 1812 1887 ornamenta

212 1931 503 1994 dederunt,
556 1929 651 1984 sed
679 1928 1035 1999 quorumdam
1089 1926 1389 1998 hominum,
1441 1936 1603 1996 atque
1646 1923 1811 1979 etiam

211 2023 560 2083 meretricum
615 2023 841 2092 ﬁguram
889 2030 943 2076 et
988 2020 1335 2075 lineamenta.
1395 2018 1476 2072 Ad
1524 2016 1814 2072 Alcibiadis

211 2120 412 2187 quippe
450 2114 621 2170 instar
669 2113 1015 2178 Mercurium,
1060 2111 1125 2167 ad
1184 2111 1416 2167 Cratinre
1462 2120 1517 2166 et
1571 2109 1813 2181 Pbrynes

212 2208 505 2273 Venerem,
535 2205 1042 2274 fabricarunt.Quid
1067 2220 1216 2269 vero,
1246 2204 1388 2276 quod
1413 2202 1630 2258 Phidias
1660 2202 1814 2257 lasci-

212 2301 387 2368 viens,
419 2302 471 2355 in
523 2299 677 2355 Jovis
721 2298 983 2371 Olympici
1013 2314 1042 2352 a
1071 2313 1130 2354 se
1162 2296 1286 2352 facti
1312 2296 1478 2368 digito
1509 2294 1808 2362 Pantarces,

217 2396 375 2467 pueri
402 2411 432 2448 a
459 2409 518 2451 se
546 2396 733 2461 amati,
763 2409 960 2449 nomen
1008 2391 1318 2461 inscripsit?
1348 2391 1428 2446 Eo
1451 2400 1633 2446 autem
1664 2398 1813 2459 petu-

213 2489 396 2545 lantia:
424 2497 586 2559 atque
616 2487 854 2543 audacia:
886 2485 1124 2551 devenit,
1158 2487 1283 2556 quia
1315 2494 1543 2539 noverat
1570 2500 1667 2539 suo
1692 2499 1811 2538 tnu-

211 2598 369 2647 nere,
399 2592 451 2637 et
479 2591 600 2637 arte
627 2597 722 2637 sua
746 2579 934 2636 Jovem
962 2578 1031 2634 ab
1062 2577 1372 2634 hominibus
1398 2576 1632 2632 adorari.
1666 2574 1811 2644 Qua-

211 2683 438 2748 propter
467 2675 712 2731 etbnieos
743 2674 991 2730 hortatur
1021 2671 1323 2736 Arnobius;
1363 2680 1423 2724 ut
1451 2669 1517 2725 ad
1547 2670 1812 2725 saniorem

210 2775 453 2824 tuentem
509 2766 823 2833 redeuntes,
878 2763 1094 2820 tandem
1152 2761 1452 2832 intelligant
1505 2761 1812 2825 simulacra,

209 2876 332 2931 qum
363 2869 512 2916 tanto
534 2860 741 2916 honore
770 2856 1092 2925 adorabunt,
1122 2871 1245 2913 ossa
1275 2871 1420 2922 esse,
1452 2855 1678 2925 lapides,
1715 2870 1811 2921 aes,

209 2965 519 3024 argentum,
546 2969 764 3017 aurum,
792 2968 857 3008 ac
883 2951 1080 3021 saepius
1110 2950 1449 3015 vilissimam,
1471 2963 1536 3003 ac
1559 2963 1680 3019 quae
1704 2957 1814 3001 tur-

1917 1725 2246 1791 habitabant,
2277 1724 2345 1778 ab
2387 1719 2635 1779 incendio
2662 1719 2891 1790 aliisque
2930 1716 3145 1772 casibus
3178 1715 3374 1770 intacta
3396 1727 3517 1769 ser-

1915 1835 2043 1875 vare
2060 1819 2082 1872 '3

1988 1910 2247 1970 Ultimum
2279 1926 2442 1982 porro
2477 1908 2759 1982 gentilium
2802 1906 2870 1963 ad
2916 1904 3195 1962 retinenda
3228 1903 3518 1960 simulacra

1917 2006 2376 2079 propugnaculum
2397 2004 2515 2068 fuit,
2544 2006 2659 2059 lucc
2675 2002 2857 2058 omnia
2885 2001 3135 2072 antiquos
3154 2016 3260 2055 non
3290 1998 3514 2068 fugisse,

1917 2103 2013 2159 sed
2055 2101 2144 2157 illo
2196 2100 2613 2155 simulacrorum
2661 2097 2808 2152 cultu
2864 2094 3172 2166 imperitum
3219 2094 3409 2165 vulgus
3463 2093 3516 2148 in

1916 2194 2101 2251 ofﬁcio
2124 2202 2179 2250 et
2205 2193 2465 2264 religione
2492 2189 2901 2246 continendum.
2936 2186 3042 2244 Sed
3072 2186 3172 2241 hoc
3200 2185 3380 2256 seipso
3409 2184 3520 2241 ruit

1917 2295 1971 2343 ct
1996 2287 2276 2343 evertitur.
2330 2283 2467 2352 Quid
2516 2283 2659 2337 enim
2688 2280 2833 2352 plebi
2869 2279 3210 2351 quantumvis
3254 2278 3519 2349 imperita:

1916 2377 2319 2435 formidandmn
2367 2392 2438 2431 ex
2497 2374 2722 2430 deorum
2773 2372 3080 2428 simulacris
3128 2371 3373 2441 spoliatis
3427 2378 3521 2426 aut

1916 2469 2178 2541 direptis?
2205 2468 2342 2538 Quid
2374 2466 2726 2523 metuendum
2750 2482 2813 2520 ex
2843 2464 3061 2521 Saturni
3090 2463 3250 2531 falce,
3285 2462 3403 2519 Jani
3435 2463 3517 2518 bi-

1916 2562 2095 2634 cipitis
2141 2562 2294 2618 clave
2339 2561 2592 2624 dentata,
2638 2558 2790 2615 Jovis
2817 2557 3024 2622 fomite,
3054 2568 3221 2612 czestu
3264 2554 3516 2623 Junonis,

1916 2654 2173 2710 Minerva:
2191 2654 2367 2725 galea,
2396 2653 2613 2709 Cereris
2640 2650 2914 2718 mammis,
2947 2658 3003 2705 et
3030 2648 3243 2704 caeteris
3270 2647 3520 2719 hujusce-

1918 2748 2063 2803 modi
2104 2746 2349 2803 ridiculis
2378 2746 2604 2802 deorum
2652 2742 2993 2814 insignibus?
3020 2741 3156 2810 Quid
3188 2741 3303 2797 lure
3332 2752 3385 2797 et
3414 2741 3519 2796 alia

1920 2841 2079 2911 longe
2134 2840 2375 2911 turpiora
2417 2847 2671 2910 poterant
2718 2836 2785 2890 ad
2844 2833 3183 2891 retinendam
3238 2832 3516 2889 hominum

1918 2934 2233 3006 religionem
2279 2932 2567 2989 conferre?
2613 2931 2841 2987 Tantum
2893 2927 3135 3000 profecto
3173 2929 3348 2993 abest,
3384 2938 3440 2982 ut
3466 2927 3520 2983 id

213 3051 460 3124 pissimis
506 3050 692 3105 usibus
721 3047 1007 3112 servierat,
1037 3044 1338 3100 materiem.
1391 3043 1523 3112 Quis
1569 3042 1712 3098 enim
1758 3041 1809 3095 in

1922 3027 2199 3094 accidcrit,
2216 3027 2342 3097 quin
2363 3027 2540 3098 potuis
2563 3024 2812 3080 homines
2828 3023 2975 3078 nullo
2988 3022 3165 3095 legum
3182 3022 3518 3079 severiorum

215 3145 459 3199 animum
493 3142 710 3198 inducat
738 3151 794 3196 ut
824 3141 982 3195 deum
1008 3137 1158 3193 illum
1182 3152 1305 3194 esse
1329 3135 1621 3202 existimet,
1648 3150 1807 3207 quem

207 3235 327 3307 ipse
354 3250 420 3290 ex
451 3233 619 3289 haece
644 3233 869 3290 materia
902 3230 1200 3287 fabricavit.

282 3326 447 3398 Urget
469 3326 744 3381 Arnobius
766 3326 1041 3381 nemiuem
1069 3339 1192 3380 esse
1222 3324 1294 3377 ita
1320 3324 1572 3379 insanum
1604 3322 1694 3393 qui
1727 3323 1807 3378 sio

204 3419 438 3477 mulacri
486 3417 718 3489 alicujus
766 3425 951 3489 partes
981 3417 1270 3487 separatim
1311 3414 1516 3487 positas
1560 3415 1723 3482 colat,
1752 3423 1809 3470 et

204 3516 422 3572 adoret.
448 3513 560 3570 Cur
575 3529 705 3587 ergo
731 3513 937 3569 ethnici
966 3512 1090 3569 illas
1109 3492 1269 3567 simul
1299 3512 1618 3581 conjunctas
1640 3525 1808 3566 vene-

203 3610 504 3668 rabantur?
552 3609 671 3665 Non
702 3609 961 3679 majorem
1009 3619 1158 3664 certe
1183 3608 1506 3676 conjunctae,
1535 3623 1695 3679 quam
1720 3607 1805 3662 di-

204 3708 363 3769 visas,
395 3705 501 3760 vim
525 3703 763 3759 divinam
791 3704 1010 3759 habent.
1036 3701 1154 3760 Huc
1168 3700 1379 3758 accedit
1416 3701 1561 3773 quod
1607 3702 1653 3756 si
1684 3701 1805 3773 quis

206 3799 263 3855 in
303 3797 606 3869 Olympiaci
643 3795 813 3858 Jovis,
870 3806 961 3849 aut
991 3794 1216 3850 alterius
1261 3794 1539 3851 simulacri
1588 3795 1806 3850 intimas

206 3900 395 3963 partes
423 3888 713 3956 introierit,
736 3888 863 3960 quid
896 3898 1093 3958 praeter
1122 3888 1368 3954 laminas,
1397 3887 1482 3943 vel
1504 3887 1633 3958 ligni
1664 3888 1806 3942 saxi-

204 4000 310 4057 que
359 3992 564 4053 partes,
618 3981 837 4052 plumbo
881 3979 1107 4047 suﬁ'uSn,
1140 3990 1230 4035 aut
1275 3980 1512 4046 catenis,
1547 3983 1719 4048 uncis,
1753 3990 1807 4036 et

204 4074 415 4131 ansulis
432 4089 552 4130 com
560 4084 763 4145 pactas,
782 4084 835 4129 et
855 4083 1259 4144 coagmentatas
1274 4074 1598 4143 CODSpiClBl?
1613 4072 1805 4128 Nonne

203 4168 410 4225 videbit
435 4177 616 4238 caput,
644 4176 910 4233 ventrem,
932 4166 1176 4238 aliasque
1206 4178 1384 4238 partes
1406 4167 1553 4224 intus
1582 4182 1801 4234 vacuas,

202 4263 417 4329 inanes,
458 4272 621 4332 atque
660 4260 1045 4329 imperfectas?
1094 4261 1199 4316 Sed
1238 4277 1300 4316 ea
1348 4277 1577 4317 cernere
1619 4263 1662 4317 si
1696 4277 1803 4317 non

204 4354 388 4420 liceat,
421 4368 605 4409 nonne
631 4353 809 4409 cernit
833 4364 1014 4424 partes
1042 4352 1318 4409 simulacri
1340 4364 1593 4412 externas
1616 4355 1803 4412 nidore

1916 3130 2088 3186 metu,
2137 3135 2238 3174 nec
2286 3119 2410 3175 ullis
2471 3118 2750 3190 suppliciis
2792 3133 2823 3172 a
2863 3116 3162 3172 sceleribus
3204 3125 3258 3171 et
3302 3114 3519 3186 ﬂagitiis

1912 3212 2190 3284 potuerint
2244 3211 2504 3267 hactenus
2531 3209 2797 3267 cohiberi.
2830 3210 3115 3265 Postremo
3147 3208 3422 3264 Arnobius
3451 3207 3519 3263 de

1915 3305 2205 3361 sacriﬁciis
2229 3304 2488 3376 deinceps
2511 3303 2780 3376 agendum
2797 3301 3087 3374 signiﬁcat,
3115 3312 3171 3358 et
3198 3299 3335 3358 libro
3356 3299 3516 3357 ﬁnem

1912 3396 2162 3469 imponit.

2513 3549 2804 3591 ARTICULUS
2832 3550 2928 3590 Vll.

2406 3667 2630 3734 Analysis
2652 3667 2765 3719 libri
2790 3670 3012 3732 septimi.

1980 3794 2219 3850 Primum
2260 3793 2362 3850 hoc
2386 3795 2439 3850 in
2467 3796 2604 3851 libro
2648 3795 2919 3852 Arnobius
2963 3795 3224 3852 Varronis
3263 3798 3499 3853 auctori-

1913 3895 2043 3950 tate,
2074 3903 2138 3942 ac
2187 3885 2386 3943 deinde
2432 3888 2642 3942 ratione
2688 3888 2883 3959 probat
2912 3888 3054 3942 nulla
3111 3889 3215 3944 diis
3268 3890 3509 3946 facienda

1910 3995 2033 4036 esse
2077 3980 2363 4036 sacriﬁcia.
2415 3980 2495 4035 Dii
2540 3982 2740 4052 quippe
2780 3982 2895 4036 sive
2942 3981 3055 4037 vcri
3085 3980 3356 4049 dicantur,
3398 3983 3512 4038 sive

1908 4087 2169 4143 corporea
2216 4074 2442 4129 materia
2470 4075 2778 4143 compositi,
2817 4075 2933 4130 sive
2960 4074 3238 4130 hominum
3268 4091 3428 4131 manu
3455 4086 3513 4132 ct

1906 4178 2024 4225 arte
2053 4168 2200 4235 facti,
2237 4170 2382 4225 nulla
2422 4170 2687 4225 sacriﬁcia
2726 4169 3063 4227 desiderant.
3095 4171 3223 4229 Veri
3271 4171 3414 4228 enim
3463 4172 3509 4226 si

1907 4262 1997 4329 qui
2024 4261 2128 4317 sint
2153 4305 2169 4329 ,
2203 4263 2335 4319 tales
2380 4278 2503 4320 esse
2529 4262 2751 4331 debent,
2785 4265 3000 4335 qualem
3031 4264 3312 4322 christiani
3347 4264 3507 4321 adse-
3602 4268 3606 4272 ‘

1908 4365 2032 4408 runt
2057 4369 2179 4412 esse
2210 4371 2393 4411 rerum
2438 4360 2679 4413 omnium
2708 4357 3016 4428 dominum,
3049 4360 3504 4432 omnipotentem,

201 4457 259 4502 et
287 4448 436 4502 fumo
466 4445 791 4510 decolorari,
820 4448 951 4512 situ,
979 4445 1247 4518 rubigine,
1273 4464 1336 4504 ac
1381 4451 1683 4520 putredine,
1714 4460 1804 4506 aut
1829 4455 1886 4515 Β
1908 4454 2071 4516 atque
2119 4447 2415 4519 ingenitum
2470 4448 2658 4505 Deum.
2691 4451 2791 4518 Qui
2825 4467 2954 4507 vero
2996 4453 3132 4509 tales
3178 4464 3339 4520 sunt,
3375 4454 3507 4509 nihil

201 4537 555 4595 diuturnitate
585 4554 839 4593 corruere
858 4580 873 4604 ,
904 4548 1064 4609 atque
1091 4555 1118 4592 a
1161 4540 1422 4605 muribus,
1454 4541 1656 4608 blattis,
1685 4557 1804 4597 ara-

204 4631 327 4686 neis
355 4642 411 4686 et
440 4631 844 4698 hirundinibus,
882 4631 1115 4706 aliisqge
1159 4634 1497 4691 animalculis
1525 4636 1712 4694 ftedcri
1739 4652 1805 4693 ac

201 4724 544 4793 coinquinari
564 4725 587 4778 ?

281 4814 464 4880 Erras,
491 4816 804 4888 inquiebant
842 4817 1064 4874 ctbnici.
1096 4818 1211 4874 Non
1244 4819 1653 4877 simulacrorum
1689 4839 1801 4876 ma-

202 4909 428 4974 teriam,
460 4909 554 4965 sed
592 4910 804 4966 deosin
833 4911 1163 4980 simulacris,
1210 4926 1332 4983 pOSt
1358 4930 1567 4970 sacram
1615 4929 1802 4970 eorum

200 5002 605 5058 dedicationem
647 5003 986 5073 habitantes,
1029 5006 1277 5062 colimus.
1325 5006 1395 5062 At
1438 5024 1533 5062 vos
1563 5008 1685 5079 ipsi,
1715 5025 1804 5066 rev

201 5100 362 5170 ponit
400 5098 703 5165 Arnobius,
735 5100 969 5171 gentiles
998 5109 1107 5157 tota
1133 5102 1327 5157 erratis
1367 5102 1469 5157 via.
1504 5103 1605 5159 Cui
1631 5104 1804 5159 enirn-

201 5206 337 5248 vero
369 5191 627 5248 credibile
654 5193 748 5248 ﬁet
776 5193 909 5249 deos
933 5235 947 5258 ,
978 5194 1291 5251 ccelesﬁbus
1319 5194 1519 5252 relictis
1547 5195 1764 5252 sedibus
1788 5238 1804 5265 ,

202 5287 259 5342 in
290 5286 601 5342 simulacris
645 5285 921 5355 habitare,
955 5298 1114 5360 atque
1150 5289 1327 5360 aliqua
1359 5305 1546 5346 eorum
1591 5291 1807 5348 dedica-

204 5378 355 5435 tione
393 5377 461 5433 ad
504 5393 567 5435 ea
618 5379 966 5435 inbabitanda
1005 5382 1294 5451 compelli?
1325 5382 1526 5439 Deinde
1557 5384 1601 5439 si
1642 5385 1697 5439 in
1726 5385 1806 5439 eis

200 5486 425 5541 semper
467 5480 756 5540 maneant,
798 5472 929 5527 nihil
961 5471 1060 5529 hac
1089 5474 1418 5530 habitatione
1444 5475 1719 5531 miserius.
1748 5476 1808 5531 Si

200 5566 275 5622 ab
304 5563 387 5620 eis
449 5564 737 5638 aliquando
796 5563 1087 5633 recedant,
1147 5565 1409 5623 incertum
1472 5567 1655 5638 utique
1706 5569 1810 5624 erit

202 5657 427 5743 quando
483 5659 767 5743 simulacra
819 5659 1033 5717 adorari
1086 5660 1340 5718 debeant.
1393 5662 1504 5719 Sed
1553 5664 1803 5736 agedum.

1909 4541 2122 4611 penitus
2151 4557 2216 4598 ex
2249 4552 2465 4600 terrena
2509 4546 2731 4601 materia
2762 4545 3054 4616 accipiunt,
3086 4562 3193 4615 quo
3229 4557 3324 4604 aut
3351 4547 3505 4602 alan-

1907 4645 2015 4702 tur,
2044 4646 2136 4691 aut
2180 4636 2537 4711 delectentur.
2578 4637 2733 4693 Nulla
2786 4638 2946 4709 igitur
2975 4638 3359 4695 sacriﬁciorum
3400 4639 3507 4695 diis

1907 4727 2272 4785 faciendorum
2291 4746 2448 4785 causa
2473 4740 2651 4801 potest
2676 4729 2895 4786 adferri.
2926 4729 3040 4786 Non
3068 4730 3208 4786 enim
3233 4731 3318 4785 his
3338 4710 3507 4786 sacri-

1897 4823 2045 4878 vliciis
2070 4823 2411 4888 nutriuntur;
2473 4823 2906 4894 quandoquidem
2960 4822 3218 4894 quidquid
3274 4823 3506 4879 nutritur

1907 4916 2136 4972 mortale
2164 4923 2265 4971 est.
2299 4914 2436 4984 Quid
2475 4931 2636 4985 vero,
2668 4916 2813 4988 quod
2843 4931 2908 4971 ex
2942 4915 3221 4986 his,~qua:
3248 4917 3505 4974 altaribus
3556 4895 3567 4900 ’

1907 5007 2285 5076 admoventur,
2309 5007 2441 5063 nihil
2471 5007 2542 5064 ad
2568 5008 2701 5065 deos
2728 5008 3005 5080 pervenit?

1986 5101 2104 5157 Non
2137 5102 2429 5174 voluptatis
2457 5102 2622 5159 etiam
2649 5118 2814 5159 causa
2842 5101 2948 5158 diis
2974 5101 3166 5158 hostiae
3202 5102 3502 5159 caeduntur.

1912 5195 2151 5251 Mortalis
2179 5195 2446 5267 siquidem
2476 5196 2650 5253 adhuc
2666 5207 2769 5263 est,
2800 5196 2891 5266 qui
2919 5195 3224 5266 hujusmodi
3256 5196 3505 5253 adﬁcitur

1909 5288 2289 5345 delectatione.
2344 5291 2476 5358 Quae
2519 5306 2650 5346 vero
2700 5290 2753 5345 in
2796 5290 3139 5346 innoxiorum
3190 5291 3504 5347 animalium

1910 5381 2268 5448 mactatione,
2311 5398 2342 5437 a
2368 5398 2470 5451 qua
2515 5383 2677 5437 etiam
2730 5380 2949 5437 homine
2990 5397 3137 5453 smpe
3184 5383 3501 5448 abhorrent,

1909 5483 2088 5546 potest
2106 5474 2207 5531 dits
2234 5490 2354 5531 esse
2378 5474 2665 5545 voluptatis
2693 5473 2987 5532 illecebra?

1984 5569 2267 5639 Popularis
2280 5568 2499 5640 quidem
2521 5583 2586 5624 ac
2609 5568 2849 5641 vulgaris
2868 5569 3057 5642 opinio
3076 5576 3208 5625 erat
3231 5564 3515 5622 sacriﬁciis

1914 5665 2140 5727 deorum
2173 5663 2306 5720 iram
2339 5664 2559 5738 placari.
2593 5663 2701 5721 Sed
2729 5664 2831 5723 ine
2862 5671 3071 5726 motus,
3102 5660 3228 5720 diis
3252 5656 3523 5727 indignus,
