3990 6072
449 108 555 183 ssi

1654 103 2420 194 oissannrtomzsm

3639 124 3753 189 588

450 244 501 296 in
555 241 913 298 immortalem
957 241 1195 297 animum
1244 242 1442 299 cadere
1486 257 1593 299 non
1641 251 1840 314 potest.
1874 243 2309 303 DeturAaltera
2356 247 2511 301 alteri
2557 246 2734 303 hostia
2780 247 3434 321 immolaturiNnmquid
3465 263 3569 306 una
3618 251 3754 307 huic

450 347 627 390 tamen
668 336 800 392 deos
831 336 1105 393 iracundia
1145 337 1401 406 percelli,
1447 337 1559 394 illis
1595 353 1725 394 sane
1760 354 1867 394 non
1919 347 2044 393 ante
2074 394 2079 400 ,

447 439 771 499 occupatum
816 428 1088 484 iracundia
1129 430 1370 485 animum
1418 430 1761 489 immolanda!
1790 439 1919 486 sunt
1945 429 2044 485 ho-

446 523 582 577 stiae.
612 521 730 578 Non
774 522 918 578 enim
953 523 1062 581 illis
1092 525 1233 580 sicut
1258 523 1390 580 feris
1413 531 1470 580 et
1488 525 1681 581 belluis
1709 524 1829 581 otia:
1858 534 1913 581 et
1934 525 2042 581 cibi

447 613 730 681 oll‘erendi,
761 630 830 670 ne
861 629 1049 671 eorum
1084 615 1161 670 ira
1193 614 1456 688 furorque
1496 617 1821 672 concitetur.
1855 616 2043 688 Neque

446 708 607 761 etiam
650 719 933 778 postquam
969 719 1189 779 propter
1218 708 1693 774 homunculorum.
1723 712 1768 766 si
1800 709 1916 766 fieri
1946 725 2043 782 po-

448 810 583 868 test,
616 802 971 860 oﬂ‘ensionem
1004 804 1080 858 ira
1114 804 1495 861 incenduntur.
1522 802 1656 861 Nam
1682 817 2039 877 prteterquam

446 894 588 966 quod
617 895 753 950 nihil
783 912 846 952 ea
874 896 941 952 de
971 912 1031 952 re
1068 897 1141 952 dii
1193 913 1447 967 umquam
1477 906 1814 963 statuerunt,
1843 897 2042 952 nemini

448 987 762 1058 probabitur
792 1003 889 1045 eos
918 998 1149 1045 mactata
1175 1001 1230 1045 et
1256 990 1436 1045 oblata
1472 990 1651 1061 aliqua
1692 989 1920 1060 pecude,
1948 998 2044 1045 aut

448 1081 582 1134 iram
615 1095 837 1151 ponere,
877 1092 969 1136 aut
1011 1081 1327 1151 injuriarum
1377 1097 1598 1136 suarum
1629 1081 1874 1139 oblivisci
1908 1097 1923 1137 :
1952 1091 2045 1137 aut

448 1174 532 1228 his
557 1174 856 1240 sacriﬁciis,
888 1182 1157 1244 tamquam
1183 1183 1334 1245 pacta
1360 1174 1609 1231 mercede
1633 1174 1764 1230 dare
1793 1184 2043 1245 peccato-

448 1286 565 1325 rum
608 1272 663 1325 in
710 1286 770 1326 se
816 1271 1230 1327 commissorum
1280 1272 1517 1327 veniam.
1564 1271 1847 1328 Cresceret
1898 1272 2040 1328 enim

449 1364 736 1421 multitudo
786 1366 1123 1435 peccantium
1162 1365 1465 1434 hominum,
1495 1365 1540 1421 si
1569 1366 1647 1421 sic
1668 1365 1876 1427 venalis
1901 1374 2045 1422 esset

448 1458 674 1515 deorum
702 1459 1097 1530 ignoscentium
1126 1460 1320 1532 gratia.
1367 1458 1483 1515 Huc
1510 1459 1739 1529 accedit,
1770 1458 1916 1530 quod
1945 1458 2045 1514 ini-

450 1569 613 1624 quum
641 1552 850 1608 videtur
876 1554 1142 1610 innocens
1187 1553 1386 1610 animal
1428 1568 1525 1626 pro
1555 1554 1774 1611 homine
1801 1554 1963 1611 noxio
1990 1563 2046 1610 et

452 1660 735 1719 peccatore
760 1649 956 1705 occidi.

522 1741 631 1797 Nec
659 1755 740 1799 est
761 1753 937 1808 certe,
963 1741 1106 1813 quod
1134 1741 1256 1813 quis
1284 1750 1474 1813 arguat
1496 1741 1700 1797 hostias
1722 1741 1826 1797 diis
1855 1742 2046 1797 immo-

450 1834 569 1898 lari;
589 1844 644 1888 ut
662 1850 750 1890 res
773 1834 1008 1888 tribuant
1028 1848 1337 1904 prosperas,
1357 1846 1412 1889 et
1430 1833 1685 1889 adversas
1707 1846 2045 1890 removeam.

450 1927 585 1983 Nam
630 1937 989 1999 pneterquam
1040 1927 1184 1998 quod
1256 1928 1555 1985 doctissimi
1608 1929 1747 1985 inter
1803 1928 2049 1986 ethnicos

453 2022 758 2093 philosophi
810 2021 919 2078 fato
978 2024 1157 2078 omnia
1216 2021 1333 2079 ﬁeri
1395 2024 1839 2092 arbitrabantur,
1894 2032 2048 2079 certe

452 2117 495 2169 si
554 2131 717 2186 penes
763 2114 897 2170 deos
943 2116 1013 2171 sit
1061 2116 1296 2171 secunda
1351 2126 1407 2172 et
1453 2117 1681 2173 adversa
1741 2116 2049 2173 hominibus

455 2208 707 2274 tribucre,
742 2221 840 2262 cur
870 2218 977 2262 tam
1008 2207 1217 2277 ingrato
1256 2207 1439 2263 animo
1469 2209 1654 2265 sinunt
1700 2209 1963 2279 plurimos
1986 2223 2049 2264 ac

455 2300 567 2355 fere
597 2300 924 2367 innumeros,
958 2298 1049 2370 qui
1089 2299 1361 2370 perpetuis
1404 2300 1686 2356 sacrificiis
1728 2309 1783 2357 et
1819 2298 2050 2356 victimis

453 2408 576 2447 aras
602 2393 819 2447 illorum
847 2399 1096 2457 onerant,
1131 2390 1198 2445 ad
1225 2399 1499 2447 extremas
1525 2392 1802 2464 angustias
1830 2390 2050 2463 redigi?

455 2482 661 2539 Deinde
704 2498 834 2537 vero
862 2481 1008 2537 dictu
1036 2481 1332 2537 absurdum
1361 2492 1446 2539 est
1482 2482 1616 2539 deos
1659 2482 2048 2541 sacriﬁciorum

455 2576 629 2646 pretio
659 2574 923 2631 beneﬁcia
955 2590 1050 2630 sua
1094 2574 1350 2630 vendere.
1387 2575 1544 2631 Dives
1582 2577 1726 2631 enim
1757 2576 1849 2647 qui
1876 2576 2049 2646 pluri-

455 2684 571 2724 mas
616 2676 879 2724 mactaret
906 2667 1130 2736 hostias,
1166 2667 1318 2738 plura
1347 2667 1570 2724 deberet
1597 2684 1627 2723 a
1656 2668 1760 2724 diis
1790 2667 2051 2725 beneﬁcia

452 2763 739 2834 accipere,
784 2762 932 2817 nulla
986 2777 1115 2817 vero
1163 2769 1258 2816 aut
1295 2762 1623 2832 paucissima
1672 2777 1916 2834 pauper,
1963 2760 2053 2832 qui

455 2856 704 2929 exiguum
737 2853 861 2909 thus
889 2852 1128 2910 offerret.
1159 2853 1432 2909 Praeterea
1457 2853 1503 2908 si
1531 2852 1638 2908 duo
1670 2853 1878 2925 populi,
1906 2852 2053 2908 bello

454 2947 815 3015 decertantes,
853 2946 1043 3004 eadem
1084 2946 1297 3017 penitus
1343 2945 1446 3002 diis
1486 2945 1728 3003 iacerent
1766 2945 2050 3015 sacriﬁcia,

2144 349 2301 410 grata
2330 346 2444 403 est,
2472 340 2577 394 alia
2605 339 2763 395 alteri
2793 339 3124 410 injucunda?
3143 341 3254 396 Cur
3282 341 3408 398 huic
3434 357 3633 411 mares,
3666 343 3750 398 illi

2146 428 2360 491 femina:
2389 433 2782 502 sacriﬁcantur,
2812 449 2937 490 cum
2965 434 3114 490 nulla
3142 436 3215 491 sit
3238 437 3293 491 in
3331 435 3437 492 diis
3463 451 3628 492 sexus
3661 435 3753 492 di-

2144 524 2364 579 stinctio
2384 522 2533 580 iCur
2543 524 2650 582 diis
2669 525 2883 596 supen‘s
2899 525 3031 592 albi,
3050 523 3239 581 inferis
3254 541 3385 581 vero
3415 528 3520 584 atri
3544 528 3752 585 coloris

2144 617 2361 671 victima
2410 617 2675 672 caeditur?
2714 618 2987 690 Numquid
3028 632 3168 674 unus
3209 618 3364 674 color
3404 620 3508 677 diis
3548 623 3747 692 magis,

2144 725 2305 780 quam
2326 711 2466 766 alius
2489 721 2675 782 gratus
2710 727 2834 768 esse
2866 713 3108 783 postest?
3145 714 3285 782 Quid
3316 729 3464 782 vero,
3496 715 3640 785 quod
3667 716 3752 771 dii

2146 801 2321 869 interi,
2380 803 2832 873 quemadmodum
2877 808 3100 872 Manes,
3142 806 3278 861 nulli
3324 808 3481 862 sunt?
3507 807 3616 865 Sed
3646 823 3753 865 eos

2144 909 2266 949 esse
2290 896 2651 952 concedamus
2687 912 2700 952 :
2727 898 2771 952 si
2802 898 2995 955 boStia:
3024 898 3193 969 nigrai
3212 899 3322 955 illis
3351 900 3616 970 placeant,
3646 917 3753 959 cur

2145 986 2459 1043 earumdem
2505 987 2803 1046 hostiarum
2830 990 3048 1059 dentes,
3094 1006 3240 1057 ossa,
3269 1007 3420 1060 caro,
3460 1009 3557 1050 cur
3594 995 3747 1064 thus,

2146 1076 2250 1142 lac.
2274 1080 2477 1149 oleum,
2525 1090 2582 1138 et
2621 1083 2723 1138 alia
2750 1122 2766 1145 .
2792 1098 2914 1155 quas
2941 1083 3045 1139 atri
3074 1099 3180 1141 non
3208 1092 3335 1141 sunt
3363 1086 3581 1153 coloris,
3614 1088 3751 1159 ipsis

2145 1170 2482 1231 otl'eruntur?
2511 1176 2620 1233 Nec
2648 1177 2763 1232 vult
2788 1178 3061 1234 Arnobius
3087 1180 3188 1235 sibi
3222 1181 3537 1252 responderi
3565 1184 3751 1255 aliqua

2147 1271 2541 1328 consuetudine
2579 1272 2811 1329 diversis
2851 1271 2955 1328 diis
2992 1272 3237 1330 diversas
3269 1275 3513 1332 victimas
3538 1276 3754 1334 sacrm.

2149 1361 2280 1417 cari.
2314 1362 2432 1418 Non
2459 1363 2605 1420 enim
2623 1364 2915 1436 inquiritur
2932 1373 3111 1422 utrum
3141 1367 3409 1434 homines,
3439 1370 3535 1425 sed
3562 1378 3751 1425 utrum

2148 1455 2223 1510 dii
2243 1456 2580 1513 sanciverint
2598 1457 2833 1530 aliquam
2860 1457 3098 1515 hostiam
3128 1459 3220 1514 uni
3241 1458 3347 1516 deo
3361 1460 3552 1532 magis,
3582 1476 3751 1532 quam

2148 1548 2306 1604 alteri
2364 1551 2677 1624 convenire,
2733 1561 2789 1606 et
2832 1559 3013 1607 utrum
3064 1552 3284 1623 ipsimet
3330 1551 3411 1608 illi
3448 1552 3525 1610 dii
3588 1563 3752 1625 pacto

2074 1648 2125 1709 Β
2151 1657 2215 1699 ac
2255 1652 2524 1700 convento
2560 1643 2917 1702 sacriﬁcanda
2959 1646 3213 1701 animalia
3262 1646 3407 1703 inter
3452 1658 3516 1703 se
3550 1644 3760 1705 divise-

2153 1736 2286 1792 rint.

2226 1832 2492 1886 l’rmterea
2518 1845 2627 1901 quo
2645 1831 2769 1901 jure
2796 1831 2994 1888 dicitur
3020 1831 3224 1888 Telluri
3266 1821 3424 1889 matri
3460 1833 3756 1905 scropham

2151 1921 2426 1994 gravidam
2449 1965 2463 1988 ,
2494 1923 2745 1979 Minerva!
2770 1925 2965 1996 virgini
2995 1925 3264 1997 virginem
3298 1926 3525 1982 vitulam
3550 1941 3757 1984 eonvc‘

2155 2015 2272 2069 uiro
2317 2014 2505 2070 eadem
2561 2016 2772 2072 ratione
2822 2014 3140 2072 conﬁciatur
3168 2016 3433 2087 Lmusicos
3489 2018 3755 2089 Apollini,

2152 2104 2464 2176 jEseulapio
2481 2105 2741 2171 medicos,
2772 2105 2957 2162 fabros
2981 2106 3244 2175 Vulcano,
3263 2116 3321 2164 et
3342 2107 3614 2165 Mercurio
3632 2109 3758 2166 elo-

2153 2206 2382 2269 quentes
2409 2198 2556 2253 viros
2580 2214 2904 2271 congruere,
2938 2209 3101 2271 atque
3144 2200 3269 2258 ideo
3314 2202 3413 2258 hos
3443 2202 3582 2270 illis,
3613 2204 3760 2260 sicut

2154 2292 2440 2363 scropbarn
2470 2292 2696 2362 Telluri,
2727 2303 2782 2350 et
2818 2294 3077 2351 Minerva
3098 2295 3343 2366 vitulam,
3374 2297 3755 2355 immolandos.

2226 2385 2568 2457 Objiciebant
2601 2401 2736 2443 vero
2757 2385 2957 2443 ethnici
2996 2386 3102 2442 diis
3127 2389 3303 2453 bonis,
3337 2398 3394 2442 ut
3426 2390 3668 2459 prosint,
3699 2397 3761 2447 et

2154 2480 2311 2536 malis
2338 2496 2406 2535 ne
2423 2490 2675 2548 noceant,
2697 2479 3132 2537 sacriﬁcandum.
3154 2480 3467 2551 Respondet
3480 2480 3758 2539 Arnobius

2154 2574 2290 2632 deos
2323 2590 2512 2630 omnes
2540 2583 2729 2630 natura
2777 2589 2873 2629 sua
2900 2574 3076 2631 bonos
3106 2590 3230 2631 esse
3257 2574 3477 2631 debere.
3504 2575 3757 2645 Quapro-

2156 2677 2274 2739 pter
2296 2683 2420 2724 cnm
2468 2667 2649 2723 nullus
2685 2668 2821 2723 deus
2862 2678 3053 2725 natura
3081 2682 3177 2723 sua
3207 2668 3275 2723 sit
3308 2668 3502 2737 malus,
3540 2669 3759 2725 etiamsi

2156 2758 2305 2814 nullo
2332 2758 2539 2815 honore
2576 2760 2647 2817 ab
2687 2759 2998 2815 hominibus
3044 2759 3353 2828 adiiciatur,
3395 2760 3538 2816 male
3576 2770 3758 2817 tamen

2155 2854 2266 2910 illis
2293 2853 2500 2911 idcirco
2529 2854 2709 2910 facere
2736 2861 2830 2908 aut
2861 2867 3063 2910 nocere
3100 2854 3364 2925 nequibit.
3411 2854 3524 2910 Huc
3573 2864 3758 2911 autem

2156 2947 2387 3015 accedit,
2410 2947 2555 3019 quod
2585 2946 2631 3003 si
2661 2960 2787 3003 vera
2816 2947 2886 3001 sit
2924 2947 3041 3003 itth
3068 2947 3411 3004 ethnicorum
3440 2948 3642 3019 opinio,
3680 2963 3754 3004 ex

456 3042 630 3097 neutri
656 3057 874 3110 eorum,
904 3056 1004 3097 nec
1053 3042 1214 3097 etiam
1249 3040 1412 3097 alicui
1439 3041 1557 3097 sine
1585 3039 1847 3114 iniustitia
1892 3056 2051 3113 opem
2080 3050 2129 3113 ο
2156 3057 2220 3098 ea
2267 3042 2513 3113 sequitur
2547 3042 2748 3097 bonum
2795 3040 2979 3101 deum.
3012 3042 3057 3097 si
3101 3042 3282 3098 debita
3324 3040 3405 3097 illi
3434 3042 3611 3099 bestia
3646 3057 3757 3098 non

455 3136 600 3193 ferre
626 3146 868 3208 possent.

528 3216 712 3301 Neque
741 3231 937 3302 potiori
978 3230 1189 3285 ratione
1216 3228 1487 3285 adseritur
1510 3227 1772 3283 sacriﬁcia
1814 3226 1921 3282 diis
1948 3227 2047 3281 ho-

457 3324 638 3389 noris,
687 3331 851 3393 atqne
896 3322 1289 3394 amplificanda:
1329 3323 1548 3377 illorum
1583 3319 1837 3392 potentia:
1879 3320 2049 3390 gratia

456 3421 595 3475 ﬁeri.
627 3418 821 3488 Quidni
850 3419 992 3474 enim
1034 3418 1175 3473 idem
1214 3417 1281 3472 de
1326 3417 1539 3472 caeteris
1581 3415 1855 3469 hominum
1885 3412 2049 3469 actio-

455 3515 612 3569 nibus
639 3513 883 3568 dicatur?
912 3511 1049 3581 Qnid
1078 3511 1320 3585 insuper,
1349 3508 1495 3584 quod
1524 3508 1745 3564 honoris
1768 3517 1824 3563 et
1846 3517 2036 3577 poten-

459 3610 547 3662 tiae
577 3605 925 3677 ampliﬁcatio
967 3605 1233 3669 homines,
1273 3614 1329 3659 ut
1360 3613 1483 3675 pote
1509 3602 1750 3659 inﬁrmos
1790 3611 1844 3658 et
1877 3602 2051 3657 ambi-

460 3700 649 3767 tiosos,
681 3714 787 3755 non
814 3714 945 3754 vero
974 3696 1108 3753 deos
1139 3696 1393 3768 spectat?

530 3792 751 3851 Fatetur
777 3801 961 3849 tamen
985 3790 1256 3847 Arnobius
1285 3790 1551 3847 honorem
1586 3788 1899 3845 habendum
1927 3804 2054 3846 vero

462 3888 572 3945 Deo
591 3927 607 3952 ,
638 3887 730 3958 qui
757 3886 894 3942 sicut
924 3885 1003 3940 ira
1030 3899 1137 3939 non
1182 3882 1447 3950 ardescit,
1480 3883 1553 3938 ita
1583 3897 1685 3938 nee
1724 3883 1922 3938 collato
1952 3882 2053 3937 lto-

460 3998 594 4037 nore
638 3979 859 4052 gaudet,
892 3993 992 4034 nee
1035 3986 1231 4047 negato
1271 3975 1601 4047 indignatur,
1658 3991 1834 4046 neque
1866 3976 2057 4032 alienis

460 4072 853 4129 adulationibus
881 4086 942 4127 se
964 4069 1226 4140 maiorem
1255 4069 1376 4125 tieri
1409 4069 1702 4125 existimat.
1741 4067 1897 4124 Adde
1926 4082 2058 4124 vero

462 4168 596 4223 nihil
629 4167 856 4225 honoris
894 4164 997 4223 diis
1024 4163 1289 4221 accedere
1331 4178 1400 4219 ex
1428 4161 1676 4218 mactatis
1713 4160 2054 4228 animalibus,

463 4277 689 4333 quarunt
709 4259 857 4317 fumo
876 4257 1186 4325 simulacra,
1209 4272 1273 4315 ac
1300 4256 1564 4328 sanguine
1577 4264 1634 4312 et
1650 4265 1840 4325 putore
1861 4253 2058 4326 templa

461 4363 622 4425 atque
644 4353 835 4411 altaria
859 4350 1293 4422 coinquinentur.

2152 3147 2439 3204 mactetur,
2486 3139 2601 3194 ﬁeri
2629 3138 2853 3202 malum,
2884 3137 3045 3194 deum
3088 3153 3222 3194 vero
3249 3140 3473 3206 malum,
3506 3137 3648 3194 facto
3673 3153 3761 3194 sa-

2152 3231 2355 3288 criﬁcio
2398 3232 2597 3291 bonum
2629 3231 2766 3288 ﬁeri.
2798 3231 2931 3298 Quis
2970 3241 3152 3288 autem
3180 3246 3327 3288 sane
3356 3230 3755 3288 mentisvhomo

2153 3325 2350 3381 dixerit
2371 3335 2619 3380 naturam
2650 3324 2744 3380 Dei
2772 3324 3010 3379 mutari?

2224 3416 2491 3474 Caeterum
2512 3417 2759 3489 quamvis
2794 3417 2873 3473 fas
2906 3417 3019 3473 ﬁeri
3048 3426 3231 3488 posset
3271 3427 3329 3473 ut
3366 3416 3506 3473 tauri
3544 3415 3761 3488 aliaque

2153 3512 2405 3567 animalia
2436 3511 2539 3566 diis
2561 3511 2992 3579 immolarentur,
3011 3512 3139 3583 quid
3164 3512 3245 3567 eis
3268 3512 3574 3568 conducere
3596 3510 3743 3566 vale-

2155 3604 2287 3660 bant
2313 3604 2595 3663 innumera
2626 3603 2987 3671 iareimimuu,
3022 3603 3268 3675 pultium,
3300 3604 3555 3672 liberum,
3585 3613 3642 3660 et
3666 3604 3761 3659 fri-

2156 3697 2394 3755 tillarum
2426 3712 2648 3769 genera,
2680 3698 2753 3753 ab
2791 3705 3012 3754 auctore
3057 3706 3245 3754 nostro
3270 3707 3609 3763 enumerata,
3636 3712 3761 3769 qua:

2157 3791 2212 3846 in
2246 3791 2585 3847 ethnicorum
2636 3792 2910 3863 mysteriis
2952 3807 3017 3848 ac
3060 3791 3343 3848 sacriﬁciis
3382 3792 3707 3849 adhibentur
3730 3792 3759 3846 ?

2158 3882 2425 3954 Numquid
2449 3898 2511 3939 ea
2540 3884 2743 3952 omnia,
2770 3899 2892 3954 qua:
2919 3884 3167 3941 obscuris
3193 3883 3501 3940 nominibus
3518 3926 3534 3953 ,
3565 3894 3622 3939 ut
3650 3898 3751 3939 au-

2157 3981 2397 4049 gustiora
2427 3976 2624 4043 forent,
2656 3977 3016 4049 appellantur,
3047 3978 3273 4035 deorum
3300 3980 3480 4050 palato
3504 3989 3677 4051 grata,
3704 3988 3763 4037 et

2158 4075 2434 4147 languenti
2466 4075 2748 4131 stomacho
2786 4075 2936 4131 utilia
2976 4077 3138 4131 sunt?
3163 4076 3277 4132 Cur
3301 4077 3387 4132 illa
3420 4076 3509 4133 vel
3531 4092 3760 4150 separa-

2161 4170 2276 4235 tim,
2307 4170 2391 4225 vel
2418 4168 2577 4225 modo
2598 4168 2785 4234 cruda,
2819 4169 2985 4225 modo
3004 4180 3178 4239 cocta,
3211 4170 3298 4227 vel
3328 4186 3451 4228 assa
3479 4186 3762 4244 apponun-

2165 4272 2270 4317 tur.

2233 4355 2434 4412 Thuris
2461 4371 2676 4428 quoque
2697 4372 2885 4414 eorum
2917 4359 3024 4414 aris
3046 4357 3301 4415 adolendi
3318 4374 3425 4414 non
3456 4358 3648 4415 melior
3676 4368 3761 4416 est

535 4447 689 4517 Quod
715 4448 762 4504 si
791 4445 971 4503 adhuc
1000 4443 1355 4501 nihilominus
1373 4442 1694 4511 contendas,
1727 4443 1829 4498 hoc
1855 4443 2059 4501 θηῦιιιιρ
2084 4455 2143 4520 Β
2165 4450 2320 4506 ratio.
2355 4450 2567 4506 Recens
2612 4451 2813 4522 quippe
2858 4462 2942 4507 est
2970 4454 3107 4508 ritus
3139 4453 3251 4518 ille,
3281 4463 3336 4509 et
3363 4453 3598 4524 antiquis
3628 4465 3762 4509 tem-

464 4542 594 4601 iinm
622 4556 818 4599 cruore
844 4538 979 4596 deos
1017 4537 1299 4603 honorari,
1330 4553 1427 4593 cur
1463 4537 1545 4592 eis
1574 4552 1683 4592 non
1713 4536 2059 4592 immolantur

464 4634 759 4707 elephanti,
804 4632 1021 4697 cameli,
1053 4632 1277 4698 leones,
1302 4630 1534 4703 aquilas,
1584 4630 1829 4697 ciconia,
1859 4642 1913 4687 et
1956 4630 2058 4687 alia

464 4729 717 4789 animalia
748 4727 908 4799 longe
936 4725 1210 4797 plurima?
1249 4724 1363 4781 Nec
1388 4724 1720 4796 respondere
1741 4725 1896 4795 iuvat
1929 4724 2061 4779 deos

464 4822 531 4879 iis
558 4832 787 4887 tantum,
823 4835 944 4892 quae
984 4819 1051 4877 ad
1101 4820 1298 4877 victum
1341 4817 1497 4877 nobis
1540 4818 1770 4889 benigne
1799 4818 2058 4889 suppedi-

468 4922 602 4979 tant,
644 4913 937 4977 honestati.
966 4911 1102 4969 Nam
1127 4920 1185 4968 ct
1208 4912 1503 4975 cuminum,
1533 4911 1875 4978 nasturtium,
1909 4926 2058 4982 rapa,

468 5019 521 5063 et
549 5007 650 5061 alia
681 5009 881 5072 onmia,
921 5022 1041 5078 quis
1074 5016 1262 5067 nostra
1291 5013 1418 5060 sunt
1441 5005 1559 5060 usui
1583 5047 1601 5071 ,
1630 5004 1821 5059 iisdem
1863 5005 1970 5060 diis
1996 5005 2062 5059 li-

471 5103 568 5159 tari
596 5101 890 5159 debebunt.
949 5102 1151 5159 Deinde
1195 5102 1243 5157 si
1285 5101 1554 5171 lium
1603 5115 1801 5168 uites,
1840 5110 1935 5156 aus
1959 5100 2061 5155 alia

470 5196 723 5255 animalia
742 5236 759 5263 ,
789 5211 945 5251 usum
983 5196 1261 5267 accepisse
1286 5194 1544 5258 rationis,
1570 5203 1731 5264 atque
1756 5192 2064 5247 hominibus

472 5300 724 5358 tanquam
753 5288 861 5345 diis
898 5289 1010 5344 suis
1038 5306 1125 5358 ea,
1174 5288 1372 5358 quibus
1398 5288 1635 5352 aluntur,
1667 5282 1866 5342 oﬂerre
1898 5295 1955 5343 et
1979 5301 2065 5342 sa-

470 5384 716 5445 eriiicase
735 5426 750 5449 ,
780 5397 960 5447 nonne
987 5384 1235 5438 homines
1263 5384 1315 5438 in
1343 5381 1428 5437 sui
1458 5381 1841 5439 contumeliam
1866 5380 2064 5453 potius,

471 5493 632 5550 quam
665 5475 930 5532 honorem
961 5474 1017 5530 id
1044 5473 1247 5531 ﬂuctum
1272 5474 1600 5533 cenarent?

543 5575 715 5646 Urget
742 5576 962 5645 irisuper
1000 5571 1294 5640 Arnobius,
1338 5574 1565 5630 deorum
1611 5572 1752 5629 sicut
1778 5588 1942 5628 unum
1969 5588 2063 5643 ge-

474 5684 595 5741 nus,
629 5671 703 5727 ita
728 5686 837 5727 una
862 5683 987 5727 esse
1006 5665 1181 5729 debet
1202 5669 1506 5736 sentientis;
1536 5683 1634 5725 cur
1658 5682 1789 5741 ergo
1815 5669 1909 5725 uni
1939 5682 2066 5734 una,

2162 4544 2382 4614 poribus
2414 4544 2741 4615 incognitus.
2771 4544 3137 4613 Quamobrem
3169 4555 3262 4600 aut
3293 4545 3500 4602 inutilis
3551 4544 3760 4602 censeri

2162 4636 2342 4703 debet,
2389 4650 2481 4693 aut
2509 4654 2805 4710 peccavere
2851 4640 3013 4710 prisci
3059 4639 3332 4708 homines,
3360 4639 3556 4711 quibus
3607 4657 3762 4695 num-

2162 4748 2322 4802 quam
2341 4748 2439 4788 usu
2463 4734 2676 4789 venisse
2697 4742 2929 4789 constat.
2953 4733 3094 4800 Quid
3116 4749 3266 4803 vero,
3290 4733 3432 4803 quod
3456 4733 3616 4789 thure
3636 4733 3762 4790 dato

2163 4825 2268 4880 diis
2315 4826 2538 4880 honoris
2586 4825 2789 4897 aliquid
2839 4827 2998 4882 tribui
3045 4835 3246 4882 trustra
3269 4826 3587 4898 jactitatur?
3620 4825 3764 4883 Nihil

2166 4919 2364 4989 quippe
2389 4917 2512 4972 thus
2540 4925 2643 4985 est,
2690 4917 2792 4972 nisi
2821 4917 3000 4972 viscus
3027 4932 3093 4973 ex
3123 4917 3442 4988 quibusdam
3474 4917 3762 4973 corticibus

2167 5007 2460 5080 proﬂuens.
2487 5008 2597 5063 Cur
2636 5022 2766 5080 ergo
2811 5023 2877 5064 es
2932 5008 3054 5064 aliis
3106 5009 3393 5064 arboribus
3422 5008 3755 5074 coalescens,

2165 5103 2301 5172 ipsis
2325 5101 2574 5157 similiter
2599 5116 2707 5157 non
2734 5101 3065 5157 incenditur?
3082 5103 3162 5156 An
3184 5100 3309 5171 quia
3341 5116 3448 5157 non
3483 5103 3555 5157 ita
3583 5101 3762 5156 suavis

2167 5207 2250 5253 est
2269 5196 2491 5255 odoris?
2517 5195 2657 5264 Quid
2690 5194 2850 5251 inde?
2870 5194 3137 5266 Numquid
3164 5194 3290 5263 diis,
3309 5193 3763 5267 quemadmodum

2172 5292 2501 5356 hominibus;
2543 5290 2635 5346 alii
2679 5291 2877 5346 odores
2912 5289 3049 5361 grati
3075 5301 3221 5353 sunt,
3271 5290 3360 5344 alii
3411 5290 3662 5344 insuaves
3711 5297 3766 5344 et

2170 5382 2487 5455 injucundi?
2526 5382 2744 5439 Minime
2771 5382 3010 5454 quidem.
3042 5381 3176 5438 Nam
3204 5382 3492 5439 fatentibus
3521 5382 3766 5452 philoso-

2172 5479 2294 5550 phis
2316 5478 2386 5533 dii
2416 5478 2718 5548 incorporei
2742 5488 2889 5543 sunt,
2914 5477 3196 5550 nuliasque
3224 5494 3383 5533 nares
3410 5477 3634 5546 habent,
3664 5493 3764 5535 nec

2174 5580 2401 5644 possunt
2420 5571 2532 5628 ullo
2556 5571 2730 5627 thuris
2758 5579 2851 5627 aut
2874 5571 2983 5626 alio
3012 5572 3180 5628 odore
3208 5569 3452 5626 mulceri.

2248 5664 2465 5721 Frustra
2510 5665 2696 5736 etiam,
2740 5679 2805 5721 ac
2850 5664 2992 5721 nulla
3046 5663 3253 5735 pariter
3296 5662 3506 5721 ratione
3550 5661 3768 5725 addueti
