3990 6072
426 199 525 262 391

1643 196 2100 260 DISSERTATIO
2139 193 2417 256 ΡΒᾹΞἮΑ

3628 197 3735 256 593

427 328 585 387 atque
614 330 766 378 ossa,
797 323 891 370 aut
920 315 970 369 in
1002 313 1309 384 huiusmodi
1351 329 1529 369 rerum
1567 314 1810 370 habitare
1840 326 2010 370 mate-
2042 317 2093 375 Α
2120 323 2304 384 postea
2324 358 2338 378 ,
2383 329 2690 383 temporum
2730 313 3005 383 designari
3045 314 3289 371 ordinem
3309 359 3324 384 ,
3359 316 3406 371 is
3435 325 3585 373 certe
3630 332 3732 371 nec

432 411 532 466 ria.
565 409 718 465 Nunc
745 409 968 464 doctore
1011 417 1160 463 tanto
1202 410 1255 463 in
1301 409 1414 464 vias
1455 410 1693 464 veritatis
1737 411 2017 474 inductus,

427 505 606 558 omnia
648 504 748 558 ista
794 518 914 573 qua:
957 505 1094 563 sint,
1135 504 1283 567 scio,
1325 504 1484 573 digna
1512 505 1578 558 de
1603 505 1779 574 dignis
1805 505 2017 567 sentio,

426 598 804 653 contumeliam
829 598 1027 652 nomini
1054 597 1252 653 nullam
1282 599 1414 653 facio
1437 599 1648 662 divino;
1675 609 1729 654 et
1755 599 1878 670 quid
1907 601 2020 654 cui-

424 705 530 760 que
568 689 826 744 debeazur
870 689 954 744 vel
995 705 1272 760 personae,
1318 691 1400 745 vel
1441 692 1644 760 capiti,
1689 693 2020 747 inconcussis

423 782 694 852 gradibus,
725 791 886 853 atque
913 784 1325 840 auctoritatibus
1355 786 1529 840 trilmo
1559 786 1818 858 (Arnob,
1847 788 1933 841 lib.
1967 805 2012 851 ι,

424 892 542 945 pag.
569 873 640 927 22
664 883 718 929 et
738 874 808 929 25
906 896 923 927 ›

493 967 665 1022 Tanto
691 969 869 1038 itaque
892 969 1094 1025 lumine
1119 1013 1131 1035 ,
1161 979 1413 1040 tantaque
1438 969 1634 1026 Christi
1658 973 1824 1041 gratia
1853 972 2018 1027 dona-

423 1070 506 1114 tus
523 1104 535 1125 ,
561 1077 622 1115 ac
644 1061 870 1115 soumiis
891 1061 1054 1115 etiam
1083 1063 1322 1131 pulsatus
1339 1105 1353 1128 ,
1382 1063 1640 1132 pristinos
1659 1079 1872 1119 errores
1896 1065 2012 1133 eju-

423 1153 607 1217 t‘audi,
639 1153 1068 1208 etcht-istiauam
1120 1156 1434 1224 religionem
1479 1157 1688 1226 publice
1733 1157 2015 1226 proﬁteudi

425 1252 637 1303 veniam
660 1248 729 1302 ab
753 1248 922 1304 Siccae
945 1249 1202 1319 episcopo
1226 1249 1398 1318 petiit.
1423 1250 1530 1305 Sed
1560 1251 1680 1320 quia
1715 1251 1857 1304 illam
1889 1268 2018 1306 sem—

423 1357 530 1410 per,
568 1351 624 1394 ut
659 1342 732 1394 ait
762 1341 1154 1414 Hieronymus,
1198 1358 1260 1397 ac
1301 1343 1530 1412 publicis
1571 1345 1683 1398 suis
1725 1345 1775 1398 in
1819 1345 2016 1399 scholis

419 1443 574 1488 antea
596 1435 980 1504 impugnauerat
999 1476 1012 1498 ,
1037 1435 1101 1489 ad
1131 1434 1272 1489 illius
1303 1435 1691 1506 prolussiouem
1720 1437 2016 1506 Episcopus

420 1543 539 1581 cum
567 1528 711 1598 prius
735 1527 1020 1582 admittere
1043 1528 1243 1594 noluit,
1271 1544 1428 1598 quam
1456 1529 1680 1585 sincerm
1703 1529 1819 1601 ejus
1847 1531 2018 1600 panti—

419 1624 599 1674 lentiae
623 1631 772 1675 certo
800 1621 1004 1675 certior
1029 1622 1201 1674 factus
1226 1619 1433 1676 fuisset.
1467 1621 1630 1676 Morte
1659 1623 1816 1692 igitttr
1844 1625 2014 1694 impa-

2129 411 2268 464 ullus
2311 411 2447 464 alius
2484 409 2801 464 difﬂtebitur
2844 408 2992 464 illum
3026 409 3126 464 sibi
3158 425 3263 465 non
3291 410 3727 473 contradixisse,

2127 502 2416 572 verbisque
2460 502 2602 556 illius
2644 502 2824 572 potius
2867 501 3158 568 standum,
3201 518 3322 573 quae
3368 503 3419 558 in
3453 503 3728 574 genuino,

2126 611 2283 666 quam
2310 612 2429 667 qua}
2454 596 2504 649 in
2538 595 2718 650 alieno
2749 611 2913 665 opere
2944 596 3184 666 scripsit.

2194 688 2302 744 Sed
2343 690 2464 758 quia
2509 690 2597 742 ille
2639 689 2688 742 in
2722 705 2822 744 suo
2851 689 2919 744 de
2947 689 3307 759 scriptoribus
3337 689 3728 745 ecclesiasticis

2119 781 2364 850 catalogo
2398 782 2532 836 dixit
2560 781 2776 852 quidem
2811 783 3032 837 Arnobii
3066 781 3238 837 nostri
3272 783 3472 846 libros,
3519 783 3729 838 Di0cle-

2123 873 2269 926 tiano
2296 873 2625 943 imperante,
2662 875 2868 936 editos,
2905 891 3010 928 non
3044 884 3222 931 autem
3251 890 3359 945 quo
3388 875 3600 946 imperii
3629 875 3731 931 hu-

2116 965 2206 1032 jus
2229 981 2392 1028 :mno,
2426 967 2474 1020 itl
2497 982 2524 1020 a
2557 967 2712 1020 nobis
2737 967 3042 1022 accuratius
3071 967 3452 1037 inquirendum
3477 977 3579 1023 est.
3608 968 3725 1024 Non

2117 1057 2332 1114 aliunde
2359 1069 2534 1114 autem
2569 1059 2792 1125 inelius;
2823 1075 2982 1130 quam
3009 1075 3074 1113 ex
3098 1059 3290 1115 iisdem
3326 1060 3600 1130 ipsiusmet
3627 1077 3727 1116 au-

2121 1152 2288 1205 Ctoris
2322 1153 2490 1206 nostri
2525 1153 2673 1207 libris
2705 1162 2883 1223 petest
2913 1153 3180 1224 dignosci.
3231 1157 3300 1208 At
3342 1155 3539 1225 prioris
3572 1157 3726 1211 initio

2119 1248 2261 1302 hunc
2302 1247 2391 1303 ille
2435 1249 2668 1320 loquitur
2708 1250 2759 1303 in
2801 1249 3057 1303 modum:
3089 1269 3107 1302 ι
3132 1247 3385 1304 Trecenti
3428 1259 3556 1303 sunt
3597 1249 3724 1305 anui

2118 1340 2306 1403 ferme,
2338 1341 2513 1396 minus
2541 1342 2622 1396 vel
2655 1341 2773 1411 plus
2804 1342 3005 1412 aliquid
3031 1383 3045 1406 ,
3075 1358 3140 1396 ex
3173 1357 3281 1412 quo
3310 1342 3576 1412 cmpimus
3602 1358 3726 1399 esse

2118 1435 2401 1488 christiani
2423 1478 2438 1497 ,
2468 1443 2523 1491 et
2552 1445 2817 1490 terrarum
2853 1436 2905 1490 in
2936 1435 3068 1490 orbe
3096 1435 3306 1490 censeri
3339 1432 3596 1506 (Arnob.,
3629 1436 3720 1490 lib.

2119 1545 2167 1592 ι,
2201 1545 2320 1600 pag.
2352 1527 2452 1600 9).
2484 1550 2502 1582 ι
2532 1530 2816 1585 Manifeste
2857 1541 3037 1585 autem
3082 1531 3206 1586 inde
3247 1531 3535 1601 colligitur,
3576 1531 3722 1601 quod

2118 1639 2308 1679 omnes
2351 1624 2508 1680 facile
2547 1624 2882 1690 concedunt,
2921 1623 3021 1679 hos
3051 1624 3217 1679 libros
3258 1624 3326 1678 ab
3368 1639 3435 1680 eo
3472 1637 3723 1681 exaratos

418 1714 556 1768 tiens
587 1715 889 1776 Arnobius,
924 1724 1085 1784 atque
1115 1725 1168 1767 ut
1202 1714 1306 1767 voti
1337 1729 1558 1784 cmnpos
1588 1731 1746 1785 quam
1784 1717 2013 1785 primum
2047 1715 2094 1775 B
2120 1720 2260 1774 circa
2303 1720 2409 1774 500
2447 1719 2651 1774 Christi
2693 1735 2921 1774 annum.
2954 1718 3061 1774 Sed
3096 1719 3237 1773 nulla
3267 1718 3444 1773 adlmc
3471 1728 3616 1773 certa
3651 1719 3719 1774 il-

417 1807 599 1873 lieret,
635 1806 871 1860 animum
911 1806 976 1860 ad
1019 1806 1332 1861 scribendos
1376 1807 1476 1862 hos
1519 1807 1683 1862 libros
1729 1809 2008 1878 adjunxit,

416 1899 589 1969 iisque
628 1909 897 1970 tamquam
931 1899 1152 1954 totidem
1185 1899 1303 1954 lidei
1339 1916 1450 1954 sua:
1481 1903 1706 1970 publicis
1734 1903 2011 1958 obsidibus

416 1994 591 2060 datis,
626 1995 689 2048 ad
725 1995 1116 2064 optatissimam
1149 1995 1458 2049 christiana:
1490 1997 1764 2066 religionis
1803 1999 2011 2068 profes-

416 2088 621 2142 sionem
659 2087 869 2156 publice
912 2087 1226 2141 mittendam
1281 2088 1580 2155 admissus,
1615 2092 1782 2144 sacris
1813 2092 2009 2147 nostris

414 2180 689 2250 mysteriis
715 2180 783 2234 ab
810 2179 1002 2234 eodem
1033 2179 1288 2250 episcopo
1314 2180 1552 2235 initiatus
1579 2193 1681 2237 est.
1710 2183 1814 2238 Sed
1845 2200 2009 2254 pries-

416 2283 492 2328 tat
521 2274 902 2345 Hieronymum
935 2274 1111 2328 adhuc
1140 2273 1252 2328 huic
1283 2287 1591 2331 narrantem
1618 2277 1835 2332 audire:
1865 2298 1882 2330 ι
1910 2279 2010 2333 Ar-

414 2368 605 2422 nobius
633 2370 834 2432 rhetor,
866 2371 1044 2426 clarus
1077 2373 1128 2426 in
1157 2371 1335 2426 Africa
1379 2373 1629 2438 habetur,
1667 2375 1757 2444 qui
1796 2390 1916 2430 cum
1957 2375 2008 2429 in

415 2463 630 2518 civitate
659 2463 824 2519 Sicca:
851 2465 916 2518 ad
949 2465 1362 2520 declamandqu
1392 2466 1619 2535 juvenes
1652 2466 1918 2531 erudiret,
1955 2477 2010 2523 et

413 2555 588 2612 adhuc
615 2557 867 2613 ethnicus
897 2558 962 2612 ad
989 2558 1366 2614 credulitatem
1396 2559 1625 2614 somniis
1654 2561 2011 2630 eotnpellere-

415 2662 519 2718 tttr,
546 2669 720 2724 neque
743 2655 809 2707 ab
833 2653 1104 2724 Episc0po
1132 2656 1445 2722 impetraret
1469 2656 1627 2709 fidem
1648 2697 1662 2719 ,
1687 2672 1844 2726 quam
1872 2672 2012 2711 sem-

411 2762 507 2816 per
546 2746 992 2818 impugnaverat,
1035 2749 1376 2804 elucubravit
1417 2749 1678 2803 adversus
1721 2750 2004 2818 pristinam

411 2838 722 2908 religionem
767 2839 1224 2894 luculentissimos
1265 2841 1463 2903 libros,
1507 2851 1561 2895 et
1609 2842 1820 2896 tandem
1864 2842 2009 2896 velut

411 2932 729 3002 quibusdam
760 2932 1033 2988 obsidibus
1067 2935 1276 3006 pietatis
1310 2933 1484 2990 foedus
1524 2934 1826 3004 impetravit
1858 2933 2008 3007 (llic-

411 3042 635 3096 ronym.,
663 3027 714 3080 in
735 3028 912 3080 chron.
939 3029 1006 3080 ad
1027 3044 1148 3080 ann.
1173 3027 1315 3082 2542
1335 3026 1377 3098 ).
1407 3028 1538 3095 Qua:
1568 3045 1694 3082 vero
1725 3038 1907 3097 postea
1940 3029 2007 3083 ab

2115 1811 2288 1866 lorum
2317 1822 2450 1866 tetas
2478 1813 2545 1867 ibi
2577 1811 2912 1882 designatur.
2943 1809 3173 1879 Quidam
3201 1811 3383 1881 itaque
3412 1811 3722 1867 existimant

2117 1906 2264 1961 illam
2309 1922 2372 1961 ex
2427 1907 2510 1959 bis
2536 1905 2868 1976 deprehendi
2901 1921 3059 1975 posse
3089 1906 3263 1976 ipsius
3287 1904 3502 1960 verbis:
3535 1924 3554 1958 ‹
3581 1905 3721 1961 Nos-

2118 2011 2195 2055 tra
2237 2000 2453 2069 quidem
2486 2000 2685 2069 scripta
2718 2015 2814 2054 cur
2843 1999 3056 2069 ignibus
3087 2009 3400 2053 meruerunt
3425 1998 3582 2053 dari?
3609 1998 3721 2054 Cur

2116 2093 2421 2148 immaniter
2447 2091 2821 2146 conventicula
2864 2092 3041 2146 dirui?
3074 2089 3230 2164 (Lib.
3261 2093 3328 2158 4,
3363 2109 3481 2162 pag.
3518 2089 3662 2161 £51)
3694 2111 3712 2141 ν

2115 2183 2244 2239 Nam
2289 2185 2378 2238 ubi
2415 2184 2682 2239 Eusebius
2723 2184 2790 2240 de
2825 2183 3139 2259 Diocletiani
3173 2193 3360 2238 contra
3393 2184 3719 2239 christianos

2113 2278 2389 2333 smvientis
2419 2277 2751 2345 temporibus
2779 2277 3050 2346 disputat:
3082 2295 3100 2326 ι
3127 2276 3284 2332 Tunc
3311 2276 3456 2331 ardes
3485 2291 3666 2331 Sacras
3693 2296 3710 2328 ι

2115 2371 2280 2442 inquit
2306 2369 2546 2444 (Euseb.,
2573 2370 2664 2424 lib.
2692 2385 2817 2436 vnt,
2849 2369 3044 2423 Hister.
3071 2370 3270 2433 cccles.,
3298 2386 3414 2439 cap.
3440 2385 3531 2424 vut
3551 2413 3563 2433 ,
3592 2387 3714 2442 pag.

2111 2464 2219 2519 293
2241 2464 2282 2535 ),
2309 2483 2327 2516 ‹
2351 2464 2466 2518 solo
2493 2463 2722 2527 aequari,
2755 2479 2818 2518 ac
2847 2462 3086 2518 funditus
3113 2463 3348 2518 subverti
3369 2505 3381 2524 ,
3414 2478 3596 2518 sacros
3631 2464 3715 2518 di-

2115 2558 2360 2611 vinarmn
2393 2556 2794 2626 Scripturarum
2825 2555 2993 2611 libros
3023 2555 3073 2609 in
3114 2555 3292 2610 medio
3332 2555 3449 2610 foro
3491 2571 3715 2610 concre-

2113 2653 2248 2706 mari
2275 2652 2445 2706 oculis
2478 2651 2679 2706 nostris
2707 2650 2958 2706 vidimus.
2988 2670 3006 2702 ι
3038 2650 3162 2705 Ηωο
3190 2661 3370 2704 autem
3400 2649 3536 2703 facta
3569 2661 3711 2710 sunt,

2113 2744 2251 2798 sicut
2277 2743 2401 2796 alibi
2442 2743 2847 2807 annotavinms,
2892 2739 3350 2802 Diocletianum,
3383 2740 3709 2796 Maximiano

2111 2837 2238 2903 VH,
2273 2847 2366 2891 aut
2395 2849 2450 2890 ut
2478 2837 2717 2890 nonnulli
2749 2846 2974 2892 censent
3007 2836 3336 2891 Diocletiano
3361 2835 3503 2897 VIII.
3531 2845 3587 2890 et
3607 2835 3717 2889 Ma-

2111 2929 2350 2983 ximiano
2380 2927 2447 2983 Vl
2469 2971 2483 2994 ,
2516 2928 2831 2984 consulibus
2851 2971 2865 2994 ,
2900 2931 3000 2983 hoc
3027 2937 3145 2992 est,
3177 2943 3320 2981 anno
3347 2926 3544 2982 Christi
3575 2927 3712 2994 505,

2111 3025 2197 3078 vel
2223 3024 2328 3078 51:2
2355 3021 2607 3095 (Dissert.
2643 3024 2695 3076 in
2728 3022 2851 3076 Luc.
2885 3022 3062 3083 Cecil.,
3094 3039 3210 3092 cap.
3240 3023 3305 3088 8,
3334 3031 3432 3076 art.
3460 3017 3558 3092 5).
3576 3021 3713 3076 Tum

410 3137 476 3174 eo
506 3129 622 3174 acta
653 3120 781 3186 sint,
815 3120 971 3175 nobis
1001 3120 1192 3175 invidit
1219 3131 1312 3175 aut
1343 3120 1533 3191 injuria
1565 3131 1888 3191 temporum,
1921 3133 2014 3176 aut
2041 3118 2084 3178 C
2117 3120 2256 3173 enim
2287 3119 2391 3173 lata
2422 3119 2538 3186 lege
2564 3119 2830 3172 sancitum
2860 3119 2988 3181 fuit,
3024 3127 3081 3171 ut
3119 3118 3257 3171 Sacri
3297 3116 3715 3171 christianorum

409 3214 731 3281 scriptorum
778 3214 1126 3284 negligentia.
1175 3218 1242 3268 At
1283 3224 1432 3270 (ιρι-ιθ
1470 3215 1592 3285 quia
1637 3225 1742 3269 tant
1792 3215 2001 3269 ardenti

409 3303 588 3360 studio
611 3303 957 3358 Christianam
983 3305 1299 3376 religionem
1332 3305 1672 3376 amplexatus
1693 3316 1797 3370 est,
1825 3306 2005 3360 nullus

411 3397 652 3468 profecto
676 3397 792 3452 dari
821 3398 1033 3453 videtur
1059 3398 1366 3470 ambigendi
1397 3402 1567 3464 locus,
1598 3400 1725 3469 quin
1754 3399 2005 3455 omnibus

407 3493 568 3563 plane
596 3491 920 3547 satisfecerit
946 3494 1058 3547 veri
1091 3493 1272 3563 piique
1299 3493 1579 3547 christiani
1607 3492 1820 3547 ofliciis.

480 3584 597 3651 Quo
625 3594 801 3640 autem
833 3586 1063 3656 praecise
1095 3596 1339 3655 tempore
1371 3585 1468 3640 bos
1499 3586 1587 3639 ille
1629 3587 1799 3640 libros
1837 3587 2005 3656 scrip-

408 3678 570 3743 serit,
605 3677 656 3731 in
689 3677 1116 3732 controversiam
1148 3678 1704 3750 disceptationemque
1731 3679 1798 3733 ab
1823 3679 2003 3735 erudi-

408 3769 634 3825 tissimis
670 3772 844 3826 aetatis
877 3782 1082 3826 nostra:
1113 3772 1476 3842 scriptoribus
1507 3782 1748 3828 vocatur.
1794 3773 2002 3828 Prolata

408 3864 686 3920 enimvero
712 3882 743 3920 a
773 3866 928 3920 nobis
961 3865 1272 3938 Hieronymi
1305 3867 1465 3922 verba
1487 3911 1500 3934 ,
1536 3868 1588 3922 in
1622 3867 1882 3923 chronico
1911 3885 2004 3923 eu-

407 3957 631 4014 sebiano
673 3960 914 4027 proxime
946 3962 1144 4031 scripta
1178 3971 1304 4017 sunt
1337 3973 1457 4032 post
1491 3973 1670 4018 notata
1707 3966 2001 4019 vicennalia

408 4052 762 4116 Constantini.
789 4054 1120 4110 Nicomediae
1143 4071 1288 4110 anno
1311 4055 1510 4112 Christi
1535 4100 1548 4121 ,
1581 4058 1655 4112 uti
1687 4059 1870 4124 aittnt,
1897 4057 2005 4114 526

407 4146 699 4203 celebrata.
726 4146 924 4204 Contra
955 4159 1133 4205 tamen
1161 4150 1300 4205 idem
1329 4151 1443 4222 ipse
1473 4151 1832 4225 Hieronymus
1860 4154 1998 4217 aliis,

407 4255 527 4308 qua:
567 4251 725 4294 antea
767 4241 1081 4310 retulimus,
1125 4243 1304 4297 verbis
1347 4242 1487 4297 haud
1528 4244 1759 4299 obscure
1798 4245 2002 4314 signifi-

407 4347 533 4387 care
558 4332 769 4388 videtur
793 4334 1014 4390 eosdem
1045 4335 1213 4390 libros
1241 4336 1309 4389 ab
1335 4336 1577 4392 Arnobio
1606 4348 1714 4391 tum
1746 4338 1798 4392 in
1827 4339 1999 4393 lucem

407 4423 617 4490 editos,
651 4441 771 4480 cum
808 4425 1167 4482 Diocletianus
1197 4428 1456 4484 Romanis
1485 4431 1807 4500 imperabat.
1841 4431 1999 4501 Atqui

2110 3212 2357 3278 codices,
2386 3221 2478 3266 aut
2502 3213 2655 3266 sicuti
2682 3212 2734 3264 in
2763 3212 2866 3265 vita
2896 3209 3088 3266 Felicis
3114 3210 3352 3280 episcopi
3382 3209 3714 3264 tubiacensis

2112 3305 2363 3376 legimus,
2415 3306 2528 3359 libri
2578 3305 2778 3374 dei/Sci,
2829 3305 2937 3376 igni
2988 3313 3042 3357 et
3092 3303 3324 3357 ﬂammis
3369 3303 3709 3359 traderentur

2109 3398 2309 3469 (Optat.
2343 3397 2544 3463 Mitem,
2571 3413 2686 3452 nov.
2719 3397 2868 3462 edit.,
2901 3415 3022 3468 pag.
3050 3396 3156 3451 227
3184 3398 3223 3466 ),
3252 3395 3576 3466 illorumque
3603 3395 3712 3451 Ec-

2108 3493 2285 3548 clesiae
2305 3535 2320 3559 ,
2354 3492 2440 3546 vel
2469 3491 2608 3547 sicut
2637 3501 2824 3546 auctor
2855 3500 3040 3546 noster
3070 3489 3216 3560 loqui
3245 3499 3421 3556 amat,
3470 3505 3710 3545 conven-

2109 3586 2266 3641 ticula
2307 3586 2667 3642 diruerentur.
2712 3588 2782 3640 At
2819 3600 2884 3640 ex
2927 3585 3042 3650 bis,
3076 3600 3196 3655 qum
3225 3584 3294 3638 ab
3326 3584 3630 3655 Augustino
3658 3595 3712 3639 et

2109 3680 2452 3737 Theodoreto
2482 3681 2897 3745 confirmantur,
2932 3680 3175 3734 nonnulli
3203 3678 3393 3734 confici
3422 3695 3582 3752 posse
3611 3696 3712 3750 pu-

2108 3781 2223 3827 tant
2251 3773 2545 3828 Arnobium
2579 3771 2926 3828 conficiendis
2954 3771 3104 3826 libris
3133 3771 3248 3826 suis
3277 3772 3378 3826 hoc
3406 3771 3524 3842 ipso
3563 3787 3711 3826 anno

2107 3880 2326 3936 operam
2367 3865 2582 3921 dedisse
2624 3863 2922 3936 (Augttst.,
2965 3863 3053 3918 lib.
3096 3878 3203 3929 vn,
3247 3862 3311 3918 de
3348 3862 3500 3933 Bapt.
3540 3875 3709 3919 contr.

2109 3959 2327 4026 Donat.,
2359 3977 2475 4030 cap.
2502 3960 2566 4026 ἓ,
2598 3976 2722 4031 pag.
2748 3959 2887 4024 £87;
2919 3969 2963 4012 et
2989 3957 3187 4011 Breric.
3212 3974 3224 4022 ;
3249 3955 3435 4011 Collat.
3459 3974 3574 4011 cum
3603 3956 3710 4011 Do-

2109 4066 2214 4109 nat.
2238 4096 2253 4123 ,
2285 4072 2404 4127 cap.
2433 4057 2533 4119 l5,
2564 4072 2682 4126 pag.
2717 4053 2824 4110 569
2845 4095 2859 4119 ,
2889 4062 2936 4108 et
2977 4052 3119 4116 575;
3144 4049 3450 4106 Theodorei.
3477 4093 3488 4115 ,
3525 4053 3612 4104 lib.
3655 4067 3708 4117 ν,

2109 4149 2249 4205 Hist.
2283 4151 2486 4215 eccles.,
2518 4167 2633 4219 cap.
2665 4150 2758 4213 59,
2790 4165 2909 4219 pag.
2942 4144 3107 4217 248).

2179 4244 2284 4301 Sed
2315 4243 2396 4298 his
2423 4244 2510 4298 alii
2533 4251 2814 4315 Opponunt
2845 4241 3044 4316 nullam
3072 4240 3140 4295 de
3168 4243 3288 4312 lege
3319 4249 3509 4296 contra
3537 4240 3710 4295 chris-

2107 4336 2371 4391 tianorum
2409 4334 2781 4391 conventicula
2819 4342 2876 4389 et
2915 4333 3082 4387 libros
3122 4331 3280 4400 data,
3321 4333 3415 4388 sed
3454 4332 3522 4387 de
3560 4349 3710 4388 com-

2107 4429 2275 4482 bustis
2310 4428 2462 4484 libris
2498 4436 2555 4484 et
2591 4425 2981 4483 conventiculis
3017 4427 3220 4481 eversis
3259 4426 3452 4480 factam
3495 4425 3562 4480 ab
3604 4428 3706 4480 Ar-

406 4519 767 4576 Diocletianus
810 4521 996 4592 viginti
1041 4523 1259 4580 circiter
1298 4538 1503 4588 annos,
1539 4525 1605 4579 ab
1647 4525 1843 4580 Christi
1889 4526 1996 4580 sci-
2025 4523 2262 4584 Dnobio
2303 4523 2654 4578 mentionem.
2700 4521 2828 4577 Esto
2867 4532 3046 4576 tamen
3074 4563 3086 4582 ,
3134 4520 3413 4587 inquiunt,
3465 4520 3529 4574 ad
3581 4535 3698 4574 eam

406 4614 534 4671 licet
561 4631 702 4670 anno
724 4616 861 4680 284,
894 4615 958 4670 ad
989 4633 1187 4672 annum
1216 4619 1350 4681 504,
1379 4633 1634 4689 regnasse
1662 4617 1996 4683 perhibetur.

405 4706 595 4764 Nonne
629 4724 759 4780 ergo
791 4707 1152 4782 Hieronymus
1183 4710 1282 4765 hos
1313 4711 1477 4764 libros
1507 4721 1632 4765 ante
1661 4710 1998 4766 Coostantini

407 4802 706 4859 vicennalia
749 4805 863 4860 sive
893 4821 1094 4858 annum
1123 4805 1230 4859 3‘26
1269 4805 1338 4859 ab
1382 4807 1621 4861 Arnobio
1663 4806 1837 4862 editos
1877 4822 1997 4862 esse

405 4895 699 4952 arbitratus
728 4898 847 4952 est?
873 4896 1040 4952 Nobis
1078 4907 1256 4952 tamen
1287 4898 1502 4953 videtur
1540 4915 1696 4969 posse
1736 4900 1998 4972 Hierony-

406 5001 553 5040 mum
597 4987 698 5042 sibi
742 4989 842 5058 ipsi
889 4988 1046 5044 facile
1087 4990 1382 5044 conciliari.
1429 4991 1560 5046 Nam
1606 4993 1657 5044 in
1688 4991 1995 5047 Eusebiauo

405 5078 662 5133 chronico
686 5092 804 5149 post
827 5091 1008 5136 notata
1031 5079 1366 5137 Constantini
1389 5083 1688 5139 vicennalia
1715 5085 1826 5154 ipse
1848 5085 1997 5155 adje-

368 5171 513 5249 .cit:
546 5192 563 5223 ι
591 5171 707 5226 Huc
749 5188 917 5243 usque
961 5175 1237 5230 historiam
1279 5175 1467 5230 scribit
1509 5177 1798 5241 Eusebius,
1838 5177 1994 5231 Pam.

406 5265 536 5336 phili
586 5266 837 5337 martyris
883 5268 1321 5336 contubernalis,
1363 5270 1447 5323 cui
1489 5286 1590 5325 nos
1632 5269 1728 5324 ista
1765 5271 1998 5342 subjeci-

406 5374 548 5414 mus.
578 5377 597 5410 ι
625 5357 762 5413 Tum
805 5364 1183 5417 continenter:
1228 5361 1512 5425 Arnobius,
1560 5363 1760 5434 inquit,
1807 5363 1997 5427 rhetor,

406 5461 512 5508 ctc.
557 5450 745 5507 Nonne
781 5461 962 5508 autem
1003 5453 1106 5508 dici
1151 5465 1328 5524 potest
1361 5457 1473 5511 lucc
1500 5456 1616 5527 ejus
1650 5457 1809 5511 verba
1843 5473 2000 5529 supe-

406 5545 644 5603 rioribus
677 5545 889 5602 Eusebii
919 5545 1159 5616 subjecta
1193 5547 1392 5614 fuisse,
1426 5566 1492 5604 ne
1523 5550 1668 5604 illius
1695 5534 2004 5605 sermonem

407 5639 860 5710 interrumperet,
891 5653 990 5693 nec
1020 5637 1092 5692 ibi
1123 5627 1302 5696 veram
1332 5643 1598 5699 indicasse
1629 5642 1848 5698 Arnobii
1879 5653 2008 5699 teta-

409 5743 540 5799 tem.
575 5733 629 5789 Si
661 5733 781 5805 quis
809 5749 940 5788 vero
973 5729 1128 5788 nobis
1157 5727 1372 5803 objiciat
1415 5737 1482 5791 ab
1522 5752 1586 5791 eo
1624 5735 1728 5801 ibi,
1775 5737 1915 5792 sicut
1953 5744 2008 5792 et

2101 4615 2464 4685 spectaverit,
2494 4629 2673 4668 nonne
2702 4613 2890 4667 similis
2915 4621 3071 4668 antea
3113 4611 3288 4666 fuerat
3328 4611 3520 4666 Justiui
3560 4627 3706 4666 mar-

2103 4709 2238 4781 tyris
2259 4725 2379 4763 cum
2403 4707 2692 4778 gentilibus
2713 4706 2780 4762 de
2802 4720 3078 4761 sacrorum
3111 4703 3369 4759 librorum
3398 4716 3705 4758 nostrorum

2101 4801 2497 4872 proscriptione
2519 4799 2914 4870 expostulatio?
2940 4824 2959 4850 ι
2981 4797 3156 4868 Opera
3183 4817 3200 4849 ι
3229 4797 3302 4851 ait
3329 4819 3346 4848 ι
3371 4807 3425 4852 et
3452 4797 3707 4852 instinctu

2099 4896 2364 4950 malorum
2385 4895 2686 4950 daemonum
2713 4893 2903 4948 mortis
2924 4891 3244 4962 supplicium
3264 4891 3523 4946 adversus
3541 4891 3708 4945 libro-

2101 5005 2219 5045 rum
2252 4987 2528 5061 Hystaslis
2553 4999 2643 5042 aut
2668 4986 2888 5059 Sybilla:
2907 5029 2922 5052 ,
2949 4994 3043 5039 aut
3069 4983 3452 5054 prophetarum
3480 4985 3710 5039 lectores

2098 5082 2450 5138 constitutum
2492 5090 2611 5146 est,
2655 5090 2714 5134 ut
2751 5095 2846 5150 per
2890 5078 3137 5132 timorem
3174 5076 3424 5132 homines
3463 5077 3529 5132 ab
3567 5076 3707 5161 illis,

2099 5174 2390 5246 quominus
2422 5172 2628 5243 scripta
2657 5188 2718 5228 ea
2752 5173 2991 5241 legentes
3013 5213 3026 5237 ,
3059 5186 3239 5225 rerttm
3277 5169 3538 5225 bonarum
3569 5171 3712 5223 noti-

2101 5270 2232 5324 tiam
2266 5269 2605 5340 percipiant,
2639 5267 2734 5324 sed
2761 5268 2814 5322 in
2842 5267 3103 5322 servitute
3127 5280 3314 5320 eorum
3348 5265 3708 5329 retineantur,

2102 5363 2514 5418 absterreantur
2545 5360 2760 5433 (Justin.
2797 5359 3041 5430 Martyr.,
3074 5359 3294 5429 Apolog.
3325 5375 3370 5422 ι,
3401 5375 3519 5430 pag.
3545 5356 3706 5427 82).»

2177 5455 2316 5523 Quid
2350 5458 2500 5518 vero,
2535 5455 2679 5525 quod
2709 5453 2970 5524 Origenes
3003 5453 3282 5507 memoria:
3317 5451 3550 5521 prodidit
3583 5460 3711 5504 ante

2105 5550 2330 5604 Arnobii
2371 5549 2540 5605 nostri
2583 5560 2858 5619 tempora,
2904 5560 3068 5620 atque
3109 5548 3398 5603 Maximino
3425 5564 3571 5602 anno
3596 5547 3706 5603 255

2108 5650 2394 5713 regnante,
2423 5643 2672 5696 incensas
2701 5639 2869 5697 fuisse
2894 5641 3178 5704 ecclesias,
3209 5648 3369 5710 atque
3397 5639 3622 5704 idcirco,
3655 5647 3716 5694 ut

2111 5736 2346 5793 auctoris
2373 5737 2541 5792 nostri
2575 5735 2753 5792 verbis
2782 5745 3020 5802 utamur,
3051 5734 3228 5788 diruta
3263 5733 3428 5789 fuisse
3453 5731 3713 5790 christia-
