3990 6072
246 108 355 163 395

1496 107 1563 166 lN
1601 104 1987 175 ARNOBIUM,
2030 105 2182 165 CAP.
2224 109 2288 166 ll.

3429 118 3533 175 394

243 239 436 280 norum
483 224 902 281 conventicula?
952 244 971 277 ι
1000 223 1212 282 Scimus
1243 242 1263 277 ›
1313 225 1488 296 inquit
1535 225 1834 297 Origenes,
1863 228 1918 288 Α
1939 222 2124 279 eodice
2150 224 2326 294 regio,
2359 238 2390 278 a
2421 237 2531 296 quo
2562 226 2734 296 prima
2765 226 2954 298 pagina
2977 227 3162 284 avulsa
3186 237 3305 299 est,
3339 231 3529 288 titulus

249 337 270 372 ι
301 319 442 389 apud
472 335 568 374 nos
596 330 756 376 terrae
783 331 990 377 motum
1020 320 1216 378 factum
1244 321 1297 375 in
1328 320 1460 374 locis
1481 321 1840 391 quibusdam,

241 421 300 465 et
334 412 505 467 factas
532 411 701 467 fuisse
723 413 985 484 quasdam
1017 413 1234 479 ruinas;
1267 412 1336 467 ita
1370 412 1537 482 utqui
1563 422 1717 468 erant
1744 413 1844 467 im-

242 505 320 577 pii
346 517 498 563 extra
527 507 688 563 fidem
711 548 728 573 ,
753 523 976 564 causam
1008 517 1168 564 terra:
1200 516 1378 562 motus
1403 507 1648 562 dicerent
1694 507 1838 561 chri-

240 600 486 667 stianos,
533 608 754 670 propter
795 599 939 670 quod
978 611 1034 655 et
1066 599 1469 669 persecutiones
1513 615 1683 669 passm
1715 608 1842 654 sunt

240 692 489 748 ecclesiae
534 702 591 749 et
634 693 866 749 insensaz
909 691 1335 766 sunt(0rigen.,
1377 702 1580 748 tractat.
1609 709 1738 761 VIII,
1786 693 1841 746 in

239 784 460 854 Hall/1.,
497 803 620 859 pag.
650 786 779 858 88).
806 805 826 839 ι
867 786 1005 856 Quid
1051 801 1182 858 ergo
1226 797 1373 842 vetat
1407 786 1696 858 quominus
1735 785 1840 839 Ar-

243 881 442 937 nobius
479 881 549 937 de
591 881 697 948 his,
735 897 857 953 quae
896 882 1056 954 longe
1101 891 1260 940 antea
1305 897 1406 940 nec
1449 882 1619 939 semel
1665 882 1839 938 conti-

240 987 435 1050 gerant
462 977 838 1050 intelligatur?

318 1071 429 1130 Nec
457 1073 684 1128 multum
713 1081 1068 1144 promovent,
1097 1073 1188 1145 qui
1213 1071 1523 1144 opinionem
1552 1071 1698 1127 illam
1729 1079 1843 1126 sta-

242 1166 402 1222 bilire
430 1166 674 1222 nituntur
716 1166 865 1223 hisre
904 1166 1128 1222 Arnobii
1169 1168 1385 1223 verbis:
1428 1184 1448 1218 ι
1473 1165 1671 1222 ΙΕιῖΙιίδ
1711 1164 1841 1219 urbs

241 1259 418 1316 Roma
445 1259 601 1330 cujus
625 1274 750 1316 esse
781 1259 835 1316 in
863 1260 1150 1316 annalibus
1173 1260 1462 1316 indicitur?
1484 1259 1672 1314 Annos
1695 1256 1843 1313 ducit

241 1354 634 1426 quinquaginta
663 1361 719 1410 et
743 1353 892 1410 mille
911 1394 927 1420 ,
949 1362 1043 1408 aut
1068 1367 1178 1409 non
1207 1353 1431 1408 multum
1457 1351 1525 1406 ab
1553 1351 1637 1407 his
1663 1351 1841 1405 minus

241 1449 394 1523 (Lib.
417 1466 486 1517 ιι,
515 1467 639 1522 pag.
665 1449 786 1519 94).
812 1468 832 1502 ι
856 1449 1094 1504 Primum
1123 1449 1266 1504 enim
1288 1490 1305 1512 ,
1331 1447 1464 1503 nihil
1489 1446 1563 1500 ibi
1593 1445 1684 1501 ille
1708 1445 1840 1500 certi

238 1543 442 1615 ﬁxique
472 1545 730 1615 temporis
771 1543 972 1614 aliquid
1005 1542 1211 1598 statuit.
1246 1541 1372 1598 Alto
1399 1538 1597 1595 deinde
1624 1538 1838 1594 silentio

1944 331 2089 370 nunc
2139 317 2449 387 praefigitur.
2502 317 2608 374 Sed
2659 319 2711 372 in
2762 318 2868 375 line
2917 320 3038 376 libri
3090 322 3283 391 primi,
3349 325 3533 389 tertii,

1945 408 2148 479 quinti,
2183 419 2237 464 et
2267 410 2480 480 septimi
2512 411 2739 482 legimus
2767 432 2779 465 :
2811 413 3023 467 Arnobii
3061 413 3189 469 liber
3218 415 3448 485 explicit.
3473 418 3533 473 In

1945 503 2118 572 quarti
2149 518 2276 560 vero
2301 504 2406 559 line
2431 521 2445 558 :
2473 506 2675 560 Arnovii
2703 509 2920 561 oratoris
2945 507 3032 562 lib.
3065 519 3276 575 quartus
3302 509 3533 578 explicit.

1945 596 2026 652 Ad
2047 598 2266 654 secundi
2286 598 2521 669 denique
2542 601 2745 656 calcem
2774 601 3014 656 :Arnovii
3032 603 3273 659 adversus
3288 603 3536 661 Nationes

1947 689 2074 745 liber
2098 693 2352 747 secundus
2380 694 2604 762 explicil.
2636 693 2691 749 In
2728 694 2900 765 prima
2939 711 3068 751 vero
3094 706 3147 751 et
3177 699 3410 752 secunda
3435 714 3536 755 eo-

1945 796 2064 836 rum
2093 799 2315 839 romana
2347 784 2617 851 editione,
2668 786 2975 852 basileana,
3005 790 3357 858 antuerpiana
3377 829 3392 854 ,
3424 798 3534 845 ste—

1945 875 2255 942 wechiana,
2305 877 2575 947 parisina,
2626 877 2954 934 heraldiana.
2996 879 3359 936 inscribuntur
3387 899 3401 935 :
3434 882 3537 936 Ar-

1944 971 2082 1025 nobii
2133 973 2375 1028 adversus
2421 985 2590 1045 gentes
2621 975 2735 1029 libri
2783 988 2989 1048 septem.
3037 970 3093 1030 In
3142 977 3324 1032 ultima
3351 993 3538 1047 °porro

1944 1065 2192 1138 Lugduni
2221 1067 2546 1125 Batavorum
2575 1070 2846 1142 divulgata
2875 1091 2888 1125 :
2923 1072 3132 1126 Arnobii
3161 1072 3274 1141 Afri
3300 1072 3542 1127 adversus

1943 1171 2116 1233 gentes
2147 1163 2266 1217 libri
2301 1175 2510 1235 septem.
2538 1164 2683 1220 Nulli
2712 1174 2889 1222 autem
2920 1165 3228 1221 dubitamus
3253 1169 3384 1238 quin
3417 1168 3537 1225 haac

1945 1257 2133 1312 ultima
2187 1259 2468 1331 inscriptio
2520 1261 2587 1317 ab
2637 1261 2966 1334 Hieronymo
3011 1263 3292 1334 desumpta
3351 1267 3451 1334 sit,
3503 1283 3537 1322 a

1943 1366 2049 1420 quo
2077 1352 2268 1409 eadem
2313 1354 2608 1425 epigraphe
2637 1357 2803 1412 semel
2833 1368 2994 1428 atque
3023 1358 3217 1413 iterum
3246 1359 3538 1417 exhibetur

1943 1441 1964 1515 (
1988 1441 2314 1517 Hierongm.,
2336 1447 2398 1501 de
2441 1447 2634 1514 Script.
2676 1449 2853 1504 eccles.
2873 1491 2886 1514 ,
2920 1451 2948 1520 ᾗ
2979 1450 3068 1516 89;
3100 1463 3147 1506 et
3174 1453 3322 1522 epist.
3348 1453 3439 1520 8i,
3468 1455 3538 1508 ad

1947 1534 2260 1608 Magnum).
2294 1537 2351 1593 In
2394 1540 2762 1610 manuscripto
2804 1551 2981 1597 tamen
3028 1542 3214 1603 codice
3257 1545 3436 1616 regio,
3486 1556 3542 1602 et

236 1637 591 1709 praetermisit
617 1637 707 1707 qui
733 1636 994 1708 qualesve
1024 1635 1224 1691 fuerint
1245 1632 1300 1688 hi
1321 1632 1567 1701 annales,
1590 1647 1654 1687 ac
1675 1646 1836 1702 quam
1869 1633 1916 1694 Β
1941 1629 2114 1687 altero
2165 1632 2320 1703 cujus
2371 1633 2712 1690 Slewechius
2756 1637 3035 1705 meminit,
3101 1637 3360 1708 scriptum
3416 1651 3533 1695 est:

238 1730 460 1789 illorum
491 1741 740 1789 auctores
763 1741 1060 1804 sequantur
1081 1745 1346 1786 annorum
1373 1729 1444 1786 ab
1471 1727 1603 1784 urbe
1625 1727 1840 1783 condita

237 1827 732 1898 computandorum
770 1828 1056 1883 rationem.

312 1921 384 1975 At
417 1919 843 1988 incompertum,
892 1920 1132 1988 inquies,
1181 1918 1260 1974 illi
1305 1933 1426 1975 esse
1454 1932 1561 1972 non
1591 1925 1834 1989 poterat,

235 2024 347 2082 quo
397 2026 540 2067 anno
583 2010 728 2080 jacta
789 2009 988 2065 fuerint
1031 2010 1219 2065 Romae
1253 2009 1624 2066 fundamenta.
1659 2007 1836 2064 Probe

232 2104 506 2174 siquidem
558 2112 781 2159 noverat
833 2119 939 2159 non
989 2104 1146 2174 longe
1197 2113 1484 2174 antequam
1534 2099 1835 2156 scribendis

234 2197 394 2252 libris
440 2196 552 2252 suis
598 2211 814 2251 manum
864 2195 1232 2262 admovisset,
1283 2195 1630 2250 millesimum
1676 2193 1836 2264 regia:

232 2287 385 2343 illius
428 2286 575 2343 urbis
613 2303 811 2343 annum
853 2288 954 2344 sub
1002 2288 1232 2357 Philippi
1273 2287 1531 2357 imperio,
1577 2285 1677 2341 hoc
1715 2296 1830 2353 est,

231 2382 471 2449 Christi,
505 2383 578 2437 uti
623 2383 802 2449 aiunt,
833 2383 940 2439 247
969 2393 1061 2438 aut
1086 2381 1227 2448 248,
1271 2381 1438 2437 fuisse
1478 2381 1831 2437 celebratum.

228 2476 368 2534 Cum
395 2493 523 2549 ergo
551 2477 682 2535 dicit
710 2498 723 2533 :
758 2479 857 2533 Aut
886 2495 988 2533 non
1011 2477 1223 2532 multum
1253 2478 1316 2532 ab
1347 2478 1426 2532 his
1454 2477 1656 2543 minus,
1690 2475 1830 2530 haud

233 2575 476 2632 obscure
508 2575 774 2646 signiﬁcat
803 2590 862 2630 se
891 2591 1034 2629 anno
1056 2573 1164 2630 296
1195 2574 1280 2630 vel
1308 2573 1437 2639 9.97,
1471 2571 1634 2628 hosce
1665 2571 1831 2627 libros

228 2669 504 2741 publicam
541 2669 789 2725 emisisse
824 2670 878 2724 in
910 2669 1105 2724 lucem.

303 2760 504 2818 Contra
537 2771 712 2818 tamen
741 2762 831 2817 alii
865 2762 964 2818 hos
992 2759 1207 2816 nonnisi
1235 2768 1359 2830 post
1389 2757 1828 2816 trecentesimum

226 2852 434 2912 Christi
480 2871 680 2910 annum
729 2855 906 2911 editos
955 2853 1121 2910 fuisse
1170 2853 1296 2910 inde
1342 2853 1636 2923 colligunt,
1685 2849 1829 2921 quod

224 2947 359 3004 alibi
407 2947 477 3004 ab
514 2964 580 3004 eo
619 2947 820 3004 ethnici
875 2947 1137 3003 adversus
1174 2946 1498 3001 christianos
1533 2945 1612 3000 sic
1645 2943 1829 3012 dispu-

1945 1725 2187 1782 adversus
2214 1729 2461 1784 nationes.
2497 1729 2602 1784 Sed
2633 1733 2809 1800 potior
2834 1731 3047 1787 videtur
3076 1733 3268 1802 lectio,
3301 1735 3540 1790 adversus

1946 1827 2149 1888 gentes,
2202 1835 2362 1890 quam
2421 1821 2780 1894 Hieronymus
2829 1824 2882 1878 in
2930 1824 3091 1894 longe
3142 1828 3540 1898 antiquioribus

1943 1913 2321 1982 manuscriptis
2349 1915 2625 1972 codicibus
2653 1917 2794 1972 haud
2825 1918 2988 1974 dubie
3014 1921 3240 1989 legerat.
3269 1921 3538 1978 Caeterum

1941 2004 2065 2074 quia
2097 2005 2380 2077 utriusque
2421 2008 2794 2079 inscriptionis
2827 2010 2970 2066 idem
3003 2021 3090 2068 est
3118 2027 3342 2082 sensus,
3375 2013 3444 2069 de
3472 2031 3538 2070 ea

1947 2096 2210 2168 longioris
2235 2099 2624 2171 disputationis
2654 2102 2806 2159 ﬁlum
2845 2114 3036 2162 texere
3082 2106 3271 2163 inutile
3314 2124 3536 2179 prorsus

1941 2191 2081 2246 foret
2106 2207 2169 2248 ac
2190 2195 2543 2264 superfluum.

2010 2286 2091 2341 Ex
2138 2295 2362 2359 utroque
2403 2298 2581 2346 autem
2633 2291 2726 2346 illo
2776 2293 2935 2349 titulo
2980 2295 3140 2352 facile
3183 2296 3536 2370 intelligimus

1939 2394 2046 2433 non
2073 2379 2216 2434 aliud
2246 2383 2438 2436 horum
2473 2383 2734 2440 librorum
2767 2398 3146 2459 argumentum
3173 2431 3189 2456 ,
3225 2407 3324 2447 nec
3366 2393 3534 2450 alium

1937 2470 1991 2525 in
2023 2470 2088 2526 iis
2116 2473 2523 2530 conscribendis
2544 2476 2770 2533 Arnobii
2799 2493 3020 2549 scopum
3046 2480 3317 2553 ﬁnemque
3345 2485 3534 2555 fuisse,

1936 2564 2036 2621 nisi
2067 2577 2124 2620 ut
2150 2578 2205 2622 et
2232 2566 2422 2623 falsam
2451 2569 2734 2639 gentilium
2753 2614 2768 2639 ,
2813 2583 2869 2627 et
2898 2574 3319 2631 christianorum
3346 2593 3532 2635 veram

1935 2673 2054 2715 esse
2095 2660 2414 2731 religionem
2461 2664 2884 2722 demonstraret.
2934 2667 3123 2740 Neque
3177 2671 3243 2725 ad
3295 2671 3344 2726 id
3402 2690 3528 2743 pro—

1933 2751 2170 2808 bandum
2201 2754 2443 2824 pluribus
2469 2771 2604 2826 OpttS
2635 2767 2718 2814 est
2745 2761 3074 2829 argumentis
3096 2800 3112 2824 ,
3155 2763 3297 2832 quod
3328 2765 3415 2820 vel
3458 2783 3529 2822 ex

1931 2860 1994 2900 ea
2025 2845 2136 2900 sola
2155 2888 2171 2913 ,
2202 2863 2361 2918 quam
2393 2847 2662 2914 dedimus,
2692 2851 3006 2907 earumdem
3034 2852 3297 2909 librormu
3321 2857 3531 2928 analysi

1932 2937 2181 2994 omnibus
2209 2939 2703 2997 manifestissimum
2733 2957 2856 2998 esse
2885 2943 3066 3000 debet.

222 3041 969 3098 tasseinducunturuAnte
993 3039 1416 3111 quadringentos
1438 3053 1610 3092 annos
1640 3035 1829 3106 religio
1858 3041 1902 3104 ε
2005 3029 2232 3096 Quidam
2281 3047 2411 3086 vero
2462 3041 2751 3104 utrumque
2794 3051 2901 3090 non
2969 3037 3084 3107 pari
3146 3052 3400 3094 successu
3463 3041 3534 3097 ab

221 3145 412 3189 vestra
441 3150 548 3188 non
581 3133 680 3188 fuit
713 3131 924 3204 (lbid.).
952 3153 971 3186 ι
999 3131 1131 3188 Nam
1160 3132 1206 3188 si
1236 3141 1360 3188 ante
1392 3129 1827 3186 trecentesimum

218 3225 425 3281 Christi
454 3241 651 3281 annum
681 3224 903 3296 perfecti
933 3225 1156 3280 fuissent
1180 3223 1234 3279 hi
1260 3223 1399 3288 libri,
1425 3224 1477 3278 in
1501 3223 1580 3278 eis
1605 3221 1694 3276 ille
1720 3235 1826 3277 non

218 3329 348 3374 ante
380 3319 807 3392 quadringentos,
851 3317 945 3374 sed
984 3326 1110 3372 ante
1160 3326 1432 3372 trecentos
1468 3331 1639 3372 annos
1676 3313 1822 3369 chri-

218 3412 458 3468 stianam
499 3411 815 3483 religionem
843 3427 951 3466 non
992 3410 1160 3466 fuisse
1189 3407 1540 3481 proculdubio
1574 3407 1822 3463 dixisset.

217 3501 394 3561 Nobis
421 3504 640 3576 quidem
679 3520 784 3562 non
831 3505 961 3561 latet
993 3505 1312 3575 quibusdam
1341 3504 1514 3558 visum
1543 3501 1824 3557 oscitantia

214 3599 430 3654 librarii
456 3615 552 3670 pro
575 3598 846 3667 trecentis,
875 3599 1270 3670 quadringentos
1299 3597 1549 3666 positum.
1572 3595 1679 3652 Sed
1708 3594 1822 3648 haec

214 3690 538 3760 conjectura
564 3689 760 3746 nullius
786 3690 1134 3762 manuscripti
1160 3689 1364 3746 codicis
1383 3731 1398 3753 ,
1429 3701 1514 3744 aut
1546 3686 1824 3759 scriptoris

215 3782 538 3840 testimonio
584 3794 638 3840 et
680 3785 998 3839 auctoritate
1028 3781 1395 3839 confirmatur.
1431 3779 1564 3847 Quid
1597 3795 1744 3846 vero,
1777 3779 1822 3834 si

213 3875 425 3934 ethnici
471 3875 757 3932 maluerint
784 3877 1042 3947 majorem
1066 3918 1081 3944 ,
1108 3885 1166 3930 ut
1189 3875 1346 3937 solet,
1373 3888 1532 3944 quam
1560 3873 1821 3928 minorem

214 3970 468 4038 proferre
521 3983 780 4024 annorum
836 3970 1156 4024 numerum?
1205 3965 1340 4022 Tum
1395 3964 1636 4036 profecto
1691 3964 1822 4019 nihil

214 4063 349 4120 inde
377 4063 512 4119 certi
540 4063 787 4119 concludi
816 4063 1033 4134 poterit.

287 4156 580 4212 Variantes
626 4172 786 4226 porro
830 4157 962 4212 istas
1006 4152 1074 4211 de
1119 4155 1308 4210 horum
1355 4152 1614 4208 librorum
1660 4159 1821 4206 {etate

213 4250 541 4322 Opiniones,
584 4265 647 4305 ac
687 4250 881 4320 quibus
919 4250 1184 4305 rationum
1227 4247 1519 4302 momentis
1559 4245 1815 4311 nitantur,

213 4343 611 4400 examinandas
634 4343 730 4399 tibi
758 4346 1136 4415 proposuimus
1157 4386 1172 4408 ,
1201 4352 1259 4398 ut
1283 4340 1333 4398 ei
1362 4357 1482 4413 quae
1509 4356 1638 4397 vero
1666 4339 1818 4395 vide-

1935 3123 2172 3179 Arnobio
2202 3125 2399 3180 factum
2428 3127 2738 3194 apinantur.
2781 3128 2968 3200 Longe
2998 3130 3141 3185 enim
3172 3131 3409 3196 felicius,
3444 3134 3531 3189 in-

1929 3217 2122 3289 quiunt
2139 3261 2154 3286 ,
2181 3227 2340 3289 atque
2361 3220 2636 3276 ellicacius
2658 3222 2890 3278 ethnicze
2914 3223 3194 3294 religionis
3218 3225 3534 3295 falsitatem,

1930 3327 2088 3382 quam
2118 3311 2424 3369 christiana:
2456 3315 2734 3371 veritatem
2777 3318 3034 3373 ostendit.
3096 3319 3266 3390 Cujus
3312 3322 3530 3387 quidem

1929 3406 2070 3462 hanc
2101 3417 2288 3477 putant
2334 3423 2456 3464 esse
2494 3410 2793 3478 rationem,
2831 3413 2953 3482 quia
2983 3413 3257 3480 Arnobio,
3301 3414 3534 3487 aliisque

1928 3501 2218 3572 gentilibus
2239 3544 2254 3567 ,
2282 3502 2348 3558 ad
2366 3502 2722 3558 christianam
2752 3505 2910 3560 tidem
2939 3507 3234 3561 novissime
3259 3507 3528 3575 adductis,

1928 3597 2101 3653 multo
2128 3597 2340 3653 facilius
2383 3597 2486 3654 fuit
2525 3599 2722 3670 impios
2752 3600 3163 3672 absurdosque,
3219 3618 3354 3668 quos
3403 3619 3530 3674 per-

1930 3690 2069 3748 fecte
2113 3703 2414 3757 noverant,
2465 3694 2600 3748 ritus
2642 3703 2698 3749 ct
2723 3712 2938 3751 errores
2971 3695 3216 3752 funditus
3242 3708 3525 3767 evertere,

1928 3799 2087 3854 quam
2135 3783 2450 3839 christiana:
2493 3785 2758 3840 doctrina:
2798 3787 2953 3855 cujus
2996 3788 3249 3858 mysteria
3291 3791 3526 3846 nondum

1928 3878 2058 3934 satis
2084 3887 2357 3948 comperta
2386 3878 2654 3934 habebant
2673 3921 2686 3943 ,
2718 3880 3096 3938 demonstrare
3123 3884 3426 3938 veritatem.

2002 3969 2199 4026 Verum
2254 3971 2379 4042 quid
2438 3971 2721 4041 prohibet,
2771 3973 3055 4042 quominus
3104 3973 3138 4028 ii
3181 3973 3284 4044 ipsi
3329 3977 3525 4046 quibus

1925 4079 2075 4120 sacra
2106 4074 2288 4120 nostra
2318 4065 2574 4136 mysteria
2605 4065 2841 4120 nondum
2870 4075 3107 4121 reserata
3157 4077 3314 4130 sunt,
3355 4085 3523 4139 gene-

1926 4159 2125 4215 ralibus
2163 4159 2530 4231 argumentis,
2574 4175 2669 4214 seu
2712 4159 3164 4230 quemadmodum
3209 4161 3522 4220 scholastici

1925 4253 2236 4324 loquuntur,
2292 4253 2668 4310 credibilitatis
2732 4255 2982 4323 motivis,
3034 4257 3316 4312 veritatem
3373 4258 3522 4314 chri-

1924 4346 2113 4401 stiana;
2151 4345 2428 4417 religionis
2474 4346 2824 4403 invictissime
2869 4347 3150 4405 adstruant
3193 4366 3255 4406 ac
3295 4351 3521 4408 demon-

212 4437 366 4493 bitur
392 4436 646 4504 similior,
697 4446 845 4492 tuum
893 4434 1136 4507 przebeas
1161 4449 1466 4490 assensum.
1499 4432 1666 4487 Nobis
1696 4445 1821 4487 vero
1847 4448 1902 4510 Ι)
1926 4439 2136 4494 strent?
2167 4439 2237 4496 At
2283 4437 2416 4493 infra
2457 4440 2949 4497 demonstrabimus
2996 4442 3142 4497 illam
3185 4444 3252 4498 ab
3294 4452 3518 4500 auctore

214 4527 355 4586 nihil
384 4529 588 4585 certius
620 4540 674 4583 et
702 4528 1037 4599 exploratius
1065 4526 1324 4582 hactenus
1349 4524 1635 4586 succurrit,
1661 4538 1818 4595 quam

213 4621 522 4679 Arnobium
554 4620 734 4678 citatis
774 4620 1054 4691 superius,
1095 4629 1149 4675 et
1197 4616 1320 4674 aliis
1367 4620 1482 4686 ejus
1521 4615 1699 4672 verbis
1751 4615 1819 4671 dc

214 4716 429 4772 crudeli
470 4715 890 4772 christianorum
921 4713 1207 4769 vexatione
1229 4753 1244 4779 ,
1294 4711 1361 4766 de
1389 4709 1686 4766 combustis
1719 4722 1816 4763 eo-

213 4828 344 4867 rum
373 4810 557 4878 libris,
589 4819 643 4866 et
673 4809 880 4866 eversis
909 4808 1154 4864 ecclesiis
1175 4806 1497 4863 collineasse
1517 4803 1584 4859 ad
1607 4817 1813 4859 memo-

213 4913 402 4960 ratum
432 4902 751 4959 Diocletiani
781 4901 1021 4957 edictum
1043 4943 1058 4965 ,
1101 4917 1164 4956 ac
1195 4897 1419 4970 proinde
1466 4896 1609 4953 illius
1651 4896 1818 4952 libros

213 4999 368 5054 circa
394 5015 589 5054 annum
623 4996 829 5052 Christi
862 4997 966 5052 505
1000 4995 1196 5066 publici
1247 4995 1416 5050 laetos
1451 4992 1617 5048 fuisse
1653 4989 1816 5062 juris.

212 5091 368 5148 Nihil
403 5101 580 5146 tamen
611 5090 872 5146 audemus
900 5100 1050 5145 certo
1081 5088 1465 5158 pronuntiare,
1495 5084 1656 5157 idque
1684 5083 1819 5139 alio-

214 5202 344 5244 rum
371 5186 575 5257 judicio
604 5185 763 5258 plane
796 5184 1170 5251 relinquimus.

829 5315 1121 5358 ARTICULUS
1156 5316 1194 5355 ll
1203 5340 1214 5353 .

215 5416 304 5470 De
330 5430 444 5468 vera
459 5419 636 5468 horum
660 5416 896 5467 librorum
916 5413 1248 5477 inscriptione,
1274 5415 1744 5477 atqueargumento,
1764 5415 1816 5459 et

285 5487 448 5530 utrum
466 5481 581 5531 illud
605 5487 746 5531 recte
761 5481 824 5529 ab
835 5477 1049 5528 Armhio
1062 5473 1312 5527 tractetur.
1325 5473 1388 5524 de
1411 5473 1537 5524 illius
1547 5473 1686 5538 stylo,
1704 5486 1815 5524 eru-

284 5542 496 5608 ditione,
523 5558 578 5596 ac
603 5543 756 5594 totius
777 5541 944 5606 aperis
967 5543 1016 5591 iu
1038 5538 1187 5589 libros
1210 5544 1262 5589 et
1282 5539 1440 5602 capita
1464 5537 1791 5589 distinctione.

269 5667 474 5732 Nullus
517 5669 570 5725 in
618 5668 991 5740 manuscripto
1041 5666 1239 5727 horum
1280 5664 1508 5730 Arnobii
1545 5664 1812 5724 librorum

522 5764 800 5830 Panos.
841 5761 920 5825 V.

1926 4542 2114 4590 nostro
2168 4533 2430 4589 vindicari
2487 4533 2829 4590 validissimis
2884 4534 3153 4592 rationum
3201 4537 3514 4602 momentis,

1925 4643 2044 4698 quae
2069 4627 2136 4682 ab
2163 4642 2229 4681 eo
2259 4625 2527 4682 ducuntur
2546 4643 2613 4682 ex
2637 4628 2778 4683 veris
2797 4627 2997 4682 Christi
3023 4629 3518 4698 discipulorumque

1922 4719 2042 4791 ejus
2070 4718 2377 4784 miraculis,
2424 4734 2488 4774 ex
2519 4718 2821 4774 admirabili
2852 4735 2982 4774 sane
3010 4736 3072 4775 ac
3103 4735 3240 4789 pene
3285 4717 3517 4772 incredi-

1921 4813 2012 4868 bili
2044 4826 2340 4886 martyrum
2386 4811 2856 4869 iunumerahilium
2899 4813 3198 4870 conSIantia
3225 4851 3239 4875 ,
3267 4823 3426 4882 atque
3446 4826 3515 4866 ex

1921 4909 2203 4964 celerrima
2251 4908 2527 4978 religionis
2574 4909 2914 4972 christianm,
2967 4925 3087 4977 qum
3129 4907 3218 4961 diu
3259 4917 3414 4962 antea
3445 4910 3514 4964 ab

1921 5005 2091 5058 sacris
2113 5001 2324 5057 vatibus
2351 5002 2614 5071 promissa
2640 5001 2815 5058 fuerat
2832 5044 2845 5065 ,
2870 5018 2967 5072 per
2989 5001 3297 5057 universum
3325 5003 3510 5057 orbem

1921 5105 2184 5152 terrarum
2231 5098 2634 5168 propagatione.
2685 5095 2949 5152 Caeterum
3005 5109 3109 5149 non
3163 5097 3299 5151 adeo
3356 5097 3510 5150 inco-

1918 5188 2064 5260 gnita
2109 5188 2346 5243 Arnobio
2397 5188 2614 5245 fuerunt
2664 5187 2841 5242 omnia
2886 5184 3191 5242 chrisﬁanas
3235 5186 3512 5258 religionis

1921 5281 2210 5353 mysteria,
2239 5280 2366 5350 quin
2395 5288 2571 5346 recte,
2606 5279 2681 5333 uti
2729 5294 2828 5333 suo
2878 5277 2998 5333 loco
3022 5279 3254 5346 dicetur,
3287 5279 3354 5334 de
3385 5293 3510 5333 vera

1923 5376 2015 5432 Dei
2040 5383 2256 5438 natura,
2296 5374 2363 5428 de
2391 5374 2608 5428 Christo
2636 5388 2766 5428 vero
2798 5372 2889 5427 Dei
2929 5371 3070 5438 lilio,
3103 5383 3378 5428 servatore
3408 5387 3512 5426 no-

1920 5479 2055 5536 stro,
2089 5467 2318 5537 aliisque
2363 5465 2634 5520 nonnullis
2664 5463 2804 5519 illius
2827 5464 3036 5536 placitis
3078 5473 3133 5520 et
3176 5462 3512 5519 documentis

1920 5561 2300 5635 disputaverit.
2350 5559 2478 5614 Eam
2523 5558 2878 5629 proculdubio
2901 5559 2971 5617 ob
3001 5573 3217 5616 causam
3249 5555 3513 5628 Hierony-

1920 5673 2041 5716 mus
2087 5653 2514 5714 luculentissimos
2557 5653 2674 5726 ejus
2723 5654 2877 5716 libros
2932 5652 3205 5726 appellat;
3237 5647 3364 5721 quia
3412 5663 3520 5706 non

3049 5742 3134 5805 18
