3990 6072
408 192 521 255 395

1672 166 2126 234 MSSERTATIO
2161 164 2445 227 PBEVIA

3589 149 3699 215 390

412 312 593 371 minus
640 303 945 373 luculenter
995 299 1279 359 veritatem
1347 293 1657 351 christiana
1721 287 1997 361 religionis
2025 297 2079 357 Α
2101 283 2420 343 divisionem
2472 278 2668 373 factam
3036 275 3398 373 Hieronymus
3440 284 3571 373 vero
3612 270 3698 373 de

415 399 677 465 adstruit,
717 411 879 468 quam
918 392 1151 452 ethnica
1190 388 1480 444 falsitatem
1508 383 1740 442 destruit
1767 380 1994 454 (Hiero-

415 518 557 575 nynt.
575 540 591 565 ,
618 496 673 551 in
698 495 877 550 chron.
908 489 975 545 ad
994 504 1122 543 ann.
1148 482 1336 575 2542).

487 597 559 651 At
582 598 787 661 quanto
805 584 975 656 magis
1001 582 1103 638 hos
1126 570 1362 637 auctoris
1388 576 1559 634 nostri
1580 573 1753 630 libros
1778 579 2000 643 propter

414 689 850 758 argumentorum
875 677 984 732 vim
1011 684 1066 731 et
1094 671 1304 745 pondus
1346 670 1556 728 extollit
1602 666 1997 758 Hieronymus,

414 756 564 837 tanto
593 776 761 847 magis
790 772 909 843 eius
938 767 1208 827 scribendi
1245 781 1310 822 ac
1348 760 1604 835 loquendi
1655 758 1874 816 modum
1918 756 2002 812 vi-

412 878 644 944 tuperat.
662 867 743 923 Ad
757 864 1037 921 Paulinum
1057 862 1202 919 enim
1218 861 1335 916 haec
1348 856 1561 927 scripsit
1580 854 1634 910 in
1652 853 1814 911 verba
1836 870 1850 906 :
1872 852 2002 906 «Ar-

409 964 604 1025 nobius
619 958 921 1032 inaequalis,
939 965 996 1013 et
1010 955 1209 1011 nimius
1226 961 1309 1008 est
1323 991 1339 1019 ,
1357 950 1561 1018 absque
1580 946 1764 1017 operis
1777 944 1860 1000 sui
1878 958 2004 1016 par-

411 1062 603 1119 titione
629 1053 911 1114 coufusus.
941 1072 961 1104 ›
992 1050 1184 1125 (Epist.
1214 1047 1305 1113 49,
1329 1064 1383 1118 p.
1413 1041 1562 1115 567).
1592 1039 1701 1098 Sed
1729 1037 2006 1108 displicuit

409 1152 700 1215 recentiori
712 1148 922 1207 cuidam
936 1147 1075 1202 inter
1087 1140 1385 1199 heterodox
1392 1153 1453 1193 os
1465 1135 1716 1206 scriptori
1734 1132 1864 1189 illud
1881 1131 2006 1188 Hie-

409 1247 620 1322 ronymi
633 1243 892 1317 judicium
909 1282 925 1308 ,
960 1253 1023 1295 ac
1042 1245 1165 1308 post
1186 1234 1343 1289 allata
1360 1232 1477 1287 haec
1496 1227 1666 1299 ipsius
1680 1224 1844 1281 verba

408 1315 653 1407 trariam,
672 1336 826 1410 quasi
855 1349 923 1391 ex
951 1328 1182 1401 tripode,
1206 1325 1285 1383 sic
1308 1324 1411 1381 fert
1429 1319 1755 1378 sententiam
1784 1336 1797 1372 :
1827 1336 1847 1370 ι
1873 1315 2005 1377 Mihi

411 1436 646 1493 disertus
673 1438 861 1486 auctor
886 1423 1159 1483 Arnobius
1178 1418 1410 1482 videtur,
1434 1423 1490 1471 et
1507 1413 1599 1484 qui
1625 1417 2006 1483 argumentum

408 1547 566 1589 suum
593 1535 781 1584 contra
805 1521 1037 1597 gentiles
1063 1519 1199 1575 adeo
1226 1525 1476 1572 accurate
1508 1522 1565 1568 et
1595 1509 1857 1566 concinne
1876 1519 2003 1576 per-

410 1623 683 1689 tractarit,
718 1628 780 1675 ut
805 1618 1063 1673 adversus
1095 1614 1229 1668 istos
1252 1609 1479 1665 meliora
1502 1604 1609 1661 dici
1629 1615 1821 1673 posse,
1843 1612 2006 1671 quam

414 1737 534 1794 qua:
556 1718 624 1774 ab
639 1714 874 1786 antiquis
892 1712 972 1769 sic
994 1711 1132 1766 bene
1146 1707 1414 1776 disputata
1435 1708 1581 1763 sunt,
1599 1699 1690 1754 vix
1714 1695 2002 1794 videon-1..)
2044 1713 2093 1776 Β

412 1785 1518 1886 (ἨοοτηοὸηΕωετιὶιΛΙιεοιοθηιὶὸ.ι,ωρ.
1538 1785 2013 1886 d,5,_ll,p.15l).

412 1882 522 1964 Sed
540 1904 650 1971 die,
667 1914 872 1974 quxeso,
894 1895 1106 1954 erudite
1124 1889 1397 1960 theologe,
1416 1886 1635 1943 ubinam
1648 1882 2012 1951 Hieronymus

406 2000 605 2057 dixerit
632 2001 1002 2068 argumentum
1034 1986 1165 2044 illud
1188 1986 1257 2041 ab
1280 1981 1521 2039 Arnobio
1546 1994 1655 2037 non
1675 1983 1927 2035 accurate
1954 1982 2011 2029 et

406 2093 670 2152 concinne
688 2086 1035 2162 pertractari?
1072 2081 1180 2138 Cur
1197 2079 1363 2135 libros
1399 2075 1517 2146 eius
1553 2069 2009 2128 luculentissimos

407 2187 665 2260 appellat,
686 2183 789 2239 nisi
804 2181 926 2253 quia
945 2193 1042 2234 suo
1058 2172 1391 2233 stabilienda:
1407 2168 1716 2226 christiana:
1726 2163 2007 2260 religionis

407 2257 686 2355 proposito
720 2271 1181 2332 abundantissime
1201 2327 1206 2336 ,
1228 2262 1526 2322 satisfecit?
1572 2257 1842 2330 Numquid
1873 2272 2007 2313 vero

408 2351 610 2448 negare
635 2383 789 2443 potes
813 2369 966 2424 illum
983 2366 1037 2421 in
1051 2360 1331 2420 suislibris
1350 2373 1475 2415 esse
1488 2356 1694 2427 absque
1714 2353 1901 2423 operis
1918 2351 2007 2407 sui

394 2470 703 2543 partitione
714 2464 1023 2522 confusum?
1045 2462 1233 2517 Nonne
1252 2459 1306 2513 in
1327 2458 1505 2529 primo
1525 2463 1580 2510 et
1595 2450 1840 2509 secundo
1861 2448 2006 2504 libro

404 2540 606 2635 ubique
628 2561 827 2632 passim
847 2555 1055 2613 occurit
1075 2553 1167 2608 illa
1188 2549 1472 2607 confusio?
1497 2546 1754 2602 Fatemur
1774 2540 2001 2613 quidem

404 2658 461 2715 in
510 2656 651 2712 libro
678 2653 843 2709 tertio
868 2655 1187 2721 argumenta
1212 2645 1345 2701 satis
1362 2642 1649 2703 concinne,
1668 2646 1724 2694 et
1741 2644 2004 2693 accurate

405 2746 684 2819 distingui.
718 2743 917 2800 Verum
946 2740 1002 2796 in
1050 2738 1118 2794 iis
1163 2735 1416 2791 omnibus
1442 2731 1643 2789 clarior
1668 2729 1853 2800 utique
1880 2740 2003 2797 par-

404 2843 527 2899 titio
565 2837 930 2896 desideratur.
957 2832 1153 2888 Testes
1196 2842 1386 2886 omnes
1435 2825 1684 2897 appello,
1739 2829 2005 2894 quotquot

406 2936 509 2992 hos
556 2933 725 2988 libros
764 2928 1108 3001 perlegerunt
1126 2956 1162 2989 ,ο
1192 2938 1257 2979 ac
1301 2921 1405 2979 nisi
1455 2919 1593 2975 hanc
1630 2916 2001 2974 confusionem

408 3032 742 3099 agnoscant,
794 3021 918 3076 illos
963 3015 1250 3074 aristarchi
1298 3013 1469 3071 nostri
1518 3013 1678 3084 lynce
1728 3009 2002 3082 perspice.-

406 3122 583 3176 ciores
609 3116 793 3174 oculos
818 3112 1020 3169 habere
1050 3109 1359 3166 fatebimur.

480 3213 646 3270 Nobis
674 3224 838 3282 porro
862 3207 1146 3276 theologus
1184 3220 1216 3257 a
1260 3202 1418 3257 nobis
1457 3199 1704 3257 laudatus
1732 3196 1997 3267 explicet,

410 3308 537 3381 quid
566 3306 741 3361 diserti
771 3302 987 3359 nomine
1017 3297 1279 3369 intelligat
1301 3313 1318 3349 :
1344 3299 1389 3351 si
1415 3295 1632 3350 doctum
1661 3307 1726 3348 ac
1747 3291 1995 3361 peritum,

409 3401 489 3458 illi
515 3398 813 3456 Ascanium
863 3394 1127 3450 disertum
1175 3405 1300 3447 esse
1346 3389 1490 3444 ultro
1535 3384 1921 3449 concedimus;
1952 3381 2004 3436 si

414 3496 562 3559 clare
586 3507 650 3549 ac
677 3490 843 3562 polite
872 3489 1185 3559 loquentem
1208 3526 1224 3550 ,
1255 3485 1303 3540 si
1331 3483 1533 3539 bonum
1560 3480 1847 3536 latinitatis
1873 3493 2004 3531 aue-

417 3597 620 3652 torem,
652 3597 932 3656 negamus.
967 3579 1101 3635 Nam
1140 3576 1452 3647 scriptionis
1496 3574 1639 3629 illius
1681 3587 1853 3644 genus
1896 3585 2006 3625 non

420 3680 583 3745 modo
630 3675 926 3747 iumquale,
983 3673 1210 3728 nimium
1265 3679 1323 3725 et
1373 3667 1682 3724 redundans
1736 3674 1850 3731 est,
1908 3663 2007 3720 sed

420 3773 582 3829 etiam
624 3769 925 3834 incultum,
973 3765 1141 3833 rude,
1174 3762 1515 3834 impolitum,
1557 3767 1720 3830 atque
1747 3757 2009 3814 obsoletis

419 3861 826 3935 quampluribus
853 3858 1030 3916 verbis
1060 3858 1252 3914 durum
1274 3865 1326 3911 et
1346 3868 1621 3925 asperum.
1641 3851 1809 3923 Hujus
1828 3860 2008 3906 autem

422 3958 711 4026 incompta:
733 3954 1108 4023 inornatazque
1155 3950 1407 4007 dictionis
1435 3947 1706 4018 duplicem
1762 3944 2011 4002 nonnulli

420 4047 655 4105 afferunt
728 4046 1016 4103 rationem.
1065 4044 1278 4109 Primo,
1338 4043 1463 4113 quia
1511 4039 1783 4097 Arnobius
1837 4037 2011 4109 patria

421 4146 550 4203 Afer
573 4161 694 4202 cum
719 4153 898 4210 esset,
930 4142 1227 4199 africanum
1257 4138 1513 4211 loquendi
1556 4138 1771 4193 modum
1818 4151 1885 4192 eo
1926 4134 2011 4188 fa-

422 4239 576 4295 cilius
601 4248 839 4295 sectatus
863 4247 948 4293 est
967 4279 983 4306 ,
1029 4251 1138 4307 quo
1173 4236 1332 4297 citius
1369 4232 1538 4290 libros
1565 4247 1692 4288 suos
1716 4231 2010 4301 perficere,

425 4348 627 4403 eosque
655 4331 778 4388 ﬁdei
806 4347 953 4398 sum,
983 4338 1042 4387 ut
1076 4328 1188 4399 jam
1235 4327 1568 4393 notavimus,
1616 4324 1835 4381 obsides
1883 4323 2017 4378 dare

426 4426 660 4483 volebat.
689 4424 969 4494 Secundo,
1001 4423 1116 4478 hazc
1146 4424 1261 4493 ipsa
1285 4436 1381 4477 eos
1424 4420 1655 4477 celerius
1693 4416 2012 4475 absolvendi

2099 376 2337 435 Arnobio
2365 384 2553 432 nostro
2582 372 2636 429 io
2664 386 2761 431 sua
2802 370 2871 429 ad
2900 370 3148 442 Magnum
3178 367 3409 440 epistola
3436 364 3653 435 scripsit
3680 380 3699 419 :

2107 492 2126 525 ι
2162 472 2381 544 Septem
2409 471 2579 528 libros
2606 470 2865 527 adversus
2907 478 3130 540 gentes,
3179 466 3513 536 totidemque
3537 459 3705 518 disci-

2101 566 2258 638 pulos
2268 565 2385 635 ejus
2399 562 2713 622 Lactantius
2722 560 2983 620 condidit.
3009 580 3032 617 ι
3057 558 3425 633 (Hieronqu
3441 556 3590 630 epist.
3607 555 3702 624 85,

2103 678 2224 732 pag.
2251 659 2355 716 656
2376 657 2420 731 ).

2171 753 2331 813 Nulla
2354 760 2533 810 autem
2556 753 2609 809 in
2639 752 2852 823 capita,
2902 749 3188 820 nullasque
3228 748 3285 804 in
3334 746 3604 804 sectiones
3646 742 3707 799 hi

2103 846 2228 903 libri
2250 845 2525 902 distributi
2553 861 2807 916 umquam
2831 844 3074 913 fuerunt,
3100 846 3168 898 At
3187 840 3307 897 huic
3330 839 3550 912 quidem
3571 852 3708 893 con-

2101 941 2292 1011 juncto
2332 938 2756 1009 continuataque
2805 952 3062 995 sermone
3114 933 3389 993 scribendi
3440 933 3581 989 ratio
3617 932 3706 988 vi-

2105 1034 2263 1091 detur
2290 1050 2399 1088 non
2432 1048 2619 1104 parum
2661 1034 2731 1088 ad
2776 1046 2897 1088 eam
2952 1030 3247 1087 contulisse
3292 1028 3706 1093 confusionem,

2106 1142 2266 1198 quam
2312 1126 2473 1196 paulo
2517 1135 2643 1185 ante
2687 1124 3013 1181 notavimus.
3063 1122 3478 1198 Quaproptersi
3505 1121 3626 1192 quis
3652 1119 3710 1175 in

2107 1236 2244 1277 nova
2271 1219 2449 1290 aliqua
2478 1219 2670 1275 horum
2699 1218 2961 1277 librorum
2991 1217 3232 1274 editione
3257 1231 3354 1272 eos
3374 1256 3392 1282 ,
3419 1195 3571 1286 quod
3599 1227 3713 1269 non

2108 1312 2181 1368 ita
2210 1312 2432 1369 difficile
2456 1321 2570 1380 est,
2620 1312 2674 1367 in
2713 1312 2889 1381 capita
2936 1319 3031 1366 aut
3073 1309 3344 1367 sectiones
3384 1306 3709 1375 distribuat,

2108 1407 2155 1461 is
2182 1419 2316 1462 sane
2340 1413 2397 1463 et
2434 1405 2560 1461 huic
2601 1403 2908 1461 confusioni
2949 1403 3276 1471 medebitur,
3306 1412 3360 1459 et
3387 1400 3605 1458 taedium
3633 1400 3714 1457 la-

2107 1499 2406 1572 boremque
2435 1499 2653 1561 lectoris
2680 1499 2978 1571 plurimum
3001 1497 3326 1565 sublevabit.

2708 1648 3002 1689 ABTICULUS
3038 1647 3116 1689 Ill.

2115 1769 2194 1822 De
2229 1771 2404 1829 horum
2437 1771 2671 1823 librorum
2710 1771 3018 1835 integritate,
3046 1782 3115 1835 _ac
3155 1778 3323 1835 tentus
3362 1770 3715 1835 corruptione;

2178 1840 2359 1897 utrum,
2387 1839 2440 1884 et
2462 1846 2490 1882 a
2512 1834 2693 1896 quibus
2718 1831 2854 1897 plura
2877 1831 3123 1882 Arnobius
3142 1831 3441 1897 delibaverit
3462 1847 3474 1882 :
3500 1831 3561 1882 an
3582 1843 3718 1896 quaa-

2175 1897 2286 1946 dam
2311 1896 2579 1960 Scriptura
2602 1896 2754 1948 sacris
2779 1897 3060 1948 testimonia
3082 1896 3329 1946 citaverit.

2184 2023 2457 2096 Integrum
2505 2040 2569 2081 ac
2616 2025 2777 2098 plane
2829 2023 3127 2097 perfectum
3173 2024 3279 2081 hoc
3327 2025 3552 2082 Arnobii
3580 2041 3722 2098 opus

2114 2116 2178 2171 ad
2227 2132 2326 2172 nos
2363 2134 2468 2173 non
2513 2120 2779 2190 pervenit.
2812 2120 2860 2175 Α
2889 2119 3064 2175 doctis
3109 2119 3376 2190 siquidem
3425 2122 3560 2177 viris
3606 2121 3721 2193 jam

2113 2210 2460 2266 observatum
2490 2222 2575 2267 est
2613 2212 2665 2267 in
2698 2212 2842 2267 illius
2872 2212 2979 2268 fine
3004 2213 3207 2284 aliquid
3238 2213 3585 2280 desiderari,
3624 2224 3721 2271 aut

2112 2301 2528 2371 detruncatum,
2580 2314 2672 2360 aut
2717 2304 3061 2361 librariorum
3137 2306 3344 2362 incuria
3413 2305 3716 2377 omissum,

2111 2404 2204 2449 aut
2248 2395 2419 2467 quod,
2452 2395 2593 2451 foeda
2639 2396 2880 2467 priorum
2930 2397 3180 2452 codicum
3227 2398 3574 2469 corruptione
3617 2397 3723 2455 de-

2111 2485 2301 2553 letum,
2335 2487 2438 2555 legi
2497 2487 2730 2559 amplius
2782 2503 2890 2547 non
2931 2490 3126 2561 potuit.
3160 2488 3269 2545 Nos
3327 2505 3456 2545 vero
3478 2489 3590 2561 jam
3624 2490 3725 2546 ob—

2110 2581 2445 2634 servavimus
2487 2581 2716 2651 primam
2786 2582 3145 2653 manuscripti
3197 2582 3402 2638 codicis
3447 2584 3579 2655 regii
3627 2599 3723 2655 ρει-ι

2109 2673 2291 2743 ginam
2376 2673 2641 2728 sublatam
2719 2672 2911 2730 fuisse.
2958 2675 3017 2730 In
3072 2675 3240 2730 totius
3285 2685 3468 2733 autem
3539 2676 3723 2747 operis

2045 2814 2053 2822 .
2109 2764 2217 2820 ﬁne
2264 2765 2465 2836 aliquid
2521 2766 2770 2822 similiter
2820 2769 3287 2840 prmtermissum,
3338 2777 3431 2823 aut
3473 2769 3724 2824 avulsum

2108 2872 2229 2913 esse
2256 2856 2379 2914 inde
2405 2858 2585 2929 colligi
2636 2868 2846 2928 potest,
2900 2859 3045 2931 quod
3092 2860 3166 2915 ibi
3216 2860 3489 2916 Arnobius
3541 2861 3724 2918 varias

2114 2951 2453 3027 ethnicorum
2498 2952 2771 3022 historias,
2804 2969 2937 3023 quas
2966 2952 3351 3009 miraculorum
3377 2954 3561 3025 plenas
3588 2970 3725 3012 ven-

2105 3043 2381 3111 ditabant,
2428 3043 2549 3101 fuse
2588 3044 2898 3118 iuvicteque
2948 3048 3177 3115 refellit;
3230 3050 3296 3104 ad
3348 3064 3466 3106 eam
3526 3049 3728 3106 nihilo—

2036 3118 2080 3181 C
2114 3133 2320 3203 minus,
2368 3151 2526 3206 quam
2578 3135 2701 3206 ipse
2731 3151 2797 3192 ex
2828 3137 3095 3207 Capitolio
3142 3139 3249 3194 ictu
3305 3138 3546 3194 fulminis
3593 3155 3723 3212 per-

2105 3222 2290 3293 culso,
2315 3237 2370 3282 et
2411 3226 2621 3298 dejecta
2652 3228 2803 3284 lovis
2835 3237 3011 3284 statua
3043 3230 3144 3286 sibi
3172 3231 3450 3304 objeccrat
3475 3231 3587 3302 (lib.
3624 3249 3721 3303 vn,

2108 3336 2228 3391 pag.
2257 3317 2421 3391 245),
2458 3320 2593 3375 nihil
2637 3336 2861 3392 prorsus
2911 3322 3225 3393 respondet.
3278 3324 3536 3396 Quamvis
3576 3326 3724 3382 enim

2109 3425 2210 3466 suo
2258 3411 2324 3466 ad
2377 3411 2615 3485 priorem
2667 3413 2948 3469 historiam
2998 3431 3291 3488 responso,
3349 3419 3483 3475 alias
3533 3435 3725 3478 omnes

2110 3503 2348 3560 funditus
2400 3508 2570 3562 everti
2615 3509 2749 3562 satis
2803 3518 2991 3578 aperte
3038 3508 3335 3581 significet;
3389 3513 3511 3585 quia
3543 3523 3725 3570 tamen

2112 3608 2337 3655 caeteras
2366 3614 2558 3656 omnes
2583 3617 2612 3655 a
2645 3617 2705 3658 se
2744 3590 3048 3675 propositas
3092 3605 3404 3678 singillatim
3446 3610 3726 3678 confutet,

2114 3693 2207 3747 vix
2238 3692 2332 3747 ulli
2372 3693 2649 3763 probabile
2699 3695 2790 3749 [iet
2836 3693 2977 3751 hanc
3022 3696 3195 3752 solam
3242 3699 3309 3756 ab
3358 3700 3455 3755 illo
3506 3700 3724 3772 penitus

2115 3791 2370 3845 intactam
2414 3804 2571 3858 esse,
2626 3790 2848 3862 ulloque
2894 3794 3321 3863 praetermissam
3372 3794 3576 3869 absque
3603 3810 3721 3853 res-

2116 3896 2306 3951 ponso.

2190 3974 2492 4042 Praeterea,
2549 3976 2643 4031 ille
2674 3986 2798 4047 post
2846 3975 3012 4032 diluta
3043 3991 3100 4033 et
3142 3994 3337 4036 eversa
3368 3979 3725 4039 Ethnicorum

2118 4076 2461 4139 argumenta,
2505 4082 2572 4123 ex
2605 4068 2979 4135 hujuscemodi
3032 4071 3274 4127 historiis
3323 4074 3529 4144 petita,
3583 4074 3728 4130 solet

2120 4161 2353 4231 aliquam
2403 4168 2593 4215 contra
2618 4160 2743 4215 illos
2789 4171 2844 4217 et
2876 4177 2975 4232 pro
3003 4162 3329 4220 Christianis
3359 4166 3559 4223 elicere
3589 4183 3725 4223 con-

2121 4252 2439 4308 clusionem.
2471 4254 2540 4308 At
2567 4254 2737 4311 sicubi
2772 4272 3005 4326 unquam
3027 4299 3042 4325 ,
3074 4273 3141 4312 eo
3168 4268 3317 4315 certe
3354 4259 3475 4316 loco
3502 4260 3557 4315 id
3601 4259 3723 4317 ﬁeri

2122 4344 2336 4411 debuit,
2388 4345 2477 4400 ubi
2508 4363 2667 4422 quam
2706 4350 2937 4418 gentiles
2987 4350 3376 4409 validissimam
3430 4355 3723 4425 putabant,

2123 4440 2645 4508 argumentationem
2671 4439 2967 4509 diluendo,
3004 4442 3157 4499 libris
3206 4445 3318 4501 suis
3361 4446 3519 4502 finem
3552 4446 3727 4518 impo-

422 4520 696 4578 festinatio
742 4517 1017 4590 prohibuit
1060 4532 1224 4583 sane,
1271 4515 1560 4587 quominus
1609 4511 1700 4567 ille
1741 4513 2006 4566 sermonis

2120 4532 2245 4587 suit.
2270 4531 2656 4587 Verumtamen
2700 4535 2767 4603 si.
2790 4536 2911 4606 quis
2960 4535 3011 4589 id
3054 4536 3158 4607 ipsi
3185 4536 3252 4591 ad
3282 4536 3447 4592 libros
3472 4554 3600 4593 suos
3628 4511 3726 4594 ab-

428 4616 711 4688 elegantiae
731 4623 785 4670 et
805 4613 1079 4668 munditia:
1100 4612 1300 4682 ubique
1316 4610 1581 4665 studeret.
1608 4607 1801 4677 Negari
1833 4616 2014 4661 tamen

428 4724 535 4765 non
566 4718 742 4779 potest
772 4706 999 4778 plurima
1024 4704 1223 4775 passim
1270 4716 1558 4759 occurrere
1603 4711 1759 4770 apte,
1813 4699 2012 4769 polite.

427 4802 702 4873 eleganter
746 4811 802 4856 et
837 4800 1107 4857 rhetorice
1149 4797 1290 4853 dicta
1310 4838 1326 4861 ,
1371 4811 1436 4852 ac
1459 4794 1795 4867 gravissimis
1823 4802 2016 4849 ornata

427 4899 797 4969 illustrataque
827 4895 1004 4953 verbis
1030 4903 1087 4950 et
1112 4892 1411 4950 sententiis.

500 4993 776 5058 Summam
801 5007 931 5048 vero
956 4988 1314 5046 eruditionem
1356 4987 1412 5042 in
1450 4986 1531 5042 eis
1572 4986 1770 5055 passim
1817 4982 2019 5052 ubique

431 5087 834 5145 disseminatam
886 5084 1095 5157 magnis
1149 5081 1392 5154 plerique
1452 5078 1685 5134 efferunt
1739 5075 2010 5131 laudibus.

430 5181 534 5239 Sed
580 5178 851 5235 fatendum
882 5189 966 5235 est
1008 5192 1128 5234 eam
1166 5175 1337 5247 magis
1359 5173 1426 5229 ad
1450 5187 1542 5229 res
1568 5172 1821 5243 profanas
1849 5188 2012 5243 quam

429 5288 644 5339 sacras,
690 5287 913 5341 eo,quo
962 5271 1231 5335 diximus,
1290 5266 1454 5324 modo
1501 5276 1779 5337 spectare,
1822 5266 1898 5320 uti
1936 5279 2010 5321 ex

431 5366 567 5422 infra
593 5362 929 5436 diaputandis
950 5364 1042 5419 fiet
1064 5363 1315 5419 omnibus
1340 5361 1473 5416 satis
1498 5357 1865 5415 manifestum.

502 5459 693 5514 Totum
735 5463 911 5511 autem
938 5470 1072 5525 opus
1097 5456 1167 5509 ab
1193 5455 1424 5525 ipsumet
1452 5452 1690 5508 Arnobio
1717 5463 1924 5522 septem
1951 5452 2009 5506 in

428 5553 596 5610 libros
617 5552 846 5607 divisum
874 5547 992 5603 fuit.
1037 5547 1190 5615 Quod
1228 5547 1444 5617 quidem
1492 5560 1613 5600 cum
1664 5544 2011 5613 manuscripti

427 5650 657 5716 codicis,
710 5656 820 5702 tum
871 5641 1180 5713 Hieronymi
1227 5642 1545 5699 auctoritate
1587 5640 2012 5698 luculentissime

430 5740 702 5816 probatur.
738 5739 855 5798 lam
897 5737 1041 5795 enim
1094 5734 1148 5789 in
1204 5743 1388 5790 vetere
1432 5732 1583 5804 regio
1630 5731 1818 5791 codice
1872 5732 2012 5789 hanc

2121 4623 2409 4679 solvendos
2462 4625 2734 4680 festinanti
2784 4627 3054 4682 excidisse
3107 4629 3433 4695 contendat,
3495 4630 3621 4685 huic
3676 4631 3725 4686 si

2120 4717 2261 4772 istud
2288 4726 2435 4772 recte
2464 4718 2799 4788 probaverit,
2831 4734 2939 4775 non
2986 4721 3393 4778 reluctabimur.
3427 4722 3532 4779 Sed
3574 4726 3726 4796 prius

2123 4813 2431 4868 meminisse
2453 4811 2615 4867 debet
2645 4813 2882 4868 Arnobio
2914 4815 2979 4867 ad
3009 4815 3442 4885 conclusionem,
3470 4832 3536 4873 ex
3562 4817 3725 4876 dictis

2125 4905 2239 4960 suis
2269 4905 2339 4960 ibi
2367 4905 2691 4972 eruendam,
2728 4922 2835 4962 non
2876 4907 3042 4963 multa
3076 4910 3321 4980 profecto
3370 4926 3506 4982 opus
3556 4911 3725 4969 fuisse

2124 5014 2274 5054 mora
2302 5008 2355 5055 et
2381 4998 2745 5055 cunctatione.

2193 5090 2433 5162 Longum
2462 5092 2680 5163 insuper
2705 5090 3065 5163 fragmentum
3086 5134 3103 5160 ,
3147 5092 3359 5150 duabus
3388 5106 3445 5152 et
3491 5099 3724 5169 amplius

2120 5185 2332 5254 paginis
2361 5183 2809 5253 comprehensum
2832 5226 2845 5250 ,
2878 5185 3109 5257 legimus
3138 5187 3264 5243 libri
3294 5190 3517 5246 secundi
3546 5192 3724 5266 initio,

2120 5275 2189 5331 ab
2250 5277 2334 5330 his
2379 5278 2560 5332 verbis
2604 5295 2617 5331 :
2671 5277 2739 5332 Et
2788 5295 2889 5333 non
2943 5284 3170 5335 omnium
3225 5284 3465 5338 virtutum
3512 5304 3722 5359 amore,

2120 5386 2290 5441 usque
2310 5370 2378 5426 ad
2397 5372 2522 5427 illa:
2553 5373 2882 5443 impendeant
2903 5375 3174 5430 creditoris
3202 5376 3316 5451 (lib.
3350 5394 3418 5441 ll,
3449 5396 3571 5453 pag.
3602 5382 3722 5454 45),

2118 5461 2262 5530 (good
2310 5461 2363 5519 in
2409 5465 2779 5535 manuscripto
2818 5464 3009 5521 codice
3037 5475 3095 5523 et
3121 5468 3366 5539 antiquis
3393 5469 3721 5532 editionibus

2120 5554 2511 5623 transpositum
2555 5555 2753 5613 fuerat.
2787 5555 2863 5613 lbi
2896 5573 3131 5631 namque
3163 5575 3228 5615 ea
3260 5560 3438 5623 omnia
3469 5578 3589 5633 qua:
3627 5567 3722 5622 ha-

2124 5645 2340 5715 bentur,
2374 5646 2599 5706 Arnobii
2652 5652 2822 5707 textui
2858 5636 3009 5709 nullo
3040 5655 3202 5726 plane
3232 5655 3394 5712 modo
3418 5659 3716 5719 cohaerent.

2122 5739 2484 5808 Quamobrem
2528 5744 2582 5801 in
2623 5744 2829 5804 ultimis
2873 5747 3207 5808 editionibus
3238 5748 3453 5824 singula
3489 5770 3720 5827 quaeque
