3990 6072
302 167 398 248 397

1565 192 1631 248 lN
1674 187 2041 249 ARNOBIUM.
2083 189 2235 245 CAP.
2278 188 2339 244 ll.

3473 195 3575 251 598

297 310 414 364 loco
444 323 544 365 suo
564 308 694 365 satls
717 309 964 381 apposite
984 309 1228 366 restituta
1245 309 1518 375 videntur,
1546 310 1629 364 his
1652 310 1892 378 exceptis
1919 315 1971 370 Α
2002 326 2019 357 ε
2059 306 2426 377 Numquamne
2451 306 2579 362 illud
2609 306 2881 378 vulgatum
2932 309 3251 378 perstrinxit
3273 322 3430 365 aures
3459 327 3581 367 ves-

294 402 474 456 verbis
507 421 520 456 :
554 412 608 455 ut
637 419 738 456 non
779 403 833 456 in
879 414 1084 457 cunctos
1111 404 1279 456 lumen
1306 413 1351 456 et
1383 402 1705 473 prwtenderit
1733 403 1880 470 vitaz,

295 510 343 555 et
373 502 656 572 periculum
703 503 1040 573 ignorationis
1081 505 1363 570 amaverit;
1413 520 1531 574 qua:
1560 502 1777 574 quidem
1832 502 1886 558 in

294 596 613 667 quibusdam
642 596 970 654 editionibus
997 599 1192 654 omissa
1214 642 1228 665 ,
1260 608 1315 654 et
1345 599 1395 653 in
1426 599 1614 653 ultima
1645 598 1884 653 editione

297 689 424 743 loco
445 688 618 744 adhuc
647 689 824 744 alieno
854 691 1053 745 inserta
1077 707 1238 747 nemo
1264 691 1510 746 fortassis
1548 691 1882 746 diliitebitur.

294 780 484 836 Nonne
511 791 695 836 autem
724 781 774 837 id
824 782 1027 839 indicio
1071 783 1214 840 haud
1257 785 1414 855 plane
1456 784 1686 839 obscuro
1733 784 1887 838 nobis

293 884 379 930 est
407 875 619 929 illorum
645 917 660 941 ,
688 874 777 946 qui
810 875 1016 931 ultimis
1047 881 1239 932 horum
1271 877 1531 933 librorum
1562 877 1888 956 editionibus

296 967 663 1036 praefuerunt,
699 968 915 1037 propria
961 968 1285 1024 auctoritate
1331 970 1521 1024 factam
1549 969 1716 1024 fuisse
1744 985 1884 1039 pra:-

296 1070 566 1130 posteram
598 1061 742 1116 illius
769 1060 1053 1133 fragmenti
1083 1064 1497 1120 restitutionem.

368 1153 526 1208 Aliud
559 1169 719 1226 porro
749 1163 877 1209 ante
922 1155 1084 1210 linem
1137 1155 1258 1209 libri
1305 1156 1519 1226 septimi
1552 1165 1889 1228 segmentum

295 1249 361 1304 ab
391 1249 472 1303 his
499 1250 679 1305 verbis
706 1267 719 1305 :
746 1248 869 1304 Non
896 1251 1029 1305 imus
1056 1249 1263 1320 inﬁcias
1283 1295 1297 1318 ,
1350 1266 1521 1324 usque
1552 1250 1619 1306 ad
1665 1252 1751 1306 illa
1803 1253 1887 1305 in-

294 1343 500 1396 clusive
531 1358 545 1394 :
580 1341 708 1397 Post
735 1345 1001 1410 advectos,
1038 1352 1166 1411 etc.,
1217 1344 1268 1398 in
1301 1345 1665 1414 manuscripto
1702 1343 1888 1400 codice

295 1436 446 1506 regio
469 1445 523 1490 et
548 1436 938 1506 antiquissimis
969 1437 1296 1494 editionibus
1326 1438 1632 1506 exhibetur,
1683 1440 1735 1492 in
1782 1455 1888 1509 quo

297 1529 485 1599 plura,
541 1545 660 1600 qure
710 1531 859 1600 prius
908 1530 1164 1601 dispersis
1211 1532 1262 1586 in
1293 1532 1422 1587 locis
1447 1531 1588 1587 dicta
1639 1531 1885 1599 fuerant,

299 1624 520 1680 totidem
567 1625 746 1680 verbis
802 1627 994 1681 iterum
1042 1627 1311 1696 descripta
1347 1636 1489 1681 sttnt.
1522 1627 1885 1697 Quapmpter.

1992 411 2106 456 tras
2164 421 2176 455 :
2234 401 2562 470 Sapientiam
2631 401 2865 456 hominis
2922 404 3200 457 stultitiam
3257 419 3376 460 esse
3432 406 3577 472 apud

1990 494 2156 547 Deum
2189 512 2208 544 ›
2246 493 2483 564 (Aruob.,
2515 493 2604 546 lib.
2630 509 2696 559 ll,
2746 511 2864 564 pag.
2899 495 3051 563 46.)?
3102 496 3383 566 Snmptum
3431 497 3579 552 enim

1989 587 2254 656 aliquibus
2286 587 2423 641 haud
2458 587 2728 642 immerito
2778 588 3073 652 videbitur.
3121 605 3185 644 ex
3219 592 3300 646 his
3328 591 3475 645 Pauli
3505 592 3575 646 ad

1990 679 2296 735 Corinthios
2329 681 2541 737 verbis:
2579 683 2846 751 Sapientia
2870 684 3022 753 hujus
3052 685 3228 738 mundi
3259 687 3474 740 stultitia
3501 697 3576 741 est

1990 775 2130 844 apud
2177 774 2341 828 Deum
2375 775 2426 844 (l
2466 777 2534 828 ad
2575 774 2832 838 Corinth.,
2864 792 2899 838 1,
2927 779 3038 846 19).
3067 777 3363 847 Utcumque
3398 789 3580 835 autem

1990 882 2077 921 res
2105 881 2161 921 se
2193 867 2418 930 habeat,
2451 867 2544 920 vix
2579 867 2744 921 ullum
2791 868 2936 922 aliud
2968 869 3019 922 in
3051 872 3302 925 omnibus
3348 872 3579 926 Aruobii

1991 959 2142 1014 libris
2173 960 2536 1014 teStimonium
2571 961 2831 1029 invenies,
2867 976 2932 1017 ex
2963 977 3115 1018 sacra
3145 965 3420 1034 Scriptura
3452 967 3582 1020 toti-

1991 1053 2111 1107 dem
2142 1053 2310 1122 ipsius
2333 1052 2533 1120 verbis,
2567 1054 2652 1108 vel
2681 1055 2918 1109 auctoris
2950 1057 3166 1109 nomine
3195 1059 3440 1112 citatum.
3471 1057 3578 1113 No.

1992 1145 2089 1198 luit
2118 1146 2315 1215 itaque,
2341 1157 2525 1215 aperta
2545 1146 2788 1215 ejusdem
2818 1163 2987 1203 sacrae
3015 1149 3306 1220 Scriptura:
3335 1154 3578 1208 auctori—

1992 1248 2121 1306 tate,
2176 1242 2434 1299 adversus
2464 1245 2708 1301 ethnicos
2762 1247 3054 1313 dimicare,
3109 1253 3358 1319 quamvis
3400 1252 3490 1307 alii
3526 1255 3583 1308 in

1993 1333 2178 1389 iisdem
2229 1337 2486 1394 adversus
2537 1341 2658 1395 illos
2705 1341 3159 1410 diSputationibus
3225 1346 3451 1402 feliciter
3500 1348 3587 1403 usi

1991 1427 2118 1482 sint.
2155 1429 2315 1486 Suam
2346 1435 2543 1504 quippe
2591 1435 2852 1491 adversus
2900 1437 3145 1493 homines
3201 1439 3347 1494 illam
3395 1457 3584 1511 asper-

1993 1532 2206 1592 nantes,
2237 1540 2454 1595 0peram
2490 1511 2714 1598 perdere
2742 1530 2884 1584 haud
2915 1531 3074 1587 dubie
3096 1535 3405 1590 verebatur.

2063 1614 2424 1682 Quamobrem
2475 1621 2730 1692 pleraque
2776 1625 2954 1678 omnia
3006 1624 3202 1680 Christi
3238 1628 3496 1682 miracula
3530 1631 3586 1686 in

297 1716 636 1772 Stewechius
657 1717 709 1772 in
736 1733 830 1773 sua
863 1718 1053 1772 horum
1082 1719 1305 1774 Arnobii
1336 1718 1595 1774 librorum
1624 1719 1881 1786 editione,

1992 1709 2114 1762 novi
2167 1709 2496 1766 Testamenti
2548 1714 2700 1769 libris
2746 1715 3056 1787 descripta,
3105 1733 3213 1773 non
3248 1728 3353 1774 tam
3381 1737 3449 1776 ex
3480 1722 3587 1778 illis

296 1827 358 1867 ea
407 1813 586 1867 omnia
636 1811 703 1867 ad
757 1813 938 1884 operis
983 1813 1189 1869 calcem
1242 1813 1449 1883 rejecit.
1484 1812 1543 1868 In
1598 1813 1886 1884 postremis

295 1921 424 1961 vero
469 1906 798 1962 editionibus
859 1908 1074 1977 penitus
1143 1908 1344 1962 omissa
1413 1917 1561 1962 sunt.
1613 1907 1722 1962 Sed
1767 1907 1885 1962 haec

294 1997 517 2053 emissio
548 1997 750 2066 notari,
809 2010 900 2054 aut
936 1999 1084 2054 illius
1125 1998 1302 2069 aliqua
1347 1999 1536 2056 saltem
1567 1999 1704 2054 ratio
1735 1998 1886 2055 reddi

291 2095 540 2151 debebaL

361 2188 583 2257 Qnmret
604 2188 833 2244 fortasse
859 2189 1052 2260 aliquis
1074 2204 1170 2243 cur
1195 2188 1444 2243 librarius
1468 2197 1573 2243 tam
1595 2187 1884 2243 absurdum

290 2281 652 2353 fragmentum
686 2284 738 2338 in
769 2283 992 2338 Arnobii
1028 2292 1231 2338 textum
1276 2281 1552 2339 intrudere
1581 2296 1746 2336 ausus
1791 2283 1883 2336 sit.

293 2375 398 2430 Sed
435 2373 808 2445 hujuscemodi
845 2375 1166 2430 temeritatis
1213 2389 1431 2430 causam
1479 2373 1719 2445 proferre
1746 2373 1886 2428 difﬁ-

291 2468 553 2524 cillimum
595 2478 696 2525 est.
731 2469 920 2526 Nonne
953 2480 1134 2526 tamen
1162 2469 1305 2526 haud
1333 2470 1513 2542 inepte
1543 2471 1644 2525 dici
1692 2470 1886 2540 poterit

291 2560 578 2631 quamdam
604 2559 655 2615 in
690 2563 855 2633 priori
877 2563 1175 2618 arnobiano
1205 2562 1416 2629 codice,
1450 2578 1516 2618 ex
1543 2579 1650 2634 quo
1681 2563 1886 2633 primus

291 2655 541 2711 librarius
589 2671 746 2712 suum
797 2659 1171 2728 transcripsit,
1227 2657 1401 2714 fuisse
1451 2659 1738 2726 lacunam,
1793 2667 1888 2714 aut

289 2750 450 2806 verba
482 2761 787 2817 vetustate,
839 2764 933 2808 aut
978 2754 1086 2808 alio
1132 2753 1314 2824 aliquo
1346 2769 1476 2810 casu
1516 2753 1730 2822 deleta,
1764 2770 1884 2827 qua:

289 2840 385 2896 ille
429 2858 644 2914 quoquo
693 2843 906 2899 tandem
961 2845 1124 2901 modo
1170 2845 1425 2917 supplere
1473 2845 1670 2915 voluit,
1705 2859 1760 2901 ut
1789 2863 1884 2902 co-

289 2933 464 2990 dicem
487 2951 643 2991 suum
668 2937 873 3008 majore
904 2938 1166 2994 venderet
1189 2941 1364 3010 pretio
1385 2983 1400 3007 ,
1433 2951 1487 2996 et
1514 2941 1765 2996 omnibus
1798 2942 1883 2996 in-

289 3038 500 3100 tegrum
539 3045 661 3086 esse
703 3031 1098 3102 persuaderet?
1138 3029 1212 3089 Ut
1257 3043 1314 3088 ut
1343 3033 1446 3100 sit,
1481 3032 1595 3089 hzec
1623 3049 1728 3089 non
1761 3048 1884 3090 esse

287 3123 509 3178 Arnobii
540 3122 816 3179 monuisse
843 3123 1093 3179 sufﬁciat.

363 3213 605 3271 Plurima
628 3224 806 3271 autem
831 3217 884 3272 in
905 3218 1096 3274 eodem
1119 3217 1342 3274 Arnobii
1368 3227 1517 3275 textu
1540 3220 1655 3274 loca
1683 3219 1881 3289 passim

287 3318 583 3366 occurrunt
602 3296 636 3374 ,'
657 3325 685 3361 a
718 3307 939 3364 librario
968 3311 1235 3367 oscitante
1263 3320 1317 3366 et
1346 3313 1532 3382 ignaro
1575 3311 1715 3368 laede
1755 3327 1880 3367 coro

287 3411 468 3473 rupta.
496 3401 603 3458 Sed
633 3417 694 3456 ea
721 3403 1028 3472 singulatim
1054 3420 1338 3460 recensere
1370 3417 1476 3460 tam
1506 3405 1662 3462 nobis
1690 3405 1876 3474 facile,

285 3511 450 3568 quam
480 3495 600 3550 aliis
631 3495 923 3551 molestum
964 3496 1105 3552 haud
1133 3496 1291 3553 dubie
1320 3498 1477 3554 foret.
1509 3500 1553 3553 A
1585 3511 1691 3553 tam
1721 3500 1878 3568 longa

283 3593 468 3662 itaque
497 3591 709 3646 illorum
739 3592 1148 3649 enumeratione
1186 3609 1328 3649 nunc
1371 3609 1436 3650 eo
1465 3594 1736 3651 lubentius
1779 3594 1877 3650 ab-

282 3685 551 3740 stinemus
575 3723 591 3749 ,
635 3696 742 3753 quo
793 3683 1019 3739 inferius
1067 3686 1333 3756 prtecipua
1363 3698 1538 3743 errata
1570 3687 1877 3759 corrigendi

281 3786 339 3832 et
396 3773 722 3832 emendandi
773 3778 1128 3847 opportunior
1175 3779 1466 3836 identidem
1518 3765 1732 3838 dabitur
1781 3800 1875 3840 oc-

279 3869 451 3924 casio.

350 3959 657 4017 Observare
683 3961 898 4017 interim
916 3963 1066 4033 juvat
1095 3977 1196 4020 nec
1218 3980 1420 4036 paucos
1440 4009 1455 4034 ,
1486 3982 1587 4024 nec
1614 3969 1877 4040 ignobiles

276 4056 331 4111 in
361 4053 446 4109 his
470 4055 618 4110 libris
647 4056 715 4109 ab
739 4056 979 4111 Aruobio
1010 4068 1260 4114 auctores
1282 4059 1456 4114 citari.
1487 4063 1556 4115 At
1581 4077 1646 4117 ex
1668 4061 1876 4117 duobus

275 4148 545 4218 imprimis
566 4189 580 4212 ,
612 4147 874 4204 Cicerone
903 4159 957 4204 et
982 4150 1263 4207 Clemente
1288 4151 1655 4207 Alexandrino
1680 4197 1694 4221 ,
1739 4169 1876 4223 quo-

275 4254 399 4297 rum
433 4241 662 4312 primum
711 4241 907 4297 alicubi
953 4258 1246 4312 espresso,
1301 4245 1533 4300 alterunt
1583 4261 1876 4317 suppresso

275 4336 500 4392 nomine
523 4337 741 4403 laudat,
784 4338 1011 4408 plurima
1039 4340 1316 4418 delibavit.
1345 4341 1516 4408 Quam
1545 4344 1712 4397 multa
1747 4357 1876 4398 vero

275 4447 348 4488 ex
377 4432 644 4488 Cicerone
671 4433 1034 4504 decerpserit,
1078 4435 1256 4492 disces
1319 4437 1401 4492 his
1457 4439 1766 4510 Hieronymi
1809 4441 1875 4494 ad

1993 1802 2332 1875 deprompta,
2349 1823 2508 1877 quam
2532 1825 2598 1863 ex
2621 1817 2790 1874 certa,
2811 1813 3083 1866 Constanti
3113 1828 3176 1868 ac
3203 1815 3410 1884 publica
3446 1816 3587 1872 fama

1991 1907 2044 1953 et
2074 1901 2314 1955 omnium
2347 1902 2689 1958 confessione
2717 1905 2943 1974 probata
2969 1909 3235 1977 proponit.
3266 1911 3336 1964 At
3362 1893 3582 1980 alicubi,

1991 1999 2048 2045 ut
2074 1991 2126 2046 id
2149 1993 2328 2049 obiter
2352 1995 2723 2063 observemus,
2754 1998 2820 2053 de
2845 1999 3070 2068 panibus
3101 2018 3130 2056 a
3160 2001 3378 2057 Christo
3406 2006 3588 2061 multi-

1994 2087 2204 2155 plicatis
2225 2089 2304 2144 sic
2336 2089 2613 2160 loquitur:
2641 2110 2659 2144 ι
2687 2091 3037 2163 Sequentium
3062 2111 3121 2150 se
3138 2097 3301 2151 millia
3324 2099 3580 2170 quinque,

1991 2180 2228 2251 quinque
2259 2185 2520 2238 saturavit
2550 2185 2796 2254 panibus,
2833 2203 2896 2243 ac
2928 2204 2995 2243 ne
3027 2205 3149 2245 esse
3181 2193 3462 2263 pra'stigiae
3495 2194 3582 2248 in-

1989 2272 2226 2329 credulis
2264 2275 2372 2330 illis
2403 2277 2719 2332 viderentur
2745 2288 2798 2334 et
2819 2279 2969 2336 duris
2990 2324 3004 2348 ,
3030 2283 3113 2337 bis
3143 2297 3394 2340 senarum
3423 2302 3581 2356 spor-

1989 2375 2162 2439 tarum
2195 2370 2347 2426 sinus
2396 2373 2744 2443 reliquiarum
2802 2375 3153 2443 fragminibus
3209 2382 3518 2451 aggerebat.
3557 2408 3575 2435 ι

1989 2459 2128 2533 (Lib.
2162 2478 2197 2528 ι,
2235 2482 2352 2536 pag.
2387 2465 2506 2537 26).
2540 2465 2607 2522 At
2641 2468 2694 2524 in
2728 2467 2964 2526 Matth-mi
3000 2473 3271 2544 Marcique
3292 2475 3586 2548 Evangelia

1989 2553 2215 2624 legimus
2246 2574 2260 2610 :
2295 2558 2501 2630 Septem
2543 2579 2795 2631 panes...
2823 2575 2868 2618 et
2906 2568 3043 2636 quod
3069 2568 3322 2639 superfuit
3349 2571 3412 2624 de
3438 2572 3584 2642 {rag-

1989 2648 2171 2703 mentis
2213 2651 2438 2706 tulerunt
2482 2665 2673 2726 septem
2714 2667 2916 2724 sportas
2970 2659 3167 2727 plenas.
3190 2660 3344 2730 Apud
3379 2663 3580 2720 Lucam

1990 2757 2118 2797 vero
2143 2761 2156 2797 :
2185 2745 2418 2816 Acceptis
2441 2748 2661 2818 quinque
2690 2751 2905 2818 panibus
2924 2790 2936 2804 .
2961 2791 2975 2805 .
2998 2794 3010 2806 .
3035 2795 3048 2807 .
3102 2763 3150 2808 et
3198 2755 3453 2809 sublatum
3506 2766 3584 2812 est

1991 2836 2126 2907 quod
2153 2841 2408 2908 superfuit
2435 2838 2540 2894 illis
2575 2843 2782 2912 cophini
2814 2844 3100 2898 duodecim.
3160 2843 3400 2918 Denique
3440 2849 3584 2920 apud

1988 2927 2250 2985 Joannem
2280 2950 2291 2986 :
2325 2931 2649 3002 Collegerunt
2673 2951 2792 3004 ergo
2812 2977 2826 3002 ,
2875 2948 2924 2992 et
2949 2938 3284 3008 impleverunt
3313 2941 3582 2997 duodecim

1990 3024 2234 3094 cophinos
2263 3027 2666 3096 fragmentorum
2690 3045 2755 3083 ea:
2776 3029 2995 3099 quinque
3022 3033 3236 3099 panibus
3263 3033 3580 3089 hordeaceis.

1912 3121 1957 3184 Ο
1989 3115 2199 3186 (Matth.
2229 3134 2320 3185 xv,
2349 3119 2417 3174 54
2448 3127 2503 3174 et
2531 3136 2679 3190 seq.;
2713 3120 2904 3187 Mora,
2938 3139 3047 3185 vm,
3077 3123 3111 3178 6
3133 3133 3186 3180 et
3207 3141 3393 3197 seqq.;
3424 3127 3581 3194 Lua,

1986 3226 2066 3277 IX,
2097 3212 2196 3276 l7;
2229 3211 2388 3269 Joan.
2410 3255 2425 3279 ,
2453 3229 2504 3268 vn
2535 3255 2549 3280 ,
2585 3215 2697 3285 l5).
2729 3217 2889 3284 Atqui
2921 3226 3126 3285 septem
3160 3228 3380 3286 Sportae,
3405 3230 3462 3276 ut
3491 3221 3587 3276 ali-

1985 3303 2076 3372 qui
2106 3315 2454 3373 annotarunt,
2489 3307 2630 3376 plus,
2664 3323 2825 3377 quam
2865 3309 3150 3364 duodecim
3195 3311 3458 3381 cophinos
3488 3329 3582 3368 ca-

1985 3396 2220 3463 piebant.
2258 3398 2392 3455 Vide
2419 3415 2548 3471 ergo
2579 3411 2758 3456 utrum
2789 3400 3062 3459 Arnobius
3088 3447 3102 3470 ,
3141 3420 3262 3460 cum
3297 3407 3410 3463 inec
3439 3410 3574 3464 scri-

1983 3487 2158 3556 beret,
2185 3493 2463 3544 memoria:
2497 3491 2681 3562 lapsu,
2713 3508 2911 3550 nomen
2939 3505 3233 3566 aperturum
3265 3513 3363 3568 pro
3387 3500 3579 3572 cupbi-

2019 3596 2172 3638 orum
2204 3583 2278 3638 ibi
2307 3584 2566 3656 posuerit.

2593 3720 2885 3762 ARTICULUS
2907 3722 2980 3761 IV.

2165 3841 2244 3891 De
2265 3842 2551 3906 quibusdam
2575 3847 2826 3897 erroribus
2855 3845 3074 3902 Arnobio
3109 3852 3382 3918 adscriptis.

2068 3967 2280 4025 Nemini
2329 3983 2474 4028 certe
2518 3974 2711 4029 mirum
2763 3976 2932 4032 videri
2983 3979 3204 4034 deberet
3254 3982 3576 4053 Arnobiutn,

1979 4061 2216 4118 nondum
2247 4064 2479 4132 perfecta
2509 4065 2710 4121 divinae
2740 4069 3034 4138 Scriptura:
3072 4087 3460 4146 sacrorumque
3489 4092 3578 4132 re-

1980 4154 2192 4224 ligionis
2218 4167 2414 4212 nostra:
2453 4160 2830 4230 mysteriorum
2865 4163 3051 4216 notitia
3088 4164 3470 4236 infortuntum,
3515 4171 3570 4224 in

1980 4248 2259 4319 quosdam,
2293 4268 2412 4306 cum
2447 4253 2544 4307 hos
2571 4253 2734 4309 libros
2766 4259 3150 4326 componebat,
3179 4260 3466 4332 impegissc
3492 4281 3578 4320 er-

1981 4357 2161 4397 rorum
2185 4347 2452 4415 scopulos.
2473 4345 2664 4402 Utrum
2684 4358 2859 4405 autem
2876 4351 2998 4420 jure
3021 4353 3104 4408 vel
3130 4355 3324 4425 injuria
3355 4358 3572 4415 illorum

1977 4448 2280 4502 accusetur,
2314 4441 2728 4510 expendendum
2761 4453 2864 4498 est.
2900 4445 3114 4500 Primus
3159 4449 3338 4518 itaque
3367 4451 3417 4504 in
3453 4467 3569 4506 me-

277 4523 530 4594 Magnutn
561 4525 739 4580 verbis
772 4543 785 4578 :
820 4527 960 4591 Quos
981 4569 994 4594 ,
1031 4529 1256 4584 Aruobii
1285 4530 1479 4595 libros,
1515 4531 1559 4585 si
1600 4533 1765 4603 legere
1788 4549 1874 4587 vo-
1901 4533 1956 4595 D
1979 4530 2122 4583 dium
2154 4531 2378 4601 prodeat
2409 4533 2894 4607 llieronymns,qui
2920 4538 2985 4591 ad
3009 4537 3437 4610 Tranquillinnm
3461 4542 3576 4598 inec

279 4619 476 4684 lueris,
533 4619 860 4690 dialogorum
920 4618 1214 4688 Ciceronis,
1271 4623 1525 4678 videlicet
1581 4624 1649 4680 de
1678 4625 1879 4682 Natura

275 4711 506 4768 deorum
536 4715 590 4766 in
615 4709 685 4769 eis
711 4716 954 4789 ἐπιτὸμην
1003 4719 1223 4786 reperies
1275 4716 1616 4789 (Hieronym.
1641 4762 1655 4781 ,
1720 4722 1872 4790 epist.

278 4821 511 4873 Lnxttt,
561 4808 629 4860 ad
671 4807 848 4879 Magn.
872 4851 885 4875 ,
935 4827 1053 4880 pag.
1086 4809 1234 4883 656).
1268 4810 1398 4878 Quae
1441 4823 1621 4866 autem
1654 4828 1716 4869 ex
1750 4813 1878 4867 Cle-

279 4912 468 4957 mente
509 4903 879 4958 Alexandrino
922 4916 1109 4960 auctor
1139 4917 1324 4962 uoster
1355 4905 1536 4962 hausit
1557 4951 1569 4971 ,
1603 4924 1664 4963 ea
1699 4925 1765 4963 ex
1797 4909 1876 4978 ip-

279 4994 401 5049 sius
439 4994 504 5048 ad
533 4993 754 5050 Graecos
796 4995 1162 5053 admonitione
1195 5007 1465 5055 mutuatus
1511 5007 1612 5055 est.
1661 5000 1880 5076 Singula

281 5102 477 5158 porro,
509 5103 633 5158 qua:
657 5103 723 5144 ex
757 5097 986 5162 utroque
1007 5090 1271 5162 scriptore
1301 5107 1427 5148 suos
1458 5092 1510 5148 in
1538 5093 1706 5148 libros
1735 5100 1883 5148 tran-

281 5182 464 5246 stulit,
515 5197 638 5236 cum
683 5182 821 5237 infra
867 5199 894 5236 a
947 5183 1100 5240 nobis
1153 5185 1469 5255 exponenda
1517 5187 1654 5251 sint,
1703 5186 1882 5241 hisne

281 5274 476 5330 eadem
501 5284 814 5345 repetamus
833 5316 848 5344 ,
879 5291 1020 5332 nunc
1044 5278 1392 5334 recensendis
1418 5278 1878 5350 supersedendum

283 5369 560 5425 duximus.

362 5463 512 5519 Nulla
538 5472 714 5520 autem
745 5465 827 5520 his
868 5465 922 5519 in
948 5465 1100 5521 libris
1126 5482 1380 5538 expressa
1399 5510 1413 5533 ,
1443 5477 1532 5522 aut
1561 5467 1727 5520 citato
1755 5479 1886 5519 auc-

286 5556 427 5612 toris
441 5558 674 5621 nomine,
691 5557 997 5612 testimonia
1020 5575 1190 5615 sacrae
1211 5559 1501 5632 Scripturte
1523 5558 1763 5630 protulit,
1782 5557 1883 5612 nisi

284 5648 428 5704 illud
458 5649 595 5720 quod
624 5665 730 5706 non
758 5657 866 5705 tam
895 5667 961 5707 ex
991 5667 1146 5708 sacro
1176 5655 1356 5725 aliquo
1381 5656 1648 5724 scriptore
1669 5695 1682 5720 ,
1723 5666 1885 5722 quam

283 5758 358 5800 ex
411 5743 640 5813 quodam
686 5745 894 5814 vulgari
944 5760 1196 5805 sermone
1226 5748 1529 5818 profectum
1567 5745 1881 5817 signiﬁcat:

1982 4625 2194 4694 scripsit
2221 4627 2272 4680 in
2305 4627 2463 4681 verba
2491 4644 2505 4683 :
2545 4649 2562 4681 (
2598 4628 2710 4700 Ego
2739 4632 3027 4701 Origenem
3061 4647 3278 4705 prOpter
3309 4637 3572 4691 eruditio-

1984 4733 2104 4771 nem
2137 4717 2214 4771 sic
2242 4718 2508 4772 interdum
2544 4721 2822 4790 legendum
2853 4724 3108 4792 arbitror,
3141 4728 3410 4796 quomodo
3437 4727 3573 4784 Ter—

1984 4810 2297 4877 tulliauum,
2343 4810 2642 4880 Novatum,
2692 4817 3023 4885 Arnobiunt,
3070 4819 3470 4889 Apollinarem,
3525 4835 3582 4880 et

1982 4903 2268 4958 nonnullos
2308 4904 2704 4961 ecclesiasticos
2743 4908 3074 4978 scriptores;
3129 4920 3181 4964 ut
3212 4913 3348 4965 bona
3383 4929 3574 4970 eorum

1983 4998 2272 5069 seligamus
2297 5043 2310 5066 ,
2343 4999 2682 5070 vitemusque
2710 5005 2981 5057 contraria
3009 5046 3023 5071 ,
3067 5005 3221 5073 juxta
3255 5010 3570 5077 Apnsloluut

1986 5091 2290 5149 dicentem:
2324 5095 2512 5150 Omnia
2545 5097 2792 5167 probate,
2833 5098 2973 5168 quod
3008 5099 3204 5153 bonum
3234 5111 3515 5158 esttcnete
3550 5125 3569 5157 ι

1987 5184 2344 5259 (Hieronym.,
2379 5191 2524 5260 epist.
2561 5189 2665 5257 56,
2697 5193 2764 5244 ad
2791 5189 3079 5260 Tranquill.
3105 5237 3119 5262 ,
3156 5211 3274 5268 pag.
3313 5198 3460 5269 589).
3497 5198 3578 5255 Ita

1985 5295 2115 5335 sane
2144 5281 2373 5336 eximius
2400 5283 2487 5337 ille
2514 5283 2596 5336 vir
2623 5283 2866 5353 qumdam
2892 5284 2942 5337 in
2965 5287 3186 5343 Arnobii
3217 5292 3412 5356 nostri,
3439 5293 3580 5348 sicut

1990 5384 2044 5426 et
2073 5373 2297 5426 aliorum
2329 5374 2680 5443 quorumdam
2724 5376 2874 5433 libris
2909 5380 3149 5436 cavenda
3182 5397 3302 5439 esse
3329 5399 3428 5440 nos
3457 5401 3576 5440 mo—

1990 5463 2142 5517 deste
2173 5464 2470 5519 admonuit.

2061 5555 2259 5612 Verum
2315 5557 2644 5613 recentiores
2685 5561 2904 5631 quidam
2937 5581 3044 5622 non
3075 5575 3186 5622 tam
3216 5569 3355 5636 sequi
3375 5609 3390 5634 ,
3419 5578 3582 5637 atque

1989 5648 2366 5721 Hieronymus,
2400 5651 2452 5704 in
2480 5651 2730 5720 antiquos
2773 5668 2992 5715 nostros
3046 5659 3352 5729 scriptores
3399 5657 3588 5724 animi,

1989 5741 2243 5802 audacter
2284 5741 2558 5803 affirmant
2583 5742 2886 5813 Arnobium
2908 5766 3021 5816 non
3043 5750 3102 5808 in
3123 5752 3565 5820 qvi-mammam
3585 5787 3600 5813 τ
