3990 6072
363 203 471 264 599

1581 192 2031 253 DlSSERTATlO
2070 189 2348 248 PRAEVIA

3541 180 3646 238 400

355 322 455 379 sed
489 321 728 376 onmium
757 317 1106 391 gravissimos
1155 313 1412 372 incidisse
1456 327 1693 370 errores.
1723 313 1805 368 Ab
1839 312 1946 367 lle-
1977 310 2031 370 A
2056 311 2363 380 nuscriptus
2405 304 2609 373 codex,
2655 305 2706 360 in
2757 304 3173 374 locupletissima
3209 301 3644 360 christianissimi

357 414 514 472 raldo
545 413 808 482 siquidem
842 408 1196 467 intolerabilis
1229 408 1390 477 plane
1430 407 1750 476 ignorantia:
1776 416 1829 461 et
1861 422 1952 461 er-

354 509 503 565 roris
545 508 745 563 idcirco
782 505 1196 570 condemnatur,
1232 502 1377 574 quod
1409 501 1671 556 adversus
1713 500 1946 572 gentiles

353 600 702 672 disputando,
723 599 957 654 fateatur
983 611 1044 652 se
1072 581 1285 651 nescire
1315 595 1404 664 qui
1436 595 1545 648 veri
1576 593 1684 650 sint
1709 594 1801 647 dii.
1825 593 1948 647 lltec

353 707 538 751 autem
586 703 712 749 sunt
753 689 976 747 Arnobii
1006 689 1072 744 ad
1101 689 1349 745 ethnicos
1371 688 1532 744 verba
1566 704 1580 740 :
1621 707 1639 738 α
1671 687 1773 754 Qui
1799 695 1945 753 sunt,

353 788 598 860 inquitis,
629 787 701 843 dii
726 785 879 842 veri?
919 785 987 841 Ut
1013 783 1286 839 communi
1325 783 1477 838 vobis
1503 791 1560 836 et
1581 781 1811 851 simplici
1837 795 1950 835 res-

352 884 690 957 pondeamus
721 879 883 936 verbo
913 897 926 933 :
978 877 1096 933 Non
1145 877 1342 932 scimus
1379 895 1398 928 ι
1435 875 1694 946 (Arnob.,
1729 874 1818 928 lib.
1851 889 1943 937 vn,

351 996 474 1050 pag.
504 978 660 1048 2H).
693 977 861 1043 Quem
903 975 956 1028 in
993 973 1169 1027 locum
1219 970 1517 1026 lleraldus:
1559 987 1577 1019 ι
1616 968 1942 1028 Enimvero,

346 1070 444 1136 ait,
469 1071 589 1124 haec
618 1067 883 1140 ignoratio
906 1065 1204 1121 tolerabilis
1237 1079 1343 1118 non
1371 1071 1472 1127 est,
1501 1071 1666 1132 atque
1690 1059 1813 1113 hinc
1835 1073 1946 1128 ap-

345 1174 502 1235 paret
520 1163 839 1226 Aruobium,
865 1176 986 1215 cum
1010 1159 1111 1214 hos
1133 1159 1302 1212 libros
1323 1157 1606 1222 scriberet,
1635 1155 1686 1208 in
1706 1153 1831 1208 Ii-lei
1859 1151 1943 1206 vel

345 1257 636 1328 praecipuis
664 1254 933 1326 capitibus
960 1251 1130 1308 fuisse
1153 1250 1483 1322 hospitem.)
1515 1249 1665 1303 Itane
1695 1261 1826 1302 vero
1845 1246 1945 1300 Ar-

345 1349 543 1405 nobius
594 1364 702 1403 non
755 1354 962 1401 tantum
1005 1344 1058 1398 in
1086 1359 1196 1398 uno
1224 1359 1288 1398 ex
1323 1340 1607 1412 przecipuis
1664 1336 1943 1406 religionis

343 1441 644 1511 capitibus,
688 1439 784 1494 sed
831 1438 1075 1493 omnium
1125 1436 1295 1506 primo
1323 1451 1386 1489 ac
1415 1432 1785 1497 fundamento,
1819 1444 1942 1483 cum

342 1533 512 1590 hosce
545 1533 710 1588 libros
736 1531 1046 1596 conﬁceret,
1075 1544 1260 1585 errare
1293 1526 1502 1598 potuit?
1535 1524 1695 1593 Quid,
1741 1539 1838 1578 oro
1868 1532 1940 1587 te,

343 1636 462 1682 toto
489 1627 592 1681 hoc
618 1627 669 1680 in
701 1641 868 1695 Opere
897 1623 1039 1678 aliud
1063 1622 1192 1693 agit.
1229 1621 1332 1675 nisi
1367 1631 1425 1674 ut
1451 1618 1619 1673 falsos
1648 1633 1769 1672 esse
1809 1632 1942 1687 gen-

2055 406 2197 474 regis
2240 403 2410 460 nostri
2464 400 2790 456 bibliotheca
2835 410 3172 468 asscrvatus,
3216 400 3396 471 ibique
3424 413 3646 454 numero

2053 498 2179 552 olim
2214 497 2371 561 1341,
2407 511 2548 549 nunc
2578 493 2740 559 5975,
2775 504 3014 550 notatus.
3046 492 3104 546 ln
3128 507 3195 546 eo
3221 505 3399 547 autem
3431 501 3643 562 septem

2053 590 2278 646 Arnobii
2307 589 2462 644 libris
2481 588 2771 659 adjunctus
2799 597 2884 643 est
2911 587 3129 641 Minucii
3153 585 3348 641 Felicis
3368 586 3642 650 Octavius,

2054 695 2326 754 tamquam
2357 695 2578 738 octavus
2627 683 2851 738 Arnobii
2883 682 3043 737 liber.
3073 681 3187 748 Qua
3215 679 3282 736 de
3305 697 3362 735 re
3393 690 3554 749 atque
3577 677 3646 733 de

2053 779 2275 849 hujusce
2300 778 2653 848 manuscripti
2679 777 2884 832 codicis
2909 778 3229 846 antiquitate
3261 776 3392 832 satis
3413 779 3464 830 in
3484 790 3643 846 supe-

2051 875 2182 928 riori
2230 873 2613 929 dissertatiOne
2663 870 3325 944 disputaviinus(Dissert.
3356 871 3409 925 in
3440 871 3640 926 Minue.

2055 967 2259 1037 Oetam,
2289 986 2404 1040 cap.
2439 968 2495 1035 2,
2518 977 2615 1022 art.
2647 966 2728 1039 2).
2777 967 3128 1023 Observatum
3181 975 3358 1022 autem
3411 982 3441 1020 a
3487 966 3640 1022 nobis

2056 1061 2256 1117 ibidem
2291 1063 2387 1117 init
2428 1063 2655 1133 plurima
2687 1063 2739 1117 in
2771 1064 2875 1117 hoc
2909 1061 3096 1117 codice
3128 1061 3326 1132 passim
3354 1075 3642 1116 occurrere

2047 1152 2252 1210 librarii
2299 1154 2466 1210 latine
2519 1169 2741 1226 prorsus
2781 1140 3071 1209 nescientis
3100 1165 3303 1209 errata.
3337 1153 3442 1209 Sed
3475 1153 3526 1208 in
3560 1152 3641 1207 his

2049 1247 2272 1302 Arnobii
2307 1247 2461 1302 libris
2490 1248 2647 1319 longe
2671 1248 3034 1318 frequentiora
3055 1255 3204 1315 sunt,
3217 1263 3280 1303 ac
3303 1246 3640 1316 potissimum

2049 1341 2101 1396 in
2127 1342 2359 1413 propriis
2378 1351 2470 1398 aut
2494 1344 2674 1398 minus
2699 1342 2909 1398 usitatis
2937 1343 3246 1398 nominibus
3271 1340 3642 1397 describendis

2048 1428 2296 1491 indoctus
2327 1437 2414 1491 ille
2440 1436 2613 1492 scriba
2643 1437 2842 1506 sapius
2868 1437 3214 1508 crassiusque
3239 1435 3463 1491 erravit.
3513 1435 3639 1489 Inu-

2046 1527 2153 1582 tilis
2180 1541 2363 1584 autem
2389 1545 2570 1600 operm
2609 1530 2752 1586 foret
2781 1530 3150 1600 longissimam
3205 1544 3450 1583 errormn
3496 1528 3641 1583 illius

2046 1623 2241 1676 seriem
2276 1621 2360 1677 hic
2387 1632 2652 1678 retexere.
2685 1622 2849 1677 Multa
2885 1623 3029 1678 enim
3061 1622 3147 1676 illa
3175 1632 3355 1678 errata
3382 1623 3432 1676 in
3468 1620 3641 1675 vario-

337 1720 515 1774 tllium
539 1719 764 1785 dt-os,et
791 1733 953 1771 unum
981 1716 1287 1780 dumtaxat,
1313 1730 1471 1785 quem
1503 1711 1806 1774 christiani,
1835 1709 1940 1764 illis
1971 1729 2018 1789 Β
2047 1730 2162 1768 rum
2189 1715 2351 1782 notis,
2377 1726 2426 1770 et
2460 1717 2630 1770 multo
2657 1716 2806 1786 plura
2833 1715 2884 1770 in
2913 1717 3182 1770 variarum
3213 1713 3502 1769 lectionum
3526 1713 3639 1768 col-

343 1813 596 1868 omnibus
651 1810 1038 1867 commentitiis
1091 1810 1306 1879 penitus
1352 1806 1592 1872 rejectis,
1618 1799 1936 1869 a'dorabant,

342 1905 517 1961 Deum
551 1905 926 1960 demonstret?
955 1895 1150 1956 Nonne
1172 1900 1296 1954 inde
1323 1897 1728 1953 evidentissime
1756 1904 1938 1949 Osten-

339 1997 779 2054 ditChi-istianos
798 1998 952 2068 plane
983 1993 1253 2049 immerito
1285 1992 1424 2047 hanc
1453 1991 1522 2045 ob
1553 2005 1668 2045 rem
1700 1989 1766 2042 ab
1800 1986 1937 2041 Eth-

338 2092 480 2148 nicis
498 2092 700 2158 vexari,
715 2102 771 2147 et
788 2091 935 2147 omni
955 2088 1340 2161 suppliciorum
1360 2086 1523 2141 etiam
1542 2084 1938 2140 dirissimorum

343 2200 546 2258 genere
569 2185 749 2238 allici?

416 2277 624 2334 Deinde
652 2291 782 2332 vero
808 2293 930 2333 cum
961 2276 1195 2333 ethnicis
1221 2272 1682 2345 interrogantibus
1710 2271 1802 2342 qui
1833 2273 1942 2326 sint

343 2374 460 2430 veri
511 2374 625 2439 dii,
671 2371 944 2428 Arnobius
995 2369 1287 2441 respondet
1318 2385 1377 2425 se
1406 2367 1636 2432 nescire,
1672 2367 1939 2422 rationem

340 2467 603 2522 continuo
627 2465 822 2531 reddit,
855 2465 978 2535 quia
1005 2464 1123 2518 illos
1146 2478 1435 2533 numquam
1465 2462 1691 2515 viderat.
1717 2460 1794 2514 Ex
1823 2458 1941 2512 cth-

341 2561 482 2618 nicis
511 2569 691 2615 autem
724 2575 784 2616 se
811 2559 1082 2614 audivisse
1135 2557 1331 2613 fatetur
1361 2573 1455 2613 eos
1483 2570 1601 2610 esse
1628 2569 1787 2624 quam
1821 2552 1942 2622 plu-

339 2655 511 2710 rimos
533 2670 548 2710 :
573 2653 662 2723 qui
695 2653 912 2724 quidem
932 2693 947 2716 ,
980 2653 1024 2706 si
1053 2651 1287 2720 uSpiam,
1320 2659 1379 2705 ut
1407 2648 1607 2705 ethnici
1638 2647 1938 2717 Opinabatt-

337 2759 448 2814 tur,
497 2750 760 2814 existant;
813 2748 898 2805 vel
937 2747 984 2802 si
1027 2743 1138 2802 veri
1165 2747 1308 2810 sint,
1361 2755 1420 2801 ut
1462 2744 1765 2810 Terentius,
1800 2742 1941 2797 haud

337 2841 506 2898 dubie
535 2842 727 2905 Varro,
756 2840 938 2907 credit,
968 2839 1168 2896 debent
1215 2840 1458 2910 profecto
1493 2838 1628 2892 tales
1655 2851 1777 2893 esse
1806 2851 1941 2907 qua-

337 2935 423 2990 les
461 2935 834 3000 nominantur,
869 2934 1128 3004 ingeniti,
1161 2932 1386 2997 mterni,
1421 2930 1555 2986 nihil
1591 2941 1821 2985 terrente
1846 2943 1941 2983 vo-

339 3027 566 3100 luptatis
616 3037 935 3100 appetentes
959 3071 975 3095 ,
1003 3027 1264 3097 aequalis
1290 3035 1373 3080 est
1406 3025 1547 3079 Deus
1569 3024 1938 3092 omnipotens,

2041 1807 2301 1885 lectaneis
2325 1850 2340 1873 ,
2385 1808 2438 1862 in
2472 1808 2657 1862 ultima
2687 1807 2880 1863 horum
2914 1808 3174 1862 librorum
3201 1806 3442 1862 editione
3467 1805 3639 1877 publi-

2042 1900 2218 1969 catis,
2272 1911 2546 1956 notantur.
2593 1899 2712 1956 Alia
2761 1911 2937 1957 tamen
2980 1901 3052 1956 ibi
3089 1900 3452 1971 prmtermissa
3484 1900 3640 1957 nobis

2041 1995 2260 2051 eosdem
2285 1995 2453 2052 libros
2484 1995 2674 2065 majori
2715 2011 2845 2051 cura
2884 1997 3187 2066 legentibus
3237 2003 3638 2062 occurrerunt,

2041 2105 2162 2160 quae
2192 2098 2397 2159 postea,
2425 2089 2513 2143 ubi
2542 2104 2602 2144 se
2626 2090 2841 2144 occasio
2867 2089 3037 2154 dabit,
3063 2088 3440 2144 indicabimus.

2113 2181 2318 2238 Praeter
2347 2181 2492 2237 hunc
2519 2183 2943 2253 manuscriptum
2988 2181 3232 2237 codicem
3262 2191 3492 2236 testatur
3519 2183 3638 2238 Ste-

2043 2276 2286 2330 wechius
2315 2275 2479 2330 alium
2515 2286 2804 2344 vetustum,
2836 2286 2883 2329 et
2911 2284 3043 2330 nota:
3071 2277 3309 2342 perbono:
3337 2273 3636 2346 (Stcweclt.,

2041 2374 2190 2444 epist.
2226 2373 2292 2425 ad
2319 2370 2508 2443 Lect.),
2540 2372 2808 2442 quondam
2840 2372 2892 2425 in
2919 2370 3094 2426 Flacci
3141 2369 3365 2442 Illyrici,
3397 2385 3460 2425 ac
3489 2370 3640 2425 dein-

2041 2481 2172 2536 ceps
2203 2465 2420 2521 Henrici
2445 2465 2638 2520 Petraei
2663 2473 2930 2535 potestate
2957 2464 3143 2530 fuisse,
3169 2480 3231 2519 ex
3252 2463 3403 2533 cujus
3425 2463 3639 2517 varian-

2044 2560 2184 2616 tibus
2232 2559 2558 2615 lectionibus
2577 2599 2592 2624 ,
2625 2575 2655 2613 a
2681 2559 2972 2614 Francisco
3002 2557 3178 2611 Modio
3207 2557 3468 2627 Brugensi
3490 2555 3637 2611 J.-C.

2043 2651 2286 2707 collectis
2312 2662 2367 2707 et
2392 2652 2458 2707 ad
2492 2667 2551 2707 se
2579 2651 2779 2714 missis,
2814 2651 3040 2706 Arnobii
3071 2660 3278 2706 textum
3307 2649 3533 2704 inlinitis
3560 2651 3642 2706 lo-

2043 2746 2122 2801 cis
2151 2762 2210 2800 se
2238 2747 2545 2801 correxisse
2566 2787 2580 2811 ,
2630 2745 2921 2815 magnique
2957 2745 3219 2800 momenti
3257 2747 3479 2799 lacunas
3513 2761 3644 2814 snp-

2044 2839 2278 2909 plevisse
2310 2839 2652 2894 testilicatur.
2679 2841 2748 2892 At
2769 2838 2838 2894 de
2869 2837 3030 2908 hujus
3051 2837 3175 2892 libri
3200 2880 3214 2904 ,
3260 2854 3421 2909 quem
3455 2838 3644 2894 videre

2044 2935 2199 2990 nobis
2228 2950 2336 2989 non
2370 2934 2544 3002 licuit,
2579 2933 2900 3003 antiquitate
2930 2942 2987 2988 et
3011 2933 3282 3004 elegantia
3329 2933 3464 2988 nihil
3492 2943 3644 2988 certo

2044 3036 2288 3085 statuere
2333 3043 2642 3099 possumus.
2673 3027 2834 3084 Facta
2867 3039 3044 3084 tamen
3088 3027 3483 3084 Stewechiauze
3510 3028 3645 3083 alia-

337 3141 500 3196 quem
529 3125 806 3182 christiani
832 3139 1021 3180 omnes
1052 3123 1228 3178 sciunt
1253 3132 1417 3191 atque
1447 3119 1755 3190 intelligunt
1800 3114 1940 3186 Quid
1963 3129 2014 3190 C
2047 3141 2274 3196 rumque
2306 3125 2468 3195 hujus
2489 3127 2670 3194 operis
2692 3124 2991 3180 editionum
3023 3123 3316 3180 collatione
3339 3122 3647 3194 deprehen-

341 3235 474 3291 crgo
522 3219 638 3275 lnec
682 3219 949 3274 adversus
997 3216 1246 3274 ethnicos
1288 3214 1602 3285 disputatio,
1643 3227 1704 3266 ac
1735 3221 1941 3266 naturae

347 3313 548 3369 divina:
576 3311 868 3384 explicatio
895 3311 1061 3366 habet
1100 3307 1439 3364 intolerabile
1459 3348 1475 3372 ,
1508 3316 1601 3360 aut
1627 3302 1858 3358 hominis
1887 3303 1939 3356 in

339 3408 631 3480 precipuis
677 3407 802 3462 ﬁdei
848 3406 1115 3477 capitibus
1159 3403 1382 3459 omnino
1431 3400 1699 3472 hospitis?
1750 3398 1943 3453 Nonne

340 3517 473 3559 vera
512 3510 596 3557 est
645 3501 734 3556 illa
768 3499 863 3555 Dei
908 3497 1299 3569 omnipotentis
1344 3495 1494 3560 idea,
1526 3492 1816 3562 explicatio
1840 3531 1856 3557 ,
1889 3498 1946 3545 et

341 3593 682 3664 descriptio?
723 3591 895 3648 Porro
921 3600 1102 3646 autem
1132 3604 1318 3645 sanatn
1351 3603 1473 3643 esse
1503 3587 1740 3641 auctoris
1773 3582 1943 3638 nostri

340 3689 414 3746 de
444 3689 555 3744 Deo
587 3687 879 3758 divinaque
925 3694 1116 3741 natura
1149 3681 1459 3753 opinionem
1491 3679 1627 3734 infra
1658 3676 1940 3734 evidenter

343 3780 717 3838 ostendemus.

416 3876 507 3938 At,
558 3873 792 3944 inquies,
845 3873 979 3928 dicit
1023 3887 1082 3928 se
1123 3885 1228 3928 non
1274 3871 1417 3926 scire
1443 3869 1536 3940 qui
1567 3869 1677 3924 sint
1701 3865 1815 3922 veri
1845 3863 1941 3927 dii,

340 3955 473 4042 quid
508 3969 607 4024 hac
638 3969 801 4040 igitur
832 3968 1133 4038 ignorantia
1181 3967 1358 4021 minus
1406 3963 1784 4019 tolerandum?
1837 3957 1945 4015 Sed

339 4062 466 4133 quis
490 4078 597 4117 non
623 4061 820 4128 videat,
837 4059 997 4125 hanc,
1024 4069 1080 4115 ut
1106 4059 1278 4122 aiunt,
1300 4073 1421 4114 esse
1439 4059 1670 4112 oratoris
1697 4053 1940 4124 ﬁguram,

343 4157 488 4228 quia,
527 4156 806 4212 rhetorum
824 4171 996 4221 more,
1021 4170 1085 4210 ex
1109 4155 1340 4222 ipsemet
1359 4151 1790 4207 adversariorum
1815 4163 1946 4202 con-

343 4251 582 4307 fessione
633 4251 795 4307 falsos
850 4250 1136 4320 nullosque
1165 4265 1289 4305 esse
1317 4247 1597 4319 gentilium
1626 4245 1758 4300 deos
1783 4259 1942 4299 coar-

341 4344 480 4414 guit,
504 4359 567 4397 ac
587 4343 818 4414 proinde
845 4341 1044 4396 nemini
1079 4356 1178 4397 nec
1204 4340 1304 4395 sibi
1333 4339 1626 4410 cognitam,
1651 4353 1770 4409 qua:
1799 4336 1944 4391 nulla

342 4451 469 4491 esse
492 4444 725 4506 poterat,
755 4434 970 4488 illorum
999 4433 1359 4488 divinitatem.

2045 3217 2223 3272 dimus
2277 3217 2424 3274 hunc
2477 3218 2756 3282 codicem,
2799 3217 2944 3284 alio,
2995 3232 3102 3288 quo
3138 3217 3218 3272 usi
3249 3233 3435 3272 sumus
3457 3217 3649 3274 codice

2045 3313 2217 3384 regio,
2254 3327 2360 3368 non
2387 3327 2511 3369 esse
2539 3313 2708 3368 multo
2736 3311 3123 3368 correctiorem
3145 3353 3163 3379 ,
3196 3311 3502 3383 iisdemque
3533 3314 3648 3370 lere

2046 3421 2264 3475 semper
2314 3416 2529 3462 scatere
2577 3405 2827 3473 mendis,
2877 3403 3068 3460 foedari
3126 3405 3648 3475 transpositionibus

2047 3509 2102 3555 et
2130 3498 2531 3566 additionibus,
2571 3514 2637 3555 ac
2671 3500 2908 3556 hiatibus
2943 3515 3202 3556 mancum
3248 3514 3370 3556 esse
3409 3507 3466 3556 et
3503 3498 3649 3554 hiul—

2047 3609 2192 3649 cum.

2120 3687 2196 3742 Ex
2244 3688 2425 3757 priore
2459 3694 2640 3742 autem
2677 3687 3050 3756 manuscripto
3076 3686 3265 3744 codice
3295 3687 3444 3758 regio
3475 3687 3649 3758 prima

2049 3779 2243 3836 horum
2295 3780 2522 3835 Arnobii
2577 3779 2836 3835 librorum
2877 3779 3044 3834 editio
3089 3779 3277 3834 Romze
3303 3779 3646 3847 auno1542,

2050 3877 2196 3930 curis
2238 3874 2420 3928 Fausti
2471 3872 2648 3930 Sabaei
2691 3873 2931 3928 Brixiani
2962 3874 3224 3927 adornata
3254 3882 3358 3934 est.
3391 3885 3554 3943 atque
3581 3888 3651 3928 cx

2049 3983 2112 4022 ea
2144 3966 2259 4022 fere
2280 3979 2470 4021 omnes
2494 3974 2678 4034 postea
2707 3964 3046 4036 prodierunt.
3067 3964 3316 4022 Secunda
3342 3981 3472 4022 vero
3499 3964 3652 4020 Basi-

2049 4062 2148 4117 leae
2180 4063 2321 4132 apud
2351 4063 2706 4130 Frobenium,
2731 4078 2875 4118 anno
2904 4062 3063 4130 1516,
3085 4079 3314 4118 excussa
3346 4063 3443 4118 fuit
3470 4061 3650 4119 studio

2049 4153 2377 4224 Sigismundi
2421 4155 2634 4211 Gelenii
2663 4198 2679 4223 ,
2727 4156 2819 4226 qui
2852 4155 3034 4225 plures
3063 4155 3364 4216 superioris
3390 4155 3648 4211 editionis

2050 4263 2266 4304 errores
2295 4249 2364 4305 ab
2393 4250 2459 4305 iis
2479 4291 2496 4317 ,
2550 4249 2642 4320 qui
2674 4249 2726 4303 in
2760 4248 3006 4320 legendis
3053 4249 3248 4320 priscis
3279 4248 3650 4305 caracteribus

2049 4345 2329 4400 exercitati
2373 4359 2482 4399 non
2517 4353 2708 4411 erant,
2741 4344 2796 4399 in
2828 4344 3051 4399 Arnobii
3091 4355 3294 4400 textum
3318 4344 3562 4400 intrusos
3589 4359 3650 4400 se

2048 4440 2354 4495 correxisse
2403 4441 2656 4495 afﬁrmat.
2700 4439 2835 4495 Ct‘un
2879 4456 3010 4496 vero
3038 4440 3130 4495 ille
3165 4450 3340 4496 taceat
3367 4451 3547 4496 utrum
3578 4457 3648 4496 ex

419 4529 525 4585 Alii
553 4527 797 4600 profecto
831 4526 1044 4598 plurimi
1075 4536 1202 4581 sunt
1230 4541 1444 4581 errores
1471 4524 1539 4581 de
1559 4523 1754 4595 quibus
1775 4524 1945 4577 Arno—
1972 4539 2026 4600 D
2051 4531 2423 4601 manuscripto
2488 4531 2679 4588 codice
2725 4533 2910 4605 aliqua
2967 4544 3170 4589 ιρχιιηη
3229 4535 3600 4591 emendaverit
3629 4581 3643 4603 ,

342 4621 469 4679 liius
501 4623 822 4692 pOstulatur,
866 4620 1119 4674 nimirum
1147 4620 1218 4675 de
1246 4634 1456 4674 summo
1487 4619 1595 4671 Deo
1620 4658 1636 4683 ,
1687 4616 1754 4670 de
1803 4614 1946 4669 illius

343 4718 450 4784 ira,
482 4717 549 4772 de
576 4717 754 4772 anima
800 4713 1058 4781 hominis,
1089 4713 1156 4768 de
1188 4721 1428 4783 peccato,
1461 4710 1529 4766 de
1555 4709 1732 4766 carnis
1760 4724 1941 4765 resur-

340 4811 608 4879 rectione,
638 4811 707 4866 de
730 4810 904 4882 poenis
927 4809 1236 4879 impiorum,
1265 4807 1334 4862 de
1356 4807 1691 4878 publicarum
1715 4804 1940 4860 calami-

347 4913 518 4961 tatum
549 4921 733 4970 causa,
755 4905 986 4976 aliisque
1016 4903 1290 4973 religionis
1315 4902 1623 4957 christiana:
1645 4901 1940 4956 documen-

347 5001 439 5055 tis.
473 5000 578 5055 Sed
610 5010 786 5054 utrum
810 4998 931 5068 jure
971 4997 1054 5052 vel
1095 4995 1288 5051 li’lCl‘ilO
1317 4995 1398 5049 vel
1431 4994 1700 5049 immerito
1747 4992 1940 5048 horum

345 5092 590 5146 omnium
645 5105 890 5146 errorum
938 5097 1215 5159 arguatur,
1241 5101 1340 5141 nos
1363 5086 1500 5140 infra
1527 5086 1686 5141 solito
1706 5084 1941 5139 candore

345 5181 806 5246 examinahimus,
851 5181 939 5236 ubi
982 5181 1050 5238 de
1102 5179 1288 5235 iisdem
1335 5178 1438 5233 illis
1467 5192 1636 5233 sacra:
1666 5176 1941 5245 religionis

344 5287 549 5334 nostra:
574 5275 914 5346 dogmatibus
941 5285 996 5331 et
1024 5274 1359 5347 argumentis
1407 5271 1712 5342 disputandi
1763 5269 1940 5340 aptior

343 5371 500 5428 locus
522 5368 677 5424 nobis
704 5382 826 5424 sese
855 5367 1063 5424 oﬁ‘eret.

953 5477 1248 5518 ARTICULUS
1277 5479 1327 5517 ν.

343 5582 423 5638 De
451 5585 597 5636 variis
642 5585 815 5637 horum
839 5581 1073 5698 libratur:
1101 5585 1348 5698 Coldicibtts
1379 5588 1718 5652 manuscriptis
1751 5594 1804 5639 et
1828 5585 1937 5639 edi:

627 5679 634 5688 .
1066 5660 1144 5698 om
1182 5663 1254 5698 IIS.

627 5679 634 5688 ι
1026 5660 1254 5699 ιιοωυιιδ.

336 5757 401 5838 ιν
412 5753 565 5816 Unus
595 5765 799 5818 tantum
825 5754 982 5821 nobis
1007 5763 1258 5831 superest
1285 5755 1479 5820 horum
1528 5758 1788 5822 librorum
1815 5774 1938 5817 ωας

2049 4642 2230 4682 nonne
2281 4624 2405 4680 inde
2451 4625 2631 4696 colligi
2677 4637 2853 4696 potest
2888 4627 3032 4682 hunc
3062 4627 3236 4698 ipsum
3265 4627 3378 4682 suis
3407 4636 3645 4683 tantum-

2049 4719 2212 4774 modo
2241 4719 2571 4789 conjccturis
2595 4727 2835 4774 tentasse
2860 4719 3124 4774 medicam
3156 4721 3222 4776 iis
3249 4719 3509 4776 adbibere
3533 4735 3645 4774 ma-

2049 4811 2221 4868 num?
2252 4811 2460 4868 Rursus
2489 4827 2619 4866 vero
2651 4811 2702 4865 hi
2733 4812 2954 4867 Arnohii
2983 4812 3104 4867 libri
3135 4829 3201 4868 ex
3226 4814 3414 4870 iisdem
3439 4815 3645 4876 Frobe-

2048 4908 2225 4962 nianis
2269 4906 2408 4978 typis
2459 4921 2601 4960 anno
2652 4906 2826 4971 1560,
2875 4906 2926 4961 in
2958 4908 3146 4962 eadem
3178 4909 3341 4977 urbe,
3371 4925 3436 4966 ac
3459 4920 3645 4982 postea

2048 5001 2271 5056 Parisiis
2293 5013 2436 5054 anno
2470 4999 2630 5063 1570,
2665 5000 2715 5053 in
2741 5001 2932 5073 vulgus
2953 5002 3250 5079 exierunta

2122 5092 2441 5149 Theodorus
2468 5093 2699 5149 subinde
2730 5095 2992 5150 Canterus
3036 5111 3227 5151 novam
3279 5098 3527 5165 illorum,
3576 5101 3645 5156 ad

2050 5188 2398 5257 manuscripti
2447 5186 2614 5254 regii,
2662 5197 2718 5240 ut
2759 5188 2850 5243 ille
2895 5188 2994 5254 ait,
3027 5189 3186 5243 lidem
3214 5232 3228 5256 ,
3263 5201 3318 5244 et
3346 5191 3644 5250 Clementis

2049 5280 2409 5336 Alexandrini
2437 5280 2641 5335 auxilio
2657 5282 3002 5351 castigatam,
3022 5282 3314 5340 editionem
3333 5285 3644 5354 Antuerpize

2050 5375 2191 5446 apud
2239 5375 2571 5443 Plautinum,
2609 5389 2752 5430 anno
2796 5375 2955 5442 1582,
2997 5392 3250 5432 excusam
3284 5379 3646 5450 publicijuris

2049 5469 2199 5526 fecit.
2235 5467 2460 5523 Fatetur
2486 5481 2664 5524 autem
2695 5484 2757 5523 se
2795 5469 3115 5540 aliquando.
3155 5470 3244 5526 ubi
3277 5471 3496 5528 meliora
3535 5488 3646 5528 non

2048 5565 2444 5638 suppetabant,
2496 5566 2675 5620 varias
2723 5564 2964 5628 Gelenii,
3004 5581 3164 5638 quem
3191 5565 3521 5637 conjecturis
3560 5575 3645 5622 ta-

2049 5676 2174 5716 men
2226 5657 2450 5717 nimium
2479 5656 2771 5716 indulsisse
2817 5659 3023 5731 arguit,
3077 5669 3320 5719 secutum
3367 5659 3639 5733 fuissele-

2014 5768 2047 5813 C
2079 5765 2272 5820 ιιοηθε.
