3990 6072
341 185 439 242 401

1592 185 1659 242 ΙΝ
1700 185 2090 257 ARNOBIUM,
2131 189 2283 246 CAP.
2325 194 2388 250 ll.

3537 195 3646 254 409.

411 301 619 359 Dehinc
662 302 1077 374 quadragesimo
1107 311 1226 375 post
1252 301 1580 374 divulgatam
1609 302 1794 358 Romae
1825 305 1937 376 pri-
1965 318 2018 380 Α
2041 308 2366 376 summulas,
2408 309 2602 382 quibus
2633 310 2956 381 explanatur
2981 309 3248 368 obscurus
3276 311 3502 369 Arnobii
3526 323 3642 370 tex-

339 410 484 451 mam
536 397 725 452 horum
747 395 1014 453 librorum
1044 399 1357 464 editionem,
1393 415 1537 453 anno
1557 397 1756 453 Christi
1786 399 1944 454 uimi-

341 505 464 544 rum
493 490 650 557 1585,
687 489 904 546 Fulvius
939 491 1165 548 Ursinus
1189 492 1349 546 aliam
1383 491 1435 545 in
1465 491 1653 546 eadem
1683 492 1814 546 urbe
1842 507 1938 546 cu-

342 583 484 636 ravit
532 583 585 636 in
633 583 806 639 lucem
863 583 1112 653 proferri.
1159 583 1343 638 Palam
1395 593 1574 638 autem
1611 584 1850 640 declarat
1878 599 1939 640 se

341 673 561 730 Joannis
595 675 848 745 Baptistm
879 677 1142 748 sighicelli
1167 720 1180 742 ,
1236 685 1291 731 et
1328 676 1475 732 Petri
1504 676 1783 732 Cbiaconii
1823 677 1936 732 bis-

341 772 462 841 pani
511 771 986 827 emendationibus
1030 772 1293 842 adjutum,
1327 773 1381 826 in
1415 763 1478 827 ea
1509 773 1766 842 plurimas
1796 770 1933 828 Ger-

339 877 670 927 manorum,
732 863 822 933 qui
873 863 1096 918 Arnobii
1151 873 1355 918 textum
1404 861 1633 917 infinitis
1663 863 1795 916 locis
1834 878 1933 933 pro

335 954 488 1009 libitu
529 966 587 1010 et
642 955 866 1010 arbitrio
922 965 1300 1026 corruperant,
1332 954 1745 1025 depravationes
1771 966 1932 1024 atque

333 1049 742 1105 immutationes
797 1051 1122 1106 correxisse.
1174 1049 1316 1104 Nihil
1369 1059 1547 1103 tamen
1594 1049 1646 1103 in
1694 1049 1929 1104 auctoris

332 1152 535 1197 textum
579 1158 640 1198 se
686 1143 960 1213 recepisse
1015 1151 1264 1209 testatur,
1297 1141 1398 1196 nisi
1427 1139 1568 1210 quod
1600 1141 1929 1197 manifesus-

329 1239 465 1294 sime
511 1250 672 1309 atque
704 1240 810 1294 ulla
838 1242 1041 1307 absque
1070 1239 1439 1294 controversia
1473 1254 1660 1294 verum
1688 1249 1826 1299 erat.
1861 1255 1925 1296 ac

327 1332 622 1386 multorum
653 1333 1066 1403 comprobatum
1119 1332 1344 1404 judicio.
1403 1331 1534 1399 Qure
1564 1348 1694 1386 vero
1719 1348 1823 1388 non
1851 1334 1922 1388 ita

325 1438 472 1483 certa
504 1428 849 1493 videbantur,
881 1446 942 1485 ea
975 1429 1243 1500 adiunctis
1271 1429 1336 1483 ad
1367 1429 1706 1499 conjecturas
1733 1431 1922 1484 contir-

325 1521 547 1577 mandas
579 1522 837 1577 brevibus
865 1521 1186 1591 quibusdam
1213 1520 1812 1587 animadversionibus,
1864 1521 1917 1576 in

322 1631 414 1670 ora
446 1625 663 1672 notasse
691 1617 1027 1688 paginarum.

2046 409 2151 468 tus,
2185 417 2508 470 erroresque
2532 404 2648 473 ejus
2679 413 2952 459 notantur.

2113 493 2370 549 Desiderii
2400 495 2615 550 lleraldi
2653 513 2813 568 opera
2846 505 2900 551 et
2929 497 3109 552 studio
3159 513 3297 554 nova
3342 502 3532 556 horum
3563 503 3636 558 li-

2041 586 2258 641 brorum
2287 587 2452 642 editio
2480 589 2718 672 Qirisiis,
2748 605 2890 644 anno
2935 591 3094 658 1605,
3118 592 3182 647 ad
3215 595 3532 663 Romanam,
3562 597 3642 652 uti

2040 679 2129 734 ille
2154 681 2408 747 loquitur,
2440 691 2724 752 castigata,
2749 693 2802 737 et
2827 683 3144 752 quibusdam
3177 687 3310 742 locis
3333 704 3402 742 ex
3429 705 3629 743 mann-

2038 772 2240 842 scripto
2282 772 2431 842 regio
2457 785 2612 828 aucta
2664 784 2717 829 et
2746 776 3026 832 emendata
3079 778 3345 851 divulgata
3375 791 3478 836 est.
3514 782 3628 838 Sed

2035 865 2124 919 ille
2150 866 2320 936 majus
2374 867 2422 921 in
2471 868 2612 922 notis
2642 869 2962 930 scribendis.
2994 887 3151 938 quam
3200 874 3250 927 in
3283 875 3629 932 emendando

2032 959 2252 1014 Aruobii
2285 970 2454 1023 textu,
2490 963 2665 1031 posuit
2689 961 2946 1018 studium.
2969 963 3077 1018 Nos
3105 979 3281 1023 autem
3305 983 3624 1026 commone-

2030 1050 2157 1106 facit
2187 1067 2247 1108 se
2294 1053 2359 1108 ad
2409 1053 2461 1108 id
2521 1055 2808 1124 impulsum
2860 1053 3045 1123 fuisse,
3103 1059 3224 1128 quia
3278 1061 3490 1130 plurimi
3525 1077 3624 1116 suo

2032 1153 2276 1214 tempore
2327 1146 2696 1201 instaurandis
2739 1150 3381 1204 humanioribus-litteris
3408 1168 3474 1207 eo
3502 1154 3625 1208 feli-

2027 1235 2254 1303 ciorem,
2284 1253 2390 1308 quo
2444 1238 2724 1309 majorem,
2758 1239 2928 1294 sacris
2961 1255 3090 1294 vero
3139 1250 3194 1296 et
3243 1242 3628 1300 ecclesiasticis

2027 1329 2359 1386 illustrandis
2402 1343 2492 1386 aut
2523 1335 2829 1398 minimum,
2859 1344 2950 1388 aut
2983 1335 3186 1390 nullum
3229 1335 3464 1392 laborem
3513 1339 3618 1393 im-

2024 1425 2344 1494 penderant.
2373 1426 2699 1482 Persuasum
2750 1428 2930 1498 itaque
2963 1430 3150 1483 habuit
3200 1430 3356 1501 longe
3385 1432 3620 1487 utilioris

2023 1530 2146 1571 esse
2175 1532 2354 1587 operae
2396 1518 2462 1573 ad
2495 1519 2702 1574 edenda
2732 1529 2787 1575 et
2832 1521 3170 1590 explananda
3217 1531 3460 1578 veterum
3512 1524 3619 1578 Ee-

2020 1607 2200 1662 clesire
2241 1608 2459 1664 Patrum
2499 1611 2697 1682 scripta
2727 1623 3047 1667 convertere
3081 1615 3340 1669 animum.
3372 1615 3614 1670 Primtun

390 1708 533 1763 Duas
585 1708 893 1765 Gebhaﬂus
942 1710 1379 1766 Ellnenhorsﬁus
1428 1711 1588 1780 huius
1617 1709 1910 1766 Arnobiani
1941 1729 1989 1788 Β
2018 1698 2200 1769 itaque
2229 1701 2298 1756 de
2321 1702 2678 1772 publicandis
2709 1714 2764 1758 et
2813 1705 3164 1760 emendandis
3205 1705 3523 1764 Tertulliani
3548 1710 3614 1764 li—

317 1802 499 1872 operis
543 1801 830 1866 editiones,
867 1817 1026 1856 unam
1052 1801 1375 1866 Hannoviae,
1409 1817 1551 1857 anno
1573 1803 1734 1868 1605,
1765 1803 1910 1859 alte-

316 1907 430 1946 ram
461 1891 648 1962 majori
677 1891 990 1948 charactere
1008 1893 1376 1960 etvolumiue,
1407 1893 1699 1963 Hamburgi
1720 1935 1735 1958 ,
1765 1908 1909 1947 anno

315 1985 455 2039 1610
476 2026 491 2049 ,
541 1984 854 2054 divulgavit.
903 1985 1016 2039 Nos
1043 1995 1223 2040 autem
1253 1987 1488 2041 monitos
1519 1987 1569 2040 in
1601 1987 1763 2055 priori
1795 1985 1908 2041 edi-

313 2079 462 2133 tione
486 2076 611 2132 facit
639 2075 836 2150 (Epist.
854 2079 922 2131 ad
937 2077 1164 2149 Lector.)
1181 2095 1259 2143 se,
1279 2079 1455 2135 adhuc
1477 2079 1903 2146 adolescentem,

311 2171 397 2227 his
424 2171 650 2227 edendis
683 2173 834 2228 libris
866 2173 1195 2244 impendisse
1220 2189 1464 2245 operam,
1496 2189 1560 2229 ac
1588 2188 1687 2228 suo
1717 2189 1905 2230 exem-

309 2266 446 2338 plari
471 2281 592 2321 cum
620 2265 791 2320 Fulvii
822 2265 1004 2322 Ursini
1039 2265 1278 2322 editione
1333 2266 1624 2338 diligenter
1668 2267 1898 2333 collato,

308 2375 402 2415 eos
426 2343 729 2415 reddidisse
755 2359 1080 2415 ornatiores.
1101 2357 1254 2428 Quod
1283 2369 1460 2414 autem
1484 2361 1711 2430 qualeve
1739 2357 1904 2414 fuerit

305 2455 438 2510 illud
467 2456 762 2525 exemplar,
799 2455 1012 2524 penitus
1039 2455 1263 2509 silet.At
1294 2455 1347 2508 in
1378 2454 1582 2526 prazvio
1607 2453 1672 2506 ad
1700 2468 1898 2508 secun-

304 2549 427 2606 dam
475 2549 768 2606 editionem
805 2551 1013 2606 monito
1039 2550 1280 2604 declarat
1311 2564 1368 2604 se
1395 2551 1448 2604 in
1475 2566 1536 2605 ea
1568 2548 1897 2604 recensenda

303 2660 460 2699 usum
491 2643 658 2699 fuisse
682 2652 894 2700 vetusto
921 2645 1110 2700 codice
1134 2643 1411 2699 Francisci
1436 2642 1610 2697 Sabaei
1641 2642 1894 2705 Brixiani,

302 2755 448 2795 anno
494 2739 667 2806 1512,
708 2741 948 2795 romanis
988 2740 1130 2810 typis
1173 2737 1338 2793 edito.
1383 2737 1483 2792 Ubi
1507 2752 1637 2790 vero
1661 2736 1747 2792 hic
1773 2752 1897 2791 cor-

300 2845 494 2905 ruptus
519 2842 660 2899 erat,
686 2833 751 2887 ad
779 2843 1063 2903 excerptas
1092 2847 1222 2886 mss.
1256 2840 1310 2887 et
1329 2831 1612 2886 doctorum
1635 2830 1894 2886 emenda~

298 2930 476 2983 tiones
505 2943 564 2982 se
593 2926 939 2997 confugisse,
998 2935 1159 2996 atque
1206 2925 1291 2978 his
1332 2923 1670 2978 adminiculis
1726 2923 1893 2977 libros

297 3019 522 3077 Arnobii
551 3019 849 3074 innumeris
876 3018 1042 3072 mavis
1073 3032 1328 3089 purgasse
1359 3027 1665 3081 asseverat;
1706 3016 1776 3069 ita
1809 3025 1890 3069 ta-

2015 1794 2126 1849 bris
2153 1797 2432 1866 cogitavit.
2464 1797 2569 1853 Sed
2618 1797 2820 1852 laboris
2869 1799 3236 1868 magnitudine
3289 1801 3607 1871 deterritus,

2014 1887 2200 1942 maluit
2227 1889 2283 1942 in
2310 1889 2621 1946 arnobianis
2645 1893 2822 1948 facere
2853 1893 3150 1964 periculum
3190 1911 3235 1947 τι
3267 1895 3441 1966 Atque
3467 1913 3610 1964 rem,

2013 1980 2206 2050 inquit,
2239 1983 2312 2036 ita
2336 1998 2455 2036 sum
2489 1983 2711 2038 adorsus
2733 1995 2814 2051 ut,
2848 1995 3104 2040 currente
3130 2002 3338 2052 mense,
3364 1988 3431 2042 ab
3452 1990 3605 2044 iusti-

2011 2081 2125 2126 tuto
2155 2088 2320 2144 opere
2351 2075 2610 2142 secundo,
2644 2077 2708 2130 ad
2741 2077 2862 2133 libri
2912 2077 3118 2133 calcem
3171 2081 3488 2150 perductum
3517 2097 3607 2139 me

2009 2170 2272 2223 senserim
2304 2189 2323 2222 ›
2359 2169 2527 2243 (epist.
2553 2170 2828 2243 dedicat).

2079 2260 2272 2316 Postea
2299 2278 2445 2317 anno
2477 2263 2636 2329 1651,
2673 2263 2724 2317 bi
2755 2273 2964 2333 septem
3005 2268 3240 2322 auctoris
3278 2270 3448 2324 nostri
3473 2269 3581 2325 libr

2006 2351 2255 2423 Lugduni
2288 2353 2639 2422 Batavorum,
2663 2371 2783 2412 cum
2811 2360 3120 2425 recensione,
3153 2363 3225 2415 uti
3261 2362 3311 2416 iu
3341 2362 3496 2418 titulo
3516 2363 3600 2418 in-

2006 2447 2280 2515 scribitur,
2324 2449 2433 2503 Viri
2460 2451 2802 2518 celeberrimi,
2836 2462 2882 2507 et
2931 2454 3141 2526 integris
3183 2457 3409 2510 omnium
3466 2473 3608 2512 com-

2003 2547 2268 2599 mentariis
2319 2547 2576 2616 publicati
2631 2547 2862 2603 fuerunt.
2896 2550 3000 2604 Sed
3057 2551 3267 2606 tametsi
3308 2552 3601 2606 reticentur

2003 2636 2161 2707 hujus
2187 2640 2286 2692 viri
2318 2656 2534 2705 nomen,
2583 2641 2820 2708 Thysius
2849 2641 3202 2696 nihilominus
3231 2642 3371 2698 hanc
3397 2643 3597 2698 editio-

2001 2747 2122 2786 nem
2157 2749 2221 2788 ex
2257 2744 2406 2803 parte
2444 2750 2770 2806 procurasse
2814 2735 3033 2791 dicitur.
3062 2736 3115 2790 In
3147 2753 3208 2791 ea
3239 2752 3400 2807 porro
3423 2753 3598 2808 quan-

2001 2827 2201 2880 tumvis
2231 2829 2472 2892 omuium
2501 2829 2904 2883 accuratissima
2935 2829 3262 2897 venditetur,
3288 2831 3468 2899 plures
3495 2831 3594 2886 de-

1999 2919 2390 2988 prehendimus
2439 2937 2545 2975 non
2579 2921 2752 2976 solum
2787 2923 3245 2994 typographorum
3271 2923 3472 2996 lapsus,
3496 2925 3594 2980 sed

1996 3012 2239 3083 quardam
2268 3016 2428 3068 etiam
2468 3015 2631 3069 verba
2665 3017 2902 3082 [mutilus
2930 3020 3150 3072 omissa.

295 3129 424 3169 men
449 3124 503 3169 ut
526 3129 652 3168 raro
679 3113 823 3166 illius
869 3111 1034 3166 textui
1091 3110 1291 3181 aliquid
1346 3109 1658 3164 inseruerit.
1690 3109 1890 3177 Aperte
1919 3127 1962 3189 ρ
2067 3104 2268 3160 Ultima
2299 3107 2511 3161 illorum
2542 3108 2707 3162 editio
2738 3125 2764 3160 a
2798 3108 3008 3164 Priorio
3034 3109 3290 3182 Cypriani
3310 3109 3590 3183 operibus,

295 3207 651 3262 nihilominus
681 3205 918 3260 declarat
959 3205 1186 3274 plurima
1229 3203 1405 3258 adhuc
1444 3216 1728 3273 superesse
1755 3200 1887 3255 falsa

294 3311 346 3354 et
371 3308 622 3369 corrupta
656 3299 794 3364 loca,
823 3314 940 3368 qum
968 3297 1208 3369 quidem,
1235 3312 1354 3352 cum
1381 3297 1497 3351 sine
1526 3295 1765 3351 melioris
1791 3309 1887 3349 co-

294 3393 434 3447 dicis
460 3408 560 3463 ope
588 3393 812 3462 intelligi
845 3401 1134 3462 nequeant,
1156 3407 1217 3444 ea
1249 3392 1448 3444 intacta
1474 3402 1527 3443 et
1557 3388 1888 3444 felicioribus

293 3489 524 3558 ingeniis
552 3487 872 3558 corrigenda
905 3486 1140 3557 reliquit.
1167 3485 1274 3541 Sed
1305 3485 1393 3539 ille
1419 3484 1572 3538 nobis
1605 3500 1709 3537 non
1743 3482 1887 3537 indi-

291 3594 379 3637 cat
406 3583 493 3652 qui
527 3582 726 3637 fuerint
756 3582 973 3637 codices
1015 3581 1123 3647 illi,
1150 3596 1214 3635 ex
1245 3579 1437 3650 quibus
1467 3589 1735 3648 excerpta!
1761 3588 1886 3632 sunt

293 3677 461 3731 variae
488 3677 592 3730 illa:
620 3676 904 3731 lectiones.
939 3677 1005 3729 At
1031 3691 1160 3729 mss.
1187 3683 1241 3729 et
1262 3673 1544 3729 doctorum
1580 3672 1884 3728 nominibus

291 3773 424 3845 nihil
450 3773 595 3826 aliud
631 3781 825 3843 praeter
856 3771 1017 3840 regite
1046 3769 1387 3824 bibliotheca:
1416 3767 1680 3834 codicem,
1710 3777 1763 3822 et
1788 3785 1880 3822 su-

287 3867 595 3936 perioribus
637 3865 964 3921 editionibus
1011 3863 1327 3932 przefectos,
1362 3869 1522 3932 atque
1548 3861 1882 3916 observatio-

287 3978 420 4016 num
471 3960 822 4032 quorumdam
873 3967 1122 4015 auctores
1168 3957 1499 4031 signiﬁcasse
1529 3956 1880 4028 proculdubio

287 4055 521 4111 videtur.

361 4153 534 4208 Aliam
581 4151 889 4207 eorumdem
939 4151 1199 4207 librorum
1225 4150 1541 4213 editionem,
1567 4147 1878 4218 Antuerpite

282 4262 432 4301 anno
462 4245 597 4300 1604
639 4246 980 4315 publicatam,
1015 4245 1368 4301 Godeschalci
1393 4244 1681 4300 Stewechii
1711 4243 1878 4298 labori

282 4339 551 4395 debemus
573 4337 666 4408 (Ιη
697 4337 843 4407 epist.
874 4339 1096 4393 dedicat.
1120 4337 1359 4409 Angusta!
1377 4335 1721 4405 Trevirorum,
1743 4352 1878 4390 anno

287 4433 475 4502 13387).
529 4431 676 4487 Hanc
722 4432 814 4486 ille
861 4433 1026 4487 variis
1069 4432 1391 4487 lectionibus
1423 4431 1625 4488 veteris
1661 4447 1879 4486 manus-

1993 3213 2137 3252 anno
2167 3198 2303 3254 1666
2333 3201 2541 3267 adjecta
2574 3211 2677 3256 est.
2710 3200 2911 3257 Verum
2941 3219 3060 3258 cum
3095 3203 3209 3260 haec
3238 3206 3376 3260 sicut
3416 3214 3471 3261 et
3500 3223 3592 3262 su-

1993 3289 2174 3358 perior
2195 3291 2263 3345 ad
2293 3293 2541 3362 antiquas
2568 3293 2854 3348 dumtaxat
2877 3295 3144 3352 editiones
3167 3296 3589 3365 adornata-sint,

1991 3385 2184 3440 iisdem
2239 3386 2595 3457 proculdubio
2652 3388 2881 3460 aliisque
2931 3393 3088 3445 novis
3133 3393 3588 3463 typographorum

1990 3477 2200 3533 mendis
2228 3480 2479 3549 vitiisque
2505 3480 2907 3552 adsperguntur
2936 3497 2998 3536 ac
3019 3483 3458 3554 coinquinantur.

2061 3573 2321 3639 Quamvis
2367 3589 2497 3642 ergo
2545 3575 2740 3646 singuli
2767 3577 2967 3648 quique
2995 3578 3308 3644 editionem,
3335 3583 3419 3636 cui
3449 3598 3588 3654 pra:-

1989 3667 2112 3722 fecti
2143 3669 2310 3733 fuere,
2344 3669 2634 3740 plurimum
2677 3672 2960 3739 extollant,
2985 3681 3147 3744 atque
3181 3674 3414 3730 infinitas
3447 3676 3586 3731 alio-

1986 3775 2104 3814 rum
2161 3761 2398 3815 maculas
2451 3761 2648 3816 eluisse
2679 3763 2936 3820 audacter
2963 3765 3322 3832 adseverent,
3371 3777 3587 3824 constat

1987 3853 2336 3907 nihilominus
2367 3853 2572 3908 nullam
2631 3854 2697 3909 ad
2748 3871 2846 3910 nos
2881 3859 3189 3926 pervenisse
3219 3859 3375 3928 plane
3401 3859 3583 3930 perfe-

1985 3958 2152 4013 ctam,
2186 3957 2240 4002 et
2288 3949 2540 4003 omnilms
2590 3951 2832 4006 numeris
2863 3951 3186 4006 absolutam.
3218 3952 3362 4006 Talis
3393 3965 3578 4010 autem

1984 4057 2277 4111 numquam
2335 4039 2525 4096 conﬁci
2570 4044 2789 4112 poterit,
2839 4045 2938 4097 nisi
2992 4052 3191 4114 praeter
3222 4056 3582 4104 memoratum

1983 4149 2012 4190 a
2043 4135 2200 4189 nobis
2233 4135 2372 4204 regis
2401 4135 2570 4203 nostri
2599 4135 3051 4199 christianissimi,
3085 4153 3147 4192 ac
3176 4138 3317 4195 forte
3346 4139 3581 4197 alterum

1983 4230 2409 4298 manuscriptum
2448 4229 2692 4284 codicem
2719 4273 2734 4298 ,
2787 4231 2879 4285 alii
2920 4247 2950 4284 a
2984 4231 3217 4287 librariis
3273 4237 3580 4293 accuratius

1983 4329 2169 4398 scripti
2224 4332 2585 4402 reperiantur.
2615 4333 2670 4390 Si
2710 4335 2800 4405 qui
2849 4349 2978 4390 vero
3007 4349 3074 4391 ex
3127 4335 3579 4394 bibliothecarum

1981 4422 2171 4480 forulis
2224 4427 2420 4483 alicubi
2470 4429 2588 4483 erui
2644 4430 2870 4500 possint,
2909 4445 3030 4484 cum
3067 4431 3224 4486 editis
3275 4433 3577 4504 diligentis-

285 4526 485 4594 cripti,
543 4524 697 4578 siculi
749 4525 1198 4591 observavimus,
1231 4541 1260 4580 a
1290 4525 1470 4580 Modio
1513 4527 1720 4592 missis,
1769 4542 1876 4582 non

2009 4518 2118 4573 ime
2166 4522 2522 4590 componendi
2573 4534 2736 4588 sunt;
2769 4533 2931 4594 atque
2983 4533 3040 4577 ut
3097 4525 3318 4580 tollatur
3371 4535 3573 4593 textus,

286 4627 496 4673 tantum
549 4617 846 4672 auctiorem
901 4619 1085 4673 multis
1131 4621 1182 4674 in
1226 4619 1394 4686 locis,
1433 4620 1528 4675 sed
1575 4621 1876 4677 emendatis
1935 4619 1938 4623 ’

283 4711 448 4766 etiam
501 4712 799 4767 innumeris
844 4713 1122 4768 erroribus
1173 4713 1451 4769 meliorem
1483 4728 1544 4768 se
1576 4713 1769 4769 fecisse
1799 4715 1878 4768 af-

284 4807 488 4863 ﬁrmat.
527 4807 779 4861 Diversas
802 4816 980 4863 autem
1007 4807 1121 4863 sive
1142 4807 1266 4862 libri
1295 4823 1456 4862 manu
1483 4807 1716 4874 exarati,
1764 4809 1877 4866 sive

280 4899 508 4952 aliarum
559 4899 856 4954 editionum
915 4901 1172 4955 lectiones
1243 4901 1559 4972 paginarum
1630 4902 1880 4972 ascripsit

280 4993 513 5061 margini
546 5011 559 5047 :
612 5003 774 5064 atque
819 4993 958 5049 idem
989 5036 1004 5060 ,
1063 4995 1513 5065 quemadmodum
1549 4996 1638 5052 ille
1669 5007 1874 5066 mouet,

281 5087 528 5140 facturus
557 5096 673 5141 erat
697 5089 746 5140 in
773 5088 858 5147 iis.
906 5104 1025 5158 qua:
1060 5087 1241 5142 Ursini
1263 5089 1427 5144 editio
1459 5090 1597 5146 bene
1629 5093 1876 5148 restituta

282 5193 398 5249 pne
425 5194 481 5233 se
511 5180 632 5246 fert,
659 5181 704 5233 si
723 5190 918 5234 tantum
952 5183 1122 5235 aliena
1141 5199 1173 5235 a
1200 5184 1304 5236 suis
1335 5183 1424 5236 ille
1447 5186 1754 5250 secrevisset,
1788 5202 1871 5240 ne-

280 5288 381 5343 que
428 5273 600 5324 omnia
629 5313 644 5339 ,
702 5283 756 5325 ut
810 5290 902 5326 sua
923 5314 938 5339 ,
974 5290 1076 5327 uno
1107 5276 1382 5345 eodemque
1397 5276 1521 5344 jure
1555 5288 1873 5347 usurpasset.

285 5370 446 5420 Anno
473 5376 652 5422 autem
689 5367 849 5434 1054,
883 5368 1129 5424 Leander
1156 5369 1223 5424 de
1251 5370 1692 5425 SanetoMartino
1721 5371 1876 5426 Ordi-

289 5460 408 5523 nis,
440 5463 607 5516 sancti
660 5462 932 5517 Benedicti
969 5464 1266 5520 monachus
1291 5505 1308 5528 ,
1350 5473 1406 5518 et
1442 5467 1876 5536 congregationis

284 5553 576 5622 anglicaiia:
607 5555 848 5624 ejusdem
879 5557 1083 5611 ordinis
1101 5573 1300 5627 praeses
1318 5559 1610 5629 generalis,
1631 5559 1875 5615 eamdem

285 5647 575 5703 Stewecbii
606 5650 898 5706 editionem
920 5651 1074 5706 novis
1093 5652 1231 5722 typis
1246 5652 1410 5707 Duaci
1434 5653 1617 5708 recudi
1639 5655 1874 5708 curavit.

283 5739 393 5793 Sed
416 5740 464 5792 ei
496 5741 621 5793 nihil
652 5743 840 5810 adjecit
875 5745 1035 5800 aliud.
1068 5759 1226 5812 quam
1255 5745 1530 5814 paratitla,
1565 5760 1661 5800 seu
1682 5745 1876 5802 breves

1981 4612 2158 4684 quoad
2224 4614 2336 4668 fieri
2371 4613 2589 4684 poterit,
2626 4615 2898 4682 confusio,
2931 4615 2981 4669 in
3016 4616 3188 4688 capita
3222 4627 3278 4672 et
3305 4616 3579 4674 seetioues

1982 4707 2257 4776 diSIingui.
2279 4709 2534 4780 claraque
2559 4709 2797 4780 capitum
2831 4719 2885 4765 et
2924 4711 3224 4768 sectionum
3253 4721 3575 4782 argumenta

1982 4803 2213 4876 proferri
2243 4802 2464 4861 debent.

2557 4938 2853 4981 Αιιτιοῠιυε
2891 4939 2966 4979 γι.

2074 5052 2150 5105 De
2174 5056 2415 5106 variorum
2441 5059 2490 5107 in
2514 5059 2604 5109 hos
2625 5058 2776 5110 libros
2798 5061 2923 5110 notis
2946 5066 2999 5109 et
3020 5059 3466 5111 observationibus.

2053 5186 2244 5242 Plures
2283 5187 2593 5243 arnobianis
2637 5187 2788 5244 libris
2815 5185 3042 5242 edendis
3068 5189 3366 5260 prtepositi,
3409 5196 3572 5260 atque

1981 5279 2070 5335 alii
2121 5281 2279 5335 etiam
2313 5282 2414 5336 viri
2462 5281 2603 5337 docti
2659 5290 2816 5335 notas
2846 5281 2899 5334 in
2927 5295 3021 5337 eos
3065 5291 3119 5337 et
3167 5281 3574 5340 observationes

1980 5373 2285 5429 ediderunt.
2322 5375 2558 5428 Primum
2601 5373 2744 5429 enim
2777 5373 3000 5430 Latinus
3023 5375 3266 5431 Latinius
3288 5390 3486 5447 paucas
3517 5377 3576 5432 in

1981 5465 2104 5519 illos
2130 5483 2251 5520 cum
2281 5466 2454 5520 varias
2477 5467 2734 5520 lectiones
2764 5476 2874 5522 tum
2903 5469 3312 5523 observationes
3335 5479 3389 5523 et
3417 5476 3574 5522 notas

1981 5558 2196 5627 reliquit
2256 5557 2451 5630 (Latin.
2500 5559 2729 5613 bibltollt.
2786 5577 2919 5615 sacr.
2979 5569 3025 5613 et
3078 5563 3314 5632 profan.,
3370 5559 3574 5628 p.98).

1981 5649 2087 5706 Sed
2121 5650 2249 5704 nihil
2281 5649 2425 5704 aliud
2452 5649 2604 5706 nobis
2625 5651 2844 5708 exhibet
2882 5667 3045 5726 quam
3081 5667 3212 5706 suas
3237 5649 3580 5720 aliorumque

1978 5742 2334 5815 quorumdam
2364 5743 2722 5814 conjecturas.
2754 5745 3029 5807 Meursius
3061 5742 3283 5804 deinde
3304 5753 3444 5795 anno
3462 5749 3600 5794 aeta-
