  <div class='ocr_page' id='page_1' title='image "/cluster/home/n/w/nwhite01/storage/ocr_20150623/5/hvd.32044073505083/207.png"; bbox 0 0 3990 6072; ppageno 0'>
   <div class='ocr_carea' id='block_1_1' title="bbox 365 236 473 294">
    <p class='ocr_par' dir='ltr' id='par_1_1' title="bbox 365 236 473 294">
     <span class='ocr_line' id='line_1_1' title="bbox 365 236 473 294; baseline -0.028 0"><span class='ocrx_word' id='word_1_1' title='bbox 365 236 473 294; x_wconf 72' lang='grc'><strong>405</strong></span> 
     </span>
    </p>
   </div>
   <div class='ocr_carea' id='block_1_2' title="bbox 1604 224 2372 284">
    <p class='ocr_par' dir='ltr' id='par_1_2' title="bbox 1604 224 2372 284">
     <span class='ocr_line' id='line_1_2' title="bbox 1604 224 2372 284; baseline -0.001 0"><span class='ocrx_word' id='word_1_2' title='bbox 1604 224 2052 284; x_wconf 80' lang='lat' dir='ltr'><strong>DISSERTATIO</strong></span> <span class='ocrx_word' id='word_1_3' title='bbox 2092 224 2249 283; x_wconf 72' lang='grc' dir='ltr'><strong>ΡΒᾸΞ</strong></span> <span class='ocrx_word' id='word_1_4' title='bbox 2259 225 2372 283; x_wconf 80' lang='lat' dir='ltr'><strong>VIA</strong></span> 
     </span>
    </p>
   </div>
   <div class='ocr_carea' id='block_1_3' title="bbox 3546 233 3651 289">
    <p class='ocr_par' dir='ltr' id='par_1_3' title="bbox 3546 233 3651 289">
     <span class='ocr_line' id='line_1_3' title="bbox 3546 233 3651 289; baseline 0 0"><span class='ocrx_word' id='word_1_5' title='bbox 3546 233 3651 289; x_wconf 63' lang='lat'><strong>404</strong></span> 
     </span>
    </p>
   </div>
   <div class='ocr_carea' id='block_1_4' title="bbox 359 340 3651 420">
    <p class='ocr_par' dir='ltr' id='par_1_4' title="bbox 359 340 3651 420">
     <span class='ocr_line' id='line_1_4' title="bbox 359 340 3651 420; baseline -0.001 -13"><span class='ocrx_word' id='word_1_6' title='bbox 359 351 437 408; x_wconf 86' lang='lat' dir='ltr'><strong>tis</strong></span> <span class='ocrx_word' id='word_1_7' title='bbox 467 364 584 406; x_wconf 84' lang='lat' dir='ltr'><strong>suae</strong></span> <span class='ocrx_word' id='word_1_8' title='bbox 630 347 846 405; x_wconf 89' lang='lat' dir='ltr'><strong>decimo</strong></span> <span class='ocrx_word' id='word_1_9' title='bbox 892 358 1058 410; x_wconf 89' lang='lat' dir='ltr'><strong>nono,</strong></span> <span class='ocrx_word' id='word_1_10' title='bbox 1085 343 1283 400; x_wconf 87' lang='lat' dir='ltr'><strong>Christi</strong></span> <span class='ocrx_word' id='word_1_11' title='bbox 1313 351 1491 400; x_wconf 89' lang='lat' dir='ltr'><strong>autem</strong></span> <span class='ocrx_word' id='word_1_12' title='bbox 1520 341 1680 407; x_wconf 72' lang='lat'><strong>1598,</strong></span> <span class='ocrx_word' id='word_1_13' title='bbox 1716 340 1962 397; x_wconf 83' lang='lat' dir='ltr'><strong>Crin’cum</strong></span> <span class='ocrx_word' id='word_1_14' title='bbox 1989 348 2043 410; x_wconf 84' lang='grc' dir='ltr'><strong>Α</strong></span> <span class='ocrx_word' id='word_1_15' title='bbox 2067 351 2222 399; x_wconf 81' lang='lat' dir='ltr'><strong>extra</strong></span> <span class='ocrx_word' id='word_1_16' title='bbox 2254 343 2449 411; x_wconf 88' lang='lat' dir='ltr'><strong>aleam,</strong></span> <span class='ocrx_word' id='word_1_17' title='bbox 2483 352 2538 401; x_wconf 91' lang='lat' dir='ltr'><strong>et</strong></span> <span class='ocrx_word' id='word_1_18' title='bbox 2566 342 2802 401; x_wconf 86' lang='lat' dir='ltr'><strong>auctoris</strong></span> <span class='ocrx_word' id='word_1_19' title='bbox 2830 344 3183 415; x_wconf 85' lang='lat' dir='ltr'><strong>propositum,</strong></span> <span class='ocrx_word' id='word_1_20' title='bbox 3210 360 3311 403; x_wconf 89' lang='lat' dir='ltr'><strong>nec</strong></span> <span class='ocrx_word' id='word_1_21' title='bbox 3338 358 3508 418; x_wconf 84' lang='lat' dir='ltr'><strong>pauca</strong></span> <span class='ocrx_word' id='word_1_22' title='bbox 3528 350 3651 420; x_wconf 85' lang='lat' dir='ltr'><strong>qui-</strong></span> 
     </span>
    </p>
   </div>
   <div class='ocr_carea' id='block_1_5' title="bbox 360 436 1957 509">
    <p class='ocr_par' dir='ltr' id='par_1_5' title="bbox 360 436 1957 509">
     <span class='ocr_line' id='line_1_5' title="bbox 360 436 1957 509; baseline -0.006 -9"><span class='ocrx_word' id='word_1_23' title='bbox 360 445 735 509; x_wconf 82' lang='lat' dir='ltr'><strong>arnobianum,</strong></span> <span class='ocrx_word' id='word_1_24' title='bbox 786 439 1033 507; x_wconf 76' lang='lat' dir='ltr'><strong>Lugduni</strong></span> <span class='ocrx_word' id='word_1_25' title='bbox 1061 438 1386 493; x_wconf 84' lang='lat' dir='ltr'><strong>Batavornm</strong></span> <span class='ocrx_word' id='word_1_26' title='bbox 1432 437 1574 509; x_wconf 80' lang='lat' dir='ltr'><strong>typis</strong></span> <span class='ocrx_word' id='word_1_27' title='bbox 1616 436 1957 495; x_wconf 86' lang='lat' dir='ltr'><strong>elzevirianis</strong></span> 
     </span>
    </p>
   </div>
   <div class='ocr_carea' id='block_1_6' title="bbox 363 527 1960 608">
    <p class='ocr_par' dir='ltr' id='par_1_6' title="bbox 363 527 1960 608">
     <span class='ocr_line' id='line_1_6' title="bbox 363 527 1960 608; baseline -0.009 -11"><span class='ocrx_word' id='word_1_28' title='bbox 363 541 693 608; x_wconf 81' lang='lat' dir='ltr'><strong>impressum</strong></span> <span class='ocrx_word' id='word_1_29' title='bbox 722 533 909 590; x_wconf 91' lang='lat' dir='ltr'><strong>edidit.</strong></span> <span class='ocrx_word' id='word_1_30' title='bbox 940 530 1049 586; x_wconf 88' lang='lat' dir='ltr'><strong>Nos</strong></span> <span class='ocrx_word' id='word_1_31' title='bbox 1091 538 1272 603; x_wconf 83' lang='lat' dir='ltr'><strong>autem</strong></span> <span class='ocrx_word' id='word_1_32' title='bbox 1304 530 1538 585; x_wconf 88' lang='lat' dir='ltr'><strong>monitos</strong></span> <span class='ocrx_word' id='word_1_33' title='bbox 1564 528 1693 585; x_wconf 93' lang='lat' dir='ltr'><strong>facit</strong></span> <span class='ocrx_word' id='word_1_34' title='bbox 1719 544 1779 585; x_wconf 92' lang='lat' dir='ltr'><strong>se</strong></span> <span class='ocrx_word' id='word_1_35' title='bbox 1817 527 1960 584; x_wconf 85' lang='lat' dir='ltr'><strong>Can—</strong></span> 
     </span>
    </p>
   </div>
   <div class='ocr_carea' id='block_1_7' title="bbox 364 621 1957 701">
    <p class='ocr_par' dir='ltr' id='par_1_7' title="bbox 364 621 1957 701">
     <span class='ocr_line' id='line_1_7' title="bbox 364 621 1957 701; baseline -0.008 -11"><span class='ocrx_word' id='word_1_36' title='bbox 364 641 511 699; x_wconf 59' lang='lat' dir='ltr'><strong>‘ero,</strong></span> <span class='ocrx_word' id='word_1_37' title='bbox 541 631 633 701; x_wconf 90' lang='lat' dir='ltr'><strong>qui</strong></span> <span class='ocrx_word' id='word_1_38' title='bbox 686 627 875 684; x_wconf 89' lang='lat' dir='ltr'><strong>eadem</strong></span> <span class='ocrx_word' id='word_1_39' title='bbox 938 623 1319 689; x_wconf 78' lang='lat' dir='ltr'><strong>meditabatur,</strong></span> <span class='ocrx_word' id='word_1_40' title='bbox 1370 622 1470 678; x_wconf 84' lang='lat' dir='ltr'><strong>nisi</strong></span> <span class='ocrx_word' id='word_1_41' title='bbox 1499 622 1614 692; x_wconf 86' lang='lat' dir='ltr'><strong>ejus</strong></span> <span class='ocrx_word' id='word_1_42' title='bbox 1667 621 1957 695; x_wconf 88' lang='lat' dir='ltr'><strong>permissu,</strong></span> 
     </span>
    </p>
   </div>
   <div class='ocr_carea' id='block_1_8' title="bbox 364 716 1955 805">
    <p class='ocr_par' dir='ltr' id='par_1_8' title="bbox 364 716 1955 805">
     <span class='ocr_line' id='line_1_8' title="bbox 364 716 1955 805; baseline -0.006 -25"><span class='ocrx_word' id='word_1_43' title='bbox 364 724 567 797; x_wconf 69' lang='lat' dir='ltr'><strong>praeire</strong></span> <span class='ocrx_word' id='word_1_44' title='bbox 598 720 856 805; x_wconf 80' lang='lat' dir='ltr'><strong>noluisse,</strong></span> <span class='ocrx_word' id='word_1_45' title='bbox 893 732 959 772; x_wconf 90' lang='lat' dir='ltr'><strong>ne</strong></span> <span class='ocrx_word' id='word_1_46' title='bbox 990 716 1179 771; x_wconf 79' lang='lat' dir='ltr'><strong>falcem</strong></span> <span class='ocrx_word' id='word_1_47' title='bbox 1205 730 1357 770; x_wconf 89' lang='lat' dir='ltr'><strong>suam</strong></span> <span class='ocrx_word' id='word_1_48' title='bbox 1382 716 1433 770; x_wconf 86' lang='lat' dir='ltr'><strong>in</strong></span> <span class='ocrx_word' id='word_1_49' title='bbox 1463 716 1690 771; x_wconf 91' lang='lat' dir='ltr'><strong>alienam</strong></span> <span class='ocrx_word' id='word_1_50' title='bbox 1719 730 1955 772; x_wconf 85' lang='lat' dir='ltr'><strong>messem</strong></span> 
     </span>
    </p>
   </div>
   <div class='ocr_carea' id='block_1_9' title="bbox 368 807 1964 885">
    <p class='ocr_par' dir='ltr' id='par_1_9' title="bbox 368 807 1964 885">
     <span class='ocr_line' id='line_1_9' title="bbox 368 807 1964 885; baseline -0.006 -13"><span class='ocrx_word' id='word_1_51' title='bbox 368 815 625 885; x_wconf 87' lang='lat' dir='ltr'><strong>injecisse</strong></span> <span class='ocrx_word' id='word_1_52' title='bbox 669 820 1003 882; x_wconf 88' lang='lat' dir='ltr'><strong>argueretur.</strong></span> <span class='ocrx_word' id='word_1_53' title='bbox 1059 807 1138 862; x_wconf 88' lang='lat' dir='ltr'><strong>Eo</strong></span> <span class='ocrx_word' id='word_1_54' title='bbox 1189 824 1351 879; x_wconf 90' lang='lat' dir='ltr'><strong>porro</strong></span> <span class='ocrx_word' id='word_1_55' title='bbox 1378 808 1431 863; x_wconf 91' lang='lat' dir='ltr'><strong>in</strong></span> <span class='ocrx_word' id='word_1_56' title='bbox 1474 823 1639 879; x_wconf 91' lang='lat' dir='ltr'><strong>opere</strong></span> <span class='ocrx_word' id='word_1_57' title='bbox 1694 824 1802 865; x_wconf 92' lang='lat' dir='ltr'><strong>non</strong></span> <span class='ocrx_word' id='word_1_58' title='bbox 1854 810 1964 864; x_wconf 92' lang='lat' dir='ltr'><strong>alio</strong></span> 
     </span>
    </p>
   </div>
   <div class='ocr_carea' id='block_1_10' title="bbox 366 901 1963 986">
    <p class='ocr_par' dir='ltr' id='par_1_10' title="bbox 366 901 1963 986">
     <span class='ocr_line' id='line_1_10' title="bbox 366 901 1963 986; baseline -0.005 -20"><span class='ocrx_word' id='word_1_59' title='bbox 366 910 482 966; x_wconf 87' lang='lat' dir='ltr'><strong>fere</strong></span> <span class='ocrx_word' id='word_1_60' title='bbox 510 904 837 970; x_wconf 85' lang='lat' dir='ltr'><strong>collineavit,</strong></span> <span class='ocrx_word' id='word_1_61' title='bbox 880 917 1038 973; x_wconf 91' lang='lat' dir='ltr'><strong>quam</strong></span> <span class='ocrx_word' id='word_1_62' title='bbox 1085 910 1141 955; x_wconf 89' lang='lat' dir='ltr'><strong>ut</strong></span> <span class='ocrx_word' id='word_1_63' title='bbox 1194 901 1478 957; x_wconf 91' lang='lat' dir='ltr'><strong>arnobiani</strong></span> <span class='ocrx_word' id='word_1_64' title='bbox 1527 912 1707 958; x_wconf 81' lang='lat' dir='ltr'><strong>textus</strong></span> <span class='ocrx_word' id='word_1_65' title='bbox 1747 918 1963 986; x_wconf 68' lang='lat' dir='ltr'><strong>errores</strong></span> 
     </span>
    </p>
   </div>
   <div class='ocr_carea' id='block_1_11' title="bbox 371 993 1965 1071">
    <p class='ocr_par' dir='ltr' id='par_1_11' title="bbox 371 993 1965 1071">
     <span class='ocr_line' id='line_1_11' title="bbox 371 993 1965 1071; baseline -0.003 -15"><span class='ocrx_word' id='word_1_66' title='bbox 371 1001 576 1071; x_wconf 84' lang='lat' dir='ltr'><strong>absque</strong></span> <span class='ocrx_word' id='word_1_67' title='bbox 618 998 728 1052; x_wconf 89' lang='lat' dir='ltr'><strong>ullo</strong></span> <span class='ocrx_word' id='word_1_68' title='bbox 755 994 944 1051; x_wconf 84' lang='lat' dir='ltr'><strong>codice</strong></span> <span class='ocrx_word' id='word_1_69' title='bbox 973 993 1199 1062; x_wconf 83' lang='lat' dir='ltr'><strong>inedita,</strong></span> <span class='ocrx_word' id='word_1_70' title='bbox 1229 994 1324 1048; x_wconf 87' lang='lat' dir='ltr'><strong>sed</strong></span> <span class='ocrx_word' id='word_1_71' title='bbox 1356 994 1572 1064; x_wconf 91' lang='lat' dir='ltr'><strong>proprio</strong></span> <span class='ocrx_word' id='word_1_72' title='bbox 1600 1004 1789 1060; x_wconf 87' lang='lat' dir='ltr'><strong>marte,</strong></span> <span class='ocrx_word' id='word_1_73' title='bbox 1815 996 1965 1067; x_wconf 85' lang='lat' dir='ltr'><strong>juve-</strong></span> 
     </span>
    </p>
   </div>
   <div class='ocr_carea' id='block_1_12' title="bbox 369 1085 1955 1162">
    <p class='ocr_par' dir='ltr' id='par_1_12' title="bbox 369 1085 1955 1162">
     <span class='ocr_line' id='line_1_12' title="bbox 369 1085 1955 1162; baseline -0.003 -14"><span class='ocrx_word' id='word_1_74' title='bbox 369 1092 573 1162; x_wconf 74' lang='lat' dir='ltr'><strong>nizique</strong></span> <span class='ocrx_word' id='word_1_75' title='bbox 604 1089 819 1160; x_wconf 83' lang='lat' dir='ltr'><strong>ingenio</strong></span> <span class='ocrx_word' id='word_1_76' title='bbox 874 1086 1210 1141; x_wconf 91' lang='lat' dir='ltr'><strong>emendaret.</strong></span> <span class='ocrx_word' id='word_1_77' title='bbox 1252 1085 1475 1141; x_wconf 83' lang='lat' dir='ltr'><strong>Fatetur</strong></span> <span class='ocrx_word' id='word_1_78' title='bbox 1505 1096 1683 1142; x_wconf 91' lang='lat' dir='ltr'><strong>tamen</strong></span> <span class='ocrx_word' id='word_1_79' title='bbox 1712 1103 1742 1143; x_wconf 91' lang='lat' dir='ltr'><strong>a</strong></span> <span class='ocrx_word' id='word_1_80' title='bbox 1770 1104 1829 1143; x_wconf 90' lang='lat' dir='ltr'><strong>se</strong></span> <span class='ocrx_word' id='word_1_81' title='bbox 1858 1088 1955 1143; x_wconf 40' lang='lat' dir='ltr'><strong>im‘</strong></span> 
     </span>
    </p>
   </div>
   <div class='ocr_carea' id='block_1_13' title="bbox 370 1178 1966 1259">
    <p class='ocr_par' dir='ltr' id='par_1_13' title="bbox 370 1178 1966 1259">
     <span class='ocr_line' id='line_1_13' title="bbox 370 1178 1966 1259; baseline -0.002 -19"><span class='ocrx_word' id='word_1_82' title='bbox 370 1194 593 1259; x_wconf 83' lang='lat' dir='ltr'><strong>petrare</strong></span> <span class='ocrx_word' id='word_1_83' title='bbox 638 1196 744 1237; x_wconf 93' lang='lat' dir='ltr'><strong>non</strong></span> <span class='ocrx_word' id='word_1_84' title='bbox 781 1179 1064 1251; x_wconf 86' lang='lat' dir='ltr'><strong>potuisse,</strong></span> <span class='ocrx_word' id='word_1_85' title='bbox 1106 1179 1234 1250; x_wconf 92' lang='lat' dir='ltr'><strong>quin</strong></span> <span class='ocrx_word' id='word_1_86' title='bbox 1283 1178 1453 1233; x_wconf 85' lang='lat' dir='ltr'><strong>labori</strong></span> <span class='ocrx_word' id='word_1_87' title='bbox 1488 1179 1747 1247; x_wconf 89' lang='lat' dir='ltr'><strong>intentus,</strong></span> <span class='ocrx_word' id='word_1_88' title='bbox 1795 1196 1966 1252; x_wconf 89' lang='lat' dir='ltr'><strong>coque</strong></span> 
     </span>
    </p>
   </div>
   <div class='ocr_carea' id='block_1_14' title="bbox 371 1272 1968 1343">
    <p class='ocr_par' dir='ltr' id='par_1_14' title="bbox 371 1272 1968 1343">
     <span class='ocr_line' id='line_1_14' title="bbox 371 1272 1968 1343; baseline -0.004 -8"><span class='ocrx_word' id='word_1_89' title='bbox 371 1278 648 1340; x_wconf 78' lang='lat' dir='ltr'><strong>incitatus,</strong></span> <span class='ocrx_word' id='word_1_90' title='bbox 689 1272 981 1343; x_wconf 79' lang='lat' dir='ltr'><strong>aliquando</strong></span> <span class='ocrx_word' id='word_1_91' title='bbox 1023 1280 1174 1326; x_wconf 82' lang='lat' dir='ltr'><strong>extra</strong></span> <span class='ocrx_word' id='word_1_92' title='bbox 1223 1272 1529 1341; x_wconf 88' lang='lat' dir='ltr'><strong>propositos</strong></span> <span class='ocrx_word' id='word_1_93' title='bbox 1556 1286 1874 1329; x_wconf 77' lang='lat' dir='ltr'><strong>excurreret</strong></span> <span class='ocrx_word' id='word_1_94' title='bbox 1903 1274 1968 1329; x_wconf 90' lang='lat' dir='ltr'><strong>li-</strong></span> 
     </span>
    </p>
   </div>
   <div class='ocr_carea' id='block_1_15' title="bbox 369 1365 1969 1439">
    <p class='ocr_par' dir='ltr' id='par_1_15' title="bbox 369 1365 1969 1439">
     <span class='ocr_line' id='line_1_15' title="bbox 369 1365 1969 1439; baseline -0.002 -12"><span class='ocrx_word' id='word_1_95' title='bbox 369 1372 557 1427; x_wconf 85' lang='lat' dir='ltr'><strong>mites.</strong></span> <span class='ocrx_word' id='word_1_96' title='bbox 583 1370 751 1437; x_wconf 89' lang='lat' dir='ltr'><strong>Quam</strong></span> <span class='ocrx_word' id='word_1_97' title='bbox 785 1365 930 1420; x_wconf 79' lang='lat' dir='ltr'><strong>felici</strong></span> <span class='ocrx_word' id='word_1_98' title='bbox 959 1375 1141 1420; x_wconf 92' lang='lat' dir='ltr'><strong>autem</strong></span> <span class='ocrx_word' id='word_1_99' title='bbox 1171 1380 1423 1420; x_wconf 87' lang='lat' dir='ltr'><strong>successu</strong></span> <span class='ocrx_word' id='word_1_100' title='bbox 1443 1365 1495 1420; x_wconf 89' lang='lat' dir='ltr'><strong>id</strong></span> <span class='ocrx_word' id='word_1_101' title='bbox 1517 1368 1709 1439; x_wconf 84' lang='lat' dir='ltr'><strong>egerit,</strong></span> <span class='ocrx_word' id='word_1_102' title='bbox 1741 1368 1969 1439; x_wconf 89' lang='lat' dir='ltr'><strong>probant</strong></span> 
     </span>
    </p>
   </div>
   <div class='ocr_carea' id='block_1_16' title="bbox 372 1458 1968 1532">
    <p class='ocr_par' dir='ltr' id='par_1_16' title="bbox 372 1458 1968 1532">
     <span class='ocr_line' id='line_1_16' title="bbox 372 1458 1968 1532; baseline -0.003 -12"><span class='ocrx_word' id='word_1_103' title='bbox 372 1477 525 1520; x_wconf 89' lang='lat' dir='ltr'><strong>certe</strong></span> <span class='ocrx_word' id='word_1_104' title='bbox 556 1469 635 1515; x_wconf 92' lang='lat' dir='ltr'><strong>tot</strong></span> <span class='ocrx_word' id='word_1_105' title='bbox 655 1458 853 1515; x_wconf 86' lang='lat' dir='ltr'><strong>eruditi</strong></span> <span class='ocrx_word' id='word_1_106' title='bbox 883 1458 1200 1528; x_wconf 88' lang='lat' dir='ltr'><strong>scriptores,</strong></span> <span class='ocrx_word' id='word_1_107' title='bbox 1232 1459 1321 1527; x_wconf 90' lang='lat' dir='ltr'><strong>qui</strong></span> <span class='ocrx_word' id='word_1_108' title='bbox 1353 1467 1539 1529; x_wconf 89' lang='lat' dir='ltr'><strong>postea</strong></span> <span class='ocrx_word' id='word_1_109' title='bbox 1568 1462 1968 1532; x_wconf 88' lang='lat' dir='ltr'><strong>manuscripto-</strong></span> 
     </span>
    </p>
   </div>
   <div class='ocr_carea' id='block_1_17' title="bbox 370 1541 1966 1613">
    <p class='ocr_par' dir='ltr' id='par_1_17' title="bbox 370 1541 1966 1613">
     <span class='ocr_line' id='line_1_17' title="bbox 370 1541 1966 1613; baseline -0.003 1"><span class='ocrx_word' id='word_1_110' title='bbox 370 1571 494 1613; x_wconf 85' lang='lat' dir='ltr'><strong>rum</strong></span> <span class='ocrx_word' id='word_1_111' title='bbox 525 1553 727 1610; x_wconf 84' lang='lat' dir='ltr'><strong>auxilio</strong></span> <span class='ocrx_word' id='word_1_112' title='bbox 781 1541 1283 1606; x_wconf 58' lang='lat' dir='ltr'><strong>innumeratextus</strong></span> <span class='ocrx_word' id='word_1_113' title='bbox 1311 1552 1550 1608; x_wconf 88' lang='lat' dir='ltr'><strong>auctoris</strong></span> <span class='ocrx_word' id='word_1_114' title='bbox 1576 1554 1747 1609; x_wconf 54' lang='lat' dir='ltr'><strong>nostri</strong></span> <span class='ocrx_word' id='word_1_115' title='bbox 1774 1556 1966 1610; x_wconf 89' lang='lat' dir='ltr'><strong>menda</strong></span> 
     </span>
    </p>
   </div>
   <div class='ocr_carea' id='block_1_18' title="bbox 377 1644 1969 1711">
    <p class='ocr_par' dir='ltr' id='par_1_18' title="bbox 377 1644 1969 1711">
     <span class='ocr_line' id='line_1_18' title="bbox 377 1644 1969 1711; baseline -0.003 -3"><span class='ocrx_word' id='word_1_116' title='bbox 377 1660 434 1708; x_wconf 90' lang='lat' dir='ltr'><strong>et</strong></span> <span class='ocrx_word' id='word_1_117' title='bbox 494 1648 718 1705; x_wconf 84' lang='lat' dir='ltr'><strong>vulnera</strong></span> <span class='ocrx_word' id='word_1_118' title='bbox 776 1660 970 1702; x_wconf 89' lang='lat' dir='ltr'><strong>sanare</strong></span> <span class='ocrx_word' id='word_1_119' title='bbox 1034 1644 1258 1711; x_wconf 89' lang='lat' dir='ltr'><strong>conati,</strong></span> <span class='ocrx_word' id='word_1_120' title='bbox 1329 1644 1478 1700; x_wconf 90' lang='lat' dir='ltr'><strong>illum</strong></span> <span class='ocrx_word' id='word_1_121' title='bbox 1534 1646 1711 1702; x_wconf 84' lang='lat' dir='ltr'><strong>adhuc</strong></span> <span class='ocrx_word' id='word_1_122' title='bbox 1772 1649 1969 1704; x_wconf 89' lang='lat' dir='ltr'><strong>errori-</strong></span> 
     </span>
    </p>
   </div>
   <div class='ocr_carea' id='block_1_19' title="bbox 2063 436 3651 513">
    <p class='ocr_par' dir='ltr' id='par_1_19' title="bbox 2063 436 3651 513">
     <span class='ocr_line' id='line_1_19' title="bbox 2063 436 3651 513; baseline 0.004 -22"><span class='ocrx_word' id='word_1_123' title='bbox 2063 436 2187 493; x_wconf 91' lang='lat' dir='ltr'><strong>dem</strong></span> <span class='ocrx_word' id='word_1_124' title='bbox 2219 453 2340 510; x_wconf 69' lang='lat' dir='ltr'><strong>qua:</strong></span> <span class='ocrx_word' id='word_1_125' title='bbox 2359 438 2425 493; x_wconf 90' lang='lat' dir='ltr'><strong>ad</strong></span> <span class='ocrx_word' id='word_1_126' title='bbox 2455 438 2861 509; x_wconf 88' lang='lat' dir='ltr'><strong>grammaticam</strong></span> <span class='ocrx_word' id='word_1_127' title='bbox 2894 446 3098 495; x_wconf 90' lang='lat' dir='ltr'><strong>tantum</strong></span> <span class='ocrx_word' id='word_1_128' title='bbox 3126 441 3422 510; x_wconf 86' lang='lat' dir='ltr'><strong>pertinent,</strong></span> <span class='ocrx_word' id='word_1_129' title='bbox 3450 452 3505 496; x_wconf 90' lang='lat' dir='ltr'><strong>et</strong></span> <span class='ocrx_word' id='word_1_130' title='bbox 3529 443 3651 513; x_wconf 87' lang='lat' dir='ltr'><strong>qui-</strong></span> 
     </span>
    </p>
   </div>
   <div class='ocr_carea' id='block_1_20' title="bbox 2064 531 3649 605">
    <p class='ocr_par' dir='ltr' id='par_1_20' title="bbox 2064 531 3649 605">
     <span class='ocr_line' id='line_1_20' title="bbox 2064 531 3649 605; baseline 0.003 -19"><span class='ocrx_word' id='word_1_131' title='bbox 2064 531 2165 588; x_wconf 90' lang='lat' dir='ltr'><strong>bus</strong></span> <span class='ocrx_word' id='word_1_132' title='bbox 2191 532 2384 587; x_wconf 89' lang='lat' dir='ltr'><strong>similia</strong></span> <span class='ocrx_word' id='word_1_133' title='bbox 2429 533 2741 589; x_wconf 86' lang='lat' dir='ltr'><strong>arnobianis</strong></span> <span class='ocrx_word' id='word_1_134' title='bbox 2765 531 2928 588; x_wconf 87' lang='lat' dir='ltr'><strong>verba</strong></span> <span class='ocrx_word' id='word_1_135' title='bbox 2960 532 3284 605; x_wconf 88' lang='lat' dir='ltr'><strong>quandoque</strong></span> <span class='ocrx_word' id='word_1_136' title='bbox 3309 534 3649 595; x_wconf 78' lang='lat' dir='ltr'><strong>exhibentur.</strong></span> 
     </span>
    </p>
   </div>
   <div class='ocr_carea' id='block_1_21' title="bbox 2063 623 3653 699">
    <p class='ocr_par' dir='ltr' id='par_1_21' title="bbox 2063 623 3653 699">
     <span class='ocr_line' id='line_1_21' title="bbox 2063 623 3653 699; baseline 0.002 -20"><span class='ocrx_word' id='word_1_137' title='bbox 2063 623 2274 680; x_wconf 86' lang='lat' dir='ltr'><strong>Erroris</strong></span> <span class='ocrx_word' id='word_1_138' title='bbox 2305 638 2520 696; x_wconf 88' lang='lat' dir='ltr'><strong>quoque</strong></span> <span class='ocrx_word' id='word_1_139' title='bbox 2546 633 2825 680; x_wconf 85' lang='lat' dir='ltr'><strong>auctorem</strong></span> <span class='ocrx_word' id='word_1_140' title='bbox 2855 635 3097 680; x_wconf 91' lang='lat' dir='ltr'><strong>nostrum</strong></span> <span class='ocrx_word' id='word_1_141' title='bbox 3142 640 3543 699; x_wconf 87' lang='lat' dir='ltr'><strong>nonnumquam</strong></span> <span class='ocrx_word' id='word_1_142' title='bbox 3567 643 3653 682; x_wconf 89' lang='lat' dir='ltr'><strong>ar-</strong></span> 
     </span>
    </p>
   </div>
   <div class='ocr_carea' id='block_1_22' title="bbox 2069 716 3656 789">
    <p class='ocr_par' dir='ltr' id='par_1_22' title="bbox 2069 716 3656 789">
     <span class='ocr_line' id='line_1_22' title="bbox 2069 716 3656 789; baseline 0.003 -18"><span class='ocrx_word' id='word_1_143' title='bbox 2069 733 2231 788; x_wconf 87' lang='lat' dir='ltr'><strong>guere</strong></span> <span class='ocrx_word' id='word_1_144' title='bbox 2259 718 2636 783; x_wconf 58' lang='lat' dir='ltr'><strong>non&#39;veretur,</strong></span> <span class='ocrx_word' id='word_1_145' title='bbox 2668 732 2735 772; x_wconf 91' lang='lat' dir='ltr'><strong>an</strong></span> <span class='ocrx_word' id='word_1_146' title='bbox 2779 718 2972 772; x_wconf 90' lang='lat' dir='ltr'><strong>merito</strong></span> <span class='ocrx_word' id='word_1_147' title='bbox 2996 716 3081 771; x_wconf 87' lang='lat' dir='ltr'><strong>vel</strong></span> <span class='ocrx_word' id='word_1_148' title='bbox 3112 717 3328 789; x_wconf 89' lang='lat' dir='ltr'><strong>injuria,</strong></span> <span class='ocrx_word' id='word_1_149' title='bbox 3359 731 3543 789; x_wconf 86' lang='lat' dir='ltr'><strong>postea</strong></span> <span class='ocrx_word' id='word_1_150' title='bbox 3573 722 3656 776; x_wconf 84' lang='lat' dir='ltr'><strong>vi-</strong></span> 
     </span>
    </p>
   </div>
   <div class='ocr_carea' id='block_1_23' title="bbox 2067 809 3658 882">
    <p class='ocr_par' dir='ltr' id='par_1_23' title="bbox 2067 809 3658 882">
     <span class='ocr_line' id='line_1_23' title="bbox 2067 809 3658 882; baseline 0.002 -17"><span class='ocrx_word' id='word_1_151' title='bbox 2067 809 2331 867; x_wconf 88' lang='lat' dir='ltr'><strong>debimus.</strong></span> <span class='ocrx_word' id='word_1_152' title='bbox 2375 809 2657 866; x_wconf 87' lang='lat' dir='ltr'><strong>Postremo</strong></span> <span class='ocrx_word' id='word_1_153' title='bbox 2701 811 2933 882; x_wconf 81' lang='lat' dir='ltr'><strong>ingenue</strong></span> <span class='ocrx_word' id='word_1_154' title='bbox 2982 811 3273 867; x_wconf 86' lang='lat' dir='ltr'><strong>confitetur</strong></span> <span class='ocrx_word' id='word_1_155' title='bbox 3317 812 3542 882; x_wconf 87' lang='lat' dir='ltr'><strong>plurima</strong></span> <span class='ocrx_word' id='word_1_156' title='bbox 3595 828 3658 868; x_wconf 88' lang='lat' dir='ltr'><strong>se</strong></span> 
     </span>
    </p>
   </div>
   <div class='ocr_carea' id='block_1_24' title="bbox 2066 902 3653 974">
    <p class='ocr_par' dir='ltr' id='par_1_24' title="bbox 2066 902 3653 974">
     <span class='ocr_line' id='line_1_24' title="bbox 2066 902 3653 974; baseline 0.001 -17"><span class='ocrx_word' id='word_1_157' title='bbox 2066 902 2515 972; x_wconf 71' lang='lat' dir='ltr'><strong>prrctermisisse,</strong></span> <span class='ocrx_word' id='word_1_158' title='bbox 2568 919 2690 974; x_wconf 76' lang='lat' dir='ltr'><strong>qua:</strong></span> <span class='ocrx_word' id='word_1_159' title='bbox 2746 902 2914 970; x_wconf 89' lang='lat' dir='ltr'><strong>falsa,</strong></span> <span class='ocrx_word' id='word_1_160' title='bbox 2969 911 3223 973; x_wconf 79' lang='lat' dir='ltr'><strong>corrupta</strong></span> <span class='ocrx_word' id='word_1_161' title='bbox 3294 913 3349 958; x_wconf 92' lang='lat' dir='ltr'><strong>et</strong></span> <span class='ocrx_word' id='word_1_162' title='bbox 3424 905 3653 962; x_wconf 86' lang='lat' dir='ltr'><strong>obscura</strong></span> 
     </span>
    </p>
   </div>
   <div class='ocr_carea' id='block_1_25' title="bbox 2069 1006 2213 1053">
    <p class='ocr_par' dir='ltr' id='par_1_25' title="bbox 2069 1006 2213 1053">
     <span class='ocr_line' id='line_1_25' title="bbox 2069 1006 2213 1053; baseline -0.007 -1"><span class='ocrx_word' id='word_1_163' title='bbox 2069 1006 2213 1053; x_wconf 77' lang='grc' dir='ltr'><strong>ευηι.</strong></span> 
     </span>
    </p>
   </div>
   <div class='ocr_carea' id='block_1_26' title="bbox 2140 1088 3659 1163">
    <p class='ocr_par' dir='ltr' id='par_1_26' title="bbox 2140 1088 3659 1163">
     <span class='ocr_line' id='line_1_26' title="bbox 2140 1088 3659 1163; baseline 0.002 -18"><span class='ocrx_word' id='word_1_164' title='bbox 2140 1090 2375 1163; x_wconf 81' lang='lat' dir='ltr'><strong>Longior</strong></span> <span class='ocrx_word' id='word_1_165' title='bbox 2419 1106 2548 1147; x_wconf 90' lang='lat' dir='ltr'><strong>vero</strong></span> <span class='ocrx_word' id='word_1_166' title='bbox 2604 1099 2688 1147; x_wconf 90' lang='lat' dir='ltr'><strong>est</strong></span> <span class='ocrx_word' id='word_1_167' title='bbox 2736 1091 2789 1147; x_wconf 91' lang='lat' dir='ltr'><strong>in</strong></span> <span class='ocrx_word' id='word_1_168' title='bbox 2832 1090 2947 1145; x_wconf 91' lang='lat' dir='ltr'><strong>suis</strong></span> <span class='ocrx_word' id='word_1_169' title='bbox 2994 1088 3554 1146; x_wconf 88' lang='lat' dir='ltr'><strong>animadversionibus</strong></span> <span class='ocrx_word' id='word_1_170' title='bbox 3604 1100 3659 1148; x_wconf 90' lang='lat' dir='ltr'><strong>et</strong></span> 
     </span>
    </p>
   </div>
   <div class='ocr_carea' id='block_1_27' title="bbox 2069 1183 3659 1255">
    <p class='ocr_par' dir='ltr' id='par_1_27' title="bbox 2069 1183 3659 1255">
     <span class='ocr_line' id='line_1_27' title="bbox 2069 1183 3659 1255; baseline -0.002 -14"><span class='ocrx_word' id='word_1_171' title='bbox 2069 1187 2211 1241; x_wconf 86' lang='lat' dir='ltr'><strong>notis</strong></span> <span class='ocrx_word' id='word_1_172' title='bbox 2245 1185 2528 1253; x_wconf 87' lang='lat' dir='ltr'><strong>lleraldus,</strong></span> <span class='ocrx_word' id='word_1_173' title='bbox 2562 1186 2656 1241; x_wconf 87' lang='lat' dir='ltr'><strong>sed</strong></span> <span class='ocrx_word' id='word_1_174' title='bbox 2709 1184 3047 1254; x_wconf 82' lang='lat' dir='ltr'><strong>frequentius</strong></span> <span class='ocrx_word' id='word_1_175' title='bbox 3099 1199 3260 1255; x_wconf 90' lang='lat' dir='ltr'><strong>quam</strong></span> <span class='ocrx_word' id='word_1_176' title='bbox 3309 1183 3659 1240; x_wconf 84' lang='lat' dir='ltr'><strong>Elmenhors-</strong></span> 
     </span>
    </p>
   </div>
   <div class='ocr_carea' id='block_1_28' title="bbox 2071 1278 3660 1353">
    <p class='ocr_par' dir='ltr' id='par_1_28' title="bbox 2071 1278 3660 1353">
     <span class='ocr_line' id='line_1_28' title="bbox 2071 1278 3660 1353; baseline -0.002 -15"><span class='ocrx_word' id='word_1_177' title='bbox 2071 1284 2198 1351; x_wconf 89' lang='lat' dir='ltr'><strong>tius,</strong></span> <span class='ocrx_word' id='word_1_178' title='bbox 2223 1283 2293 1339; x_wconf 92' lang='lat' dir='ltr'><strong>ab</strong></span> <span class='ocrx_word' id='word_1_179' title='bbox 2318 1284 2555 1339; x_wconf 84' lang='lat' dir='ltr'><strong>auctoris</strong></span> <span class='ocrx_word' id='word_1_180' title='bbox 2606 1281 2881 1353; x_wconf 77' lang='lat' dir='ltr'><strong>propesito</strong></span> <span class='ocrx_word' id='word_1_181' title='bbox 2923 1280 3238 1352; x_wconf 79' lang='lat' dir='ltr'><strong>digreditur.</strong></span> <span class='ocrx_word' id='word_1_182' title='bbox 3292 1278 3349 1335; x_wconf 91' lang='lat' dir='ltr'><strong>ln</strong></span> <span class='ocrx_word' id='word_1_183' title='bbox 3403 1280 3485 1335; x_wconf 89' lang='lat' dir='ltr'><strong>bis</strong></span> <span class='ocrx_word' id='word_1_184' title='bbox 3514 1281 3660 1336; x_wconf 89' lang='lat' dir='ltr'><strong>enim</strong></span> 
     </span>
    </p>
   </div>
   <div class='ocr_carea' id='block_1_29' title="bbox 2081 1373 3661 1446">
    <p class='ocr_par' dir='ltr' id='par_1_29' title="bbox 2081 1373 3661 1446">
     <span class='ocr_line' id='line_1_29' title="bbox 2081 1373 3661 1446; baseline -0.003 -12"><span class='ocrx_word' id='word_1_185' title='bbox 2081 1377 2204 1434; x_wconf 88' lang='lat' dir='ltr'><strong>data</strong></span> <span class='ocrx_word' id='word_1_186' title='bbox 2236 1377 2386 1435; x_wconf 84' lang='lat' dir='ltr'><strong>citati</strong></span> <span class='ocrx_word' id='word_1_187' title='bbox 2415 1392 2445 1431; x_wconf 92' lang='lat' dir='ltr'><strong>a</strong></span> <span class='ocrx_word' id='word_1_188' title='bbox 2476 1391 2536 1432; x_wconf 89' lang='lat' dir='ltr'><strong>se</strong></span> <span class='ocrx_word' id='word_1_189' title='bbox 2575 1376 2799 1446; x_wconf 85' lang='lat' dir='ltr'><strong>alicujus</strong></span> <span class='ocrx_word' id='word_1_190' title='bbox 2842 1373 3120 1444; x_wconf 85' lang='lat' dir='ltr'><strong>scriptoris</strong></span> <span class='ocrx_word' id='word_1_191' title='bbox 3168 1375 3470 1437; x_wconf 89' lang='lat' dir='ltr'><strong>occasione,</strong></span> <span class='ocrx_word' id='word_1_192' title='bbox 3524 1374 3661 1429; x_wconf 88' lang='lat' dir='ltr'><strong>ultra</strong></span> 
     </span>
    </p>
   </div>
   <div class='ocr_carea' id='block_1_30' title="bbox 2073 1468 3659 1538">
    <p class='ocr_par' dir='ltr' id='par_1_30' title="bbox 2073 1468 3659 1538">
     <span class='ocr_line' id='line_1_30' title="bbox 2073 1468 3659 1538; baseline -0.001 -12"><span class='ocrx_word' id='word_1_193' title='bbox 2073 1470 2270 1527; x_wconf 82' lang='lat' dir='ltr'><strong>laudati</strong></span> <span class='ocrx_word' id='word_1_194' title='bbox 2296 1480 2479 1527; x_wconf 85' lang='lat' dir='ltr'><strong>textus</strong></span> <span class='ocrx_word' id='word_1_195' title='bbox 2522 1470 2958 1525; x_wconf 86' lang='lat' dir='ltr'><strong>emendationem</strong></span> <span class='ocrx_word' id='word_1_196' title='bbox 2984 1468 3071 1523; x_wconf 86' lang='lat' dir='ltr'><strong>vel</strong></span> <span class='ocrx_word' id='word_1_197' title='bbox 3114 1468 3527 1538; x_wconf 79' lang='lat' dir='ltr'><strong>explicationem</strong></span> <span class='ocrx_word' id='word_1_198' title='bbox 3574 1469 3659 1524; x_wconf 82' lang='lat' dir='ltr'><strong>ni-</strong></span> 
     </span>
    </p>
   </div>
   <div class='ocr_carea' id='block_1_31' title="bbox 2072 1559 3661 1634">
    <p class='ocr_par' dir='ltr' id='par_1_31' title="bbox 2072 1559 3661 1634">
     <span class='ocr_line' id='line_1_31' title="bbox 2072 1559 3661 1634; baseline -0.001 -16"><span class='ocrx_word' id='word_1_199' title='bbox 2072 1564 2241 1618; x_wconf 90' lang='lat' dir='ltr'><strong>mium</strong></span> <span class='ocrx_word' id='word_1_200' title='bbox 2284 1562 2538 1629; x_wconf 82' lang='lat' dir='ltr'><strong>excurrit,</strong></span> <span class='ocrx_word' id='word_1_201' title='bbox 2576 1562 2835 1634; x_wconf 83' lang='lat' dir='ltr'><strong>pluraque</strong></span> <span class='ocrx_word' id='word_1_202' title='bbox 2880 1560 3124 1632; x_wconf 78' lang='lat' dir='ltr'><strong>congerit</strong></span> <span class='ocrx_word' id='word_1_203' title='bbox 3153 1560 3221 1615; x_wconf 92' lang='lat' dir='ltr'><strong>ad</strong></span> <span class='ocrx_word' id='word_1_204' title='bbox 3251 1559 3397 1616; x_wconf 90' lang='lat' dir='ltr'><strong>clara</strong></span> <span class='ocrx_word' id='word_1_205' title='bbox 3438 1562 3661 1617; x_wconf 85' lang='lat' dir='ltr'><strong>Arnobii</strong></span> 
     </span>
    </p>
   </div>
   <div class='ocr_carea' id='block_1_32' title="bbox 2074 1654 3663 1727">
    <p class='ocr_par' dir='ltr' id='par_1_32' title="bbox 2074 1654 3663 1727">
     <span class='ocr_line' id='line_1_32' title="bbox 2074 1654 3663 1727; baseline 0 -17"><span class='ocrx_word' id='word_1_206' title='bbox 2074 1657 2237 1713; x_wconf 89' lang='lat' dir='ltr'><strong>verba</strong></span> <span class='ocrx_word' id='word_1_207' title='bbox 2268 1657 2529 1712; x_wconf 87' lang='lat' dir='ltr'><strong>inutiliter</strong></span> <span class='ocrx_word' id='word_1_208' title='bbox 2558 1655 2898 1726; x_wconf 78' lang='lat' dir='ltr'><strong>explicanda.</strong></span> <span class='ocrx_word' id='word_1_209' title='bbox 2929 1654 3114 1726; x_wconf 83' lang='lat' dir='ltr'><strong>Neque</strong></span> <span class='ocrx_word' id='word_1_210' title='bbox 3141 1662 3320 1710; x_wconf 89' lang='lat' dir='ltr'><strong>tamen</strong></span> <span class='ocrx_word' id='word_1_211' title='bbox 3348 1655 3663 1727; x_wconf 84' lang='lat' dir='ltr'><strong>negabimus</strong></span> 
     </span>
    </p>
   </div>
   <div class='ocr_carea' id='block_1_33' title="bbox 370 1734 3663 1822">
    <p class='ocr_par' dir='ltr' id='par_1_33' title="bbox 370 1734 3663 1822">
     <span class='ocr_line' id='line_1_33' title="bbox 370 1734 3663 1822; baseline -0.003 -21"><span class='ocrx_word' id='word_1_212' title='bbox 370 1745 477 1803; x_wconf 84' lang='lat' dir='ltr'><strong>bus</strong></span> <span class='ocrx_word' id='word_1_213' title='bbox 541 1739 949 1814; x_wconf 88' lang='lat' dir='ltr'><strong>quamplurimis</strong></span> <span class='ocrx_word' id='word_1_214' title='bbox 1020 1734 1381 1795; x_wconf 80' lang='lat' dir='ltr'><strong>deformatum</strong></span> <span class='ocrx_word' id='word_1_215' title='bbox 1432 1739 1738 1808; x_wconf 86' lang='lat' dir='ltr'><strong>relinquere</strong></span> <span class='ocrx_word' id='word_1_216' title='bbox 1795 1742 1967 1798; x_wconf 89' lang='lat' dir='ltr'><strong>coacti</strong></span> <span class='ocrx_word' id='word_1_217' title='bbox 2001 1756 2048 1818; x_wconf 79' lang='grc' dir='ltr'><strong>Β</strong></span> <span class='ocrx_word' id='word_1_218' title='bbox 2074 1752 2127 1806; x_wconf 74' lang='lat' dir='ltr'><strong>in</strong></span> <span class='ocrx_word' id='word_1_219' title='bbox 2154 1752 2261 1807; x_wconf 75' lang='lat' dir='ltr'><strong>mis</strong></span> <span class='ocrx_word' id='word_1_220' title='bbox 2281 1766 2427 1822; x_wconf 47' lang='lat' dir='ltr'><strong>sape</strong></span> <span class='ocrx_word' id='word_1_221' title='bbox 2451 1753 2569 1821; x_wconf 66' lang='lat' dir='ltr'><strong>ejus</strong></span> <span class='ocrx_word' id='word_1_222' title='bbox 2607 1751 2963 1807; x_wconf 54' lang='lat' dir='ltr'><strong>eruditionem</strong></span> <span class='ocrx_word' id='word_1_223' title='bbox 2988 1765 3053 1805; x_wconf 70' lang='lat' dir='ltr'><strong>eo</strong></span> <span class='ocrx_word' id='word_1_224' title='bbox 3078 1750 3247 1820; x_wconf 65' lang='lat' dir='ltr'><strong>magis</strong></span> <span class='ocrx_word' id='word_1_225' title='bbox 3274 1751 3529 1813; x_wconf 51' lang='lat' dir='ltr'><strong>emicare.</strong></span> <span class='ocrx_word' id='word_1_226' title='bbox 3557 1765 3663 1821; x_wconf 74' lang='lat' dir='ltr'><strong>quo</strong></span> 
     </span>
    </p>
   </div>
   <div class='ocr_carea' id='block_1_34' title="bbox 370 1847 522 1896">
    <p class='ocr_par' dir='ltr' id='par_1_34' title="bbox 370 1847 522 1896">
     <span class='ocr_line' id='line_1_34' title="bbox 370 1847 522 1896; baseline -0.026 0"><span class='ocrx_word' id='word_1_227' title='bbox 370 1847 522 1896; x_wconf 81' lang='lat' dir='ltr'><strong>sunt.</strong></span> 
     </span>
    </p>
   </div>
   <div class='ocr_carea' id='block_1_35' title="bbox 445 1923 1963 1999">
    <p class='ocr_par' dir='ltr' id='par_1_35' title="bbox 445 1923 1963 1999">
     <span class='ocr_line' id='line_1_35' title="bbox 445 1923 1963 1999; baseline 0 -15"><span class='ocrx_word' id='word_1_228' title='bbox 445 1928 781 1999; x_wconf 85' lang='lat' dir='ltr'><strong>Quapropter</strong></span> <span class='ocrx_word' id='word_1_229' title='bbox 828 1926 873 1980; x_wconf 88' lang='lat' dir='ltr'><strong>is</strong></span> <span class='ocrx_word' id='word_1_230' title='bbox 902 1923 1231 1980; x_wconf 90' lang='lat' dir='ltr'><strong>arnobianus</strong></span> <span class='ocrx_word' id='word_1_231' title='bbox 1270 1923 1514 1991; x_wconf 90' lang='lat' dir='ltr'><strong>criticus,</strong></span> <span class='ocrx_word' id='word_1_232' title='bbox 1542 1939 1573 1978; x_wconf 91' lang='lat' dir='ltr'><strong>a</strong></span> <span class='ocrx_word' id='word_1_233' title='bbox 1602 1924 1834 1982; x_wconf 84' lang='lat' dir='ltr'><strong>Meursio</strong></span> <span class='ocrx_word' id='word_1_234' title='bbox 1852 1928 1963 1984; x_wconf 80' lang='lat' dir='ltr'><strong>elu-</strong></span> 
     </span>
    </p>
   </div>
   <div class='ocr_carea' id='block_1_36' title="bbox 371 2014 1971 2085">
    <p class='ocr_par' dir='ltr' id='par_1_36' title="bbox 371 2014 1971 2085">
     <span class='ocr_line' id='line_1_36' title="bbox 371 2014 1971 2085; baseline 0.001 -9"><span class='ocrx_word' id='word_1_235' title='bbox 371 2019 669 2085; x_wconf 88' lang='lat' dir='ltr'><strong>cubratus,</strong></span> <span class='ocrx_word' id='word_1_236' title='bbox 713 2016 1062 2074; x_wconf 83' lang='lat' dir='ltr'><strong>Theodorum</strong></span> <span class='ocrx_word' id='word_1_237' title='bbox 1109 2014 1401 2071; x_wconf 87' lang='lat' dir='ltr'><strong>Canterum</strong></span> <span class='ocrx_word' id='word_1_238' title='bbox 1448 2032 1557 2073; x_wconf 92' lang='lat' dir='ltr'><strong>non</strong></span> <span class='ocrx_word' id='word_1_239' title='bbox 1601 2018 1867 2076; x_wconf 88' lang='lat' dir='ltr'><strong>deterruit</strong></span> <span class='ocrx_word' id='word_1_240' title='bbox 1904 2022 1971 2078; x_wconf 89' lang='lat' dir='ltr'><strong>ab</strong></span> 
     </span>
    </p>
   </div>
   <div class='ocr_carea' id='block_1_37' title="bbox 375 2110 1968 2181">
    <p class='ocr_par' dir='ltr' id='par_1_37' title="bbox 375 2110 1968 2181">
     <span class='ocr_line' id='line_1_37' title="bbox 375 2110 1968 2181; baseline -0.001 -10"><span class='ocrx_word' id='word_1_241' title='bbox 375 2114 599 2171; x_wconf 84' lang='lat' dir='ltr'><strong>edendis</strong></span> <span class='ocrx_word' id='word_1_242' title='bbox 629 2112 684 2168; x_wconf 92' lang='lat' dir='ltr'><strong>in</strong></span> <span class='ocrx_word' id='word_1_243' title='bbox 716 2111 944 2167; x_wconf 85' lang='lat' dir='ltr'><strong>Arnoin</strong></span> <span class='ocrx_word' id='word_1_244' title='bbox 993 2110 1163 2165; x_wconf 91' lang='lat' dir='ltr'><strong>libros</strong></span> <span class='ocrx_word' id='word_1_245' title='bbox 1214 2110 1357 2165; x_wconf 93' lang='lat' dir='ltr'><strong>notis</strong></span> <span class='ocrx_word' id='word_1_246' title='bbox 1388 2121 1442 2166; x_wconf 91' lang='lat' dir='ltr'><strong>et</strong></span> <span class='ocrx_word' id='word_1_247' title='bbox 1476 2110 1968 2181; x_wconf 86' lang='lat' dir='ltr'><strong>observationibus,</strong></span> 
     </span>
    </p>
   </div>
   <div class='ocr_carea' id='block_1_38' title="bbox 376 2203 1971 2283">
    <p class='ocr_par' dir='ltr' id='par_1_38' title="bbox 376 2203 1971 2283">
     <span class='ocr_line' id='line_1_38' title="bbox 376 2203 1971 2283; baseline -0.001 -17"><span class='ocrx_word' id='word_1_248' title='bbox 376 2227 511 2283; x_wconf 89' lang='lat' dir='ltr'><strong>quas</strong></span> <span class='ocrx_word' id='word_1_249' title='bbox 531 2220 711 2273; x_wconf 86' lang='lat' dir='ltr'><strong>antea,</strong></span> <span class='ocrx_word' id='word_1_250' title='bbox 738 2208 813 2263; x_wconf 91' lang='lat' dir='ltr'><strong>uti</strong></span> <span class='ocrx_word' id='word_1_251' title='bbox 831 2207 1084 2271; x_wconf 79' lang='lat' dir='ltr'><strong>diximus,</strong></span> <span class='ocrx_word' id='word_1_252' title='bbox 1107 2205 1383 2277; x_wconf 78' lang='lat' dir='ltr'><strong>divulgare</strong></span> <span class='ocrx_word' id='word_1_253' title='bbox 1408 2203 1748 2262; x_wconf 87' lang='lat' dir='ltr'><strong>decreverat.</strong></span> <span class='ocrx_word' id='word_1_254' title='bbox 1772 2206 1971 2265; x_wconf 87' lang='lat' dir='ltr'><strong>Emen—</strong></span> 
     </span>
    </p>
   </div>
   <div class='ocr_carea' id='block_1_39' title="bbox 378 2299 1973 2368">
    <p class='ocr_par' dir='ltr' id='par_1_39' title="bbox 378 2299 1973 2368">
     <span class='ocr_line' id='line_1_39' title="bbox 378 2299 1973 2368; baseline -0.002 -7"><span class='ocrx_word' id='word_1_255' title='bbox 378 2305 493 2361; x_wconf 85' lang='lat' dir='ltr'><strong>dati</strong></span> <span class='ocrx_word' id='word_1_256' title='bbox 529 2313 710 2361; x_wconf 87' lang='lat' dir='ltr'><strong>autem</strong></span> <span class='ocrx_word' id='word_1_257' title='bbox 759 2317 789 2355; x_wconf 88' lang='lat' dir='ltr'><strong>a</strong></span> <span class='ocrx_word' id='word_1_258' title='bbox 825 2314 906 2368; x_wconf 89' lang='lat' dir='ltr'><strong>se,</strong></span> <span class='ocrx_word' id='word_1_259' title='bbox 955 2309 1048 2354; x_wconf 92' lang='lat' dir='ltr'><strong>aut</strong></span> <span class='ocrx_word' id='word_1_260' title='bbox 1093 2299 1417 2355; x_wconf 89' lang='lat' dir='ltr'><strong>emendandi</strong></span> <span class='ocrx_word' id='word_1_261' title='bbox 1461 2309 1641 2356; x_wconf 77' lang='lat' dir='ltr'><strong>textus</strong></span> <span class='ocrx_word' id='word_1_262' title='bbox 1693 2303 1973 2360; x_wconf 87' lang='lat' dir='ltr'><strong>arnobiani</strong></span> 
     </span>
    </p>
   </div>
   <div class='ocr_carea' id='block_1_40' title="bbox 378 2392 1971 2466">
    <p class='ocr_par' dir='ltr' id='par_1_40' title="bbox 378 2392 1971 2466">
     <span class='ocr_line' id='line_1_40' title="bbox 378 2392 1971 2466; baseline -0.003 -11"><span class='ocrx_word' id='word_1_263' title='bbox 378 2398 647 2455; x_wconf 87' lang='lat' dir='ltr'><strong>rationem</strong></span> <span class='ocrx_word' id='word_1_264' title='bbox 689 2397 742 2451; x_wconf 92' lang='lat' dir='ltr'><strong>in</strong></span> <span class='ocrx_word' id='word_1_265' title='bbox 775 2396 855 2450; x_wconf 91' lang='lat' dir='ltr'><strong>eis</strong></span> <span class='ocrx_word' id='word_1_266' title='bbox 884 2394 1077 2458; x_wconf 86' lang='lat' dir='ltr'><strong>reddit,</strong></span> <span class='ocrx_word' id='word_1_267' title='bbox 1113 2408 1176 2448; x_wconf 91' lang='lat' dir='ltr'><strong>ac</strong></span> <span class='ocrx_word' id='word_1_268' title='bbox 1202 2394 1369 2448; x_wconf 89' lang='lat' dir='ltr'><strong>multa</strong></span> <span class='ocrx_word' id='word_1_269' title='bbox 1395 2392 1619 2461; x_wconf 89' lang='lat' dir='ltr'><strong>indicat,</strong></span> <span class='ocrx_word' id='word_1_270' title='bbox 1649 2411 1767 2466; x_wconf 71' lang='lat' dir='ltr'><strong>qua:</strong></span> <span class='ocrx_word' id='word_1_271' title='bbox 1795 2397 1971 2452; x_wconf 79' lang='lat' dir='ltr'><strong>Arno-</strong></span> 
     </span>
    </p>
   </div>
   <div class='ocr_carea' id='block_1_41' title="bbox 381 2486 1973 2558">
    <p class='ocr_par' dir='ltr' id='par_1_41' title="bbox 381 2486 1973 2558">
     <span class='ocr_line' id='line_1_41' title="bbox 381 2486 1973 2558; baseline -0.001 -11"><span class='ocrx_word' id='word_1_272' title='bbox 381 2492 503 2548; x_wconf 86' lang='lat' dir='ltr'><strong>bius</strong></span> <span class='ocrx_word' id='word_1_273' title='bbox 551 2506 619 2546; x_wconf 87' lang='lat' dir='ltr'><strong>ex</strong></span> <span class='ocrx_word' id='word_1_274' title='bbox 661 2489 946 2545; x_wconf 89' lang='lat' dir='ltr'><strong>Clemente</strong></span> <span class='ocrx_word' id='word_1_275' title='bbox 976 2486 1345 2542; x_wconf 76' lang='lat' dir='ltr'><strong>Alexandrino</strong></span> <span class='ocrx_word' id='word_1_276' title='bbox 1391 2488 1729 2558; x_wconf 69' lang='lat' dir='ltr'><strong>potiSsimum</strong></span> <span class='ocrx_word' id='word_1_277' title='bbox 1759 2488 1973 2547; x_wconf 88' lang='lat' dir='ltr'><strong>desum—</strong></span> 
     </span>
    </p>
   </div>
   <div class='ocr_carea' id='block_1_42' title="bbox 381 2578 1973 2659">
    <p class='ocr_par' dir='ltr' id='par_1_42' title="bbox 381 2578 1973 2659">
     <span class='ocr_line' id='line_1_42' title="bbox 381 2578 1973 2659; baseline -0.009 -16"><span class='ocrx_word' id='word_1_278' title='bbox 381 2585 508 2659; x_wconf 82' lang='lat' dir='ltr'><strong>psit.</strong></span> <span class='ocrx_word' id='word_1_279' title='bbox 560 2583 737 2638; x_wconf 80' lang='lat' dir='ltr'><strong>Pauca</strong></span> <span class='ocrx_word' id='word_1_280' title='bbox 780 2592 962 2636; x_wconf 85' lang='lat' dir='ltr'><strong>autein</strong></span> <span class='ocrx_word' id='word_1_281' title='bbox 1013 2578 1286 2649; x_wconf 81' lang='lat' dir='ltr'><strong>explicat,</strong></span> <span class='ocrx_word' id='word_1_282' title='bbox 1344 2589 1574 2652; x_wconf 91' lang='lat' dir='ltr'><strong>utroque</strong></span> <span class='ocrx_word' id='word_1_283' title='bbox 1625 2580 1824 2638; x_wconf 81' lang='lat' dir='ltr'><strong>fatetur</strong></span> <span class='ocrx_word' id='word_1_284' title='bbox 1869 2584 1973 2638; x_wconf 70' lang='lat' dir='ltr'><strong>alia</strong></span> 
     </span>
    </p>
   </div>
   <div class='ocr_carea' id='block_1_43' title="bbox 383 2673 1975 2752">
    <p class='ocr_par' dir='ltr' id='par_1_43' title="bbox 383 2673 1975 2752">
     <span class='ocr_line' id='line_1_43' title="bbox 383 2673 1975 2752; baseline -0.003 -15"><span class='ocrx_word' id='word_1_285' title='bbox 383 2680 546 2752; x_wconf 90' lang='lat' dir='ltr'><strong>longe</strong></span> <span class='ocrx_word' id='word_1_286' title='bbox 577 2678 809 2749; x_wconf 89' lang='lat' dir='ltr'><strong>plurima</strong></span> <span class='ocrx_word' id='word_1_287' title='bbox 838 2688 1156 2745; x_wconf 87' lang='lat' dir='ltr'><strong>superesse,</strong></span> <span class='ocrx_word' id='word_1_288' title='bbox 1200 2687 1320 2744; x_wconf 64' lang='lat' dir='ltr'><strong>qua:</strong></span> <span class='ocrx_word' id='word_1_289' title='bbox 1368 2673 1672 2743; x_wconf 90' lang='lat' dir='ltr'><strong>copiosiore</strong></span> <span class='ocrx_word' id='word_1_290' title='bbox 1711 2675 1975 2747; x_wconf 86' lang='lat' dir='ltr'><strong>interpre-</strong></span> 
     </span>
    </p>
   </div>
   <div class='ocr_carea' id='block_1_44' title="bbox 380 2766 1975 2840">
    <p class='ocr_par' dir='ltr' id='par_1_44' title="bbox 380 2766 1975 2840">
     <span class='ocr_line' id='line_1_44' title="bbox 380 2766 1975 2840; baseline -0.003 -11"><span class='ocrx_word' id='word_1_291' title='bbox 380 2773 588 2829; x_wconf 87' lang='lat' dir='ltr'><strong>tatione</strong></span> <span class='ocrx_word' id='word_1_292' title='bbox 630 2769 958 2839; x_wconf 79' lang='lat' dir='ltr'><strong>indigebant.</strong></span> <span class='ocrx_word' id='word_1_293' title='bbox 1004 2766 1175 2835; x_wconf 86' lang='lat' dir='ltr'><strong>Quam</strong></span> <span class='ocrx_word' id='word_1_294' title='bbox 1206 2768 1275 2821; x_wconf 89' lang='lat' dir='ltr'><strong>ob</strong></span> <span class='ocrx_word' id='word_1_295' title='bbox 1321 2780 1539 2822; x_wconf 87' lang='lat' dir='ltr'><strong>causam</strong></span> <span class='ocrx_word' id='word_1_296' title='bbox 1580 2767 1975 2840; x_wconf 90' lang='lat' dir='ltr'><strong>amplissimum</strong></span> 
     </span>
    </p>
   </div>
   <div class='ocr_carea' id='block_1_45' title="bbox 382 2859 1973 2925">
    <p class='ocr_par' dir='ltr' id='par_1_45' title="bbox 382 2859 1973 2925">
     <span class='ocr_line' id='line_1_45' title="bbox 382 2859 1973 2925; baseline -0.004 0"><span class='ocrx_word' id='word_1_297' title='bbox 382 2870 441 2925; x_wconf 88' lang='lat' dir='ltr'><strong>in</strong></span> <span class='ocrx_word' id='word_1_298' title='bbox 470 2869 572 2923; x_wconf 89' lang='lat' dir='ltr'><strong>bos</strong></span> <span class='ocrx_word' id='word_1_299' title='bbox 602 2864 826 2921; x_wconf 88' lang='lat' dir='ltr'><strong>Arnobii</strong></span> <span class='ocrx_word' id='word_1_300' title='bbox 851 2862 1019 2918; x_wconf 89' lang='lat' dir='ltr'><strong>libros</strong></span> <span class='ocrx_word' id='word_1_301' title='bbox 1038 2862 1488 2917; x_wconf 88' lang='lat' dir='ltr'><strong>commentarium</strong></span> <span class='ocrx_word' id='word_1_302' title='bbox 1516 2859 1665 2917; x_wconf 90' lang='lat' dir='ltr'><strong>brevi</strong></span> <span class='ocrx_word' id='word_1_303' title='bbox 1704 2878 1765 2917; x_wconf 92' lang='lat' dir='ltr'><strong>se</strong></span> <span class='ocrx_word' id='word_1_304' title='bbox 1796 2862 1973 2919; x_wconf 79' lang='lat' dir='ltr'><strong>editu-</strong></span> 
     </span>
    </p>
   </div>
   <div class='ocr_carea' id='block_1_46' title="bbox 378 2954 1976 3032">
    <p class='ocr_par' dir='ltr' id='par_1_46' title="bbox 378 2954 1976 3032">
     <span class='ocr_line' id='line_1_46' title="bbox 378 2954 1976 3032; baseline -0.004 -15"><span class='ocrx_word' id='word_1_305' title='bbox 378 2978 501 3017; x_wconf 87' lang='lat' dir='ltr'><strong>rum</strong></span> <span class='ocrx_word' id='word_1_306' title='bbox 530 2960 799 3032; x_wconf 88' lang='lat' dir='ltr'><strong>pollicitus</strong></span> <span class='ocrx_word' id='word_1_307' title='bbox 831 2966 935 3013; x_wconf 89' lang='lat' dir='ltr'><strong>est.</strong></span> <span class='ocrx_word' id='word_1_308' title='bbox 964 2956 1071 3013; x_wconf 88' lang='lat' dir='ltr'><strong>Sed</strong></span> <span class='ocrx_word' id='word_1_309' title='bbox 1116 2963 1291 3010; x_wconf 89' lang='lat' dir='ltr'><strong>utrum</strong></span> <span class='ocrx_word' id='word_1_310' title='bbox 1336 2954 1497 3019; x_wconf 85' lang='lat' dir='ltr'><strong>ﬁdem</strong></span> <span class='ocrx_word' id='word_1_311' title='bbox 1530 2954 1854 3021; x_wconf 86' lang='lat' dir='ltr'><strong>liberaverit,</strong></span> <span class='ocrx_word' id='word_1_312' title='bbox 1883 2964 1976 3011; x_wconf 91' lang='lat' dir='ltr'><strong>aut</strong></span> 
     </span>
    </p>
   </div>
   <div class='ocr_carea' id='block_1_47' title="bbox 384 3049 1975 3125">
    <p class='ocr_par' dir='ltr' id='par_1_47' title="bbox 384 3049 1975 3125">
     <span class='ocr_line' id='line_1_47' title="bbox 384 3049 1975 3125; baseline -0.004 -14"><span class='ocrx_word' id='word_1_313' title='bbox 384 3072 482 3111; x_wconf 91' lang='lat' dir='ltr'><strong>cur</strong></span> <span class='ocrx_word' id='word_1_314' title='bbox 535 3051 817 3125; x_wconf 85' lang='lat' dir='ltr'><strong>promissis</strong></span> <span class='ocrx_word' id='word_1_315' title='bbox 861 3066 968 3106; x_wconf 92' lang='lat' dir='ltr'><strong>non</strong></span> <span class='ocrx_word' id='word_1_316' title='bbox 1013 3049 1248 3115; x_wconf 88' lang='lat' dir='ltr'><strong>steterit,</strong></span> <span class='ocrx_word' id='word_1_317' title='bbox 1282 3049 1436 3105; x_wconf 90' lang='lat' dir='ltr'><strong>nobis</strong></span> <span class='ocrx_word' id='word_1_318' title='bbox 1483 3049 1742 3105; x_wconf 89' lang='lat' dir='ltr'><strong>hactenus</strong></span> <span class='ocrx_word' id='word_1_319' title='bbox 1771 3049 1975 3106; x_wconf 90' lang='lat' dir='ltr'><strong>incom-</strong></span> 
     </span>
    </p>
   </div>
   <div class='ocr_carea' id='block_1_48' title="bbox 381 3156 618 3220">
    <p class='ocr_par' dir='ltr' id='par_1_48' title="bbox 381 3156 618 3220">
     <span class='ocr_line' id='line_1_48' title="bbox 381 3156 618 3220; baseline -0.021 -15"><span class='ocrx_word' id='word_1_320' title='bbox 381 3156 618 3220; x_wconf 87' lang='lat' dir='ltr'><strong>pertutn.</strong></span> 
     </span>
    </p>
   </div>
   <div class='ocr_carea' id='block_1_49' title="bbox 457 3233 1969 3311">
    <p class='ocr_par' dir='ltr' id='par_1_49' title="bbox 457 3233 1969 3311">
     <span class='ocr_line' id='line_1_49' title="bbox 457 3233 1969 3311; baseline -0.006 -14"><span class='ocrx_word' id='word_1_321' title='bbox 457 3240 690 3311; x_wconf 78' lang='lat' dir='ltr'><strong>Scripsit</strong></span> <span class='ocrx_word' id='word_1_322' title='bbox 719 3239 881 3295; x_wconf 89' lang='lat' dir='ltr'><strong>etiam</strong></span> <span class='ocrx_word' id='word_1_323' title='bbox 926 3234 1265 3293; x_wconf 83' lang='lat' dir='ltr'><strong>Slewecbius</strong></span> <span class='ocrx_word' id='word_1_324' title='bbox 1294 3233 1521 3306; x_wconf 86' lang='lat' dir='ltr'><strong>duplicis</strong></span> <span class='ocrx_word' id='word_1_325' title='bbox 1549 3235 1762 3305; x_wconf 79' lang='lat' dir='ltr'><strong>generis</strong></span> <span class='ocrx_word' id='word_1_326' title='bbox 1793 3234 1846 3288; x_wconf 93' lang='lat' dir='ltr'><strong>in</strong></span> <span class='ocrx_word' id='word_1_327' title='bbox 1874 3250 1969 3289; x_wconf 88' lang='lat' dir='ltr'><strong>au-</strong></span> 
     </span>
    </p>
   </div>
   <div class='ocr_carea' id='block_1_50' title="bbox 389 3326 1977 3395">
    <p class='ocr_par' dir='ltr' id='par_1_50' title="bbox 389 3326 1977 3395">
     <span class='ocr_line' id='line_1_50' title="bbox 389 3326 1977 3395; baseline -0.008 -3"><span class='ocrx_word' id='word_1_328' title='bbox 389 3336 559 3392; x_wconf 83' lang='lat' dir='ltr'><strong>ctoris</strong></span> <span class='ocrx_word' id='word_1_329' title='bbox 584 3330 758 3389; x_wconf 86' lang='lat' dir='ltr'><strong>nostri</strong></span> <span class='ocrx_word' id='word_1_330' title='bbox 788 3331 955 3385; x_wconf 89' lang='lat' dir='ltr'><strong>libros</strong></span> <span class='ocrx_word' id='word_1_331' title='bbox 985 3328 1500 3393; x_wconf 80' lang='lat' dir='ltr'><strong>animadversiones,</strong></span> <span class='ocrx_word' id='word_1_332' title='bbox 1530 3342 1757 3395; x_wconf 84' lang='lat' dir='ltr'><strong>quarunt</strong></span> <span class='ocrx_word' id='word_1_333' title='bbox 1789 3326 1977 3395; x_wconf 83' lang='lat' dir='ltr'><strong>prima:</strong></span> 
     </span>
    </p>
   </div>
   <div class='ocr_carea' id='block_1_51' title="bbox 384 3419 1971 3498">
    <p class='ocr_par' dir='ltr' id='par_1_51' title="bbox 384 3419 1971 3498">
     <span class='ocr_line' id='line_1_51' title="bbox 384 3419 1971 3498; baseline -0.008 -13"><span class='ocrx_word' id='word_1_334' title='bbox 384 3431 456 3484; x_wconf 90' lang='lat' dir='ltr'><strong>ab</strong></span> <span class='ocrx_word' id='word_1_335' title='bbox 472 3444 540 3484; x_wconf 87' lang='lat' dir='ltr'><strong>eo</strong></span> <span class='ocrx_word' id='word_1_336' title='bbox 561 3425 789 3498; x_wconf 75' lang='lat' dir='ltr'><strong>syllabus</strong></span> <span class='ocrx_word' id='word_1_337' title='bbox 829 3424 1129 3487; x_wconf 83' lang='lat' dir='ltr'><strong>electorum,</strong></span> <span class='ocrx_word' id='word_1_338' title='bbox 1154 3420 1407 3475; x_wconf 80' lang='lat' dir='ltr'><strong>secunda:</strong></span> <span class='ocrx_word' id='word_1_339' title='bbox 1432 3419 1589 3473; x_wconf 75' lang='lat' dir='ltr'><strong>electa</strong></span> <span class='ocrx_word' id='word_1_340' title='bbox 1614 3420 1971 3489; x_wconf 81' lang='lat' dir='ltr'><strong>appellantur.</strong></span> 
     </span>
    </p>
   </div>
   <div class='ocr_carea' id='block_1_52' title="bbox 384 3498 1977 3593">
    <p class='ocr_par' dir='ltr' id='par_1_52' title="bbox 384 3498 1977 3593">
     <span class='ocr_line' id='line_1_52' title="bbox 384 3498 1977 3593; baseline -0.007 -15"><span class='ocrx_word' id='word_1_341' title='bbox 384 3522 443 3580; x_wconf 88' lang='lat' dir='ltr'><strong>lu</strong></span> <span class='ocrx_word' id='word_1_342' title='bbox 476 3518 864 3593; x_wconf 78' lang='lat' dir='ltr'><strong>posterioribus</strong></span> <span class='ocrx_word' id='word_1_343' title='bbox 883 3518 1033 3587; x_wconf 90' lang='lat' dir='ltr'><strong>plura</strong></span> <span class='ocrx_word' id='word_1_344' title='bbox 1058 3498 1287 3569; x_wconf 28' lang='lat' dir='ltr'><strong>Aruobii&#39;</strong></span> <span class='ocrx_word' id='word_1_345' title='bbox 1308 3513 1467 3568; x_wconf 86' lang='lat' dir='ltr'><strong>verba</strong></span> <span class='ocrx_word' id='word_1_346' title='bbox 1485 3521 1541 3568; x_wconf 90' lang='lat' dir='ltr'><strong>et</strong></span> <span class='ocrx_word' id='word_1_347' title='bbox 1567 3514 1862 3567; x_wconf 87' lang='lat' dir='ltr'><strong>sententias</strong></span> <span class='ocrx_word' id='word_1_348' title='bbox 1891 3514 1977 3569; x_wconf 85' lang='lat' dir='ltr'><strong>vel</strong></span> 
     </span>
    </p>
   </div>
   <div class='ocr_carea' id='block_1_53' title="bbox 388 3606 1979 3688">
    <p class='ocr_par' dir='ltr' id='par_1_53' title="bbox 388 3606 1979 3688">
     <span class='ocr_line' id='line_1_53' title="bbox 388 3606 1979 3688; baseline -0.009 -13"><span class='ocrx_word' id='word_1_349' title='bbox 388 3635 457 3675; x_wconf 85' lang='lat' dir='ltr'><strong>ex</strong></span> <span class='ocrx_word' id='word_1_350' title='bbox 486 3615 700 3688; x_wconf 87' lang='lat' dir='ltr'><strong>ingenio</strong></span> <span class='ocrx_word' id='word_1_351' title='bbox 728 3623 783 3667; x_wconf 92' lang='lat' dir='ltr'><strong>et</strong></span> <span class='ocrx_word' id='word_1_352' title='bbox 809 3610 1195 3671; x_wconf 88' lang='lat' dir='ltr'><strong>membraneis,</strong></span> <span class='ocrx_word' id='word_1_353' title='bbox 1236 3607 1311 3661; x_wconf 90' lang='lat' dir='ltr'><strong>uti</strong></span> <span class='ocrx_word' id='word_1_354' title='bbox 1355 3606 1449 3671; x_wconf 87' lang='lat' dir='ltr'><strong>ait,</strong></span> <span class='ocrx_word' id='word_1_355' title='bbox 1482 3606 1758 3661; x_wconf 85' lang='lat' dir='ltr'><strong>codicibus</strong></span> <span class='ocrx_word' id='word_1_356' title='bbox 1793 3622 1979 3662; x_wconf 86' lang='lat' dir='ltr'><strong>emcn-</strong></span> 
     </span>
    </p>
   </div>
   <div class='ocr_carea' id='block_1_54' title="bbox 385 3699 1979 3770">
    <p class='ocr_par' dir='ltr' id='par_1_54' title="bbox 385 3699 1979 3770">
     <span class='ocr_line' id='line_1_54' title="bbox 385 3699 1979 3770; baseline -0.007 -5"><span class='ocrx_word' id='word_1_357' title='bbox 385 3711 518 3766; x_wconf 91' lang='lat' dir='ltr'><strong>dare</strong></span> <span class='ocrx_word' id='word_1_358' title='bbox 543 3720 597 3763; x_wconf 87' lang='lat' dir='ltr'><strong>et</strong></span> <span class='ocrx_word' id='word_1_359' title='bbox 626 3707 918 3770; x_wconf 84' lang='lat' dir='ltr'><strong>illustrare,</strong></span> <span class='ocrx_word' id='word_1_360' title='bbox 942 3705 1027 3756; x_wconf 82' lang='lat' dir='ltr'><strong>vel</strong></span> <span class='ocrx_word' id='word_1_361' title='bbox 1048 3699 1272 3754; x_wconf 89' lang='lat' dir='ltr'><strong>aliorum</strong></span> <span class='ocrx_word' id='word_1_362' title='bbox 1304 3700 1627 3769; x_wconf 89' lang='lat' dir='ltr'><strong>scriptorum</strong></span> <span class='ocrx_word' id='word_1_363' title='bbox 1660 3700 1979 3755; x_wconf 88' lang='lat' dir='ltr'><strong>auctoritate</strong></span> 
     </span>
    </p>
   </div>
   <div class='ocr_carea' id='block_1_55' title="bbox 383 3790 1978 3866">
    <p class='ocr_par' dir='ltr' id='par_1_55' title="bbox 383 3790 1978 3866">
     <span class='ocr_line' id='line_1_55' title="bbox 383 3790 1978 3866; baseline -0.009 -6"><span class='ocrx_word' id='word_1_364' title='bbox 383 3801 712 3861; x_wconf 79' lang='lat' dir='ltr'><strong>conﬁrmare</strong></span> <span class='ocrx_word' id='word_1_365' title='bbox 743 3812 841 3866; x_wconf 88' lang='lat' dir='ltr'><strong>pro</strong></span> <span class='ocrx_word' id='word_1_366' title='bbox 871 3793 1010 3849; x_wconf 86' lang='lat' dir='ltr'><strong>virili</strong></span> <span class='ocrx_word' id='word_1_367' title='bbox 1060 3802 1211 3863; x_wconf 88' lang='lat' dir='ltr'><strong>parte</strong></span> <span class='ocrx_word' id='word_1_368' title='bbox 1258 3806 1354 3845; x_wconf 88' lang='lat' dir='ltr'><strong>sua</strong></span> <span class='ocrx_word' id='word_1_369' title='bbox 1385 3790 1695 3846; x_wconf 88' lang='lat' dir='ltr'><strong>connititur.</strong></span> <span class='ocrx_word' id='word_1_370' title='bbox 1728 3791 1978 3861; x_wconf 84' lang='lat' dir='ltr'><strong>Syllabus</strong></span> 
     </span>
    </p>
   </div>
   <div class='ocr_carea' id='block_1_56' title="bbox 387 3883 1980 3955">
    <p class='ocr_par' dir='ltr' id='par_1_56' title="bbox 387 3883 1980 3955">
     <span class='ocr_line' id='line_1_56' title="bbox 387 3883 1980 3955; baseline -0.008 -3"><span class='ocrx_word' id='word_1_371' title='bbox 387 3909 521 3951; x_wconf 85' lang='lat' dir='ltr'><strong>vero</strong></span> <span class='ocrx_word' id='word_1_372' title='bbox 551 3893 849 3949; x_wconf 87' lang='lat' dir='ltr'><strong>electorum</strong></span> <span class='ocrx_word' id='word_1_373' title='bbox 900 3896 982 3942; x_wconf 88' lang='lat' dir='ltr'><strong>est</strong></span> <span class='ocrx_word' id='word_1_374' title='bbox 1032 3884 1195 3940; x_wconf 88' lang='lat' dir='ltr'><strong>totius</strong></span> <span class='ocrx_word' id='word_1_375' title='bbox 1250 3885 1450 3955; x_wconf 86' lang='lat' dir='ltr'><strong>Operis,</strong></span> <span class='ocrx_word' id='word_1_376' title='bbox 1485 3894 1543 3938; x_wconf 92' lang='lat' dir='ltr'><strong>ut</strong></span> <span class='ocrx_word' id='word_1_377' title='bbox 1593 3883 1705 3939; x_wconf 70' lang='lat' dir='ltr'><strong>haec</strong></span> <span class='ocrx_word' id='word_1_378' title='bbox 1759 3887 1863 3938; x_wconf 85' lang='lat' dir='ltr'><strong>l&#39;ert</strong></span> <span class='ocrx_word' id='word_1_379' title='bbox 1898 3885 1980 3940; x_wconf 91' lang='lat' dir='ltr'><strong>in-</strong></span> 
     </span>
    </p>
   </div>
   <div class='ocr_carea' id='block_1_57' title="bbox 386 3978 1978 4058">
    <p class='ocr_par' dir='ltr' id='par_1_57' title="bbox 386 3978 1978 4058">
     <span class='ocr_line' id='line_1_57' title="bbox 386 3978 1978 4058; baseline -0.007 -13"><span class='ocrx_word' id='word_1_380' title='bbox 386 3988 634 4058; x_wconf 86' lang='lat' dir='ltr'><strong>scriptio,</strong></span> <span class='ocrx_word' id='word_1_381' title='bbox 666 3981 1075 4054; x_wconf 89' lang='lat' dir='ltr'><strong>compendium,</strong></span> <span class='ocrx_word' id='word_1_382' title='bbox 1103 3979 1247 4050; x_wconf 90' lang='lat' dir='ltr'><strong>quod</strong></span> <span class='ocrx_word' id='word_1_383' title='bbox 1298 3978 1427 4033; x_wconf 79' lang='lat' dir='ltr'><strong>nillil</strong></span> <span class='ocrx_word' id='word_1_384' title='bbox 1461 3991 1641 4034; x_wconf 87' lang='lat' dir='ltr'><strong>tamen</strong></span> <span class='ocrx_word' id='word_1_385' title='bbox 1683 3978 1847 4046; x_wconf 89' lang='lat' dir='ltr'><strong>aliud,</strong></span> <span class='ocrx_word' id='word_1_386' title='bbox 1876 3980 1978 4035; x_wconf 89' lang='lat' dir='ltr'><strong>nisi</strong></span> 
     </span>
    </p>
   </div>
   <div class='ocr_carea' id='block_1_58' title="bbox 387 4071 1978 4152">
    <p class='ocr_par' dir='ltr' id='par_1_58' title="bbox 387 4071 1978 4152">
     <span class='ocr_line' id='line_1_58' title="bbox 387 4071 1978 4152; baseline -0.005 -16"><span class='ocrx_word' id='word_1_387' title='bbox 387 4078 742 4152; x_wconf 90' lang='lat' dir='ltr'><strong>quorumdam</strong></span> <span class='ocrx_word' id='word_1_388' title='bbox 773 4076 1066 4131; x_wconf 90' lang='lat' dir='ltr'><strong>verborum</strong></span> <span class='ocrx_word' id='word_1_389' title='bbox 1092 4071 1530 4142; x_wconf 82' lang='lat' dir='ltr'><strong>explicationem,</strong></span> <span class='ocrx_word' id='word_1_390' title='bbox 1558 4079 1613 4126; x_wconf 91' lang='lat' dir='ltr'><strong>et</strong></span> <span class='ocrx_word' id='word_1_391' title='bbox 1636 4072 1896 4127; x_wconf 90' lang='lat' dir='ltr'><strong>nonnulla</strong></span> <span class='ocrx_word' id='word_1_392' title='bbox 1922 4074 1978 4128; x_wconf 91' lang='lat' dir='ltr'><strong>in</strong></span> 
     </span>
    </p>
   </div>
   <div class='ocr_carea' id='block_1_59' title="bbox 385 4162 1586 4236">
    <p class='ocr_par' dir='ltr' id='par_1_59' title="bbox 385 4162 1586 4236">
     <span class='ocr_line' id='line_1_59' title="bbox 385 4162 1586 4236; baseline -0.005 -7"><span class='ocrx_word' id='word_1_393' title='bbox 385 4173 473 4231; x_wconf 87' lang='lat' dir='ltr'><strong>liis</strong></span> <span class='ocrx_word' id='word_1_394' title='bbox 502 4171 726 4228; x_wconf 81' lang='lat' dir='ltr'><strong>Arnobii</strong></span> <span class='ocrx_word' id='word_1_395' title='bbox 757 4170 909 4224; x_wconf 88' lang='lat' dir='ltr'><strong>libris</strong></span> <span class='ocrx_word' id='word_1_396' title='bbox 937 4176 1124 4221; x_wconf 91' lang='lat' dir='ltr'><strong>notatu</strong></span> <span class='ocrx_word' id='word_1_397' title='bbox 1152 4166 1312 4236; x_wconf 87' lang='lat' dir='ltr'><strong>digna</strong></span> <span class='ocrx_word' id='word_1_398' title='bbox 1342 4162 1586 4223; x_wconf 83' lang='lat' dir='ltr'><strong>exhibet.</strong></span> 
     </span>
    </p>
   </div>
   <div class='ocr_carea' id='block_1_60' title="bbox 460 4256 1981 4337">
    <p class='ocr_par' dir='ltr' id='par_1_60' title="bbox 460 4256 1981 4337">
     <span class='ocr_line' id='line_1_60' title="bbox 460 4256 1981 4337; baseline -0.007 -13"><span class='ocrx_word' id='word_1_399' title='bbox 460 4264 925 4337; x_wconf 75' lang='lat' dir='ltr'><strong>Quemadmodum</strong></span> <span class='ocrx_word' id='word_1_400' title='bbox 958 4275 1090 4316; x_wconf 92' lang='lat' dir='ltr'><strong>vero</strong></span> <span class='ocrx_word' id='word_1_401' title='bbox 1121 4257 1559 4314; x_wconf 88' lang='lat' dir='ltr'><strong>Elmenhorstius</strong></span> <span class='ocrx_word' id='word_1_402' title='bbox 1599 4256 1731 4312; x_wconf 90' lang='lat' dir='ltr'><strong>duas</strong></span> <span class='ocrx_word' id='word_1_403' title='bbox 1781 4257 1981 4330; x_wconf 89' lang='lat' dir='ltr'><strong>publici</strong></span> 
     </span>
    </p>
   </div>
   <div class='ocr_carea' id='block_1_61' title="bbox 390 4351 1978 4438">
    <p class='ocr_par' dir='ltr' id='par_1_61' title="bbox 390 4351 1978 4438">
     <span class='ocr_line' id='line_1_61' title="bbox 390 4351 1978 4438; baseline -0.008 -17"><span class='ocrx_word' id='word_1_404' title='bbox 390 4363 530 4438; x_wconf 89' lang='lat' dir='ltr'><strong>juris</strong></span> <span class='ocrx_word' id='word_1_405' title='bbox 587 4361 713 4416; x_wconf 83' lang='lat' dir='ltr'><strong>fecit</strong></span> <span class='ocrx_word' id='word_1_406' title='bbox 764 4355 1078 4414; x_wconf 85' lang='lat' dir='ltr'><strong>eorumdern</strong></span> <span class='ocrx_word' id='word_1_407' title='bbox 1121 4352 1348 4409; x_wconf 85' lang='lat' dir='ltr'><strong>Arnobii</strong></span> <span class='ocrx_word' id='word_1_408' title='bbox 1402 4351 1663 4408; x_wconf 89' lang='lat' dir='ltr'><strong>librorum</strong></span> <span class='ocrx_word' id='word_1_409' title='bbox 1694 4352 1978 4422; x_wconf 80' lang='lat' dir='ltr'><strong>editiones,</strong></span> 
     </span>
    </p>
   </div>
   <div class='ocr_carea' id='block_1_62' title="bbox 390 4446 1978 4525">
    <p class='ocr_par' dir='ltr' id='par_1_62' title="bbox 390 4446 1978 4525">
     <span class='ocr_line' id='line_1_62' title="bbox 390 4446 1978 4525; baseline -0.016 -9"><span class='ocrx_word' id='word_1_410' title='bbox 390 4461 467 4518; x_wconf 86' lang='lat' dir='ltr'><strong>ita</strong></span> <span class='ocrx_word' id='word_1_411' title='bbox 496 4454 916 4525; x_wconf 85' lang='lat' dir='ltr'><strong>uniuscujusque</strong></span> <span class='ocrx_word' id='word_1_412' title='bbox 965 4449 1129 4505; x_wconf 88' lang='lat' dir='ltr'><strong>variis</strong></span> <span class='ocrx_word' id='word_1_413' title='bbox 1160 4447 1300 4504; x_wconf 88' lang='lat' dir='ltr'><strong>notis</strong></span> <span class='ocrx_word' id='word_1_414' title='bbox 1333 4446 1667 4502; x_wconf 82' lang='lat' dir='ltr'><strong>illustrandae</strong></span> <span class='ocrx_word' id='word_1_415' title='bbox 1696 4464 1835 4503; x_wconf 85' lang='lat' dir='ltr'><strong>onus</strong></span> <span class='ocrx_word' id='word_1_416' title='bbox 1858 4462 1978 4504; x_wconf 89' lang='lat' dir='ltr'><strong>sus-</strong></span> 
     </span>
    </p>
   </div>
   <div class='ocr_carea' id='block_1_63' title="bbox 2074 1842 3662 1915">
    <p class='ocr_par' dir='ltr' id='par_1_63' title="bbox 2074 1842 3662 1915">
     <span class='ocr_line' id='line_1_63' title="bbox 2074 1842 3662 1915; baseline -0.001 -15"><span class='ocrx_word' id='word_1_417' title='bbox 2074 1844 2330 1910; x_wconf 89' lang='lat' dir='ltr'><strong>breviori,</strong></span> <span class='ocrx_word' id='word_1_418' title='bbox 2365 1845 2520 1900; x_wconf 88' lang='lat' dir='ltr'><strong>sicuti</strong></span> <span class='ocrx_word' id='word_1_419' title='bbox 2548 1843 2805 1910; x_wconf 74' lang='lat' dir='ltr'><strong>diximus,</strong></span> <span class='ocrx_word' id='word_1_420' title='bbox 2851 1843 3109 1915; x_wconf 89' lang='lat' dir='ltr'><strong>temporis</strong></span> <span class='ocrx_word' id='word_1_421' title='bbox 3154 1842 3440 1898; x_wconf 90' lang='lat' dir='ltr'><strong>intervallo</strong></span> <span class='ocrx_word' id='word_1_422' title='bbox 3494 1851 3662 1899; x_wconf 89' lang='lat' dir='ltr'><strong>totum</strong></span> 
     </span>
    </p>
   </div>
   <div class='ocr_carea' id='block_1_64' title="bbox 2076 1936 2915 2010">
    <p class='ocr_par' dir='ltr' id='par_1_64' title="bbox 2076 1936 2915 2010">
     <span class='ocr_line' id='line_1_64' title="bbox 2076 1936 2915 2010; baseline -0.005 -17"><span class='ocrx_word' id='word_1_423' title='bbox 2076 1951 2213 2008; x_wconf 90' lang='lat' dir='ltr'><strong>opus</strong></span> <span class='ocrx_word' id='word_1_424' title='bbox 2241 1951 2300 1992; x_wconf 90' lang='lat' dir='ltr'><strong>se</strong></span> <span class='ocrx_word' id='word_1_425' title='bbox 2330 1937 2626 2010; x_wconf 87' lang='lat' dir='ltr'><strong>perfecisse</strong></span> <span class='ocrx_word' id='word_1_426' title='bbox 2653 1936 2915 1993; x_wconf 89' lang='lat' dir='ltr'><strong>adseruit.</strong></span> 
     </span>
    </p>
   </div>
   <div class='ocr_carea' id='block_1_65' title="bbox 2150 2029 3667 2103">
    <p class='ocr_par' dir='ltr' id='par_1_65' title="bbox 2150 2029 3667 2103">
     <span class='ocr_line' id='line_1_65' title="bbox 2150 2029 3667 2103; baseline 0.001 -17"><span class='ocrx_word' id='word_1_427' title='bbox 2150 2031 2294 2087; x_wconf 91' lang='lat' dir='ltr'><strong>Duos</strong></span> <span class='ocrx_word' id='word_1_428' title='bbox 2320 2031 2652 2103; x_wconf 89' lang='lat' dir='ltr'><strong>Bulengerus</strong></span> <span class='ocrx_word' id='word_1_429' title='bbox 2698 2032 2751 2086; x_wconf 93' lang='lat' dir='ltr'><strong>in</strong></span> <span class='ocrx_word' id='word_1_430' title='bbox 2782 2029 3079 2086; x_wconf 87' lang='lat' dir='ltr'><strong>Arnobiuin</strong></span> <span class='ocrx_word' id='word_1_431' title='bbox 3135 2030 3457 2103; x_wconf 85' lang='lat' dir='ltr'><strong>Eclogarum</strong></span> <span class='ocrx_word' id='word_1_432' title='bbox 3500 2030 3667 2087; x_wconf 89' lang='lat' dir='ltr'><strong>libros</strong></span> 
     </span>
    </p>
   </div>
   <div class='ocr_carea' id='block_1_66' title="bbox 2076 2123 3665 2195">
    <p class='ocr_par' dir='ltr' id='par_1_66' title="bbox 2076 2123 3665 2195">
     <span class='ocr_line' id='line_1_66' title="bbox 2076 2123 3665 2195; baseline -0.001 -12"><span class='ocrx_word' id='word_1_433' title='bbox 2076 2127 2305 2192; x_wconf 68' lang='lat' dir='ltr'><strong>Tolosae,</strong></span> <span class='ocrx_word' id='word_1_434' title='bbox 2337 2141 2482 2182; x_wconf 92' lang='lat' dir='ltr'><strong>anno</strong></span> <span class='ocrx_word' id='word_1_435' title='bbox 2513 2124 2677 2191; x_wconf 73' lang='grc'><strong>1612,</strong></span> <span class='ocrx_word' id='word_1_436' title='bbox 2712 2124 2896 2180; x_wconf 87' lang='lat' dir='ltr'><strong>edidit.</strong></span> <span class='ocrx_word' id='word_1_437' title='bbox 2926 2123 2983 2179; x_wconf 88' lang='lat' dir='ltr'><strong>In</strong></span> <span class='ocrx_word' id='word_1_438' title='bbox 3015 2124 3188 2195; x_wconf 87' lang='lat' dir='ltr'><strong>primo</strong></span> <span class='ocrx_word' id='word_1_439' title='bbox 3226 2124 3389 2179; x_wconf 88' lang='lat' dir='ltr'><strong>variis</strong></span> <span class='ocrx_word' id='word_1_440' title='bbox 3422 2134 3529 2180; x_wconf 87' lang='lat' dir='ltr'><strong>tam</strong></span> <span class='ocrx_word' id='word_1_441' title='bbox 3579 2139 3665 2181; x_wconf 87' lang='lat' dir='ltr'><strong>sa-</strong></span> 
     </span>
    </p>
   </div>
   <div class='ocr_carea' id='block_1_67' title="bbox 2077 2216 3665 2288">
    <p class='ocr_par' dir='ltr' id='par_1_67' title="bbox 2077 2216 3665 2288">
     <span class='ocr_line' id='line_1_67' title="bbox 2077 2216 3665 2288; baseline -0.001 -15"><span class='ocrx_word' id='word_1_442' title='bbox 2077 2232 2314 2281; x_wconf 90' lang='lat' dir='ltr'><strong>crorum,</strong></span> <span class='ocrx_word' id='word_1_443' title='bbox 2344 2232 2504 2288; x_wconf 91' lang='lat' dir='ltr'><strong>quam</strong></span> <span class='ocrx_word' id='word_1_444' title='bbox 2537 2217 2939 2287; x_wconf 84' lang='lat' dir='ltr'><strong>proplianorum</strong></span> <span class='ocrx_word' id='word_1_445' title='bbox 2992 2217 3314 2286; x_wconf 91' lang='lat' dir='ltr'><strong>scriptorum</strong></span> <span class='ocrx_word' id='word_1_446' title='bbox 3343 2216 3665 2272; x_wconf 88' lang='lat' dir='ltr'><strong>testimoniis</strong></span> 
     </span>
    </p>
   </div>
   <div class='ocr_carea' id='block_1_68' title="bbox 2081 2307 3667 2379">
    <p class='ocr_par' dir='ltr' id='par_1_68' title="bbox 2081 2307 3667 2379">
     <span class='ocr_line' id='line_1_68' title="bbox 2081 2307 3667 2379; baseline 0.001 -16"><span class='ocrx_word' id='word_1_447' title='bbox 2081 2309 2329 2379; x_wconf 69' lang='lat' dir='ltr'><strong>quardam</strong></span> <span class='ocrx_word' id='word_1_448' title='bbox 2360 2309 2565 2363; x_wconf 91' lang='lat' dir='ltr'><strong>stabilit</strong></span> <span class='ocrx_word' id='word_1_449' title='bbox 2594 2323 2657 2365; x_wconf 92' lang='lat' dir='ltr'><strong>ac</strong></span> <span class='ocrx_word' id='word_1_450' title='bbox 2685 2307 2989 2376; x_wconf 81' lang='lat' dir='ltr'><strong>confirmat,</strong></span> <span class='ocrx_word' id='word_1_451' title='bbox 3018 2324 3140 2379; x_wconf 62' lang='lat' dir='ltr'><strong>quae</strong></span> <span class='ocrx_word' id='word_1_452' title='bbox 3169 2308 3222 2363; x_wconf 92' lang='lat' dir='ltr'><strong>in</strong></span> <span class='ocrx_word' id='word_1_453' title='bbox 3251 2307 3474 2364; x_wconf 83' lang='lat' dir='ltr'><strong>Arnobii</strong></span> <span class='ocrx_word' id='word_1_454' title='bbox 3519 2309 3667 2365; x_wconf 88' lang='lat' dir='ltr'><strong>libris</strong></span> 
     </span>
    </p>
   </div>
   <div class='ocr_carea' id='block_1_69' title="bbox 2081 2400 3666 2472">
    <p class='ocr_par' dir='ltr' id='par_1_69' title="bbox 2081 2400 3666 2472">
     <span class='ocr_line' id='line_1_69' title="bbox 2081 2400 3666 2472; baseline -0.001 -15"><span class='ocrx_word' id='word_1_455' title='bbox 2081 2402 2280 2472; x_wconf 85' lang='lat' dir='ltr'><strong>scripta</strong></span> <span class='ocrx_word' id='word_1_456' title='bbox 2312 2401 2539 2472; x_wconf 82' lang='lat' dir='ltr'><strong>legimus</strong></span> <span class='ocrx_word' id='word_1_457' title='bbox 2580 2401 2645 2455; x_wconf 91' lang='lat' dir='ltr'><strong>de</strong></span> <span class='ocrx_word' id='word_1_458' title='bbox 2684 2401 2817 2464; x_wconf 90' lang='lat' dir='ltr'><strong>Deo,</strong></span> <span class='ocrx_word' id='word_1_459' title='bbox 2846 2400 2966 2471; x_wconf 88' lang='lat' dir='ltr'><strong>ejus</strong></span> <span class='ocrx_word' id='word_1_460' title='bbox 3008 2400 3296 2468; x_wconf 89' lang='lat' dir='ltr'><strong>attributis,</strong></span> <span class='ocrx_word' id='word_1_461' title='bbox 3324 2410 3378 2459; x_wconf 89' lang='lat' dir='ltr'><strong>et</strong></span> <span class='ocrx_word' id='word_1_462' title='bbox 3417 2400 3666 2457; x_wconf 76' lang='lat' dir='ltr'><strong>humana:</strong></span> 
     </span>
    </p>
   </div>
   <div class='ocr_carea' id='block_1_70' title="bbox 2078 2492 3667 2565">
    <p class='ocr_par' dir='ltr' id='par_1_70' title="bbox 2078 2492 3667 2565">
     <span class='ocr_line' id='line_1_70' title="bbox 2078 2492 3667 2565; baseline 0.001 -18"><span class='ocrx_word' id='word_1_463' title='bbox 2078 2494 2271 2548; x_wconf 88' lang='lat' dir='ltr'><strong>animae</strong></span> <span class='ocrx_word' id='word_1_464' title='bbox 2300 2494 2619 2565; x_wconf 90' lang='lat' dir='ltr'><strong>incorporea</strong></span> <span class='ocrx_word' id='word_1_465' title='bbox 2650 2493 3049 2564; x_wconf 86' lang='lat' dir='ltr'><strong>immortalique</strong></span> <span class='ocrx_word' id='word_1_466' title='bbox 3086 2502 3295 2548; x_wconf 90' lang='lat' dir='ltr'><strong>natura.</strong></span> <span class='ocrx_word' id='word_1_467' title='bbox 3325 2492 3432 2548; x_wconf 83' lang='lat' dir='ltr'><strong>Sed</strong></span> <span class='ocrx_word' id='word_1_468' title='bbox 3472 2508 3667 2563; x_wconf 88' lang='lat' dir='ltr'><strong>magno</strong></span> 
     </span>
    </p>
   </div>
   <div class='ocr_carea' id='block_1_71' title="bbox 2078 2584 3665 2657">
    <p class='ocr_par' dir='ltr' id='par_1_71' title="bbox 2078 2584 3665 2657">
     <span class='ocr_line' id='line_1_71' title="bbox 2078 2584 3665 2657; baseline 0.001 -17"><span class='ocrx_word' id='word_1_469' title='bbox 2078 2586 2291 2642; x_wconf 89' lang='lat' dir='ltr'><strong>silentio</strong></span> <span class='ocrx_word' id='word_1_470' title='bbox 2325 2586 2474 2656; x_wconf 89' lang='lat' dir='ltr'><strong>plura</strong></span> <span class='ocrx_word' id='word_1_471' title='bbox 2502 2585 2605 2641; x_wconf 88' lang='lat' dir='ltr'><strong>alia</strong></span> <span class='ocrx_word' id='word_1_472' title='bbox 2653 2586 2912 2656; x_wconf 65' lang='lat' dir='ltr'><strong>praeteriit</strong></span> <span class='ocrx_word' id='word_1_473' title='bbox 2969 2601 3095 2657; x_wconf 71' lang='lat' dir='ltr'><strong>qua:</strong></span> <span class='ocrx_word' id='word_1_474' title='bbox 3124 2585 3204 2641; x_wconf 91' lang='lat' dir='ltr'><strong>vel</strong></span> <span class='ocrx_word' id='word_1_475' title='bbox 3232 2584 3392 2657; x_wconf 90' lang='lat' dir='ltr'><strong>paulo</strong></span> <span class='ocrx_word' id='word_1_476' title='bbox 3420 2586 3665 2654; x_wconf 88' lang='lat' dir='ltr'><strong>liberius,</strong></span> 
     </span>
    </p>
   </div>
   <div class='ocr_carea' id='block_1_72' title="bbox 2079 2678 3665 2753">
    <p class='ocr_par' dir='ltr' id='par_1_72' title="bbox 2079 2678 3665 2753">
     <span class='ocr_line' id='line_1_72' title="bbox 2079 2678 3665 2753; baseline 0.003 -22"><span class='ocrx_word' id='word_1_477' title='bbox 2079 2679 2163 2734; x_wconf 87' lang='lat' dir='ltr'><strong>vel</strong></span> <span class='ocrx_word' id='word_1_478' title='bbox 2213 2680 2497 2736; x_wconf 81' lang='lat' dir='ltr'><strong>obscurius</strong></span> <span class='ocrx_word' id='word_1_479' title='bbox 2549 2678 2618 2734; x_wconf 90' lang='lat' dir='ltr'><strong>ab</strong></span> <span class='ocrx_word' id='word_1_480' title='bbox 2668 2678 2761 2733; x_wconf 93' lang='lat' dir='ltr'><strong>illo</strong></span> <span class='ocrx_word' id='word_1_481' title='bbox 2808 2679 2947 2735; x_wconf 88' lang='lat' dir='ltr'><strong>dicta</strong></span> <span class='ocrx_word' id='word_1_482' title='bbox 3002 2680 3168 2736; x_wconf 91' lang='lat' dir='ltr'><strong>fuisse</strong></span> <span class='ocrx_word' id='word_1_483' title='bbox 3221 2679 3377 2735; x_wconf 89' lang='lat' dir='ltr'><strong>multi</strong></span> <span class='ocrx_word' id='word_1_484' title='bbox 3428 2694 3665 2753; x_wconf 82' lang='lat' dir='ltr'><strong>conque-</strong></span> 
     </span>
    </p>
   </div>
   <div class='ocr_carea' id='block_1_73' title="bbox 2079 2780 2296 2825">
    <p class='ocr_par' dir='ltr' id='par_1_73' title="bbox 2079 2780 2296 2825">
     <span class='ocr_line' id='line_1_73' title="bbox 2079 2780 2296 2825; baseline -0.009 0"><span class='ocrx_word' id='word_1_485' title='bbox 2079 2780 2296 2825; x_wconf 75' lang='grc' dir='ltr'><strong>ιύῐῐιυΓ.</strong></span> 
     </span>
    </p>
   </div>
   <div class='ocr_carea' id='block_1_74' title="bbox 2153 2861 3668 2934">
    <p class='ocr_par' dir='ltr' id='par_1_74' title="bbox 2153 2861 3668 2934">
     <span class='ocr_line' id='line_1_74' title="bbox 2153 2861 3668 2934; baseline 0.001 -17"><span class='ocrx_word' id='word_1_486' title='bbox 2153 2861 2401 2918; x_wconf 91' lang='lat' dir='ltr'><strong>Secundo</strong></span> <span class='ocrx_word' id='word_1_487' title='bbox 2429 2862 2763 2934; x_wconf 85' lang='lat' dir='ltr'><strong>Bulengerus</strong></span> <span class='ocrx_word' id='word_1_488' title='bbox 2794 2877 2893 2917; x_wconf 92' lang='lat' dir='ltr'><strong>suo</strong></span> <span class='ocrx_word' id='word_1_489' title='bbox 2920 2862 2974 2917; x_wconf 92' lang='lat' dir='ltr'><strong>in</strong></span> <span class='ocrx_word' id='word_1_490' title='bbox 3030 2861 3167 2918; x_wconf 87' lang='lat' dir='ltr'><strong>libro</strong></span> <span class='ocrx_word' id='word_1_491' title='bbox 3196 2862 3310 2918; x_wconf 61' lang='lat' dir='ltr'><strong>haec</strong></span> <span class='ocrx_word' id='word_1_492' title='bbox 3340 2865 3471 2919; x_wconf 90' lang='lat' dir='ltr'><strong>citat</strong></span> <span class='ocrx_word' id='word_1_493' title='bbox 3496 2865 3668 2920; x_wconf 82' lang='lat' dir='ltr'><strong>Arno-</strong></span> 
     </span>
    </p>
   </div>
   <div class='ocr_carea' id='block_1_75' title="bbox 2080 2954 3665 3026">
    <p class='ocr_par' dir='ltr' id='par_1_75' title="bbox 2080 2954 3665 3026">
     <span class='ocr_line' id='line_1_75' title="bbox 2080 2954 3665 3026; baseline 0.001 -17"><span class='ocrx_word' id='word_1_494' title='bbox 2080 2954 2153 3009; x_wconf 90' lang='lat' dir='ltr'><strong>bii</strong></span> <span class='ocrx_word' id='word_1_495' title='bbox 2194 2956 2394 3011; x_wconf 90' lang='lat' dir='ltr'><strong>verba:</strong></span> <span class='ocrx_word' id='word_1_496' title='bbox 2433 2974 2453 3009; x_wconf 72' lang='grc' dir='ltr'>ι</span> <span class='ocrx_word' id='word_1_497' title='bbox 2497 2955 2699 3011; x_wconf 76' lang='lat' dir='ltr'><strong>Ridetis</strong></span> <span class='ocrx_word' id='word_1_498' title='bbox 2752 2956 3085 3026; x_wconf 86' lang='lat' dir='ltr'><strong>temporibus</strong></span> <span class='ocrx_word' id='word_1_499' title='bbox 3126 2954 3317 3025; x_wconf 89' lang='lat' dir='ltr'><strong>priscis</strong></span> <span class='ocrx_word' id='word_1_500' title='bbox 3345 2956 3537 3011; x_wconf 90' lang='lat' dir='ltr'><strong>Persas</strong></span> <span class='ocrx_word' id='word_1_501' title='bbox 3562 2955 3665 3011; x_wconf 88' lang='lat' dir='ltr'><strong>ﬂu-</strong></span> 
     </span>
    </p>
   </div>
   <div class='ocr_carea' id='block_1_76' title="bbox 2080 3048 3667 3120">
    <p class='ocr_par' dir='ltr' id='par_1_76' title="bbox 2080 3048 3667 3120">
     <span class='ocr_line' id='line_1_76' title="bbox 2080 3048 3667 3120; baseline 0.001 -18"><span class='ocrx_word' id='word_1_502' title='bbox 2080 3050 2222 3104; x_wconf 85' lang='lat' dir='ltr'><strong>vium</strong></span> <span class='ocrx_word' id='word_1_503' title='bbox 2251 3048 2507 3117; x_wconf 89' lang='lat' dir='ltr'><strong>coluisse,</strong></span> <span class='ocrx_word' id='word_1_504' title='bbox 2540 3048 2851 3104; x_wconf 89' lang='lat' dir='ltr'><strong>metnoralia</strong></span> <span class='ocrx_word' id='word_1_505' title='bbox 2885 3058 2941 3103; x_wconf 94' lang='lat' dir='ltr'><strong>ut</strong></span> <span class='ocrx_word' id='word_1_506' title='bbox 2989 3048 3225 3103; x_wconf 87' lang='lat' dir='ltr'><strong>indicant</strong></span> <span class='ocrx_word' id='word_1_507' title='bbox 3272 3049 3505 3120; x_wconf 87' lang='lat' dir='ltr'><strong>scripta;</strong></span> <span class='ocrx_word' id='word_1_508' title='bbox 3536 3068 3555 3101; x_wconf 73' lang='grc' dir='ltr'><strong><em>ι</em></strong></span> <span class='ocrx_word' id='word_1_509' title='bbox 3583 3059 3667 3104; x_wconf 80' lang='lat' dir='ltr'><strong>at-</strong></span> 
     </span>
    </p>
   </div>
   <div class='ocr_carea' id='block_1_77' title="bbox 2004 3142 3666 3217">
    <p class='ocr_par' dir='ltr' id='par_1_77' title="bbox 2004 3142 3666 3217">
     <span class='ocr_line' id='line_1_77' title="bbox 2004 3142 3666 3217; baseline 0.001 -19"><span class='ocrx_word' id='word_1_510' title='bbox 2004 3155 2049 3217; x_wconf 71' lang='grc' dir='ltr'>ρ</span> <span class='ocrx_word' id='word_1_511' title='bbox 2080 3159 2186 3213; x_wconf 91' lang='lat' dir='ltr'><strong>que</strong></span> <span class='ocrx_word' id='word_1_512' title='bbox 2235 3144 2397 3197; x_wconf 89' lang='lat' dir='ltr'><strong>etiam</strong></span> <span class='ocrx_word' id='word_1_513' title='bbox 2448 3143 2537 3198; x_wconf 91' lang='lat' dir='ltr'><strong>illa</strong></span> <span class='ocrx_word' id='word_1_514' title='bbox 2565 3162 2577 3196; x_wconf 89' lang='lat'><strong>:</strong></span> <span class='ocrx_word' id='word_1_515' title='bbox 2610 3162 2628 3193; x_wconf 85' lang='grc'><strong><em>‹</em></strong></span> <span class='ocrx_word' id='word_1_516' title='bbox 2661 3142 2730 3197; x_wconf 89' lang='lat' dir='ltr'><strong>Et</strong></span> <span class='ocrx_word' id='word_1_517' title='bbox 2779 3142 2918 3197; x_wconf 92' lang='lat' dir='ltr'><strong>inter</strong></span> <span class='ocrx_word' id='word_1_518' title='bbox 2958 3142 3209 3213; x_wconf 81' lang='lat' dir='ltr'><strong>Assyrios</strong></span> <span class='ocrx_word' id='word_1_519' title='bbox 3235 3152 3291 3198; x_wconf 92' lang='lat' dir='ltr'><strong>et</strong></span> <span class='ocrx_word' id='word_1_520' title='bbox 3332 3142 3666 3210; x_wconf 87' lang='lat' dir='ltr'><strong>Bactrianos,</strong></span> 
     </span>
    </p>
   </div>
   <div class='ocr_carea' id='block_1_78' title="bbox 2080 3236 3667 3307">
    <p class='ocr_par' dir='ltr' id='par_1_78' title="bbox 2080 3236 3667 3307">
     <span class='ocr_line' id='line_1_78' title="bbox 2080 3236 3667 3307; baseline 0.001 -16"><span class='ocrx_word' id='word_1_521' title='bbox 2080 3236 2218 3291; x_wconf 87' lang='lat' dir='ltr'><strong>Nino</strong></span> <span class='ocrx_word' id='word_1_522' title='bbox 2242 3236 2474 3306; x_wconf 90' lang='lat' dir='ltr'><strong>quodam</strong></span> <span class='ocrx_word' id='word_1_523' title='bbox 2515 3236 2909 3307; x_wconf 83' lang='lat' dir='ltr'><strong>Zoroastreque</strong></span> <span class='ocrx_word' id='word_1_524' title='bbox 2941 3236 3281 3302; x_wconf 87' lang='lat' dir='ltr'><strong>ductoribus,</strong></span> <span class='ocrx_word' id='word_1_525' title='bbox 3311 3253 3417 3292; x_wconf 90' lang='lat' dir='ltr'><strong>tton</strong></span> <span class='ocrx_word' id='word_1_526' title='bbox 3465 3246 3667 3294; x_wconf 89' lang='lat' dir='ltr'><strong>tantum</strong></span> 
     </span>
    </p>
   </div>
   <div class='ocr_carea' id='block_1_79' title="bbox 2044 3328 3769 3404">
    <p class='ocr_par' dir='ltr' id='par_1_79' title="bbox 2044 3328 3769 3404">
     <span class='ocr_line' id='line_1_79' title="bbox 2044 3328 3769 3404; baseline 0.003 -19"><span class='ocrx_word' id='word_1_527' title='bbox 2044 3332 2224 3388; x_wconf 64' lang='lat' dir='ltr'><strong>’ferro</strong></span> <span class='ocrx_word' id='word_1_528' title='bbox 2254 3332 2620 3399; x_wconf 86' lang='lat' dir='ltr'><strong>dimicaretur,</strong></span> <span class='ocrx_word' id='word_1_529' title='bbox 2650 3341 2704 3387; x_wconf 85' lang='lat' dir='ltr'><strong>et</strong></span> <span class='ocrx_word' id='word_1_530' title='bbox 2752 3328 2974 3399; x_wconf 85' lang='lat' dir='ltr'><strong>viribus,</strong></span> <span class='ocrx_word' id='word_1_531' title='bbox 3001 3347 3185 3387; x_wconf 89' lang='lat' dir='ltr'><strong>verum</strong></span> <span class='ocrx_word' id='word_1_532' title='bbox 3232 3334 3394 3388; x_wconf 89' lang='lat' dir='ltr'><strong>etiam</strong></span> <span class='ocrx_word' id='word_1_533' title='bbox 3452 3334 3671 3404; x_wconf 80' lang='lat' dir='ltr'><strong>niagiris</strong></span> <span class='ocrx_word' id='word_1_534' title='bbox 3766 3330 3769 3337; x_wconf 85' lang='grc'><em>’</em></span> 
     </span>
    </p>
   </div>
   <div class='ocr_carea' id='block_1_80' title="bbox 2086 3424 3666 3501">
    <p class='ocr_par' dir='ltr' id='par_1_80' title="bbox 2086 3424 3666 3501">
     <span class='ocr_line' id='line_1_80' title="bbox 2086 3424 3666 3501; baseline -0.001 -19"><span class='ocrx_word' id='word_1_535' title='bbox 2086 3435 2140 3481; x_wconf 89' lang='lat' dir='ltr'><strong>et</strong></span> <span class='ocrx_word' id='word_1_536' title='bbox 2182 3426 2555 3482; x_wconf 68' lang='lat' dir='ltr'><strong>Chaldaeorum</strong></span> <span class='ocrx_word' id='word_1_537' title='bbox 2580 3443 2645 3481; x_wconf 80' lang='lat' dir='ltr'><strong>ex</strong></span> <span class='ocrx_word' id='word_1_538' title='bbox 2696 3426 2991 3481; x_wconf 90' lang='lat' dir='ltr'><strong>reconditis</strong></span> <span class='ocrx_word' id='word_1_539' title='bbox 3033 3426 3331 3496; x_wconf 84' lang='lat' dir='ltr'><strong>disciplinis</strong></span> <span class='ocrx_word' id='word_1_540' title='bbox 3368 3447 3386 3479; x_wconf 79' lang='grc' dir='ltr'><strong><em>ι</em></strong></span> <span class='ocrx_word' id='word_1_541' title='bbox 3420 3424 3666 3501; x_wconf 79' lang='lat' dir='ltr'><strong>(Aruob.,</strong></span> 
     </span>
    </p>
   </div>
   <div class='ocr_carea' id='block_1_81' title="bbox 2083 3517 3673 3588">
    <p class='ocr_par' dir='ltr' id='par_1_81' title="bbox 2083 3517 3673 3588">
     <span class='ocr_line' id='line_1_81' title="bbox 2083 3517 3673 3588; baseline 0.001 -16"><span class='ocrx_word' id='word_1_542' title='bbox 2083 3520 2172 3575; x_wconf 86' lang='lat' dir='ltr'><strong>lib.</strong></span> <span class='ocrx_word' id='word_1_543' title='bbox 2207 3536 2279 3585; x_wconf 86' lang='lat' dir='ltr'><strong>vi,</strong></span> <span class='ocrx_word' id='word_1_544' title='bbox 2313 3537 2366 3588; x_wconf 73' lang='grc' dir='ltr'><strong>ι).</strong></span> <span class='ocrx_word' id='word_1_545' title='bbox 2420 3518 2563 3583; x_wconf 77' lang='grc'><strong>196;</strong></span> <span class='ocrx_word' id='word_1_546' title='bbox 2597 3531 2649 3573; x_wconf 88' lang='lat' dir='ltr'><strong>et</strong></span> <span class='ocrx_word' id='word_1_547' title='bbox 2694 3518 2784 3571; x_wconf 88' lang='lat' dir='ltr'><strong>lib.</strong></span> <span class='ocrx_word' id='word_1_548' title='bbox 2835 3534 2872 3584; x_wconf 87' lang='lat' dir='ltr'><strong>I,</strong></span> <span class='ocrx_word' id='word_1_549' title='bbox 2898 3535 2951 3588; x_wconf 89' lang='lat' dir='ltr'><strong>p.</strong></span> <span class='ocrx_word' id='word_1_550' title='bbox 3004 3518 3080 3588; x_wconf 83' lang='lat'><strong>5).</strong></span> <span class='ocrx_word' id='word_1_551' title='bbox 3120 3517 3215 3572; x_wconf 84' lang='lat' dir='ltr'><strong>His</strong></span> <span class='ocrx_word' id='word_1_552' title='bbox 3244 3533 3369 3573; x_wconf 88' lang='lat' dir='ltr'><strong>vero</strong></span> <span class='ocrx_word' id='word_1_553' title='bbox 3395 3519 3673 3574; x_wconf 75' lang='lat' dir='ltr'><strong>dumtaxat</strong></span> 
     </span>
    </p>
   </div>
   <div class='ocr_carea' id='block_1_82' title="bbox 2083 3607 3672 3681">
    <p class='ocr_par' dir='ltr' id='par_1_82' title="bbox 2083 3607 3672 3681">
     <span class='ocr_line' id='line_1_82' title="bbox 2083 3607 3672 3681; baseline -0.001 -14"><span class='ocrx_word' id='word_1_554' title='bbox 2083 3613 2304 3667; x_wconf 78' lang='lat' dir='ltr'><strong>Arnobii</strong></span> <span class='ocrx_word' id='word_1_555' title='bbox 2332 3612 2531 3677; x_wconf 82' lang='lat' dir='ltr'><strong>verbis,</strong></span> <span class='ocrx_word' id='word_1_556' title='bbox 2560 3622 2829 3681; x_wconf 88' lang='lat' dir='ltr'><strong>tamquam</strong></span> <span class='ocrx_word' id='word_1_557' title='bbox 2853 3610 3011 3676; x_wconf 85' lang='lat' dir='ltr'><strong>liuius</strong></span> <span class='ocrx_word' id='word_1_558' title='bbox 3036 3607 3258 3664; x_wconf 88' lang='lat' dir='ltr'><strong>secundi</strong></span> <span class='ocrx_word' id='word_1_559' title='bbox 3291 3609 3411 3665; x_wconf 90' lang='lat' dir='ltr'><strong>libri</strong></span> <span class='ocrx_word' id='word_1_560' title='bbox 3443 3611 3523 3664; x_wconf 85' lang='lat' dir='ltr'><strong>sui</strong></span> <span class='ocrx_word' id='word_1_561' title='bbox 3556 3614 3672 3667; x_wconf 82' lang='lat' dir='ltr'><strong>tlte-</strong></span> 
     </span>
    </p>
   </div>
   <div class='ocr_carea' id='block_1_83' title="bbox 2087 3704 3672 3776">
    <p class='ocr_par' dir='ltr' id='par_1_83' title="bbox 2087 3704 3672 3776">
     <span class='ocr_line' id='line_1_83' title="bbox 2087 3704 3672 3776; baseline 0 -16"><span class='ocrx_word' id='word_1_562' title='bbox 2087 3716 2229 3761; x_wconf 89' lang='lat' dir='ltr'><strong>matc</strong></span> <span class='ocrx_word' id='word_1_563' title='bbox 2256 3715 2310 3760; x_wconf 88' lang='lat' dir='ltr'><strong>et</strong></span> <span class='ocrx_word' id='word_1_564' title='bbox 2338 3716 2658 3775; x_wconf 79' lang='lat' dir='ltr'><strong>argumento</strong></span> <span class='ocrx_word' id='word_1_565' title='bbox 2681 3704 2989 3776; x_wconf 88' lang='lat' dir='ltr'><strong>propositis,</strong></span> <span class='ocrx_word' id='word_1_566' title='bbox 3020 3704 3186 3758; x_wconf 87' lang='lat' dir='ltr'><strong>multa</strong></span> <span class='ocrx_word' id='word_1_567' title='bbox 3216 3704 3448 3775; x_wconf 87' lang='lat' dir='ltr'><strong>undique</strong></span> <span class='ocrx_word' id='word_1_568' title='bbox 3469 3704 3672 3775; x_wconf 84' lang='lat' dir='ltr'><strong>colligit</strong></span> 
     </span>
    </p>
   </div>
   <div class='ocr_carea' id='block_1_84' title="bbox 2083 3795 3664 3870">
    <p class='ocr_par' dir='ltr' id='par_1_84' title="bbox 2083 3795 3664 3870">
     <span class='ocr_line' id='line_1_84' title="bbox 2083 3795 3664 3870; baseline -0.001 -16"><span class='ocrx_word' id='word_1_569' title='bbox 2083 3808 2138 3855; x_wconf 88' lang='lat' dir='ltr'><strong>et</strong></span> <span class='ocrx_word' id='word_1_570' title='bbox 2191 3799 2494 3853; x_wconf 88' lang='lat' dir='ltr'><strong>accumulat</strong></span> <span class='ocrx_word' id='word_1_571' title='bbox 2535 3798 2601 3853; x_wconf 90' lang='lat' dir='ltr'><strong>de</strong></span> <span class='ocrx_word' id='word_1_572' title='bbox 2651 3797 2853 3865; x_wconf 81' lang='lat' dir='ltr'><strong>Persis,</strong></span> <span class='ocrx_word' id='word_1_573' title='bbox 2897 3795 3085 3862; x_wconf 85' lang='lat' dir='ltr'><strong>Medis,</strong></span> <span class='ocrx_word' id='word_1_574' title='bbox 3143 3796 3375 3865; x_wconf 83' lang='lat' dir='ltr'><strong>Parthis,</strong></span> <span class='ocrx_word' id='word_1_575' title='bbox 3406 3799 3664 3870; x_wconf 84' lang='lat' dir='ltr'><strong>Assyriis,</strong></span> 
     </span>
    </p>
   </div>
   <div class='ocr_carea' id='block_1_85' title="bbox 2081 3888 3667 3964">
    <p class='ocr_par' dir='ltr' id='par_1_85' title="bbox 2081 3888 3667 3964">
     <span class='ocr_line' id='line_1_85' title="bbox 2081 3888 3667 3964; baseline 0.001 -17"><span class='ocrx_word' id='word_1_576' title='bbox 2081 3890 2416 3964; x_wconf 89' lang='lat' dir='ltr'><strong>Babyloniis,</strong></span> <span class='ocrx_word' id='word_1_577' title='bbox 2458 3889 2647 3961; x_wconf 83' lang='lat' dir='ltr'><strong>Magis,</strong></span> <span class='ocrx_word' id='word_1_578' title='bbox 2705 3888 2993 3957; x_wconf 64' lang='lat' dir='ltr'><strong>Clialdasis,</strong></span> <span class='ocrx_word' id='word_1_579' title='bbox 3044 3889 3360 3962; x_wconf 89' lang='lat' dir='ltr'><strong>illorumque</strong></span> <span class='ocrx_word' id='word_1_580' title='bbox 3409 3892 3667 3961; x_wconf 89' lang='lat' dir='ltr'><strong>moribus,</strong></span> 
     </span>
    </p>
   </div>
   <div class='ocr_carea' id='block_1_86' title="bbox 2083 3983 3671 4055">
    <p class='ocr_par' dir='ltr' id='par_1_86' title="bbox 2083 3983 3671 4055">
     <span class='ocr_line' id='line_1_86' title="bbox 2083 3983 3671 4055; baseline 0.001 -15"><span class='ocrx_word' id='word_1_581' title='bbox 2083 3986 2187 4041; x_wconf 90' lang='lat' dir='ltr'><strong>diis</strong></span> <span class='ocrx_word' id='word_1_582' title='bbox 2218 3994 2273 4041; x_wconf 93' lang='lat' dir='ltr'><strong>et</strong></span> <span class='ocrx_word' id='word_1_583' title='bbox 2312 3987 2499 4048; x_wconf 88' lang='lat' dir='ltr'><strong>sacris,</strong></span> <span class='ocrx_word' id='word_1_584' title='bbox 2532 4000 2651 4055; x_wconf 68' lang='lat' dir='ltr'><strong>quae</strong></span> <span class='ocrx_word' id='word_1_585' title='bbox 2688 4001 2715 4037; x_wconf 91' lang='lat' dir='ltr'><strong>a</strong></span> <span class='ocrx_word' id='word_1_586' title='bbox 2746 3983 2989 4038; x_wconf 89' lang='lat' dir='ltr'><strong>Barnaba</strong></span> <span class='ocrx_word' id='word_1_587' title='bbox 3022 3983 3297 4039; x_wconf 81' lang='lat' dir='ltr'><strong>Brissonio</strong></span> <span class='ocrx_word' id='word_1_588' title='bbox 3349 3986 3401 4039; x_wconf 91' lang='lat' dir='ltr'><strong>in</strong></span> <span class='ocrx_word' id='word_1_589' title='bbox 3454 4000 3552 4040; x_wconf 92' lang='lat' dir='ltr'><strong>suo</strong></span> <span class='ocrx_word' id='word_1_590' title='bbox 3604 3986 3671 4043; x_wconf 91' lang='lat' dir='ltr'><strong>de</strong></span> 
     </span>
    </p>
   </div>
   <div class='ocr_carea' id='block_1_87' title="bbox 2083 4075 3671 4149">
    <p class='ocr_par' dir='ltr' id='par_1_87' title="bbox 2083 4075 3671 4149">
     <span class='ocr_line' id='line_1_87' title="bbox 2083 4075 3671 4149; baseline 0.003 -17"><span class='ocrx_word' id='word_1_591' title='bbox 2083 4078 2312 4148; x_wconf 91' lang='lat' dir='ltr'><strong>imperio</strong></span> <span class='ocrx_word' id='word_1_592' title='bbox 2339 4078 2625 4133; x_wconf 89' lang='lat' dir='ltr'><strong>Persarum</strong></span> <span class='ocrx_word' id='word_1_593' title='bbox 2654 4075 2792 4131; x_wconf 87' lang='lat' dir='ltr'><strong>libro</strong></span> <span class='ocrx_word' id='word_1_594' title='bbox 2816 4080 3017 4131; x_wconf 90' lang='lat' dir='ltr'><strong>omissa</strong></span> <span class='ocrx_word' id='word_1_595' title='bbox 3041 4075 3278 4133; x_wconf 88' lang='lat' dir='ltr'><strong>fuerunt.</strong></span> <span class='ocrx_word' id='word_1_596' title='bbox 3297 4077 3402 4134; x_wconf 91' lang='lat' dir='ltr'><strong>Sed</strong></span> <span class='ocrx_word' id='word_1_597' title='bbox 3424 4080 3543 4149; x_wconf 89' lang='lat' dir='ltr'><strong>quis</strong></span> <span class='ocrx_word' id='word_1_598' title='bbox 3564 4095 3671 4136; x_wconf 90' lang='lat' dir='ltr'><strong>non</strong></span> 
     </span>
    </p>
   </div>
   <div class='ocr_carea' id='block_1_88' title="bbox 2091 4169 3671 4244">
    <p class='ocr_par' dir='ltr' id='par_1_88' title="bbox 2091 4169 3671 4244">
     <span class='ocr_line' id='line_1_88' title="bbox 2091 4169 3671 4244; baseline 0.003 -20"><span class='ocrx_word' id='word_1_599' title='bbox 2091 4170 2240 4225; x_wconf 83' lang='lat' dir='ltr'><strong>videt</strong></span> <span class='ocrx_word' id='word_1_600' title='bbox 2265 4171 2380 4226; x_wconf 73' lang='lat' dir='ltr'><strong>lucc</strong></span> <span class='ocrx_word' id='word_1_601' title='bbox 2408 4171 2588 4226; x_wconf 89' lang='lat' dir='ltr'><strong>omnia</strong></span> <span class='ocrx_word' id='word_1_602' title='bbox 2619 4185 2724 4224; x_wconf 86' lang='lat' dir='ltr'><strong>non</strong></span> <span class='ocrx_word' id='word_1_603' title='bbox 2754 4169 2926 4240; x_wconf 82' lang='lat' dir='ltr'><strong>magis</strong></span> <span class='ocrx_word' id='word_1_604' title='bbox 2957 4169 3249 4225; x_wconf 84' lang='lat' dir='ltr'><strong>Arnobium</strong></span> <span class='ocrx_word' id='word_1_605' title='bbox 3283 4182 3523 4227; x_wconf 91' lang='lat' dir='ltr'><strong>nostrum</strong></span> <span class='ocrx_word' id='word_1_606' title='bbox 3548 4188 3671 4244; x_wconf 86' lang='lat' dir='ltr'><strong>spe-</strong></span> 
     </span>
    </p>
   </div>
   <div class='ocr_carea' id='block_1_89' title="bbox 2085 4260 3671 4335">
    <p class='ocr_par' dir='ltr' id='par_1_89' title="bbox 2085 4260 3671 4335">
     <span class='ocr_line' id='line_1_89' title="bbox 2085 4260 3671 4335; baseline 0.001 -16"><span class='ocrx_word' id='word_1_607' title='bbox 2085 4274 2254 4330; x_wconf 86' lang='lat' dir='ltr'><strong>ctare,</strong></span> <span class='ocrx_word' id='word_1_608' title='bbox 2301 4280 2460 4335; x_wconf 86' lang='lat' dir='ltr'><strong>quam</strong></span> <span class='ocrx_word' id='word_1_609' title='bbox 2508 4261 2843 4319; x_wconf 88' lang='lat' dir='ltr'><strong>Clementem</strong></span> <span class='ocrx_word' id='word_1_610' title='bbox 2894 4260 3360 4331; x_wconf 82' lang='lat' dir='ltr'><strong>Alexandrinum,</strong></span> <span class='ocrx_word' id='word_1_611' title='bbox 3409 4276 3463 4319; x_wconf 90' lang='lat' dir='ltr'><strong>et</strong></span> <span class='ocrx_word' id='word_1_612' title='bbox 3508 4265 3671 4321; x_wconf 91' lang='lat' dir='ltr'><strong>alium</strong></span> 
     </span>
    </p>
   </div>
   <div class='ocr_carea' id='block_1_90' title="bbox 2085 4355 3672 4430">
    <p class='ocr_par' dir='ltr' id='par_1_90' title="bbox 2085 4355 3672 4430">
     <span class='ocr_line' id='line_1_90' title="bbox 2085 4355 3672 4430; baseline 0.004 -21"><span class='ocrx_word' id='word_1_613' title='bbox 2085 4357 2379 4426; x_wconf 90' lang='lat' dir='ltr'><strong>quemlibet</strong></span> <span class='ocrx_word' id='word_1_614' title='bbox 2405 4358 2726 4426; x_wconf 85' lang='lat' dir='ltr'><strong>scriptorem</strong></span> <span class='ocrx_word' id='word_1_615' title='bbox 2751 4397 2766 4422; x_wconf 91' lang='lat'><strong>,</strong></span> <span class='ocrx_word' id='word_1_616' title='bbox 2796 4355 2885 4426; x_wconf 91' lang='lat' dir='ltr'><strong>qui</strong></span> <span class='ocrx_word' id='word_1_617' title='bbox 2908 4355 3121 4422; x_wconf 81' lang='lat' dir='ltr'><strong>eadem,</strong></span> <span class='ocrx_word' id='word_1_618' title='bbox 3146 4365 3305 4427; x_wconf 92' lang='lat' dir='ltr'><strong>atque</strong></span> <span class='ocrx_word' id='word_1_619' title='bbox 3325 4356 3484 4411; x_wconf 88' lang='lat' dir='ltr'><strong>etiam</strong></span> <span class='ocrx_word' id='word_1_620' title='bbox 3515 4359 3672 4430; x_wconf 81' lang='lat' dir='ltr'><strong>longe</strong></span> 
     </span>
    </p>
   </div>
   <div class='ocr_carea' id='block_1_91' title="bbox 2086 4447 3673 4522">
    <p class='ocr_par' dir='ltr' id='par_1_91' title="bbox 2086 4447 3673 4522">
     <span class='ocr_line' id='line_1_91' title="bbox 2086 4447 3673 4522; baseline 0.003 -19"><span class='ocrx_word' id='word_1_621' title='bbox 2086 4449 2236 4522; x_wconf 87' lang='lat' dir='ltr'><strong>plura</strong></span> <span class='ocrx_word' id='word_1_622' title='bbox 2266 4447 2334 4503; x_wconf 91' lang='lat' dir='ltr'><strong>de</strong></span> <span class='ocrx_word' id='word_1_623' title='bbox 2363 4449 2555 4503; x_wconf 83' lang='lat' dir='ltr'><strong>iisdem</strong></span> <span class='ocrx_word' id='word_1_624' title='bbox 2588 4448 2806 4519; x_wconf 88' lang='lat' dir='ltr'><strong>p0pulis</strong></span> <span class='ocrx_word' id='word_1_625' title='bbox 2837 4449 3111 4503; x_wconf 74' lang='lat' dir='ltr'><strong>memoria:</strong></span> <span class='ocrx_word' id='word_1_626' title='bbox 3142 4447 3531 4517; x_wconf 89' lang='lat' dir='ltr'><strong>prodiderunt?</strong></span> <span class='ocrx_word' id='word_1_627' title='bbox 3559 4450 3673 4507; x_wconf 86' lang='lat' dir='ltr'><strong>Huc</strong></span> 
     </span>
    </p>
   </div>
   <div class='ocr_carea' id='block_1_92' title="bbox 392 4540 3671 4625">
    <p class='ocr_par' dir='ltr' id='par_1_92' title="bbox 392 4540 3671 4625">
     <span class='ocr_line' id='line_1_92' title="bbox 392 4540 3671 4625; baseline -0.003 -15"><span class='ocrx_word' id='word_1_628' title='bbox 392 4555 558 4625; x_wconf 88' lang='lat' dir='ltr'><strong>cepit.</strong></span> <span class='ocrx_word' id='word_1_629' title='bbox 585 4548 644 4606; x_wconf 92' lang='lat' dir='ltr'><strong>ln</strong></span> <span class='ocrx_word' id='word_1_630' title='bbox 673 4548 841 4622; x_wconf 81' lang='lat' dir='ltr'><strong>prima</strong></span> <span class='ocrx_word' id='word_1_631' title='bbox 870 4556 1049 4600; x_wconf 89' lang='lat' dir='ltr'><strong>autem</strong></span> <span class='ocrx_word' id='word_1_632' title='bbox 1080 4542 1321 4599; x_wconf 88' lang='lat' dir='ltr'><strong>editione</strong></span> <span class='ocrx_word' id='word_1_633' title='bbox 1376 4541 1705 4596; x_wconf 86' lang='lat' dir='ltr'><strong>brevissimis</strong></span> <span class='ocrx_word' id='word_1_634' title='bbox 1753 4551 1979 4596; x_wconf 89' lang='lat' dir='ltr'><strong>annota-</strong></span> <span class='ocrx_word' id='word_1_635' title='bbox 2004 4556 2059 4618; x_wconf 84' lang='lat' dir='ltr'><strong>D</strong></span> <span class='ocrx_word' id='word_1_636' title='bbox 2084 4541 2313 4608; x_wconf 87' lang='lat' dir='ltr'><strong>accedit,</strong></span> <span class='ocrx_word' id='word_1_637' title='bbox 2344 4541 2491 4612; x_wconf 89' lang='lat' dir='ltr'><strong>quod</strong></span> <span class='ocrx_word' id='word_1_638' title='bbox 2540 4557 2600 4596; x_wconf 90' lang='lat' dir='ltr'><strong>ea</strong></span> <span class='ocrx_word' id='word_1_639' title='bbox 2649 4542 2830 4596; x_wconf 88' lang='lat' dir='ltr'><strong>omnia</strong></span> <span class='ocrx_word' id='word_1_640' title='bbox 2883 4557 3003 4611; x_wconf 69' lang='lat' dir='ltr'><strong>qua:</strong></span> <span class='ocrx_word' id='word_1_641' title='bbox 3034 4540 3176 4596; x_wconf 91' lang='lat' dir='ltr'><strong>idem</strong></span> <span class='ocrx_word' id='word_1_642' title='bbox 3209 4541 3540 4613; x_wconf 86' lang='lat' dir='ltr'><strong>Bulengerus</strong></span> <span class='ocrx_word' id='word_1_643' title='bbox 3563 4560 3671 4600; x_wconf 92' lang='lat' dir='ltr'><strong>non</strong></span> 
     </span>
    </p>
   </div>
   <div class='ocr_carea' id='block_1_93' title="bbox 389 4631 1982 4706">
    <p class='ocr_par' dir='ltr' id='par_1_93' title="bbox 389 4631 1982 4706">
     <span class='ocr_line' id='line_1_93' title="bbox 389 4631 1982 4706; baseline -0.012 0"><span class='ocrx_word' id='word_1_644' title='bbox 389 4647 631 4706; x_wconf 81' lang='lat' dir='ltr'><strong>tionibus</strong></span> <span class='ocrx_word' id='word_1_645' title='bbox 662 4640 838 4698; x_wconf 76' lang='lat' dir='ltr'><strong>varias</strong></span> <span class='ocrx_word' id='word_1_646' title='bbox 870 4648 1047 4693; x_wconf 85' lang='lat' dir='ltr'><strong>textus</strong></span> <span class='ocrx_word' id='word_1_647' title='bbox 1094 4632 1319 4690; x_wconf 81' lang='lat' dir='ltr'><strong>Arnobii</strong></span> <span class='ocrx_word' id='word_1_648' title='bbox 1359 4632 1617 4686; x_wconf 90' lang='lat' dir='ltr'><strong>lectiones</strong></span> <span class='ocrx_word' id='word_1_649' title='bbox 1647 4631 1865 4699; x_wconf 89' lang='lat' dir='ltr'><strong>indicat,</strong></span> <span class='ocrx_word' id='word_1_650' title='bbox 1890 4642 1982 4687; x_wconf 91' lang='lat' dir='ltr'><strong>aut</strong></span> 
     </span>
    </p>
   </div>
   <div class='ocr_carea' id='block_1_94' title="bbox 390 4726 1983 4813">
    <p class='ocr_par' dir='ltr' id='par_1_94' title="bbox 390 4726 1983 4813">
     <span class='ocr_line' id='line_1_94' title="bbox 390 4726 1983 4813; baseline -0.011 -14"><span class='ocrx_word' id='word_1_651' title='bbox 390 4744 509 4813; x_wconf 85' lang='lat' dir='ltr'><strong>ejus</strong></span> <span class='ocrx_word' id='word_1_652' title='bbox 550 4740 692 4796; x_wconf 86' lang='lat' dir='ltr'><strong>dicta</strong></span> <span class='ocrx_word' id='word_1_653' title='bbox 741 4733 920 4790; x_wconf 89' lang='lat' dir='ltr'><strong>citatis</strong></span> <span class='ocrx_word' id='word_1_654' title='bbox 966 4745 1108 4799; x_wconf 62' lang='lat' dir='ltr'><strong>saepe</strong></span> <span class='ocrx_word' id='word_1_655' title='bbox 1155 4727 1380 4781; x_wconf 90' lang='lat' dir='ltr'><strong>aliorum</strong></span> <span class='ocrx_word' id='word_1_656' title='bbox 1418 4735 1693 4780; x_wconf 91' lang='lat' dir='ltr'><strong>auctorum</strong></span> <span class='ocrx_word' id='word_1_657' title='bbox 1723 4726 1893 4793; x_wconf 84' lang='lat' dir='ltr'><strong>libris,</strong></span> <span class='ocrx_word' id='word_1_658' title='bbox 1928 4735 1983 4782; x_wconf 92' lang='lat' dir='ltr'><strong>et</strong></span> 
     </span>
    </p>
   </div>
   <div class='ocr_carea' id='block_1_95' title="bbox 389 4818 1980 4892">
    <p class='ocr_par' dir='ltr' id='par_1_95' title="bbox 389 4818 1980 4892">
     <span class='ocr_line' id='line_1_95' title="bbox 389 4818 1980 4892; baseline -0.009 -3"><span class='ocrx_word' id='word_1_659' title='bbox 389 4850 516 4892; x_wconf 88' lang='lat' dir='ltr'><strong>raro</strong></span> <span class='ocrx_word' id='word_1_660' title='bbox 541 4830 724 4887; x_wconf 90' lang='lat' dir='ltr'><strong>verbis</strong></span> <span class='ocrx_word' id='word_1_661' title='bbox 754 4823 1109 4883; x_wconf 86' lang='lat' dir='ltr'><strong>corroborare</strong></span> <span class='ocrx_word' id='word_1_662' title='bbox 1154 4818 1393 4880; x_wconf 77' lang='lat' dir='ltr'><strong>molitur.</strong></span> <span class='ocrx_word' id='word_1_663' title='bbox 1441 4819 1782 4890; x_wconf 85' lang='lat' dir='ltr'><strong>Quapropter</strong></span> <span class='ocrx_word' id='word_1_664' title='bbox 1811 4819 1863 4873; x_wconf 92' lang='lat' dir='ltr'><strong>in</strong></span> <span class='ocrx_word' id='word_1_665' title='bbox 1895 4834 1980 4874; x_wconf 91' lang='lat' dir='ltr'><strong>se-</strong></span> 
     </span>
    </p>
   </div>
   <div class='ocr_carea' id='block_1_96' title="bbox 388 4912 1977 4986">
    <p class='ocr_par' dir='ltr' id='par_1_96' title="bbox 388 4912 1977 4986">
     <span class='ocr_line' id='line_1_96' title="bbox 388 4912 1977 4986; baseline -0.013 0"><span class='ocrx_word' id='word_1_666' title='bbox 388 4928 565 4986; x_wconf 88' lang='lat' dir='ltr'><strong>cunda</strong></span> <span class='ocrx_word' id='word_1_667' title='bbox 593 4925 832 4981; x_wconf 91' lang='lat' dir='ltr'><strong>editione</strong></span> <span class='ocrx_word' id='word_1_668' title='bbox 874 4917 1027 4981; x_wconf 85' lang='lat' dir='ltr'><strong>alias,</strong></span> <span class='ocrx_word' id='word_1_669' title='bbox 1060 4914 1144 4969; x_wconf 88' lang='lat' dir='ltr'><strong>bis</strong></span> <span class='ocrx_word' id='word_1_670' title='bbox 1174 4913 1443 4984; x_wconf 86' lang='lat' dir='ltr'><strong>plerisque</strong></span> <span class='ocrx_word' id='word_1_671' title='bbox 1469 4912 1722 4966; x_wconf 89' lang='lat' dir='ltr'><strong>omnibus</strong></span> <span class='ocrx_word' id='word_1_672' title='bbox 1749 4912 1977 4979; x_wconf 90' lang='lat' dir='ltr'><strong>relictis,</strong></span> 
     </span>
    </p>
   </div>
   <div class='ocr_carea' id='block_1_97' title="bbox 395 5004 1980 5089">
    <p class='ocr_par' dir='ltr' id='par_1_97' title="bbox 395 5004 1980 5089">
     <span class='ocr_line' id='line_1_97' title="bbox 395 5004 1980 5089; baseline -0.013 -12"><span class='ocrx_word' id='word_1_673' title='bbox 395 5017 711 5089; x_wconf 88' lang='lat' dir='ltr'><strong>divulgavit.</strong></span> <span class='ocrx_word' id='word_1_674' title='bbox 742 5015 1027 5068; x_wconf 89' lang='lat' dir='ltr'><strong>Lectorem</strong></span> <span class='ocrx_word' id='word_1_675' title='bbox 1048 5020 1177 5062; x_wconf 82' lang='lat' dir='ltr'><strong>vero</strong></span> <span class='ocrx_word' id='word_1_676' title='bbox 1195 5012 1348 5059; x_wconf 85' lang='lat' dir='ltr'><strong>suum</strong></span> <span class='ocrx_word' id='word_1_677' title='bbox 1381 5005 1633 5058; x_wconf 86' lang='lat' dir='ltr'><strong>admonet</strong></span> <span class='ocrx_word' id='word_1_678' title='bbox 1658 5019 1719 5058; x_wconf 91' lang='lat' dir='ltr'><strong>se</strong></span> <span class='ocrx_word' id='word_1_679' title='bbox 1746 5004 1799 5057; x_wconf 93' lang='lat' dir='ltr'><strong>in</strong></span> <span class='ocrx_word' id='word_1_680' title='bbox 1825 5004 1980 5058; x_wconf 88' lang='lat' dir='ltr'><strong>novis</strong></span> 
     </span>
    </p>
   </div>
   <div class='ocr_carea' id='block_1_98' title="bbox 386 5097 1980 5175">
    <p class='ocr_par' dir='ltr' id='par_1_98' title="bbox 386 5097 1980 5175">
     <span class='ocr_line' id='line_1_98' title="bbox 386 5097 1980 5175; baseline -0.016 -1"><span class='ocrx_word' id='word_1_681' title='bbox 386 5118 496 5175; x_wconf 89' lang='lat' dir='ltr'><strong>illis</strong></span> <span class='ocrx_word' id='word_1_682' title='bbox 526 5107 1001 5169; x_wconf 79' lang='lat' dir='ltr'><strong>observationibus</strong></span> <span class='ocrx_word' id='word_1_683' title='bbox 1052 5101 1104 5156; x_wconf 92' lang='lat' dir='ltr'><strong>id</strong></span> <span class='ocrx_word' id='word_1_684' title='bbox 1148 5098 1485 5172; x_wconf 83' lang='lat' dir='ltr'><strong>petissinium</strong></span> <span class='ocrx_word' id='word_1_685' title='bbox 1525 5097 1723 5168; x_wconf 88' lang='lat' dir='ltr'><strong>egisse,</strong></span> <span class='ocrx_word' id='word_1_686' title='bbox 1749 5106 1807 5151; x_wconf 92' lang='lat' dir='ltr'><strong>ut</strong></span> <span class='ocrx_word' id='word_1_687' title='bbox 1854 5112 1980 5151; x_wconf 83' lang='lat' dir='ltr'><strong>sen—</strong></span> 
     </span>
    </p>
   </div>
   <div class='ocr_carea' id='block_1_99' title="bbox 391 5190 1978 5268">
    <p class='ocr_par' dir='ltr' id='par_1_99' title="bbox 391 5190 1978 5268">
     <span class='ocr_line' id='line_1_99' title="bbox 391 5190 1978 5268; baseline -0.015 -1"><span class='ocrx_word' id='word_1_688' title='bbox 391 5226 512 5268; x_wconf 85' lang='lat' dir='ltr'><strong>sum</strong></span> <span class='ocrx_word' id='word_1_689' title='bbox 537 5202 799 5267; x_wconf 81' lang='lat' dir='ltr'><strong>auctmis,</strong></span> <span class='ocrx_word' id='word_1_690' title='bbox 828 5198 919 5254; x_wconf 91' lang='lat' dir='ltr'><strong>ubi</strong></span> <span class='ocrx_word' id='word_1_691' title='bbox 948 5194 1231 5252; x_wconf 89' lang='lat' dir='ltr'><strong>obscurior</strong></span> <span class='ocrx_word' id='word_1_692' title='bbox 1252 5200 1356 5257; x_wconf 87' lang='lat' dir='ltr'><strong>est,</strong></span> <span class='ocrx_word' id='word_1_693' title='bbox 1387 5199 1494 5244; x_wconf 90' lang='lat' dir='ltr'><strong>tam</strong></span> <span class='ocrx_word' id='word_1_694' title='bbox 1535 5190 1791 5257; x_wconf 88' lang='lat' dir='ltr'><strong>breviter,</strong></span> <span class='ocrx_word' id='word_1_695' title='bbox 1816 5204 1978 5260; x_wconf 90' lang='lat' dir='ltr'><strong>quam</strong></span> 
     </span>
    </p>
   </div>
   <div class='ocr_carea' id='block_1_100' title="bbox 390 5283 1979 5378">
    <p class='ocr_par' dir='ltr' id='par_1_100' title="bbox 390 5283 1979 5378">
     <span class='ocr_line' id='line_1_100' title="bbox 390 5283 1979 5378; baseline -0.014 -17"><span class='ocrx_word' id='word_1_696' title='bbox 390 5312 577 5378; x_wconf 88' lang='lat' dir='ltr'><strong>aperte</strong></span> <span class='ocrx_word' id='word_1_697' title='bbox 622 5295 918 5367; x_wconf 84' lang='lat' dir='ltr'><strong>explicaret</strong></span> <span class='ocrx_word' id='word_1_698' title='bbox 960 5301 1015 5348; x_wconf 91' lang='lat' dir='ltr'><strong>et</strong></span> <span class='ocrx_word' id='word_1_699' title='bbox 1062 5290 1512 5359; x_wconf 88' lang='lat' dir='ltr'><strong>interpretaretur</strong></span> <span class='ocrx_word' id='word_1_700' title='bbox 1557 5283 1648 5358; x_wconf 86' lang='lat' dir='ltr'><strong>(In</strong></span> <span class='ocrx_word' id='word_1_701' title='bbox 1694 5286 1885 5339; x_wconf 86' lang='lat' dir='ltr'><strong>monito</strong></span> <span class='ocrx_word' id='word_1_702' title='bbox 1911 5285 1979 5338; x_wconf 85' lang='lat' dir='ltr'><strong>ad</strong></span> 
     </span>
    </p>
   </div>
   <div class='ocr_carea' id='block_1_101' title="bbox 392 5378 1981 5465">
    <p class='ocr_par' dir='ltr' id='par_1_101' title="bbox 392 5378 1981 5465">
     <span class='ocr_line' id='line_1_101' title="bbox 392 5378 1981 5465; baseline -0.016 -7"><span class='ocrx_word' id='word_1_703' title='bbox 392 5394 645 5465; x_wconf 63' lang='lat' dir='ltr'><strong>Lecton).</strong></span> <span class='ocrx_word' id='word_1_704' title='bbox 678 5386 785 5446; x_wconf 86' lang='lat' dir='ltr'><strong>Sed</strong></span> <span class='ocrx_word' id='word_1_705' title='bbox 838 5382 1080 5457; x_wconf 86' lang='lat' dir='ltr'><strong>quamvis</strong></span> <span class='ocrx_word' id='word_1_706' title='bbox 1118 5380 1367 5438; x_wconf 88' lang='lat' dir='ltr'><strong>brevitati</strong></span> <span class='ocrx_word' id='word_1_707' title='bbox 1421 5393 1481 5434; x_wconf 92' lang='lat' dir='ltr'><strong>se</strong></span> <span class='ocrx_word' id='word_1_708' title='bbox 1523 5378 1788 5434; x_wconf 89' lang='lat' dir='ltr'><strong>studuisse</strong></span> <span class='ocrx_word' id='word_1_709' title='bbox 1818 5381 1981 5450; x_wconf 86' lang='lat' dir='ltr'><strong>proli-</strong></span> 
     </span>
    </p>
   </div>
   <div class='ocr_carea' id='block_1_102' title="bbox 392 5471 1983 5557">
    <p class='ocr_par' dir='ltr' id='par_1_102' title="bbox 392 5471 1983 5557">
     <span class='ocr_line' id='line_1_102' title="bbox 392 5471 1983 5557; baseline -0.014 -8"><span class='ocrx_word' id='word_1_710' title='bbox 392 5500 612 5557; x_wconf 89' lang='lat' dir='ltr'><strong>teatur,</strong></span> <span class='ocrx_word' id='word_1_711' title='bbox 678 5490 892 5541; x_wconf 88' lang='lat' dir='ltr'><strong>constat</strong></span> <span class='ocrx_word' id='word_1_712' title='bbox 945 5487 1123 5532; x_wconf 88' lang='lat' dir='ltr'><strong>tamen</strong></span> <span class='ocrx_word' id='word_1_713' title='bbox 1172 5477 1225 5530; x_wconf 92' lang='lat' dir='ltr'><strong>in</strong></span> <span class='ocrx_word' id='word_1_714' title='bbox 1274 5471 1825 5529; x_wconf 88' lang='lat' dir='ltr'><strong>anitnadversionibus</strong></span> <span class='ocrx_word' id='word_1_715' title='bbox 1877 5471 1983 5527; x_wconf 86' lang='lat' dir='ltr'><strong>illis</strong></span> 
     </span>
    </p>
   </div>
   <div class='ocr_carea' id='block_1_103' title="bbox 395 5562 1984 5643">
    <p class='ocr_par' dir='ltr' id='par_1_103' title="bbox 395 5562 1984 5643">
     <span class='ocr_line' id='line_1_103' title="bbox 395 5562 1984 5643; baseline -0.015 -1"><span class='ocrx_word' id='word_1_716' title='bbox 395 5584 567 5643; x_wconf 86' lang='lat' dir='ltr'><strong>multa</strong></span> <span class='ocrx_word' id='word_1_717' title='bbox 597 5574 828 5635; x_wconf 89' lang='lat' dir='ltr'><strong>inveniri</strong></span> <span class='ocrx_word' id='word_1_718' title='bbox 875 5583 1272 5643; x_wconf 86' lang='lat' dir='ltr'><strong>supervacanea</strong></span> <span class='ocrx_word' id='word_1_719' title='bbox 1322 5576 1482 5637; x_wconf 87' lang='lat' dir='ltr'><strong>atque</strong></span> <span class='ocrx_word' id='word_1_720' title='bbox 1530 5562 1758 5629; x_wconf 88' lang='lat' dir='ltr'><strong>inutilia,</strong></span> <span class='ocrx_word' id='word_1_721' title='bbox 1790 5563 1984 5634; x_wconf 89' lang='lat' dir='ltr'><strong>quibus</strong></span> 
     </span>
    </p>
   </div>
   <div class='ocr_carea' id='block_1_104' title="bbox 395 5659 1985 5737">
    <p class='ocr_par' dir='ltr' id='par_1_104' title="bbox 395 5659 1985 5737">
     <span class='ocr_line' id='line_1_104' title="bbox 395 5659 1985 5737; baseline -0.014 1"><span class='ocrx_word' id='word_1_722' title='bbox 395 5696 489 5737; x_wconf 85' lang='lat' dir='ltr'><strong>res</strong></span> <span class='ocrx_word' id='word_1_723' title='bbox 520 5673 837 5732; x_wconf 72' lang='lat' dir='ltr'><strong>clariSsimze</strong></span> <span class='ocrx_word' id='word_1_724' title='bbox 870 5683 932 5723; x_wconf 90' lang='lat' dir='ltr'><strong>ac</strong></span> <span class='ocrx_word' id='word_1_725' title='bbox 963 5663 1409 5731; x_wconf 73' lang='lat' dir='ltr'><strong>notissimaa,ulla</strong></span> <span class='ocrx_word' id='word_1_726' title='bbox 1434 5661 1637 5730; x_wconf 89' lang='lat' dir='ltr'><strong>absque</strong></span> <span class='ocrx_word' id='word_1_727' title='bbox 1668 5659 1985 5716; x_wconf 90' lang='lat' dir='ltr'><strong>necessitate</strong></span> 
     </span>
    </p>
   </div>
   <div class='ocr_carea' id='block_1_105' title="bbox 402 5740 1987 5845">
    <p class='ocr_par' dir='ltr' id='par_1_105' title="bbox 402 5740 1987 5845">
     <span class='ocr_line' id='line_1_105' title="bbox 402 5740 1987 5845; baseline -0.013 -15"><span class='ocrx_word' id='word_1_728' title='bbox 402 5775 744 5845; x_wconf 84' lang='lat' dir='ltr'><strong>exponuntur</strong></span> <span class='ocrx_word' id='word_1_729' title='bbox 771 5761 1297 5827; x_wconf 82' lang='lat' dir='ltr'><strong>confirmanturque.</strong></span> <span class='ocrx_word' id='word_1_730' title='bbox 1347 5753 1507 5810; x_wconf 90' lang='lat' dir='ltr'><strong>Plura</strong></span> <span class='ocrx_word' id='word_1_731' title='bbox 1535 5752 1696 5811; x_wconf 85' lang='lat' dir='ltr'><strong>etiarn</strong></span> <span class='ocrx_word' id='word_1_732' title='bbox 1747 5740 1987 5824; x_wconf 77' lang='lat' dir='ltr'><strong>reperies</strong></span> 
     </span>
    </p>
   </div>
   <div class='ocr_carea' id='block_1_106' title="bbox 2087 4634 3673 4706">
    <p class='ocr_par' dir='ltr' id='par_1_106' title="bbox 2087 4634 3673 4706">
     <span class='ocr_line' id='line_1_106' title="bbox 2087 4634 3673 4706; baseline 0 -14"><span class='ocrx_word' id='word_1_733' title='bbox 2087 4639 2203 4695; x_wconf 90' lang='lat' dir='ltr'><strong>sine</strong></span> <span class='ocrx_word' id='word_1_734' title='bbox 2236 4636 2421 4691; x_wconf 90' lang='lat' dir='ltr'><strong>labore</strong></span> <span class='ocrx_word' id='word_1_735' title='bbox 2446 4646 2501 4690; x_wconf 91' lang='lat' dir='ltr'><strong>et</strong></span> <span class='ocrx_word' id='word_1_736' title='bbox 2529 4634 2728 4706; x_wconf 81' lang='lat' dir='ltr'><strong>vigiliis</strong></span> <span class='ocrx_word' id='word_1_737' title='bbox 2759 4651 2818 4690; x_wconf 91' lang='lat' dir='ltr'><strong>se</strong></span> <span class='ocrx_word' id='word_1_738' title='bbox 2844 4636 3165 4706; x_wconf 82' lang='lat' dir='ltr'><strong>compilasse</strong></span> <span class='ocrx_word' id='word_1_739' title='bbox 3193 4634 3343 4703; x_wconf 89' lang='lat' dir='ltr'><strong>dicit,</strong></span> <span class='ocrx_word' id='word_1_740' title='bbox 3378 4635 3509 4690; x_wconf 79' lang='lat' dir='ltr'><strong>nillil</strong></span> <span class='ocrx_word' id='word_1_741' title='bbox 3558 4637 3673 4692; x_wconf 89' lang='lat' dir='ltr'><strong>fere</strong></span> 
     </span>
    </p>
   </div>
   <div class='ocr_carea' id='block_1_107' title="bbox 2085 4725 3672 4785">
    <p class='ocr_par' dir='ltr' id='par_1_107' title="bbox 2085 4725 3672 4785">
     <span class='ocr_line' id='line_1_107' title="bbox 2085 4725 3672 4785; baseline -0.001 0"><span class='ocrx_word' id='word_1_742' title='bbox 2085 4728 2151 4785; x_wconf 91' lang='lat' dir='ltr'><strong>ad</strong></span> <span class='ocrx_word' id='word_1_743' title='bbox 2191 4728 2402 4782; x_wconf 89' lang='lat' dir='ltr'><strong>illorum</strong></span> <span class='ocrx_word' id='word_1_744' title='bbox 2433 4727 2731 4781; x_wconf 81' lang='lat' dir='ltr'><strong>aliorumve</strong></span> <span class='ocrx_word' id='word_1_745' title='bbox 2781 4725 3005 4781; x_wconf 77' lang='lat' dir='ltr'><strong>Arnobii</strong></span> <span class='ocrx_word' id='word_1_746' title='bbox 3038 4726 3329 4782; x_wconf 90' lang='lat' dir='ltr'><strong>verborum</strong></span> <span class='ocrx_word' id='word_1_747' title='bbox 3360 4726 3672 4784; x_wconf 90' lang='lat' dir='ltr'><strong>conducunt</strong></span> 
     </span>
    </p>
   </div>
   <div class='ocr_carea' id='block_1_108' title="bbox 2086 4818 3210 4890">
    <p class='ocr_par' dir='ltr' id='par_1_108' title="bbox 2086 4818 3210 4890">
     <span class='ocr_line' id='line_1_108' title="bbox 2086 4818 3210 4890; baseline -0.004 -12"><span class='ocrx_word' id='word_1_748' title='bbox 2086 4831 2181 4878; x_wconf 90' lang='lat' dir='ltr'><strong>aut</strong></span> <span class='ocrx_word' id='word_1_749' title='bbox 2201 4820 2641 4890; x_wconf 85' lang='lat' dir='ltr'><strong>explicationem,</strong></span> <span class='ocrx_word' id='word_1_750' title='bbox 2666 4829 2757 4873; x_wconf 92' lang='lat' dir='ltr'><strong>aut</strong></span> <span class='ocrx_word' id='word_1_751' title='bbox 2779 4818 3210 4889; x_wconf 84' lang='lat' dir='ltr'><strong>intelligentiam.</strong></span> 
     </span>
    </p>
   </div>
   <div class='ocr_carea' id='block_1_109' title="bbox 2158 4911 3675 4982">
    <p class='ocr_par' dir='ltr' id='par_1_109' title="bbox 2158 4911 3675 4982">
     <span class='ocr_line' id='line_1_109' title="bbox 2158 4911 3675 4982; baseline -0.001 -12"><span class='ocrx_word' id='word_1_752' title='bbox 2158 4914 2327 4969; x_wconf 89' lang='lat' dir='ltr'><strong>Porro</strong></span> <span class='ocrx_word' id='word_1_753' title='bbox 2354 4922 2530 4967; x_wconf 90' lang='lat' dir='ltr'><strong>autem</strong></span> <span class='ocrx_word' id='word_1_754' title='bbox 2583 4928 2649 4966; x_wconf 86' lang='lat' dir='ltr'><strong>cx</strong></span> <span class='ocrx_word' id='word_1_755' title='bbox 2697 4912 2779 4965; x_wconf 87' lang='lat' dir='ltr'><strong>his</strong></span> <span class='ocrx_word' id='word_1_756' title='bbox 2824 4927 2944 4982; x_wconf 76' lang='lat' dir='ltr'><strong>qua:</strong></span> <span class='ocrx_word' id='word_1_757' title='bbox 2992 4927 3020 4964; x_wconf 91' lang='lat' dir='ltr'><strong>a</strong></span> <span class='ocrx_word' id='word_1_758' title='bbox 3074 4911 3229 4967; x_wconf 86' lang='lat' dir='ltr'><strong>nobis</strong></span> <span class='ocrx_word' id='word_1_759' title='bbox 3258 4912 3391 4968; x_wconf 89' lang='lat' dir='ltr'><strong>citra</strong></span> <span class='ocrx_word' id='word_1_760' title='bbox 3421 4920 3501 4967; x_wconf 87' lang='lat' dir='ltr'><strong>tot</strong></span> <span class='ocrx_word' id='word_1_761' title='bbox 3531 4913 3675 4970; x_wconf 84' lang='lat' dir='ltr'><strong>viro-</strong></span> 
     </span>
    </p>
   </div>
   <div class='ocr_carea' id='block_1_110' title="bbox 2084 5005 3674 5081">
    <p class='ocr_par' dir='ltr' id='par_1_110' title="bbox 2084 5005 3674 5081">
     <span class='ocr_line' id='line_1_110' title="bbox 2084 5005 3674 5081; baseline -0.003 -15"><span class='ocrx_word' id='word_1_762' title='bbox 2084 5026 2224 5075; x_wconf 89' lang='lat' dir='ltr'><strong>rum,</strong></span> <span class='ocrx_word' id='word_1_763' title='bbox 2254 5024 2482 5081; x_wconf 89' lang='lat' dir='ltr'><strong>quorum</strong></span> <span class='ocrx_word' id='word_1_764' title='bbox 2514 5005 2727 5061; x_wconf 86' lang='lat' dir='ltr'><strong>labores</strong></span> <span class='ocrx_word' id='word_1_765' title='bbox 2756 5016 2810 5060; x_wconf 89' lang='lat' dir='ltr'><strong>et</strong></span> <span class='ocrx_word' id='word_1_766' title='bbox 2857 5005 3217 5061; x_wconf 88' lang='lat' dir='ltr'><strong>eruditionem</strong></span> <span class='ocrx_word' id='word_1_767' title='bbox 3264 5005 3565 5073; x_wconf 89' lang='lat' dir='ltr'><strong>laudamus,</strong></span> <span class='ocrx_word' id='word_1_768' title='bbox 3596 5008 3674 5061; x_wconf 30' lang='lat' dir='ltr'><strong>vis</strong></span> 
     </span>
    </p>
   </div>
   <div class='ocr_carea' id='block_1_111' title="bbox 2082 5100 3671 5175">
    <p class='ocr_par' dir='ltr' id='par_1_111' title="bbox 2082 5100 3671 5175">
     <span class='ocr_line' id='line_1_111' title="bbox 2082 5100 3671 5175; baseline -0.003 -16"><span class='ocrx_word' id='word_1_769' title='bbox 2082 5103 2474 5175; x_wconf 83' lang='lat' dir='ltr'><strong>tbperationein</strong></span> <span class='ocrx_word' id='word_1_770' title='bbox 2506 5100 2792 5155; x_wconf 89' lang='lat' dir='ltr'><strong>observata</strong></span> <span class='ocrx_word' id='word_1_771' title='bbox 2836 5109 2993 5165; x_wconf 91' lang='lat' dir='ltr'><strong>sunt,</strong></span> <span class='ocrx_word' id='word_1_772' title='bbox 3040 5114 3197 5152; x_wconf 86' lang='lat' dir='ltr'><strong>nemo</strong></span> <span class='ocrx_word' id='word_1_773' title='bbox 3228 5114 3377 5164; x_wconf 85' lang='lat' dir='ltr'><strong>sane,</strong></span> <span class='ocrx_word' id='word_1_774' title='bbox 3410 5101 3485 5155; x_wconf 91' lang='lat' dir='ltr'><strong>uti</strong></span> <span class='ocrx_word' id='word_1_775' title='bbox 3517 5109 3671 5171; x_wconf 84' lang='lat' dir='ltr'><strong>puta-</strong></span> 
     </span>
    </p>
   </div>
   <div class='ocr_carea' id='block_1_112' title="bbox 2085 5191 3674 5265">
    <p class='ocr_par' dir='ltr' id='par_1_112' title="bbox 2085 5191 3674 5265">
     <span class='ocr_line' id='line_1_112' title="bbox 2085 5191 3674 5265; baseline -0.002 -13"><span class='ocrx_word' id='word_1_776' title='bbox 2085 5212 2227 5262; x_wconf 92' lang='lat' dir='ltr'><strong>mus,</strong></span> <span class='ocrx_word' id='word_1_777' title='bbox 2260 5195 2578 5251; x_wconf 87' lang='lat' dir='ltr'><strong>diflitebitur</strong></span> <span class='ocrx_word' id='word_1_778' title='bbox 2618 5194 2769 5265; x_wconf 91' lang='lat' dir='ltr'><strong>plura</strong></span> <span class='ocrx_word' id='word_1_779' title='bbox 2800 5192 2854 5247; x_wconf 90' lang='lat' dir='ltr'><strong>in</strong></span> <span class='ocrx_word' id='word_1_780' title='bbox 2900 5192 3125 5248; x_wconf 80' lang='lat' dir='ltr'><strong>Arnobii</strong></span> <span class='ocrx_word' id='word_1_781' title='bbox 3155 5191 3309 5247; x_wconf 90' lang='lat' dir='ltr'><strong>libris</strong></span> <span class='ocrx_word' id='word_1_782' title='bbox 3350 5193 3578 5248; x_wconf 88' lang='lat' dir='ltr'><strong>obscura</strong></span> <span class='ocrx_word' id='word_1_783' title='bbox 3610 5211 3674 5249; x_wconf 94' lang='lat' dir='ltr'><strong>ac</strong></span> 
     </span>
    </p>
   </div>
   <div class='ocr_carea' id='block_1_113' title="bbox 2084 5284 3674 5359">
    <p class='ocr_par' dir='ltr' id='par_1_113' title="bbox 2084 5284 3674 5359">
     <span class='ocr_line' id='line_1_113' title="bbox 2084 5284 3674 5359; baseline -0.003 -12"><span class='ocrx_word' id='word_1_784' title='bbox 2084 5289 2407 5347; x_wconf 81' lang='lat' dir='ltr'><strong>difﬁcillima</strong></span> <span class='ocrx_word' id='word_1_785' title='bbox 2446 5288 2513 5342; x_wconf 92' lang='lat' dir='ltr'><strong>de</strong></span> <span class='ocrx_word' id='word_1_786' title='bbox 2538 5287 2705 5342; x_wconf 90' lang='lat' dir='ltr'><strong>variis</strong></span> <span class='ocrx_word' id='word_1_787' title='bbox 2734 5286 2896 5341; x_wconf 89' lang='lat' dir='ltr'><strong>rebus</strong></span> <span class='ocrx_word' id='word_1_788' title='bbox 2948 5284 3264 5356; x_wconf 86' lang='lat' dir='ltr'><strong>proplianis,</strong></span> <span class='ocrx_word' id='word_1_789' title='bbox 3297 5301 3361 5343; x_wconf 92' lang='lat' dir='ltr'><strong>ac</strong></span> <span class='ocrx_word' id='word_1_790' title='bbox 3406 5288 3674 5359; x_wconf 66' lang='lat' dir='ltr'><strong>praecipue</strong></span> 
     </span>
    </p>
   </div>
   <div class='ocr_carea' id='block_1_114' title="bbox 2084 5379 3674 5453">
    <p class='ocr_par' dir='ltr' id='par_1_114' title="bbox 2084 5379 3674 5453">
     <span class='ocr_line' id='line_1_114' title="bbox 2084 5379 3674 5453; baseline -0.004 -11"><span class='ocrx_word' id='word_1_791' title='bbox 2084 5384 2376 5442; x_wconf 88' lang='lat' dir='ltr'><strong>christiana</strong></span> <span class='ocrx_word' id='word_1_792' title='bbox 2426 5383 2691 5453; x_wconf 81' lang='lat' dir='ltr'><strong>religione</strong></span> <span class='ocrx_word' id='word_1_793' title='bbox 2733 5423 2747 5447; x_wconf 92' lang='lat'><strong>,</strong></span> <span class='ocrx_word' id='word_1_794' title='bbox 2804 5380 3082 5450; x_wconf 87' lang='lat' dir='ltr'><strong>sacrisque</strong></span> <span class='ocrx_word' id='word_1_795' title='bbox 3140 5380 3285 5436; x_wconf 90' lang='lat' dir='ltr'><strong>illius</strong></span> <span class='ocrx_word' id='word_1_796' title='bbox 3335 5379 3674 5451; x_wconf 84' lang='lat' dir='ltr'><strong>dogmatibus</strong></span> 
     </span>
    </p>
   </div>
   <div class='ocr_carea' id='block_1_115' title="bbox 2084 5475 3675 5550">
    <p class='ocr_par' dir='ltr' id='par_1_115' title="bbox 2084 5475 3675 5550">
     <span class='ocr_line' id='line_1_115' title="bbox 2084 5475 3675 5550; baseline -0.003 -14"><span class='ocrx_word' id='word_1_797' title='bbox 2084 5481 2203 5537; x_wconf 89' lang='lat' dir='ltr'><strong>loca</strong></span> <span class='ocrx_word' id='word_1_798' title='bbox 2234 5478 2479 5550; x_wconf 87' lang='lat' dir='ltr'><strong>reperiri,</strong></span> <span class='ocrx_word' id='word_1_799' title='bbox 2519 5494 2639 5547; x_wconf 74' lang='lat' dir='ltr'><strong>qua:</strong></span> <span class='ocrx_word' id='word_1_800' title='bbox 2671 5475 2739 5531; x_wconf 87' lang='lat' dir='ltr'><strong>ab</strong></span> <span class='ocrx_word' id='word_1_801' title='bbox 2768 5475 3018 5530; x_wconf 86' lang='lat' dir='ltr'><strong>omnibus</strong></span> <span class='ocrx_word' id='word_1_802' title='bbox 3059 5476 3445 5546; x_wconf 62' lang='lat' dir='ltr'><strong>praetermissa,</strong></span> <span class='ocrx_word' id='word_1_803' title='bbox 3471 5477 3675 5547; x_wconf 89' lang='lat' dir='ltr'><strong>majore</strong></span> 
     </span>
    </p>
   </div>
   <div class='ocr_carea' id='block_1_116' title="bbox 2089 5569 3673 5642">
    <p class='ocr_par' dir='ltr' id='par_1_116' title="bbox 2089 5569 3673 5642">
     <span class='ocr_line' id='line_1_116' title="bbox 2089 5569 3673 5642; baseline -0.003 -12"><span class='ocrx_word' id='word_1_804' title='bbox 2089 5586 2294 5640; x_wconf 91' lang='lat' dir='ltr'><strong>tamen,</strong></span> <span class='ocrx_word' id='word_1_805' title='bbox 2322 5587 2480 5642; x_wconf 88' lang='lat' dir='ltr'><strong>quam</strong></span> <span class='ocrx_word' id='word_1_806' title='bbox 2532 5580 2727 5626; x_wconf 65' lang='lat' dir='ltr'><strong>caetera</strong></span> <span class='ocrx_word' id='word_1_807' title='bbox 2782 5569 2962 5623; x_wconf 90' lang='lat' dir='ltr'><strong>omnia</strong></span> <span class='ocrx_word' id='word_1_808' title='bbox 3018 5570 3363 5641; x_wconf 76' lang='lat' dir='ltr'><strong>expositione</strong></span> <span class='ocrx_word' id='word_1_809' title='bbox 3411 5571 3673 5641; x_wconf 81' lang='lat' dir='ltr'><strong>indigent.</strong></span> 
     </span>
    </p>
   </div>
   <div class='ocr_carea' id='block_1_117' title="bbox 2086 5658 3680 5736">
    <p class='ocr_par' dir='ltr' id='par_1_117' title="bbox 2086 5658 3680 5736">
     <span class='ocr_line' id='line_1_117' title="bbox 2086 5658 3680 5736; baseline -0.004 -13"><span class='ocrx_word' id='word_1_810' title='bbox 2086 5665 2169 5723; x_wconf 84' lang='lat' dir='ltr'><strong>Ad</strong></span> <span class='ocrx_word' id='word_1_811' title='bbox 2199 5679 2262 5721; x_wconf 90' lang='lat' dir='ltr'><strong>ea</strong></span> <span class='ocrx_word' id='word_1_812' title='bbox 2288 5664 2455 5736; x_wconf 87' lang='lat' dir='ltr'><strong>igitur</strong></span> <span class='ocrx_word' id='word_1_813' title='bbox 2482 5658 2800 5733; x_wconf 82' lang='lat' dir='ltr'><strong>explicanda</strong></span> <span class='ocrx_word' id='word_1_814' title='bbox 2833 5670 2888 5718; x_wconf 90' lang='lat' dir='ltr'><strong>et</strong></span> <span class='ocrx_word' id='word_1_815' title='bbox 2931 5658 3321 5729; x_wconf 88' lang='lat' dir='ltr'><strong>confirmanda,</strong></span> <span class='ocrx_word' id='word_1_816' title='bbox 3345 5664 3438 5714; x_wconf 87' lang='lat' dir='ltr'><strong>aut</strong></span> <span class='ocrx_word' id='word_1_817' title='bbox 3480 5662 3680 5735; x_wconf 88' lang='lat' dir='ltr'><strong>impro—</strong></span> 
     </span>
    </p>
   </div>
   <div class='ocr_carea' id='block_1_118' title="bbox 2093 5750 3681 5828">
    <p class='ocr_par' dir='ltr' id='par_1_118' title="bbox 2093 5750 3681 5828">
     <span class='ocr_line' id='line_1_118' title="bbox 2093 5750 3681 5828; baseline -0.006 -10"><span class='ocrx_word' id='word_1_818' title='bbox 2093 5758 2271 5818; x_wconf 86' lang='lat' dir='ltr'><strong>banda</strong></span> <span class='ocrx_word' id='word_1_819' title='bbox 2316 5768 2371 5815; x_wconf 92' lang='lat' dir='ltr'><strong>et</strong></span> <span class='ocrx_word' id='word_1_820' title='bbox 2400 5750 2699 5828; x_wconf 89' lang='lat' dir='ltr'><strong>rejicienda</strong></span> <span class='ocrx_word' id='word_1_821' title='bbox 2742 5755 2907 5814; x_wconf 87' lang='lat' dir='ltr'><strong>totius</strong></span> <span class='ocrx_word' id='word_1_822' title='bbox 2937 5752 3131 5823; x_wconf 86' lang='lat' dir='ltr'><strong>nostri,</strong></span> <span class='ocrx_word' id='word_1_823' title='bbox 3162 5753 3555 5826; x_wconf 85' lang='lat' dir='ltr'><strong>qualecumque</strong></span> <span class='ocrx_word' id='word_1_824' title='bbox 3593 5755 3681 5821; x_wconf 88' lang='lat' dir='ltr'><strong>sit,</strong></span> 
     </span>
    </p>
   </div>
  </div>
