3990 6072
305 181 409 240 405

1541 180 1608 238 fN
1647 174 2025 256 annosum,
2066 181 2220 244 car.-
2259 181 2350 241 ni.

3482 184 3588 244 406

303 299 506 370 ingenii
543 297 766 368 viribus,
797 314 862 358 ac
908 301 1069 358 solito
1109 313 1260 359 more
1309 310 1499 358 nostro
1549 312 1604 359 et
1653 304 1894 362 candore
1923 317 1975 376 Α
1999 317 2104 380 que
2132 311 2393 374 nitantur,
2417 316 2472 366 et
2496 311 2562 366 ad
2596 309 2756 368 ﬁdem
2795 309 2939 367 illius
2970 310 3333 382 abrogandam
3357 317 3583 366 conten-

303 394 687 451 connitendum
716 404 822 452 est.

932 535 1162 595 CAPUT
1204 538 1288 596 Ill.

307 669 474 725 Nova:
498 669 551 724 in
590 669 805 726 Arnobii
836 671 991 725 libros
1013 673 1408 740 observationes,
1437 691 1498 730 ac
1527 677 1752 747 prirnum
1777 694 1897 733 exa-

380 765 605 817 minatur
633 765 814 834 quibus
842 766 1156 834 argumentis
1184 767 1438 822 Arnobius
1466 769 1731 825 veritatem
1760 771 1896 826 chri-

377 857 556 911 stiana:
585 858 850 928 religionis
877 858 1210 913 demonstrat.

938 1033 1224 1075 ARTICULUS
1264 1036 1302 1076 1.

300 1153 1132 1234 Quompdo‘Ai-nobius‘christianae
1157 1158 1416 1234 religionis
1441 1163 1698 1234 veritatem
1719 1197 1734 1222 ,
1759 1164 1896 1234 prius

363 1216 647 1288 aplurih‘us
673 1227 929 1288 _ass_ertam
960 1259 973 1280 ,
1016 1234 1111 1288 nec
1148 1216 1337 1288 vindice
1358 1223 1682 1288 _indigentem
1703 1216 1730 1288 ,’
1750 1216 1895 1277 iariis

364 1279 542 1330 Christi
565 1279 1012 1345 discipuloruque
1039 1284 1146 1346 ejus
1171 1285 1416 1336 miraculis
1440 1279 1673 1338 vindicet.

377 1451 685 1522 Praecipuus
715 1454 938 1510 Arnobii
984 1457 1034 1509 in
1069 1457 1370 1513 scribendis
1399 1458 1501 1528 his,
1529 1463 1602 1516 uti
1635 1461 1889 1535 vidimus,

309 1544 461 1602 libris
511 1561 702 1617 scopus
734 1547 960 1620 finisque
990 1549 1103 1612 fuit,
1141 1559 1198 1604 ut
1250 1551 1558 1608 christiana:
1618 1555 1894 1624 religionis

303 1638 588 1693 veritatem
621 1640 784 1693 variis
819 1644 1149 1710 argumentis
1182 1651 1288 1696 tam
1343 1644 1700 1717 evidentibus,
1733 1664 1893 1718 quam

2003 404 2165 457 tionis
2194 405 2357 458 unita:
2387 405 2731 460 animositate
2782 404 3111 473 eonspirent.
3152 424 3171 456 ›
3209 402 3585 460 Defensionem

2001 496 2184 565 itaque
2239 496 2380 550 illius
2429 511 2488 550 se
2535 497 2839 567 suscepisse
2865 495 3012 563 dicit,
3043 511 3152 551 non
3194 495 3320 552 ideo
3345 495 3585 568 quidem,

2001 588 2143 659 quod
2172 590 2283 657 ipsa
2327 588 2626 658 patrocinio
2679 589 2856 643 alieno
2903 597 3076 659 egeat,
3109 588 3204 642 sed
3251 603 3321 643 ne
3360 587 3450 641 illa
3482 588 3584 641 im-

1998 682 2182 751 probis
2205 681 2702 746 calumniatoribus,
2734 681 3161 750 capitalibusque
3180 680 3298 750 ejus
3328 680 3580 747 inimicis,

2000 774 2286 844 aliquando
2335 777 2568 830 cessisse
2612 775 2907 830 videretur.
2935 775 3300 831 Examinanda
3348 776 3584 846 itaquea

2002 868 2158 922 nobis
2183 876 2310 922 sunt
2337 869 2424 922 illa
2450 877 2782 936 argumenta,
2815 869 3009 937 quibus
3031 867 3144 923 haec
3173 869 3262 924 ille
3290 869 3486 924 asserit
3529 883 3592 925 ac

2001 960 2357 1016 demonstrat.

2076 1055 2316 1110 Primum
2348 1065 2524 1111 autem
2556 1056 2624 1110 ab
2660 1071 2726 1112 eo
2749 1056 3050 1111 desumitur
3078 1071 3144 1110 ex
3170 1055 3396 1121 Christi,
3423 1056 3590 1112 disci-

1998 1148 2361 1219 pulorumque
2389 1149 2504 1218 ejus
2554 1150 2850 1217 miraculis,
2879 1163 3001 1220 qum
3032 1149 3271 1220 profecto
3302 1164 3410 1204 non
3438 1149 3587 1218 ficta,

2000 1245 2094 1298 sed
2141 1259 2266 1300 vera
2296 1263 2308 1308 ;
2344 1261 2449 1300 non
2490 1246 2651 1310 clam,
2684 1246 2778 1300 sed
2836 1254 3057 1316 aperte;
3090 1259 3196 1302 non
3228 1261 3334 1300 uno
3361 1244 3584 1301 eodem-

2000 1352 2104 1408 que
2132 1353 2346 1407 semper
2371 1339 2549 1405 modo,
2579 1338 2673 1393 sed
2717 1339 3016 1394 innumeris
3048 1353 3186 1409 pene
3230 1337 3404 1393 modis
3433 1354 3448 1403 ;
3473 1352 3582 1392 non

1999 1447 2108 1486 uno
2155 1433 2207 1486 in
2244 1433 2421 1499 loco,
2445 1432 2541 1487 sed
2590 1433 2643 1486 in
2671 1433 2920 1486 omnibus
2957 1432 3138 1486 mundi
3185 1431 3422 1497 partibus
3449 1431 3591 1485 edita

1999 1521 2232 1579 fuerant.
2268 1525 2371 1579 Tot
2400 1525 2678 1580 enimvero
2697 1533 2951 1595 tantaque
2979 1523 3238 1578 miracula
3265 1523 3385 1578 sine
3409 1529 3588 1578 extra-

1998 1633 2100 1673 neo
2119 1619 2466 1681 adminiculo.
2500 1627 2591 1672 aut
2624 1619 2769 1673 illius
2801 1605 3170 1688 superstitiosi
3193 1616 3371 1672 cultus
3398 1615 3590 1670 obser-

299 1733 462 1786 certis
495 1740 549 1786 et
596 1732 982 1790 invictissimis.
1022 1733 1436 1790 demonstraret.
1467 1707 1723 1806 Quamvis
1745 1707 1891 1794 enim
1924 1723 1972 1784 B
1997 1712 2445 1806 "umetipalam
2484 1722 2539 1766 ⁸⁸
2582 1711 3211 1806 δηιβηοιηηίιξπξοουιοε
3235 1707 3443 1806 “m9,
3477 1722 3591 1761 ve“

308 1823 647 1878 sanctissima
689 1824 830 1879 illius
876 1826 1130 1898 mysteria
1161 1837 1215 1881 et
1246 1827 1566 1884 documenta
1595 1833 1702 1884 sint
1744 1830 1892 1886 altia-

297 1919 458 1986 sima,
492 1933 816 1989 omnemque
849 1920 1097 1976 humanm
1122 1921 1326 1976 mentis
1353 1934 1569 1991 captum
1592 1931 1885 1996 superent,

305 2010 436 2064 nulli
463 2017 640 2064 tamen
678 2025 824 2065 sana:
876 2014 1073 2066 mentis
1121 2013 1325 2066 homini
1383 2016 1605 2069 dubium
1648 2031 1767 2072 esse
1799 2032 1891 2086 po-

297 2112 406 2158 test
458 2105 586 2176 quin
617 2105 846 2175 plurima
890 2106 1047 2160 nobis
1070 2115 1360 2176 suppetant
1387 2109 1687 2162 certissima
1726 2111 1892 2164 ratio-

299 2211 428 2250 num
478 2206 775 2263 momenta,
809 2199 1096 2268 pluresque
1142 2210 1338 2268 praesto
1384 2202 1512 2268 sint,
1539 2218 1670 2272 quas
1719 2201 1892 2272 philo-

297 2289 454 2360 50phi
485 2291 759 2361 appellare
798 2292 975 2347 solent
1036 2293 1550 2363 demonstrationes,
1599 2297 1792 2367 quibus
1823 2298 1890 2351 il-

303 2384 411 2437 lius
454 2385 695 2450 veritas,
747 2395 908 2456 atque
964 2385 1099 2442 adeo
1160 2389 1499 2458 supersitiosi
1551 2391 1891 2446 ethnicorum

302 2477 481 2532 cultus
509 2478 717 2534 falsitas
746 2479 1188 2537 manifestissime
1217 2484 1622 2553 comprobetur.
1654 2483 1755 2538 Eas
1791 2500 1889 2538 au-

300 2581 410 2627 tem
450 2572 708 2644 Theologi
757 2575 1027 2630 scolastici
1078 2577 1268 2630 motiva
1317 2577 1671 2632 credibilitatis
1698 2594 1890 2636 vocare

298 2663 624 2730 maluerunt,
653 2681 772 2734 quae
797 2665 1012 2736 quidem
1038 2669 1206 2737 prima
1235 2677 1358 2721 sunt
1385 2667 1662 2738 religionis
1691 2679 1890 2726 nostra:

294 2746 642 2803 fundamenta
685 2761 739 2804 ct
768 2750 926 2805 bases
949 2793 964 2815 ,
996 2751 1190 2822 quibus
1220 2753 1428 2822 positis,
1456 2753 1520 2808 ad
1567 2758 1744 2809 omnia
1773 2755 1890 2826 ejus

297 2843 554 2912 mysteria
584 2887 597 2909 ,
646 2845 1044 2914 quantumlibet
1093 2846 1320 2901 obscura
1351 2889 1364 2911 ,
1415 2847 1722 2905 firmissime
1770 2864 1889 2907 cre-

294 2932 472 2988 denda
504 2939 810 2991 necessario
837 2937 1164 3006 impellimur
1195 2953 1258 2994 ac
1285 2941 1546 3008 cogimur.

365 3025 443 3079 Ex
494 3025 574 3080 eis
619 3042 752 3080 vero
791 3028 1035 3098 quaedam
1087 3029 1279 3100 selegit
1324 3031 1595 3086 Arnobius
1626 3074 1640 3099 ,
1691 3031 1883 3104 illaque

1998 1814 2208 1859 tantum
2241 1805 2354 1870 Dei,
2388 1806 2476 1875 qui
2511 1819 2610 1859 nec
2637 1805 2749 1858 falli
2793 1819 2892 1859 nec
2919 1804 3108 1859 fallere
3136 1811 3334 1874 potest,
3363 1801 3586 1867 virtute,

2001 1914 2110 1952 non
2148 1913 2279 1953 sane
2324 1898 2389 1952 ad
2432 1898 2718 1953 falsitatem
2758 1897 3013 1968 aliquam,
3045 1896 3141 1952 sed
3190 1895 3256 1951 ad
3303 1895 3589 1951 veritatem

1999 1990 2407 2056 adstruendam,
2441 1990 2555 2046 ﬁeri
2595 2001 2840 2062 possunt.
2885 1991 3049 2061 Atqui
3077 2001 3282 2046 certum
3310 1998 3393 2046 est
3428 1989 3517 2044 illa
3557 2004 3589 2043 a

1998 2084 2216 2140 Christo
2264 2085 2492 2156 ejusque
2527 2085 2744 2140 nomine
2784 2083 2920 2140 facta
2952 2084 3140 2152 fuisse,
3179 2093 3237 2139 ut
3271 2084 3591 2154 comproba-

1997 2183 2082 2230 ret
2129 2176 2363 2232 fundataa
2389 2191 2421 2231 a
2452 2191 2510 2232 se
2539 2178 2816 2248 religionis
2846 2177 3154 2244 veritatem,
3187 2177 3427 2248 aliasque
3465 2192 3585 2234 om-

1997 2283 2094 2323 nes
2122 2269 2285 2325 falsas
2339 2271 2594 2325 radicitus
2618 2272 2960 2341 exstirparet.
3003 2270 3188 2341 Itaque
3237 2269 3388 2328 hisce
3416 2273 3584 2327 mira-

1997 2362 2135 2417 culis
2156 2363 2405 2432 quilibet,
2448 2363 2609 2418 stulta
2637 2364 3003 2420 obstinatione
3031 2381 3137 2420 non
3165 2364 3380 2436 penitus
3409 2366 3586 2422 obeas-

1996 2453 2125 2517 eati,
2158 2455 2440 2509 veritatem
2482 2454 2794 2510 christiame
2844 2455 3122 2528 religionis
3171 2471 3466 2527 agnoscere
3493 2473 3586 2512 vo-

1995 2546 2173 2602 lentes
2195 2549 2442 2602 noientes
2462 2559 2750 2619 coguntur.

2069 2639 2296 2693 Arnobii
2329 2649 2508 2694 autem
2539 2642 2708 2710 ipsius
2734 2643 2873 2699 hanc
2899 2656 3022 2698 esse
3041 2643 3588 2714 argumentationem,

1995 2731 2041 2784 si
2079 2731 2315 2800 dubites,
2347 2745 2418 2787 ex
2461 2735 2630 2804 ipsius
2674 2734 2856 2790 verbis
2899 2736 3083 2806 accipe
3114 2753 3127 2788 :
3167 2753 3185 2786 ι
3219 2735 3372 2791 Nulla
3415 2737 3588 2806 major
3625 2799 3631 2802 _

1994 2834 2079 2879 est
2119 2826 2512 2896 comprobatio,
2543 2842 2704 2897 quam
2745 2836 3020 2898 gestarum
3077 2828 3147 2883 ab
3191 2844 3279 2896 eo,
3318 2849 3338 2882 ο
3367 2827 3584 2884 Christo

1994 2922 2223 2988 scilicet,
2253 2939 2271 2973 ‹
2310 2922 2442 2978 fides
2464 2935 2668 2990 rerum,
2687 2939 2849 2993 quam
2881 2925 3134 2980 virtutum
3167 2924 3397 2992 novitas,
3423 2939 3584 2995 quam

1994 3015 2173 3068 omnia
2201 3015 2343 3070 victa
2390 3015 2628 3083 decreta,
2661 3017 3031 3088 dissolutaque
3082 3017 3289 3086 fatalia,
3319 3033 3438 3089 qua:
3490 3033 3583 3088 po-

297 3116 455 3171 duxit
494 3134 558 3172 ex
586 3119 785 3173 Christi
826 3119 1323 3190 discipulorumque
1345 3122 1460 3192 ejus
1489 3125 1782 3189 miraculis,
1819 3143 1882 3182 ex

1996 3108 2103 3178 puli
2149 3118 2446 3179 gentesque
2474 3125 2572 3164 suo
2617 3111 2731 3181 geri
2781 3110 2882 3166 sub
2923 3111 3146 3176 lumine,
3191 3112 3340 3166 nullo
3365 3111 3579 3166 dissen-

295 3210 687 3266 crudelissimis
713 3224 1010 3285 martyrum
1043 3215 1340 3285 suppliciis,
1373 3215 1438 3270 ad
1483 3218 1882 3274 acerbissimam

294 3317 465 3373 usque
512 3315 739 3360 mortem
792 3308 1229 3360 constantissime
1289 3309 1570 3375 toleratis,
1626 3321 1789 3382 atque
1818 3327 1884 3367 ex

289 3395 601 3450 christiana:
631 3394 892 3452 doctrina:
933 3395 1032 3469 per
1061 3401 1372 3454 universum
1405 3410 1666 3456 terrarum
1699 3402 1882 3458 orbem

288 3486 572 3542 celerrima
613 3491 1021 3559 prepagatione.
1055 3495 1124 3544 At
1167 3492 1304 3556 hmc,
1333 3492 1525 3562 quibus
1574 3501 1753 3548 tamen
1781 3495 1883 3551 alia

290 3582 588 3652 adjuugere
637 3592 870 3653 poterat,
923 3584 989 3639 ad
1034 3585 1304 3656 religionis
1357 3598 1554 3642 nostra:
1597 3592 1882 3646 veritatem

288 3676 732 3734 manifestissime
778 3680 1257 3736 demonstrandam
1305 3684 1435 3738 satis
1465 3697 1732 3756 superque
1781 3685 1879 3741 sibi

284 3770 541 3827 sufficere
568 3770 707 3826 haud
734 3771 1005 3828 immerito
1032 3774 1324 3828 arbitratus
1347 3785 1451 3829 est.

361 3865 602 3921 Prinutm
654 3877 833 3921 autem
881 3877 1066 3938 aperte
1095 3867 1352 3934 declarat,
1391 3883 1446 3923 se
1493 3869 1556 3922 ad
1586 3886 1645 3924 ea
1678 3879 1880 3926 retrac-

287 3961 455 4018 tanda
479 3978 582 4015 non
615 3961 737 4016 ideo
767 3971 1002 4016 mentem
1033 3960 1324 4030 appulisse,
1361 3960 1502 4031 quod
1531 3962 1877 4016 Christianam

285 4055 608 4124 religionem
660 4053 760 4108 hac
807 4069 899 4108 sua
954 4069 1114 4122 Opera
1148 4065 1238 4107 aut
1269 4052 1586 4109 defensioue
1639 4056 1879 4124 indigere

283 4147 583 4204 crediderit
611 4147 855 4219 (Arnob.,
883 4147 970 4200 lib.
997 4164 1071 4210 lit,
1108 4147 1332 4219 p.100).
1363 4147 1685 4203 Persuasum
1717 4152 1880 4220 siqui-

283 4242 410 4296 dem
444 4241 674 4295 habebat
706 4241 810 4295 hoc
856 4254 1226 4310 argumentum
1260 4241 1327 4295 ab
1369 4244 1581 4298 eximiis
1609 4245 1877 4310 excellen-

281 4334 537 4403 tibusque
579 4334 730 4398 viris,
788 4345 912 4401 puta
965 4331 1176 4386 Justino
1221 4343 1480 4406 martyre,
1514 4307 1874 4407 Athenagdra,

283 4427 590 4497 Theophilo
638 4426 998 4490 Antiocheno,
1031 4428 1281 4494 Tatiano,
1307 4429 1583 4485 Clemente
1636 4431 1876 4487 Alexan-

1992 3201 2160 3256 tiente
2191 3200 2394 3265 videre,
2420 3217 2539 3271 qua:
2569 3217 2671 3257 nec
2702 3202 2803 3272 ipsi
2829 3202 3032 3257 audent
3057 3202 3307 3258 falsitatis
3329 3218 3579 3276 arguere,

1989 3309 2218 3365 quorum
2246 3296 2512 3366 antiquas,
2530 3311 2629 3351 seu
2653 3297 2851 3367 patrias
2879 3297 3294 3367 legesvanitatis
3314 3312 3434 3353 esse
3463 3299 3581 3370 pie-

1992 3393 2264 3458 nissimas,
2299 3403 2461 3463 atque
2490 3393 2820 3448 inanissima:
2847 3393 3252 3462 superstitionis
3281 3394 3522 3449 ostendit
3553 3415 3572 3448 ι

1989 3487 2232 3559 (Arnob.,
2274 3488 2361 3542 lib.
2396 3505 2433 3554 ι,
2461 3507 2514 3560 ῃ.
2543 3489 2615 3545 Si
2644 3463 2690 3544 ei
2714 3489 2902 3563 seqq.).
2935 3489 3098 3544 Vides
3148 3506 3280 3547 sane
3309 3493 3579 3563 quomodo

1986 3581 2082 3638 ille
2119 3583 2422 3640 rectissime
2463 3584 2750 3662 concludat
2778 3585 3008 3655 publicis
3034 3585 3233 3642 Christi
3280 3587 3577 3655 miraculis,

1988 3689 2111 3745 qum
2135 3676 2369 3746 gentiles
2398 3675 2646 3732 falsitatis
2671 3693 2898 3749 arguere
2947 3693 3236 3748 numquam
3265 3686 3575 3746 potuerunt,

1986 3789 2095 3828 non
2149 3774 2457 3828 christiana:
2505 3784 2709 3829 tantum
2763 3774 3037 3844 religionis
3066 3772 3244 3829 adseri
3269 3775 3572 3840 veritatem,

1984 3867 2080 3921 sed
2112 3865 2342 3921 ethnica:
2367 3867 2528 3920 etiam
2579 3865 2871 3922 falsitatem
2905 3864 3311 3921 evidentissime
3338 3865 3575 3934 probari.

2056 3959 2212 4013 Tanti
2259 3975 2390 4014 vero
2423 3958 2678 4029 ponderis
2731 3969 2815 4015 est
2866 3961 2967 4015 hoc
2996 3969 3394 4030 argumentum,
3425 3969 3484 4014 ut
3509 3975 3575 4015 eo

1982 4053 2201 4123 penitus
2250 4052 2480 4106 convicti
2523 4051 2752 4122 gentiles
2804 4068 2965 4123 quam
2998 4053 3231 4123 plurimi,
3260 4053 3461 4110 relictis
3486 4068 3576 4123 pa-

1983 4147 2104 4202 triis
2135 4146 2628 4216 superstitionibus,
2666 4154 2720 4200 et
2748 4146 2912 4216 impio
2938 4145 3162 4203 deorum
3189 4161 3408 4202 suorum
3429 4147 3574 4203 cultu

1985 4239 2213 4310 rejecto,
2239 4254 2435 4294 nomen
2472 4239 2783 4294 christianaa
2805 4239 3048 4309 religioni
3076 4249 3269 4310 Sponte
3290 4240 3572 4296 dederint:

1988 4353 2006 4387 ι
2049 4335 2307 4401 Virtutes,
2349 4352 2367 4384 ι
2426 4335 2651 4400 etenim,
2697 4350 2718 4385 ι
2751 4333 2852 4388 sub
2889 4333 3063 4388 oculis
3115 4335 3324 4404 positae,
3357 4353 3377 4386 ι
3411 4335 3574 4391 verba

1981 4427 2160 4483 adhuc
2198 4436 2323 4481 sunt
2350 4426 2571 4482 Arnobii
2609 4445 2628 4479 ι
2658 4437 2718 4483 et
2743 4426 2981 4482 inaudita
3024 4428 3111 4482 illa
3141 4429 3221 4483 vis
3249 4445 3455 4496 rerum,
3485 4430 3574 4485 vel

282 4520 466 4582 driuo,
496 4519 565 4573 de
597 4519 792 4587 quibus
821 4535 917 4572 nos
962 4519 1012 4573 in
1042 4521 1412 4589 superioribus
1453 4522 1756 4592 Apparatus
1783 4539 1875 4579 no-
1903 4525 1958 4589 Β
1983 4535 2101 4591 quae
2131 4521 2197 4576 ab
2248 4521 2366 4590 ipso
2414 4519 2568 4575 fiebat
2612 4521 2813 4593 palam,
2848 4519 2932 4574 vel
2975 4519 3044 4574 ab
3074 4521 3190 4590 ejus
3233 4521 3572 4593 praeconibus

286 4611 390 4667 stri
423 4611 596 4676 libris,
645 4627 780 4680 aque
810 4610 969 4664 etiam
999 4627 1028 4664 a
1057 4611 1412 4676 Tertulliano,
1441 4613 1694 4684 Origene,
1727 4616 1878 4672 aliis-

284 4720 394 4775 que
436 4703 682 4773 pluribus
731 4705 942 4758 abunde
999 4714 1329 4770 tractatum;
1364 4715 1523 4776 atque
1574 4707 1749 4762 doctis
1799 4720 1877 4764 tot

284 4810 672 4868 tantorumque
734 4798 991 4851 virorum'
1021 4799 1238 4868 scriptis
1301 4813 1364 4854 ac
1414 4799 1874 4857 luculu‘ationibus

279 4891 636 4946 Christianam
669 4891 986 4960 religionem
1016 4907 1043 4943 a
1079 4890 1224 4944 falsis
1251 4890 1586 4946 ethnicorum
1618 4894 1872 4947 crimina-

279 4985 520 5040 tionibus
570 4982 888 5054 plenissime
938 4981 1285 5039 vindicatam.
1337 4987 1478 5052 Quin
1539 4987 1703 5040 imum
1775 5003 1874 5059 pro

277 5090 436 5136 certo
465 5096 682 5149 semper
715 5077 977 5134 habuerat
1000 5081 1145 5134 illam
1181 5081 1287 5133 ullo
1317 5082 1432 5136 sine
1459 5081 1669 5138 vindice
1699 5087 1753 5138 et
1781 5083 1874 5139 de-

279 5176 503 5230 fensore
533 5175 740 5228 firmam
789 5185 843 5229 et
889 5175 1266 5230 inconcussam
1314 5191 1372 5231 se
1403 5175 1512 5247 ipsa
1567 5188 1730 5245 stare,
1775 5195 1874 5234 nec

278 5267 408 5322 ullis
455 5282 710 5337 umquam
759 5267 1123 5336 quorumlibet
1169 5266 1600 5323 adversariorum
1650 5286 1868 5325 suorum

277 5360 510 5424 viribus,
558 5358 783 5422 artibus,
837 5357 998 5422 dolis,
1053 5358 1318 5414 machinis
1356 5375 1515 5430 posse
1565 5360 1873 5418 labefactari

280 5460 352 5506 ut
387 5449 617 5506 convelli
649 5468 663 5504 :
699 5470 718 5502 ‹
757 5450 880 5506 Suis
911 5451 1102 5524 (enim)
1133 5453 1239 5516 illa,
1273 5453 1466 5523 inquit,
1511 5464 1760 5511 contenta
1792 5468 1874 5514 est

282 5544 513 5608 viribus,
543 5553 599 5598 et
629 5543 871 5599 Veritatis
924 5546 1152 5614 propria:
1198 5545 1600 5602 fundaminibus
1647 5549 1870 5616 nititur;

279 5652 391 5694 nec
441 5637 699 5705 spoliatur
726 5637 775 5691 vi
829 5642 944 5702 Sua,
979 5638 1188 5691 etiamsi
1222 5640 1427 5693 nullum
1479 5639 1672 5696 habeat
1700 5642 1874 5698 vindi-

278 5746 408 5788 cem
437 5745 451 5798 ;
477 5731 638 5789 immo
662 5731 707 5787 si
756 5731 949 5801 linguae
981 5745 1170 5788 omnes
1200 5742 1384 5789 contra
1412 5733 1626 5804 faciant,
1655 5745 1872 5795 contra-

1979 4612 2352 4668 eelebrabatur
2380 4613 2432 4665 in
2469 4610 2602 4666 orbe
2629 4620 2763 4677 toto,
2795 4627 2859 4665 ea
2898 4611 3132 4667 subdidit
3179 4613 3568 4683 appetitionum

1985 4707 2251 4772 ﬂammas,
2294 4715 2349 4761 et
2377 4706 2442 4760 ad
2491 4706 2648 4760 unius
2675 4705 3010 4761 credulitatis
3051 4705 3340 4762 adsensum
3387 4715 3570 4763 mente

1979 4817 2081 4856 una
2112 4816 2444 4857 concurrere
2489 4811 2676 4871 gentes
2703 4811 2758 4856 et
2787 4801 3013 4871 pupulas
3061 4799 3205 4866 fecit,
3234 4811 3288 4856 et
3324 4800 3568 4858 moribus

1979 4894 2370 4949 dissimillimas
2399 4895 2645 4950 nationes
2673 4911 2692 4945 ι
2729 4895 2970 4963 (Arnob.,
2999 4894 3091 4948 lib.
3115 4909 3174 4958 n,
3204 4910 3257 4959 ρ.
3291 4892 3406 4963 50).
3433 4893 3567 4962 Quis

1978 4997 2156 5041 autem
2191 4987 2316 5043 inde
2345 5003 2448 5042 non
2492 4989 2782 5058 perSpiciat
2805 4986 3040 5041 inaudita
3074 4985 3332 5040 hactenus
3362 4985 3566 5042 Christi

1980 5081 2477 5152 discipulorumque
2505 5081 2624 5152 ejus
2669 5080 2929 5136 miracula
2960 5079 3093 5132 tanti
3129 5078 3194 5134 ad
3235 5079 3566 5149 probandam

1979 5175 2103 5230 fidei
2143 5175 2450 5230 christianre
2491 5175 2772 5230 veritatem
2804 5173 2970 5227 fuisse
3017 5171 3245 5234 roboris,
3282 5181 3565 5241 tantmqua:

1963 5266 2315 5322 efficacitatis
2342 5310 2356 5332 ,
2391 5276 2448 5321 ut
2482 5268 2793 5320 innumeros
2840 5261 3110 5331 homines,
3146 5272 3257 5319 toto
3298 5273 3562 5320 terrarum
3654 5340 3658 5349 Ι

1978 5360 2111 5414 orbe
2147 5358 2445 5430 dispersos,
2487 5358 2716 5428 huicque
2763 5355 3076 5412 christianre
3116 5356 3362 5428 religioni
3403 5366 3562 5412 antea

1977 5465 2198 5522 prorsus
2251 5449 2547 5521 oppositos,
2590 5448 2657 5504 ad
2696 5463 2814 5504 eam
2844 5447 3220 5505 lubentissime
3266 5447 3560 5518 suscipien-

1975 5547 2098 5603 dam
2121 5546 2486 5603 adduxerim?

2047 5642 2179 5709 Quae
2207 5651 2388 5698 autem
2415 5640 2618 5696 fuerint
2654 5640 2747 5697 illa
2787 5639 2993 5698 Christi
3016 5637 3300 5702 miracula,
3327 5634 3567 5692 breviter

1987 5735 2259 5795 Arnobius
2291 5741 2538 5791 recenset
2581 5733 2712 5806 (1b.,
2763 5751 2818 5805 ρ.
2862 5733 2984 5803 26).
3035 5728 3349 5796 Quosiibet,
3386 5729 3579 5799 inquit,
