3990 6072
437 259 543 315 407

1651 239 2102 305 DISSERTATIO
2138 242 2421 302 PREVIA

3623 245 3729 303 408

437 373 652 442 surdos,
693 377 785 428 aut
834 381 1031 434 mutos,
1061 375 1153 423 aut
1190 365 1381 437 quovis
1414 362 1627 430 morbo,
1660 360 1830 430 febre,
1865 362 2024 427 fame,
2055 368 2112 427 Α
2134 358 2380 429 Christo,
2412 365 2720 422 evanuisse.
2754 363 3036 434 Viderant,
3071 365 3311 438 inquam,
3345 365 3597 422 ﬁdentem
3626 367 3733 423 diis

436 467 701 532 ctccitate,
753 463 1168 527 claudicatione,
1202 458 1502 531 hydropisi,
1547 458 1718 528 lepra,
1749 454 2028 526 profluvio

435 560 734 632 sanguinis,
769 556 1023 629 paralysi,
1057 553 1283 624 aliisque
1324 550 1734 622 a'griludiuibus
1781 548 2029 603 laborau-

436 664 521 710 tes
559 652 806 718 sanavit,
853 649 1016 704 maris
1059 657 1449 716 ventorumque
1486 642 1690 698 sedavit
1739 641 2025 713 procellas,

437 746 582 802 illius
611 744 780 798 undas
811 741 955 797 sicco
1015 740 1240 796 calcavit
1288 737 1442 808 pede,
1494 745 1733 792 secretas
1778 735 2030 806 cognovit

437 838 716 893 hominum
739 834 1111 905 cogitationes.
1143 830 1278 886 alios
1305 839 1466 900 atque
1483 829 1645 885 etiam
1674 829 2026 898 semetipsum

433 946 464 986 a
495 940 668 984 morte
693 925 966 983 revocavit
996 924 1062 978 ad
1096 924 1290 988 vitam;
1335 930 1457 992 post
1483 923 1938 976 resurrectionem
1967 933 2029 973 se

434 1021 722 1078 videndum
759 1019 1027 1092 pra'buit,
1060 1024 1116 1072 et
1161 1031 1283 1072 cum
1337 1013 1618 1085 discipulis
1671 1020 2029 1068 conversatus

434 1128 520 1174 est
548 1135 564 1183 ;
594 1116 827 1184 denique
857 1124 913 1167 ut
937 1109 1174 1167 auctoris
1200 1109 1371 1165 nostri
1401 1108 1580 1163 verbis
1598 1117 1811 1162 utamur
1841 1121 1855 1158 :
1891 1103 2030 1159 «Cu—

431 1212 522 1280 jus
549 1223 745 1264 nomen
789 1206 1028 1261 anditum
1069 1203 1221 1274 fugat
1274 1203 1466 1256 noxios
1512 1199 1752 1270 spiritus,
1800 1197 2030 1266 imponit

433 1303 705 1359 silentium
761 1299 987 1361 vatibus,
1018 1297 1296 1367 aruspices
1343 1294 1676 1349 inconsultos
1715 1290 1913 1357 reddit,
1936 1304 2028 1344 ar-

434 1398 738 1469 rogantium
792 1408 1069 1465 magorum
1125 1391 1373 1446 frustrari
1423 1388 1591 1444 efﬁcit
1625 1387 1888 1450 actiones,
1919 1397 2028 1438 non

443 1495 692 1555 horrore,
716 1499 774 1543 ut
805 1489 1008 1555 dicitis,
1051 1487 1374 1551 divinitatis,
1405 1482 1502 1539 sed
1546 1481 1766 1551 majoris
1812 1478 2030 1534 licentia

437 1587 720 1660 potestatis
760 1607 778 1636 ›
818 1584 1010 1657 (lbid.,
1042 1600 1096 1653 p.
1124 1582 1242 1653 27).
1297 1580 1427 1646 Quis
1467 1586 1646 1632 autem
1693 1591 1802 1631 non
1852 1573 2031 1630 videat

434 1704 592 1759 quam
617 1686 850 1742 validum
891 1684 960 1738 sit
987 1683 1090 1738 hoc
1114 1687 1516 1752 argumentum,
1545 1689 1653 1747 quo
1683 1673 1776 1729 ille
1805 1686 1910 1728 non
1939 1686 2031 1726 so-

2134 455 2308 522 falsis,
2333 466 2388 512 et
2414 456 2482 512 ab
2511 458 2715 514 eisdem
2748 461 3122 515 metuentibus
3155 459 3453 530 proditum,
3488 458 3734 532 pondere

2134 550 2533 621 praecipitatum
2557 553 3196 624 sno,cruribusjacui-se
3228 554 3567 624 praefractis:
3604 563 3729 624 post

2132 641 2330 697 deinde
2375 643 2640 713 perlatum
2697 645 2970 700 Brundam
2997 688 3011 711 ,
3055 645 3387 702 cruciatibus
3417 654 3472 701 et
3523 644 3731 716 pudore

2133 733 2428 801 defessum,
2461 752 2530 792 ex
2558 737 2810 792 altissimi
2855 738 3108 795 culminis
3134 753 3194 794 se
3222 753 3438 794 rursum
3473 739 3729 809 praecipi-

2135 837 2282 884 tasse
2308 828 2542 902 fastigio.
2591 850 2609 884 i
2645 830 2862 888 Scimus
2906 832 3126 903 quidem
3165 832 3267 888 hoc
3297 833 3614 888 miraculum
3662 831 3732 888 ab

2135 922 2404 979 alicuibus
2449 934 2542 980 aut
2579 929 2758 981 vocari
2791 928 2843 982 in
2872 926 3118 994 dubium,
3148 937 3239 981 aut
3271 927 3486 997 penitus
3514 928 3726 1000 negari.

2136 1014 2348 1070 Etenim
2405 1016 2520 1072 haec
2551 1016 2774 1072 historia
2823 1018 2890 1073 ab
2926 1018 3428 1090 pseudepigraphis,
3459 1030 3516 1074 ut
3545 1020 3725 1084 aiunt,

2133 1106 2311 1170 libris,
2345 1106 2447 1162 hoc
2468 1117 2551 1164 est
2579 1109 2958 1180 proculdubio,
2989 1111 3476 1167 Constitutionibus
3513 1121 3733 1183 aposto-

2133 1198 2254 1254 licis
2302 1200 2587 1272 desumpta
2630 1200 2744 1275 (lib.
2792 1219 2878 1270 vt,
2933 1201 3208 1260 Constitut.
3253 1203 3560 1274 apostolic.,
3595 1222 3640 1259 c.
3673 1205 3727 1271 9,

2134 1309 2189 1362 p.
2213 1289 2365 1364 279),
2393 1292 2542 1348 varie
2565 1309 2597 1349 a
2627 1295 2789 1350 variis
2815 1295 3174 1364 scriptoribus
3204 1307 3475 1352 narratur.
3525 1296 3731 1354 Deinde

2135 1400 2262 1440 vero
2290 1384 2476 1440 Romae
2503 1385 2660 1442 valde
2686 1386 2888 1442 incerta
2919 1387 3019 1442 fuit
3074 1387 3215 1442 fama
3263 1388 3409 1443 illius
3457 1389 3727 1456 miraculi,

2133 1493 2198 1532 ac
2225 1477 2294 1534 de
2318 1477 2414 1533 illo
2437 1477 2684 1534 Justinus
2706 1488 2932 1552 martyr,
2961 1479 3224 1549 lrenaaus,
3250 1481 3452 1553 aliique
3467 1481 3731 1555 antiquis-

2133 1570 2258 1625 simi
2288 1572 2584 1640 scriptores
2615 1572 2831 1643 penitus
2852 1572 3144 1630 siluerunt.

2207 1664 2315 1720 Sed
2345 1663 2464 1722 haec
2481 1667 2670 1722 eadem
2697 1666 2922 1723 historia
2945 1686 2973 1722 a
3002 1669 3208 1742 Cyrillo
3235 1669 3730 1741 l‘lierosolymitano

436 1783 551 1836 lum
579 1781 862 1836 veritatem
889 1776 1198 1832 christiana;
1245 1771 1540 1843 religionis,
1571 1768 1668 1824 sed
1717 1779 2024 1837 supremam
2057 1773 2106 1833 Β
2134 1757 2220 1815 his
2246 1760 2576 1816 describitur
2604 1761 2784 1816 verbis
2810 1781 2825 1817 :
2852 1782 2870 1815 ‹
2901 1761 3094 1819 Petrus
3144 1773 3202 1820 et
3229 1764 3447 1833 Paulus,
3473 1765 3730 1822 Ecclesia:

435 1891 656 1948 quoque
687 1873 919 1937 Christi,
967 1881 1025 1926 ut
1051 1868 1188 1925 infra
1237 1865 1584 1923 ostendemus
1609 1860 1797 1936 (Infr.,
1825 1876 1941 1930 cap.
1969 1860 2025 1928 6,

435 1978 534 2023 art.
569 1967 642 2039 l),
677 1965 1010 2022 divinitatem
1044 1961 1199 2032 plane
1218 1955 1594 2014 demonstrat?

509 2060 673 2132 Urget
719 2060 918 2122 adhuc,
951 2067 1166 2127 tamque
1215 2059 1546 2118 constanter,
1575 2062 1736 2120 quam
1775 2060 1902 2101 vere
1927 2043 2025 2100 ad-

435 2166 651 2214 severat
695 2157 971 2212 Christum
1021 2149 1296 2221 discipulis
1343 2147 1478 2214 suis,
1511 2145 1615 2202 etsi
1642 2141 1846 2216 egenis,
1875 2141 2026 2196 infir-

432 2253 558 2314 mis.
586 2258 640 2305 et
695 2247 959 2318 imperitis
1015 2244 1231 2301 dedisse
1279 2242 1466 2296 eadem
1516 2251 1738 2308 prorsus
1771 2233 2024 2290 miracula

435 2344 666 2401 faciendi
691 2351 1012 2415 potestatem
1041 2352 1180 2408 ;qua
1210 2335 1425 2407 quidem
1473 2346 1579 2388 non
1618 2331 1670 2385 in
1695 2328 1882 2384 Judzea
1907 2337 2026 2381 tau-

433 2449 570 2501 tum.
597 2438 692 2493 sed
735 2439 785 2491 in
819 2432 1087 2489 universis
1119 2431 1282 2485 totius
1311 2428 1459 2482 orbis
1490 2434 1649 2481 terra:
1679 2421 1920 2494 partibus
1945 2420 2028 2474 in-

433 2552 656 2594 numera
713 2534 978 2593 fecerunt,
1006 2527 1202 2597 quibus
1253 2522 1447 2581 inﬁniti
1500 2534 1638 2591 pene
1684 2517 1931 2573 homines
1957 2513 2024 2569 ad

434 2630 794 2704 proﬁtendam
827 2626 1181 2682 christianam
1208 2621 1367 2677 ﬁdem
1395 2629 1519 2674 sunt
1547 2613 1766 2670 adducti
1795 2629 1809 2666 :
1839 2629 1858 2662 ‹
1887 2609 2025 2664 Enu-

435 2723 635 2780 merari
666 2722 810 2777 enim
845 2725 1088 2790 possunt,
1128 2735 1147 2768 ι
1181 2713 1352 2784 inquit
1392 2711 1504 2774 ille,
1536 2727 1554 2758 ι
1595 2719 1755 2776 atque
1784 2704 1837 2758 in
1868 2717 2020 2756 usum

434 2799 851 2890 computationis
879 2812 1059 2867 venire
1084 2852 1098 2872 ,
1144 2824 1208 2864 ea
1255 2821 1373 2877 quae
1402 2803 1456 2858 in
1501 2800 1645 2857 India
1676 2807 1825 2870 gesta
1875 2802 2020 2858 sunt,

437 2889 577 2983 apud
605 2911 785 2972 Seras,
815 2908 1010 2962 Persas
1036 2912 1093 2958 et
1117 2900 1319 2966 Medos,
1353 2900 1404 2954 in
1436 2895 1656 2959 Arabia,
1687 2891 1944 2964 Egypto,
1968 2889 2022 2944 in

434 3008 586 3074 Asia,
632 3005 809 3076 Syria,
864 2999 1004 3070 apud
1057 2997 1314 3062 Galatas,
1377 2990 1643 3056 Parthos,
1674 2987 1938 3058 Phrygas,
1962 2984 2022 3076 in

436 3075 1024 3166 AchaiaJhcedonia,
1077 3090 1267 3160 Epiro,
1297 3088 1351 3142 in
1396 3084 1587 3140 insulis
1631 3090 1686 3136 et
1730 3075 2020 3150 provinciis

438 3193 708 3256 omnibus,
759 3204 892 3262 quas
948 3187 1029 3242 sol
1073 3183 1257 3240 oriens
1309 3190 1469 3250 atque
1505 3174 1755 3231 occidens
1805 3171 2018 3235 lustrat,
2050 3174 2096 3237 (ζ
2129 3167 2376 3238 Maxim.,
2435 3171 2570 3224 hom.

437 3293 610 3362 ipsam
640 3288 870 3357 denique
899 3282 1041 3354 apud
1081 3277 1355 3347 dominam
1386 3274 1632 3335 Romam,
1663 3270 1713 3323 in
1742 3281 1868 3338 qua,
1902 3279 2024 3320 cum

437 3357 688 3439 homines
716 3379 824 3434 sint
870 3375 1056 3431 Numa:
1083 3369 1225 3442 regis
1256 3366 1464 3422 artibus
1483 3374 1647 3434 atque
1671 3357 1906 3429 antiquis
1935 3371 2026 3411 su-

435 3474 849 3549 perstitionibus
885 3467 1152 3538 occupati,
1201 3476 1307 3519 non
1355 3459 1679 3515 distulerunt
1719 3463 1896 3508 tamen
1937 3465 2026 3506 res

436 3542 640 3642 patrias
669 3569 934 3638 linquere,
962 3572 1016 3616 et
1041 3557 1255 3615 veritati
1285 3557 1595 3612 coalescere
1621 3545 1930 3604 christiana:
1953 3542 1977 3597 ?
1998 3561 2018 3594 ι

436 3666 673 3740 (Arnob.,
700 3662 788 3717 lib.
821 3677 879 3724 tt,
917 3675 968 3727 p.
993 3654 1107 3729 50).

510 3757 654 3816 Nihil
686 3771 818 3827 ergo
845 3754 1032 3808 insana
1083 3742 1436 3819 quorumdam
1477 3735 1755 3808 gentilium
1801 3729 2023 3789 temeri-

436 3864 547 3911 tate
577 3825 890 3914 absurdius,
919 3846 1009 3917 qni
1043 3843 1158 3898 haec
1188 3837 1446 3896 miracula
1473 3833 1606 3888 falsa
1637 3829 1804 3886 fuisse
1822 3825 2025 3917 garrie-

434 3950 584 4005 bant.
611 3943 754 4001 Fieri
785 3915 949 3997 euimr
977 3953 1082 3992 non
1132 3933 1323 4005 potuit,
1347 3939 1406 3984 ut
1455 3935 1532 3982 tot
1561 3935 1767 3996 gentes,
1798 3929 1906 3975 tam
1937 3915 2024 3972 di-

434 4056 607 4099 versa:
661 4037 908 4093 nationes
957 4047 986 4086 a
1028 4045 1088 4085 se
1133 4027 1359 4082 invicem
1391 4018 1785 4080 remotissimae,
1827 4026 1890 4067 ac
1913 4010 2022 4064 Ro-

439 4136 583 4192 mani
613 4133 738 4203 ipsi,
768 4141 977 4184 summa
1009 4135 1191 4178 rerum
1223 4116 1399 4188 potiti,
1433 4113 1499 4169 ad
1528 4111 1660 4167 falsa
1691 4114 2020 4163 sectatorum

434 4202 646 4286 Christi
672 4222 923 4280 miracula
976 4233 1075 4290 pro
1119 4214 1264 4270 veris
1293 4207 1632 4282 agnoscenda
1678 4202 2024 4272 conspirave-

433 4324 561 4380 rint.
593 4317 730 4388 Quid
772 4316 956 4376 etiam,
985 4308 1127 4381 quod
1176 4304 1443 4361 innumeri
1477 4300 1550 4354 illi
1579 4314 1643 4355 ex
1674 4306 1752 4352 tot
1775 4293 2022 4366 gentibus

431 4417 684 4472 homines
708 4421 816 4463 tam
859 4405 1032 4470 hardi,
1061 4401 1307 4463 hebetes,
1339 4405 1394 4452 et
1431 4393 1606 4448 stolidi
1637 4389 1744 4445 dici
1768 4403 1874 4444 non
1898 4400 2021 4457 pos-

432 4517 555 4564 sunt
584 4527 597 4572 ;
628 4513 686 4559 ut
715 4516 835 4572 quae
862 4513 967 4553 non
1002 4494 1250 4550 viderant
1281 4486 1560 4552 miracula,
1594 4498 1652 4539 se
1680 4481 1882 4536 vidisse
1911 4493 2019 4534 non

433 4601 610 4657 solum
641 4599 921 4668 [iugi-rent,
953 4588 1046 4644 sed
1078 4582 1314 4641 inaudita
1341 4581 1600 4636 hactenus
1633 4573 1847 4630 ﬁctione
1876 4573 2019 4627 ines-
2047 4582 2104 4645 D

435 4695 573 4758 cati,
608 4664 905 4758 repudiatis
949 4691 1158 4752 patrum
1192 4691 1255 4730 ac
1284 4669 1621 4743 p0pularium
1649 4680 1870 4722 suorum
1898 4664 2022 4735 qui-

430 4757 935 4842 buscumfeliciter
965 4773 1148 4827 vivere
1199 4773 1482 4836 poterant,
1527 4757 2020 4830 superstitionibus,

431 4880 736 4936 institutam
767 4887 799 4926 a
826 4869 1042 4924 Christo
1089 4876 1333 4919 severam
1362 4855 1573 4912 vivendi
1602 4855 1887 4913 rationem,
1912 4865 2021 4906 non

429 4975 548 5030 sine
601 4979 753 5025 certo
808 4963 1000 5034 capitis
1061 4956 1303 5031 periculo
1331 4953 1769 5023 amplexarentur
1799 4946 2018 5021 (Ibid.).

435 5069 652 5124 Certum
704 5062 867 5132 igitur
919 5055 1194 5124 ﬁxumque
1222 5063 1344 5105 esse
1385 5048 1548 5103 debet
1599 5045 1719 5100 illos
1747 5041 2020 5098 miraculis

432 5164 708 5219 dumtaxat
738 5149 1118 5224 apertissimis,
1147 5157 1202 5202 et
1223 5146 1341 5201 luce
1374 5143 1487 5215 ipsa
1512 5138 1852 5207 clarioribus,
1881 5151 2020 5209 prte-

430 5257 613 5312 buisse
637 5249 946 5305 adsensum.

503 5346 775 5405 Arnobius
822 5356 984 5414 porro
1008 5341 1195 5396 Roma
1225 5383 1236 5398 ,
1286 5349 1444 5408 quam
1499 5339 1717 5403 propter
1746 5342 2012 5386 summum

431 5459 589 5500 suum
618 5439 903 5510 imperium
955 5435 1214 5488 dominam
1239 5439 1419 5494 vocat,
1447 5427 1724 5482 mentione
1755 5424 1916 5490 facta,
1946 5423 2014 5479 il-

430 5536 523 5594 lud
571 5531 823 5607 proponit
861 5526 1203 5592 miraculum,
1254 5539 1362 5595 quo
1393 5521 1588 5577 Petrus
1639 5519 1916 5591 apostolus
1944 5517 2012 5572 de

428 5634 706 5701 prostrato
730 5623 953 5679 Simone
986 5631 1143 5687 mago
1173 5615 1536 5684 triumphasse
1575 5610 1962 5683 perhibebatur
1992 5625 2008 5662 :

437 5741 456 5775 ι
489 5722 770 5783 Viderant,
798 5734 816 5767 ι
850 5715 924 5768 ait
945 5709 1162 5783 (Ibid.),
1202 5729 1221 5763 ι
1244 5725 1461 5766 currum
1487 5707 1729 5766 Simonis
1759 5705 1928 5776 magi,
1959 5710 2015 5783 et

421 5813 718 5888 quadrigas
759 5779 1145 5879 igneas‘tPetr-i
1185 5817 1282 5864 ore
1315 5788 1606 5868 dit‘ﬂatas,’
1628 5779 2012 5856 et‘riominato

2135 1852 2404 1922 praafecti,
2425 1852 2703 1908 Simonem
2737 1868 2859 1910 sese
2902 1855 3071 1911 Deum
3121 1866 3507 1923 ostentantem,
3541 1860 3730 1914 talem-

2133 1959 2240 2015 que
2269 1945 2669 2014 existimatum,
2701 1948 2990 2005 confestim
3036 1960 3210 2005 morte
3250 1949 3564 2006 affecerunt.
3594 1952 3727 2008 Nam

2131 2057 2253 2098 cum
2281 2041 2468 2100 Simon
2495 2045 2547 2099 in
2568 2061 2749 2101 aerem
2772 2046 3169 2101 dmmoniorum
3194 2047 3445 2103 vehiculo
3469 2047 3722 2114 ferretur,

2131 2138 2360 2210 genibus
2391 2141 2658 2210 provoluti
2699 2141 2844 2197 servi
2901 2141 3118 2196 Dei.....
3160 2143 3526 2199 contentionis
3559 2145 3725 2200 telum

2131 2248 2355 2304 precum
2386 2235 2693 2290 interventu
2745 2234 2799 2288 in
2834 2249 3087 2306 magnum
3129 2236 3384 2306 ejaculati
3413 2246 3562 2302 sunt,
3590 2241 3723 2294 etin

2133 2337 2330 2383 terram
2358 2343 2481 2382 eum
2510 2328 2949 2398 dejecernnt.....
2977 2343 3012 2384 e
3053 2328 3273 2384 sublimi
3314 2344 3440 2386 aere
3467 2330 3626 2387 deum
3654 2331 3725 2387 il-

2129 2420 2241 2475 lum
2275 2421 2514 2476 habitum
2571 2421 2624 2476 in
2676 2429 2875 2477 terram
2907 2419 3226 2492 deiecerunt
3275 2422 3343 2477 ad
3397 2421 3598 2478 inferos
3624 2423 3726 2481 de-

2128 2514 2469 2586 primendum
2510 2534 2530 2567 ι
2580 2514 2828 2586 (Cyrill.,
2873 2513 3082 2571 Cateclt.
3131 2514 3182 2581 6,
3229 2535 3284 2586 p.
3335 2516 3449 2586 54).
3503 2517 3724 2574 Litteris

2127 2622 2342 2678 quoque
2399 2607 2859 2679 consignaverunt
2926 2607 3032 2663 hoc
3099 2607 3337 2675 iactum,
3405 2608 3500 2664 sed
3549 2611 3724 2667 multo

2127 2701 2367 2764 brevius,
2403 2702 2725 2758 Ambrosius
2749 2744 2764 2768 ,
2834 2702 3172 2771 Augustinus
3200 2745 3215 2769 ,
3277 2700 3513 2757 Isidorus
3556 2702 3722 2758 Pelu-

2127 2794 2690 2862 siota,Theodoretus
2745 2807 2796 2850 et
2854 2795 3116 2850 Maximus
3169 2795 3518 2852 Taurinensis
3572 2797 3721 2869 (Am-

2126 2889 2287 2953 bros.,
2334 2891 2423 2946 lib.
2479 2907 2534 2946 tv
2584 2889 2830 2956 ﬂexam,
2873 2906 2988 2960 cap.
3064 2890 3129 2955 8,
3188 2889 3217 2960 §
3273 2891 3380 2957 35,
3435 2908 3553 2963 pag.
3610 2891 3719 2956 78;

2127 2983 2368 3053 Augﬂt"
2413 2982 2449 3036 ι.
2496 2983 2560 3037 de
2603 2982 2831 3046 Μαι-εδ..
2862 3001 2917 3052 ρ.
2947 2981 3021 3046 6;
3054 2981 3274 3047 Isidor.,
3309 2983 3346 3037 ι.
3381 2999 3432 3050 t,
3463 2999 3542 3054 ep.
3587 2999 3679 3038 xm
3701 3026 3717 3049 ,

2127 3095 2181 3148 ρ.
2227 3077 2295 3142 4;
2328 3075 2609 3143 Theodar.,
2651 3077 2690 3131 ι.
2723 3092 2770 3140 ι,
2823 3073 3019 3130 literal.
3064 3075 3254 3148 fabul.,
3298 3091 3348 3130 c.
3387 3092 3442 3141 ι.
3491 3095 3544 3145 ρ.
3582 3076 3718 3142 I98;

2627 3170 2681 3235 5,
2726 3171 2780 3224 in
2825 3167 2989 3223 natal.
3043 3166 3152 3223 SS.
3205 3166 3353 3222 Petri
3399 3177 3446 3222 et
3498 3167 3715 3241 Pauli).

2129 3261 2262 3331 Quis
2288 3274 2468 3320 autem
2516 3262 2797 3320 dubitandi
2824 3261 2979 3316 locus
3031 3276 3153 3316 esse
3210 3269 3422 3332 potest,
3471 3263 3601 3331 quin
3665 3262 3718 3317 hi

2128 3357 2334 3427 aliique
2389 3357 2626 3424 antiqua:
2683 3370 2745 3411 ac
2795 3355 2959 3409 varia:
3026 3355 3199 3409 anatis
3252 3354 3547 3422 scriptores
3599 3371 3721 3424 per-

2129 3464 2349 3505 suasum
2398 3449 2682 3505 habueriut
2711 3463 2899 3503 verum
2945 3462 3068 3503 esse
3117 3447 3256 3502 hanc
3301 3445 3722 3502 historiam?At

2132 3545 2349 3601 tametsi
2380 3544 2430 3599 in
2462 3560 2526 3600 ea
2560 3543 2763 3614 aliquid
2819 3542 2958 3608 falsi,
2989 3542 3076 3598 vel
3129 3543 3172 3596 si
3205 3542 3533 3612 pertinacius
3559 3543 3715 3608 velis,

2131 3638 2268 3694 nihil
2302 3653 2528 3706 prorsus
2557 3639 2670 3694 veri
2701 3649 2847 3693 esset
2881 3654 2895 3701 ;
2931 3653 3036 3691 non
3071 3635 3197 3690 inde
3229 3643 3410 3691 tamen
3435 3637 3718 3692 arnobiani

2131 3732 2434 3804 argumenti
2466 3732 2548 3787 vis
2578 3741 2672 3786 aut
2697 3731 2862 3787 robur
2903 3730 3016 3785 ullo
3059 3729 3216 3798 plane
3259 3728 3419 3783 modo
3445 3730 3719 3786 minuere-

2130 3835 2236 3883 tur.
2268 3824 2591 3881 Christiana:
2647 3823 2911 3895 siquidem
2943 3823 3223 3893 religionis
3254 3823 3455 3876 veritas
3482 3838 3587 3877 non
3615 3822 3720 3876 hoc

2131 3919 2347 3990 quidem
2397 3919 2516 3972 solo
2546 3916 2808 3972 miraculo
2833 3914 2902 3971 ab
2953 3914 3044 3969 illo
3077 3915 3354 3984 probatur,
3387 3913 3482 3970 sed
3507 3929 3576 3969 ex
3597 3915 3719 3970 aliis

2131 4016 2292 4087 plane
2322 4013 2645 4077 innumeris,
2684 4027 2804 4082 qua:
2831 4025 2861 4064 a
2893 4009 3107 4065 Christo
3137 4009 3362 4064 Domino
3383 4009 3609 4080 ejusque
3634 4009 3720 4066 di-

2131 4111 2352 4180 scipulis
2380 4110 2518 4165 facta
2565 4106 2731 4162 fuisse
2778 4121 2961 4168 nemo,
2993 4105 3068 4158 uti
3096 4104 3351 4168 diximus,
3389 4104 3486 4157 nisi
3519 4103 3714 4159 invicta

2131 4219 2355 4277 prorsus
2400 4202 2766 4258 obstinatione
2792 4201 3098 4255 obczecatus
3130 4205 3339 4268 poterat
3369 4195 3616 4252 inﬁciari.
3649 4200 3719 4254 Αι

2130 4315 2197 4356 ex
2221 4298 2288 4353 iis
2307 4297 2558 4354 omnibus
2585 4303 2776 4350 auctor
2800 4301 2986 4348 noster
3004 4299 3148 4345 tanta
3171 4289 3490 4345 certitndine
3516 4303 3714 4360 quanta

2129 4381 2396 4450 evidentia
2447 4387 2725 4446 concludit
2769 4399 2953 4442 veram
2985 4396 3107 4440 esse
3157 4382 3327 4439 solam
3365 4381 3713 4441 christianam

2129 4484 2467 4556 religionem.

2660 4600 2663 4602 ’
2711 4608 3006 4650 anrtcows
3045 4609 3105 4648 ll.

2127 4715 2376 4777 Quomodo
2420 4713 2664 4764 Arnobius
2707 4712 2996 4820 argumenta
3033 4704 3223 4763 diluat,
3265 4706 3442 4768 quibus
3494 4703 3715 4767 gentiles

2187 4781 2348 4820 nnmia
2373 4776 2549 4820 Christi
2585 4775 2772 4820 discinu
2793 4783 3031 4820 orumoue
3059 4769 3166 4820 eius
3202 4768 3433 4818 miracula
3465 4769 3712 4819 inﬁrmare

2187 4781 2350 4830 omnia
2373 4776 2549 4829 Christi
2585 4768 3031 4835 discipulorumque
3059 4769 3166 4832 ejus
3202 4768 3433 4818 miracula
3465 4769 3712 4819 inﬁrmare

2189 4843 2458 4892 tentabant.

2195 4950 2339 5006 Nihil
2367 4956 2455 5004 est
2484 4956 2590 5002 tam
2621 4953 2830 5001 certum
2878 4949 2935 4998 et
2976 4939 3223 5008 evidens,
3270 4938 3414 5010 quod
3461 4938 3710 4995 homines

2114 5043 2403 5118 ingeniosi,
2431 5043 2464 5096 a'
2480 5050 2628 5096 recto
2653 5037 2895 5094 veritatis
2915 5035 3127 5090 tramite
3153 5033 3490 5099 aberrantes,
3505 5035 3715 5089 auidu-

2115 5139 2261 5195 bium
2285 5139 2480 5202 facere,
2512 5143 2607 5190 aut
2626 5133 2936 5197 obscurare,
2953 5139 3045 5185 aut
3072 5143 3271 5200 negare
3295 5127 3546 5200 malignis
3569 5130 3710 5188 arti-

2113 5231 2216 5287 bus
2247 5245 2353 5284 non
2383 5223 2812 5282 nioliantur.Non
2840 5223 3036 5277 mirum
3068 5221 3248 5290 itaque
3272 5221 3316 5274 si
3339 5220 3554 5291 quidam
3586 5232 3712 5291 post

2113 5323 2336 5388 Christi,
2381 5322 2878 5392 discipulorumque
2906 5318 3023 5387 ejus
3080 5323 3332 5380 mortem,
3361 5315 3572 5371 illorum
3601 5317 3706 5370 mi—

2113 5415 2546 5484 racula,tametsi
2569 5428 2751 5470 coram
2781 5409 3001 5466 inﬁnitis
3029 5421 3195 5478 prope
3213 5407 3706 5474 modumethnicis,

2112 5524 2168 5571 et
2198 5515 2248 5569 in
2270 5527 2456 5567 eorum
2478 5511 2706 5581 gratiam
2734 5505 2898 5569 edita,
2916 5505 3190 5560 inlirmare
3209 5516 3273 5558 ac
3303 5517 3496 5572 negare
3524 5510 3706 5556 tenta-

2116 5609 2307 5664 verint.
2344 5605 2729 5662 Verumtamen
2756 5598 2958 5656 ethnici
2991 5596 3165 5665 primo
3207 5593 3465 5650 Ecclesia:
3503 5603 3708 5649 nosuae

2114 5700 2391 5760 nascentis
2423 5710 2668 5771 tempore
2695 5705 2775 5752 tot
2800 5705 3055 5763 tantaque
3077 5689 3356 5754 miracula,
3381 5698 3488 5742 tam
3516 5689 3703 5756 certis,

2112 5811 2272 5870 quam
2288 5792 2585 5852 innumeris
2599 5789 2918 5849 conﬁrmata
2934 5781 3438 5851 testibus,falsitatis
3451 5796 3706 5852 arguere,
