3990 6072
262 118 371 175 409

1514 121 1580 178 ΙΝ
1619 118 2002 190 ARNOBIUM,
2038 117 2191 178 CAP.
2233 119 2320 179 ΙΙΙ.

3443 134 3548 191 M0

261 239 339 292 uti
368 237 444 293 ait
493 235 789 305 Arnobius,
822 252 1113 311 numquam
1156 240 1272 296 ausi
1319 247 1442 296 sunt
1469 239 1714 312 (Arnob.,
1737 241 1775 294 ι.
1809 253 1849 307 ι,
1879 239 1932 300 Λ
2027 236 2201 293 Tanto
2240 237 2504 294 horumce
2541 248 2986 310 argumentorum
3028 241 3271 314 pondere
3301 248 3547 316 oppressi

259 353 318 406 ρ.
349 334 441 400 55,
473 343 522 387 et
549 331 734 404 καφ).

337 427 469 482 Post
496 427 613 482 haec
638 438 840 494 autem,
871 429 1188 486 audaciores
1216 429 1365 497 facti,
1393 429 1717 500 objiciebant
1738 428 1854 485 haec

259 519 377 590 ipsa
437 519 694 575 miracula
736 522 804 576 ah
857 523 1224 592 evangelistis,
1267 524 1494 594 aliisque
1543 524 1853 578 auctoribus

258 615 462 686 scripta
490 613 656 670 fuisse
688 617 1036 684 mendaciter,
1071 629 1163 673 ant
1191 620 1242 674 in
1276 621 1596 674 immensum
1625 635 1852 690 exagge-

263 720 401 764 rata.
434 709 572 777 Quin
605 711 770 766 immo
800 712 973 783 plura,
1009 713 1177 784 inquit
1199 713 1509 781 'Arnobius,
1539 724 1593 769 et
1621 711 1847 779 Christi,

259 814 317 859 et
343 803 727 875 discipulorum
778 805 896 876 ejus
946 806 1203 863 miracula
1235 808 1302 861 ab
1352 807 1417 860 iis
1470 816 1594 861 sunt
1624 809 1848 873 omissa,

259 913 362 954 nec
391 901 571 954 omnia
604 899 800 955 litteris
849 900 1092 956 mandari
1124 909 1430 972 potuerunt.
1464 902 1518 955 Si
1573 916 1694 971 quae
1721 915 1850 955 vero

258 991 380 1045 aliis
409 991 460 1045 in
497 992 736 1061 scriptis,
769 991 819 1046 id
865 1003 967 1055 est,
1003 992 1355 1062 proculdubio
1383 993 1433 1047 in
1475 991 1849 1062 pseudoevan-

256 1081 414 1152 geliis
455 1083 760 1153 posteritati
805 1083 1176 1139 commendata
1207 1085 1471 1154 leguntur,
1500 1084 1613 1138 htec
1642 1083 1846 1138 daemo-

261 1192 390 1231 num
438 1187 530 1230 aut
586 1177 865 1232 hominum
917 1177 1022 1232 illis
1070 1179 1323 1232 similium
1379 1177 1755 1232 malevolentia
1794 1187 1848 1232 et

255 1269 535 1327 fraudibus
580 1270 783 1337 addita,
815 1271 1161 1342 interpolata,
1189 1281 1392 1326 mutata
1423 1270 1846 1339 detruncataque

251 1363 503 1429 fuerunt,
549 1373 626 1430 ut,
658 1364 702 1419 si
756 1363 870 1419 fieri
900 1374 1102 1435 posset,
1157 1374 1264 1419 tam
1299 1363 1632 1419 mirabilium
1665 1371 1847 1433 gesto-

251 1473 372 1512 rum
403 1459 679 1512 elevarent
709 1457 1106 1513 auctoritatem.
1138 1456 1277 1528 Quid
1309 1471 1458 1524 vero,
1493 1455 1636 1527 quod
1661 1456 1843 1527 genti-

250 1549 338 1604 les
365 1548 497 1603 nihil
524 1557 711 1602 contra
742 1562 1021 1603 sacrorum
1064 1549 1388 1618 scriptorum
1434 1557 1738 1602 nostrorum
1781 1545 1843 1600 fi-

1960 333 2191 402 gentiles
2217 347 2283 388 eo
2331 333 2544 389 tandem
2576 333 2800 390 insanire
2829 346 2882 392 et
2935 337 3280 408 impudentize
3310 339 3548 398 devene-

1958 433 2098 489 rant,
2137 434 2192 479 ut
2224 425 2338 480 lucc
2386 426 2645 481 miracula
2690 443 2717 480 a
2746 426 2963 484 Christo
2995 430 3218 501 magicis
3248 431 3456 487 artibus
3483 447 3547 489 ac

1956 516 2243 586 praestigiis
2265 520 2400 572 facta
2424 519 2588 573 fuisse
2617 518 2774 574 nobis
2803 521 3038 591 objicere
3071 539 3177 578 non
3211 525 3496 580 timuerint
3527 544 3542 581 :

1963 625 1982 658 r
2014 608 2196 678 Magus
2238 609 2375 677 fuit,
2415 630 2434 662 ›
2469 626 2654 667 eorum
2695 613 2857 668 verba
2889 625 3014 669 sunt
3057 616 3125 672 ab
3152 617 3391 672 Arnobio
3434 634 3548 674 tne-

1957 713 2164 756 morata
2195 745 2208 767 ,
2253 722 2272 755 ›
2305 705 2657 760 clandestinis
2709 706 2914 762 artibus
2945 711 3122 764 omnia
3155 709 3244 764 illa
3297 709 3542 782 perfecit,

1957 792 2334 866 {Egyptiorum
2384 813 2450 852 ex
2497 797 2672 869 adytis
2723 801 3051 870 Angelorum
3101 805 3400 873 potentium
3447 821 3546 861 no-

1953 889 2118 954 mina,
2151 900 2204 944 et
2233 901 2466 946 remotas
2513 891 2722 946 furatus
2769 904 2852 947 est
2899 893 3210 966 disciplinas
3250 917 3268 949 ι
3302 898 3541 969 (Arnob.,

1951 981 1989 1035 ι.
2020 997 2056 1042 ι,
2083 999 2136 1050 p.
2166 982 2282 1053 25).
2308 983 2412 1038 Sed
2454 983 2568 1039 haec
2597 996 2751 1039 vetus
2777 986 3058 1055 gentilium
3085 988 3414 1057 criminatio,
3443 1005 3545 1047 sa:-

1950 1073 2073 1144 pius
2103 1077 2352 1145 repetita,
2387 1092 2602 1147 semper
2629 1078 2903 1134 confutata
2926 1089 3030 1137 est.
3064 1081 3195 1148 Quis
3219 1085 3362 1139 enim
3387 1082 3542 1156 igno-

1950 1178 2034 1223 rat
2065 1169 2194 1224 illud
2223 1170 2438 1224 Christo
2466 1186 2492 1223 a
2523 1171 2726 1226 Iudaeis
2749 1173 3040 1243 obiectum,
3065 1176 3208 1244 quod
3238 1175 3542 1234 Beelzebub

1950 1262 2166 1316 nomine
2194 1262 2458 1318 dzemonia
2481 1264 2723 1334 ejiceret.
2754 1265 2924 1332 Qtiam
2964 1266 3184 1338 quidem
3214 1268 3541 1325 calumniam

1947 1354 2048 1407 etsi
2078 1354 2322 1410 Christus
2350 1355 2600 1412 dominus
2628 1358 2842 1413 abunde
2887 1360 3220 1416 cunfutasset
3244 1403 3259 1428 ,
3306 1378 3426 1418 eam
3457 1374 3542 1420 ta-

1950 1463 2070 1502 men
2103 1448 2302 1504 ethnici
2353 1459 2539 1520 postea
2585 1463 2770 1507 contra
2829 1456 2945 1522 ejus
2994 1453 3292 1526 discipulos
3320 1458 3541 1514 immani

1949 1558 2173 1612 prorsus
2200 1555 2254 1598 et
2280 1545 2615 1600 intoleranda
2665 1548 2974 1603 temeritate
3019 1548 3274 1605 refricare
3303 1566 3408 1606 non
3441 1551 3540 1608 du-

249 1641 377 1696 dem
410 1640 520 1694 ullo
548 1639 710 1696 modo
737 1640 1093 1709 objiciebant,
1126 1640 1268 1712 quod
1321 1640 1582 1696 adversus
1632 1641 1844 1695 illorum
1877 1646 1923 1705 B
1951 1637 2279 1693 bitaveruut.
2307 1639 2440 1694 Nam
2475 1649 2534 1694 ut
2575 1640 2710 1695 alios
2737 1642 2874 1696 bene
2897 1641 3094 1697 multos
3126 1653 3537 1717 praetereamus,

249 1736 544 1806 scriptorcs
576 1736 686 1806 pari
717 1735 880 1790 immo
913 1735 1107 1805 potiori
1134 1735 1257 1804 jure
1281 1734 1440 1804 ohjici
1481 1748 1588 1788 non
1618 1734 1842 1804 posset?

250 1827 545 1895 Pra-terea,
579 1827 801 1883 veridici
850 1837 1100 1882 auctores
1143 1827 1310 1881 nostri
1340 1835 1491 1880 tanto
1520 1825 1681 1880 animi
1716 1840 1842 1880 can-

247 1921 406 1988 dore,
438 1920 712 1992 tantisque.
741 1920 989 1974 veritatis
1019 1919 1315 1973 luminibus
1345 1919 1601 1972 miracula
1641 1916 1841 1972 Christi

245 2014 586 2086 descripsere
617 2025 668 2070 ut
695 2016 874 2071 nullus
898 2030 997 2071 nec
1017 2015 1254 2078 Judzeus,
1285 2029 1384 2071 nec
1405 2015 1645 2086 gentilis,
1670 2029 1841 2085 quan-

247 2109 500 2166 tumlibet
547 2109 966 2165 christianorum
1000 2109 1252 2165 inimicus
1276 2150 1293 2177 ,
1340 2109 1405 2165 iis
1434 2108 1649 2180 quando
1696 2107 1837 2166 facta

245 2213 396 2271 sunt,
434 2202 694 2274 refragari
725 2218 891 2259 ausus
917 2203 1097 2260 fuerit.

321 2301 394 2354 At
429 2298 626 2367 scripta
679 2311 884 2364 nostra,
919 2298 1236 2369 inquiebant
1264 2297 1486 2364 ethnici,
1521 2298 1674 2352 libris
1695 2297 1840 2352 chri-

247 2390 553 2446 stianorum
578 2391 737 2463 longe
763 2393 1069 2462 antiquiora
1099 2399 1248 2450 sunt.
1277 2405 1340 2445 ac
1366 2389 1598 2460 proinde
1624 2389 1727 2446 fide
1749 2389 1835 2446 di-

243 2484 456 2557 gniora.
486 2484 648 2553 Quasi
698 2501 850 2552 vero,
884 2485 1176 2555 respondet
1203 2485 1501 2551 Arnobius,
1536 2500 1726 2540 omnes
1767 2501 1833 2542 ex

241 2579 578 2649 turpissimis
607 2579 1016 2650 falsissimisque
1066 2578 1290 2633 deorum
1319 2577 1514 2634 fabulis
1537 2594 1641 2633 non
1670 2595 1834 2649 agno-

238 2681 400 2726 scant
419 2687 605 2727 earum
637 2672 1014 2743 antiquitatem
1040 2671 1548 2726 absurdissimorum
1581 2687 1829 2727 errorum

239 2765 706 2822 fcecundissimam
739 2766 905 2821 fuisse
937 2775 1170 2820 matrem
1209 2773 1264 2819 et
1309 2765 1594 2836 originem.
1628 2765 1831 2821 Deinde

239 2875 394 2926 vero,
425 2875 546 2915 cum
577 2861 944 2916 recentiorum
989 2870 1231 2916 actorum
1265 2860 1475 2916 facilius
1503 2876 1664 2930 quam
1691 2861 1829 2916 anti-

236 2953 512 3024 quiorum,
548 2953 756 3008 falsitas
778 2952 1238 3026 deprehendatur,
1263 2961 1428 3009 tantae
1475 2952 1717 3024 profecto
1747 2963 1830 3010 te-

1949 1732 2155 1804 Cplsns,
2199 1742 2334 1789 teste
2377 1733 2631 1805 Origene,
2669 1754 2687 1788 ‹
2727 1736 3070 1792 Servatorem
3115 1747 3353 1804 accusat,
3384 1741 3538 1811 quasi

1951 1826 2171 1896 magicis
2201 1828 2405 1882 artibus
2431 1829 2689 1883 miracula
2715 1829 2902 1884 fecerit
2930 1849 2949 1882 ι
2979 1829 3248 1903 (0rigen.,
3275 1833 3312 1886 Ι.
3339 1849 3374 1898 l,
3399 1846 3537 1890 cont.

1948 1917 2106 1985 σεῖε..
2148 1939 2200 1991 p.
2229 1921 2304 1992 7).
2333 1921 2618 1979 Carriebat
2669 1923 2960 1992 siquidem,
3008 1933 3066 1978 ut
3096 1925 3236 1979 idem
3280 1925 3538 1998 Origenes

1946 2023 2132 2084 postea
2160 2014 2497 2082 testiﬁcatur,
2527 2035 2545 2066 ί
2576 2031 2697 2070 cum
2723 2015 2861 2071 clam
2885 2015 3168 2083 educatur,
3191 2028 3246 2073 et
3277 2019 3328 2074 in
3357 2019 3532 2093 IEgy-

1947 2117 2038 2177 pto
2078 2111 2331 2165 mercede
2363 2110 2703 2178 famulatum,
2729 2111 2960 2180 peritqu
2994 2111 3112 2180 ejus
3141 2113 3314 2182 gentis
3340 2115 3534 2172 artium

1943 2202 2068 2257 inde
2112 2219 2431 2268 reversum.
2463 2205 2657 2276 quibus
2699 2206 2886 2272 fretus,
2941 2221 3038 2276 pro
3085 2207 3194 2262 Deo
3244 2223 3304 2263 se
3349 2207 3535 2268 haberi

1941 2311 2132 2368 passus
2161 2299 2226 2352 sit
2267 2317 2286 2350 ›
2329 2297 2518 2369 (Ibid.,
2546 2317 2600 2369 p.
2633 2298 2750 2370 ΞΟ).
2783 2297 2988 2354 Dehinc
3027 2299 3180 2371 fingit
3230 2301 3426 2372 impius
3453 2303 3536 2360 vir

1940 2403 2001 2444 se
2044 2390 2270 2446 credere
2317 2407 2505 2446 revera
2537 2392 2676 2448 facta
2724 2392 2888 2448 fuisse
2917 2411 2944 2446 a
2975 2392 3215 2461 Christo,
3245 2412 3363 2466 quae
3388 2397 3534 2455 dice.

1940 2481 2161 2550 bantur,
2197 2486 2476 2552 miracula,
2509 2487 2602 2542 sed
2645 2486 2761 2542 hzcc
2788 2488 3095 2542 communia
3155 2487 3283 2544 facit
3307 2493 3436 2570 πρὸς
3465 2496 3534 2550 τά

1939 2578 2063 2656 ἔργα
2091 2588 2190 2636 τῶν
2244 2591 2458 2656 νοητῶν,
2512 2584 2579 2643 ὡς
2637 2583 3065 2654 ὑπισχνουμένων
3113 2586 3531 2660 θαυμασιώτερα,

1936 2676 2022 2727 καὶ
2051 2677 2180 2752 πρὸς
2204 2680 2270 2733 τὰ
2310 2676 2412 2731 ὑπὸ
2449 2684 2548 2732 τῶν
2577 2678 2834 2748 μαθόντων
2875 2677 2977 2731 ὑπὸ
3006 2681 3292 2752 Αἰγυπτίων
3331 2679 3471 2735 ἔπιτε
3503 2679 3528 2734 ὁ

1935 2766 2154 2838 λούμενοι
2183 2770 2234 2822 ἐν
2262 2770 2448 2840 μέσαις
2476 2771 2708 2846 ἀγοραῖς.
2740 2766 2874 2821 Cum
2924 2769 3374 2838 pra-stigiatorum
3399 2783 3528 2840 ope-

1935 2863 2102 2922 ribus.
2136 2863 2227 2932 qui
2278 2864 2604 2918 mirabiliora
2648 2863 2992 2934 pollicentur,
3024 2873 3078 2918 et
3115 2879 3237 2918 cum
3284 2867 3525 2921 circula-

1931 2961 2109 3009 torum
2137 2954 2294 3010 factis
2319 2959 2370 3012 in
2400 2957 2578 3012 medio
2601 2955 2717 3014 foro
2748 2958 3023 3027 praestitis,
3048 2958 3138 3030 qui
3163 2959 3232 3014 ab
3252 2958 3527 3033 Egyptiis

234 3048 504 3102 meritatis
545 3047 841 3118 scriptores
888 3047 1057 3102 nostri
1103 3061 1224 3101 esse
1277 3060 1382 3100 non
1413 3056 1722 3116 potuerunt,
1770 3055 1828 3101 ut
1856 3051 1900 3111 (ἶ
1932 3060 1992 3102 ea
2026 3047 2330 3103 didicerunt
2357 3048 2540 3117 (Ibid.,
2573 3068 2624 3121 p.
2657 3049 2772 3122 55).

232 3139 478 3195 recentia
526 3139 808 3206 miracula,
859 3147 915 3194 et
962 3138 1225 3194 hactenus
1257 3139 1512 3203 inaudita,
1553 3147 1826 3210 tamquam

233 3232 518 3288 verissima
558 3231 915 3303 praedicarent
942 3274 957 3298 ,
987 3248 1214 3303 quorum
1261 3233 1544 3287 falsitatem
1583 3247 1648 3286 eo
1669 3231 1826 3288 citius

230 3327 461 3400 gentiles
504 3328 903 3398 cognovissent,
936 3342 1044 3396 quo
1087 3329 1258 3397 magis
1305 3342 1410 3381 non
1459 3325 1632 3380 solum
1661 3342 1820 3392 nova,

229 3418 558 3490 insuetaque
600 3428 777 3482 erant,
809 3418 903 3474 sed
937 3417 1000 3473 iis
1040 3419 1203 3474 etiam
1244 3417 1371 3473 falsa
1396 3418 1608 3472 illorum
1637 3419 1822 3490 religio

230 3511 472 3568 funditus
500 3512 866 3568 evertebatur.
901 3511 1052 3568 Tunc
1090 3522 1267 3567 tamen
1299 3527 1363 3568 ea
1393 3522 1533 3578 acta,
1562 3523 1652 3567 aut
1680 3515 1819 3570 scri-

230 3617 322 3678 pta
365 3621 490 3662 cum
539 3608 770 3678 primum
825 3605 1097 3672 viderunt,
1127 3605 1412 3677 quantavis
1462 3606 1820 3662 admiratione

230 3702 615 3772 obstupefacti,
669 3701 802 3758 nihil
850 3710 1060 3768 contra,
1112 3702 1212 3756 nisi
1262 3701 1402 3756 forte
1431 3711 1671 3756 amentes
1697 3702 1819 3772 qui-

224 3797 350 3853 dam
377 3799 577 3852 mutire
602 3797 716 3852 ausi
745 3807 886 3853 sunt.

297 3891 581 3963 Urgebant
622 3891 798 3948 adhuc
849 3893 1049 3947 ethnici
1079 3893 1278 3963 scripta
1308 3893 1724 3950 christianorum
1750 3897 1817 3951 ab

222 3985 460 4043 indoctis
511 3996 564 4040 et
606 3986 871 4058 imperitis
923 3986 1231 4042 hominibus
1279 3987 1519 4056 profecta
1572 3988 1819 4044 soltecis-

221 4081 328 4136 mis
354 4091 584 4145 scatere,
611 4095 674 4135 ac
701 4080 891 4134 vitiosa
916 4079 1190 4135 locutione
1222 4079 1408 4135 foedari
1441 4079 1632 4150 (Idem.
1668 4099 1720 4151 p.
1746 4083 1814 4138 δι

224 4185 273 4230 et
303 4175 494 4245 seqq).
525 4174 641 4229 Non
675 4175 829 4230 facile
858 4175 1017 4245 igitur
1047 4173 1210 4229 fidem
1235 4174 1300 4227 iis
1339 4174 1814 4244 habendam.Quid

223 4280 385 4337 ergo,
424 4266 499 4320 ait
531 4266 842 4320 Arnobius?
875 4266 1130 4336 nmnqnid
1163 4267 1362 4320 veritas
1412 4267 1652 4336 quolibet
1695 4283 1813 4324 ser-

223 4376 408 4427 mone,
441 4360 602 4416 etiam
647 4361 818 4432 magis
848 4361 1097 4426 barbaro,
1131 4360 1401 4416 enuntiari
1448 4376 1552 4416 non
1587 4365 1810 4431 potest?

2005 3139 2109 3196 Sed
2139 3141 2647 3210 impudentissimam
2677 3144 2997 3200 calumniam
3028 3156 3132 3201 tam
3167 3147 3323 3203 facile
3345 3150 3521 3206 Arno-

1928 3233 2078 3301 bius,
2126 3252 2284 3304 quam
2332 3237 2632 3307 Origenes,
2682 3237 2838 3293 diluit
2887 3241 3207 3311 penitusque
3253 3241 3519 3299 dissolvit.

1929 3329 2163 3384 Primum
2191 3331 2333 3385 enim
2368 3331 2461 3386 ille
2491 3334 2784 3402 respondet
2824 3333 3027 3387 nullmu
3064 3349 3278 3404 magum
3321 3335 3523 3408 aliquid

1928 3438 2180 3493 umquam
2225 3425 2305 3478 vel
2341 3425 2627 3479 millesima
2677 3435 2832 3495 parte
2876 3425 3102 3490 fecisse.
3150 3427 3294 3498 quod
3321 3427 3521 3486 Christi

1927 3516 2198 3570 miraculis
2223 3519 2506 3572 consimile
2536 3519 2626 3572 sit.
2651 3516 2900 3572 Christus
2925 3520 3206 3574 enimvero
3236 3521 3353 3576 sine
3379 3522 3482 3576 ulla
3501 3565 3516 3588 ,

1924 3606 2097 3678 inquit
2122 3619 2310 3663 auctor
2338 3619 2523 3664 noster
2554 3609 2794 3681 (Arnob.,
2825 3611 2913 3663 lib.
2939 3627 2978 3676 ι,
3013 3629 3133 3682 pag.
3165 3610 3280 3680 25),
3333 3613 3381 3667 vi
3403 3628 3520 3669 car-

1924 3701 2149 3766 minum,
2182 3713 2272 3756 aut
2302 3701 2589 3757 herbarum
2619 3712 2675 3757 et
2697 3705 3004 3773 graminum
3032 3707 3241 3773 succis,
3274 3707 3390 3764 sine
3413 3709 3516 3765 ulla

1921 3807 2198 3849 sacromm
2248 3795 2563 3849 libaminum
2611 3810 2674 3850 ac
2734 3806 3039 3866 temporum
3100 3802 3512 3868 observatione,

1919 3889 2037 3943 sine
2065 3891 2185 3944 ullis
2215 3891 2374 3960 plane
2401 3891 2639 3953 artibus,
2682 3908 2803 3960 qua:
2830 3908 3120 3962 numquam
3153 3910 3258 3947 non
3290 3912 3319 3950 a
3351 3895 3516 3965 Magis

1918 3982 2329 4048 adhibebantur,
2365 3985 2459 4039 sed
2488 3985 2602 4038 sola
2635 3986 2870 4040 nominis
2917 3987 3000 4040 sui
3049 3997 3312 4056 potestate
3343 3999 3397 4043 et
3428 3989 3511 4043 itt-

1919 4077 2231 4142 vocatione,
2282 4079 2363 4130 vel
2410 4078 2509 4132 levi
2560 4087 2702 4132 tactu
2755 4078 3018 4134 miracula
3076 4079 3264 4136 edidit.
3309 4081 3510 4139 Eadem

1917 4185 2132 4240 quoque
2161 4171 2518 4239 responsione
2548 4169 2810 4240 Origenes
2836 4171 3157 4242 stupendam
3180 4171 3324 4228 Celsi
3349 4175 3512 4230 auda-

1916 4265 2054 4319 ciam
2087 4266 2395 4336 comprimit
2427 4265 2730 4336 frangitque
2775 4286 2787 4321 :
2824 4286 2842 4318 r
2888 4267 3036 4322 Licet
3079 4268 3180 4321 hoc
3219 4284 3508 4340 argumen-

1915 4366 2061 4424 tum,
2100 4377 2118 4409 ι
2157 4359 2432 4429 inquiebat
2482 4359 2572 4414 ille
2623 4358 2836 4431 (0rig.,
2893 4360 2982 4415 lib.
3037 4377 3075 4416 l.
3133 4373 3293 4418 contr.
3338 4363 3506 4432 Cels.,

219 4451 425 4508 Contra
455 4461 602 4508 certe
629 4467 696 4508 eo
727 4454 898 4523 magis
936 4452 1070 4507 fides
1098 4453 1452 4522 scriptoribus
1486 4455 1684 4510 nostris
1712 4456 1804 4510 tri-
1835 4457 1890 4516 D
1916 4467 2035 4521 pag.
2063 4452 2093 4505 7
2125 4449 2168 4520 ),
2209 4470 2226 4502 ‹
2261 4450 2328 4506 de
2375 4451 2558 4515 modo,
2585 4466 2694 4522 quo
2718 4451 2874 4507 Jesus
2899 4453 3012 4506 haec
3043 4453 3227 4508 fecerit
3247 4495 3260 4516 .
3297 4455 3504 4510 insnlu-

219 4545 435 4603 buenda
464 4554 566 4611 est,
596 4561 705 4618 quo
754 4547 924 4619 magis
971 4546 1004 4600 ii
1034 4561 1288 4602 sermone
1318 4546 1576 4616 simplici,
1599 4556 1654 4603 et
1681 4549 1810 4603 abs-

216 4654 326 4710 que
353 4637 463 4692 ullo
479 4639 768 4695 verborum
795 4637 921 4696 fuco
950 4650 1004 4695 ct
1032 4642 1302 4696 lenocinio
1325 4641 1486 4697 locuti
1515 4641 1813 4696 sunt.Nul-

219 4731 334 4787 lum
369 4731 570 4802 quippe
608 4732 868 4788 orationis
924 4745 1332 4799 ornamentum,
1384 4735 1586 4790 nullum
1639 4735 1809 4789 artifi-

214 4826 360 4880 cium
389 4826 586 4880 veritas
632 4825 907 4881 desiderat
936 4825 1123 4893 (Ibid.,
1158 4847 1209 4898 p.
1240 4827 1370 4900 55).
1409 4827 1652 4898 Denique
1691 4843 1806 4882 ser-

213 4920 395 4975 monis
429 4929 746 4975 ornamenta
773 4960 788 4985 ,
819 4921 1158 4990 suspicantes,
1191 4921 1263 4974 uti
1286 4921 1361 4974 ait
1391 4921 1680 4984 Arnobius,
1706 4920 1804 4973 ad-

205 5016 440 5084 juvant;
493 5013 542 5068 id
591 5025 694 5078 est,
743 5030 951 5081 eorum,
985 5016 1074 5086 qui
1122 5016 1192 5071 de
1239 5017 1412 5086 aliqua
1446 5033 1506 5070 re
1535 5016 1803 5081 dubitant,

213 5120 418 5178 augent
463 5118 520 5162 ct
566 5108 979 5174 dubitationem,
1038 5120 1094 5165 et
1142 5109 1806 5179 su5picionem.Timendi

212 5204 363 5259 enim
394 5213 518 5257 tunc
570 5203 718 5256 locus
746 5213 850 5268 est,
879 5219 947 5259 ne
972 5206 1173 5259 veritas
1220 5204 1302 5259 his
1333 5206 1684 5266 ornamentis.
1719 5214 1805 5259 at-

207 5311 322 5368 que
365 5296 624 5350 orationis
670 5297 945 5366 leporibus
974 5298 1163 5352 obruta
1195 5298 1428 5367 penitus,
1471 5307 1560 5351 aut
1590 5298 1804 5368 repulsa

205 5391 308 5452 sit,
336 5398 389 5442 et
434 5391 485 5442 in
523 5390 641 5454 cjtts
669 5389 845 5444 locum
881 5390 1089 5444 falsitas
1119 5391 1495 5446 substituatnr.
1529 5392 1684 5446 Plura
1711 5407 1803 5445 au-

207 5493 327 5536 tem
357 5479 457 5543 his,
490 5497 608 5550 quzc
635 5481 776 5535 dicta
809 5492 955 5548 sunt,
984 5495 1038 5538 et
1062 5485 1239 5539 adhuc
1273 5486 1520 5539 dicentur
1545 5486 1700 5555 plane
1725 5485 1802 5538 si-

209 5572 367 5627 milia
419 5570 730 5628 Lactantius
763 5574 1001 5642 tradidit,
1060 5577 1137 5630 uti
1187 5594 1285 5632 suo
1334 5579 1456 5636 loco
1499 5577 1800 5633 videbimus

205 5667 458 5740 (Dissrrl.
491 5669 544 5735 5,
573 5669 623 5722 in
654 5667 915 5738 Lactant.,
943 5688 988 5726 c.
1020 5669 1074 5739 9,
1108 5680 1207 5726 art.
1249 5671 1327 5743 5).

1911 4542 2018 4598 bile
2046 4544 2320 4609 videatur;
2349 4554 2560 4600 constat
2591 4555 2767 4601 tamen
2800 4545 3125 4603 christianos
3173 4549 3314 4603 nulla
3348 4565 3504 4604 exer-

1913 4652 2037 4693 cere
2067 4639 2497 4705 incantamenta,
2543 4639 2670 4694 Jesu
2703 4641 2985 4695 dumtaxat
3026 4643 3241 4697 nomine
3280 4653 3504 4699 conten-

1913 4741 2030 4798 tos,
2064 4738 2118 4785 et
2157 4731 2315 4786 dictis
2344 4733 2466 4784 aliis
2487 4773 2501 4795 ,
2551 4731 2747 4801 quibus
2793 4732 3088 4787 secundum
3117 4748 3321 4787 sacram
3353 4735 3500 4791 Scri-

1911 4834 2122 4892 pturam
2157 4825 2290 4879 fides
2321 4825 2662 4881 adhibeatur.
2697 4844 2716 4878 ›
2752 4824 3018 4906 Α”ντικρυς
3047 4829 3096 4880 θέ
3123 4821 3214 4898 κᾷν
3240 4825 3360 4902 δοκῇ
3390 4831 3502 4884 ἀνέ-

1906 4918 2107 4992 λεγκτον
2155 4916 2279 4976 εἶναι
2321 4923 2379 4976 τὸ
2420 4924 2649 4993 περὶτοῦ
2695 4919 2884 4983 Ἰησοῦ,
2930 4927 3038 4980 πῶς
3075 4924 3241 4975 ταῦτα
3268 4923 3497 4987 ἐποίησε,

1909 5013 2066 5079 σαφὲς
2093 5008 2170 5065 ὅτι
2199 5016 2496 5088 χριστιανοὶ
2546 5011 2756 5085 οὐδεμιᾷ
2797 5012 2975 5086 μελέτῃ
3003 5009 3209 5082 ἐπῳδῶν
3239 5016 3498 5090 χρώμενοι

1906 5103 2304 5178 ἐντυγχάνουσι.

1983 5199 2189 5255 Deinde
2228 5216 2356 5256 vero
2407 5210 2554 5255 tanta
2595 5199 2845 5254 Christus
2893 5199 3149 5254 miracula
3201 5202 3494 5272 patrando,

1906 5293 1979 5348 ait
2017 5294 2288 5349 Arnobius
2308 5337 2320 5359 ,
2355 5295 2486 5348 nihil
2517 5293 2825 5347 hominibus
2856 5292 2956 5346 nisi
2989 5292 3116 5347 felix
3143 5303 3196 5346 et
3226 5295 3456 5351 faustum
3477 5342 3492 5363 ,

1909 5388 2036 5442 utile
2067 5402 2288 5456 prorsus
2333 5397 2387 5441 et
2435 5387 2666 5440 Salutare
2697 5385 2942 5440 contulit.
2976 5384 3177 5441 Contra
3203 5404 3332 5440 vero
3363 5389 3497 5458 Magi

1906 5480 1970 5534 iis
1997 5478 2138 5543 suis,
2189 5495 2308 5546 quze
2341 5479 2688 5549 putabantur,
2726 5480 2999 5534 miraculis
3049 5481 3182 5534 nihil
3238 5479 3340 5532 nisi
3392 5481 3498 5535 illi-

1901 5576 2064 5630 citum
2087 5613 2102 5638 ,
2139 5573 2348 5636 infelix,
2375 5575 2629 5637 noxium,
2657 5575 3018 5643 perniciosum
3043 5615 3058 5638 ,
3084 5572 3506 5644 hominibusque

1898 5677 1953 5726 et
1981 5665 2175 5725 belluis
2201 5664 2426 5724 exitiale
2449 5666 2839 5736 prmstiterunt.
2873 5670 2932 5727 Si
2965 5663 3098 5735 quid
3131 5674 3320 5722 autem
3371 5666 3512 5721 utili-
