3990 6072
448 236 551 299 411

1644 225 2094 299 υιεεειίτωθ
2132 227 2412 303 subita

3628 252 3734 308 412

448 350 577 409 istis
615 349 924 409 viderentur
963 351 1194 421 aliene,
1243 353 1345 409 ttae
1381 360 1493 411 non
1529 354 1727 412 accidit
1775 355 2022 426 illorum,

2162 376 2255 424 ὀυς
2274 365 2547 430 τοσούτοις
2572 362 2825 429 κινδύνοις
2846 365 3065 430 ἑαυτοὺς
3092 367 3537 442 παραϐεϐληκέναι
3564 366 3733 444 (εἰσά-

450 445 547 502 sed
574 446 833 515 aliorum,
862 446 916 503 id
946 454 1060 515 est,
1092 447 1434 516 daemonum,
1480 463 1511 505 α
1559 465 1618 506 se
1662 449 2035 507 invocatorum

450 544 756 610 potestate:
788 535 921 605 Qtiis
949 538 1052 593 hoc
1084 540 1317 608 nesciat,
1354 550 1375 594 δ
1407 541 1633 598 Arhobii
1671 542 1835 598 verba
1883 552 2038 609 sunt,

454 647 477 683 ι
506 638 600 686 aut
627 631 960 687 mortiferam
990 632 1314 702 immittere,
1344 635 1540 705 quibus
1572 636 1810 705 libuerit,
1838 637 2039 705 tabem,

448 735 545 780 aut
589 724 934 780 familiarium
981 726 1319 797 disrumpere
1345 726 1702 794 charitates,.
1870 739 1962 785 aut
1989 731 2043 786 in

450 812 735 873 curriculis
762 831 932 887 equos
979 818 1291 887 debilitare,
1344 821 1612 889 incitare,
1661 822 1907 891 tardare,
1951 832 2045 878 aut

448 908 709 964 uxoribus
732 918 784 964 et
817 908 1003 966 liberis
1031 910 1252 975 alienis,
1283 911 1396 968 sive
1424 912 1502 968 illi
1531 924 1710 970 mares
1741 915 1876 982 sint,
1928 918 2045 972 sive

446 1003 664 1060 feminei
689 1005 904 1073 generis
924 1045 940 1071 ,
971 1005 1273 1061 inconcessi
1315 1009 1515 1063 ameris
1546 1008 1794 1065 ﬂammas
1815 1051 1830 1075 ,
1875 1014 1930 1065 et
1962 1009 2045 1065 fu-

448 1098 609 1155 riales
654 1097 948 1155 immittere
994 1100 1319 1170 cupiditates
1370 1119 1383 1155 ε
1433 1106 1526 1157 aut
1576 1104 1618 1158 si
1670 1105 1799 1159 utile
1846 1104 2045 1175 aliquid

447 1191 736 1248 videantur
763 1192 966 1249 audere
987 1235 1001 1259 ,
1033 1205 1141 1249 non
1175 1195 1391 1265 prOpria
1423 1197 1473 1250 vi
1506 1210 1666 1267 posse
1688 1240 1702 1263 ,
1735 1198 1829 1254 sed
1859 1214 2046 1253 eorum

447 1294 584 1357 quos
613 1285 867 1343 iuvabant
915 1294 1183 1355 potestate
1215 1306 1234 1339 ι
1281 1287 1534 1360 (Arnob.,
1569 1288 1658 1343 lib.
1688 1304 1742 1356 ι,
1777 1307 1898 1361 pag.
1924 1290 2045 1361 9.5).

520 1392 586 1451 Et
636 1390 753 1451 haec
797 1395 1014 1467 quidem
1062 1398 1258 1452 mirum
1308 1399 1552 1469 profecto
1598 1400 1650 1454 in
1702 1400 1921 1456 modum
1964 1390 2049 1459 his

449 1480 625 1544 adhuc
646 1488 1035 1545 continuantur
1050 1489 1302 1562 Origenis
1326 1492 1590 1549 adversus
1601 1492 1819 1551 Celsum
1839 1494 2048 1554 verbis:

447 1584 524 1638 Τὰ
566 1584 657 1655 μέν
708 1590 810 1639 τῶν
864 1584 1214 1657 ἂντιχρίστων
1235 1627 1249 1651 ,
1300 1589 1385 1642 καὶ
1442 1594 1542 1644 τῶν
1598 1594 2052 1667 προσποιουμένων

449 1673 710 1748 δυνάμεις,
741 1672 810 1738 ὦς
840 1674 1073 1751 μαθήτῶν
1109 1677 1293 1745 Ἰησοῦ,
1335 1690 1546 1753 σημεῖα,
1576 1684 1663 1737 καὶ
1690 1684 1880 1759 τέρατα
1922 1684 2055 1759 λέγε-

447 1789 535 1825 ται
564 1763 690 1823 εἶναι
735 1764 899 1843 ψεύδη
921 1811 934 1834 ,
980 1771 1029 1825 ἐν
1056 1770 1199 1844 πάσῃ
1230 1772 1401 1845 ἀπάτῃ
1442 1770 1641 1836 ἀδικίας
1690 1782 1797 1838 τοῖς
1836 1776 2055 1831 ἀπολλυ-

450 1862 619 1932 μένοις·
647 1863 929 1933 ισχύοντα.
976 1863 1041 1921 τὰ
1065 1861 1120 1919 δὲ
1147 1869 1240 1920 τοῦ
1281 1870 1508 1941 Χριστοῦ
1537 1870 1624 1921 καί
1671 1875 1772 1924 τῶν
1820 1872 2054 1942 μαθητῶν

449 1955 611 2011 αὐτοῦ
631 1959 827 2035 καρπὸν
851 1954 1031 2028 ἴσχεν,
1058 1960 1148 2012 οὐκ
1169 1960 1389 2023 ἀπάτην,
1416 1960 1540 2016 ἀλλὰ
1562 1965 1819 2035 σωτηρίαν
1840 1962 1912 2037 tim
1917 1972 2052 2038 χῶν.

447 2049 528 2111 τίς
556 2050 656 2125 γὰρ
705 2052 792 2106 τὸν
838 2056 1105 2127 κρείττονα
1151 2053 1280 2125 βίον,
1333 2056 1419 2109 καὶ
1467 2056 1808 2113 συστέλλοντα
1852 2060 1919 2114 τὰ
1962 2066 2056 2122 τῆς

449 2146 632 2204 κακίας·
680 2140 930 2220 ὁσημέραι
972 2138 1057 2201 ἐπὶ
1106 2146 1164 2202 τὸ
1217 2144 1449 2212 ἔλαττον,
1499 2148 1716 2224 εὐλόγως
1764 2153 1909 2222 φησίν
1951 2153 2053 2207 ἀπὸ

450 2234 654 2300 ἀπάτης
680 2239 939 2312 γίνεσθαις
972 2237 1436 2300 Antichristorum.
1470 2250 1515 2296 et
1553 2242 1623 2295 ad
1666 2243 2053 2299 similitudinem

450 2327 578 2383 Jesu
606 2330 977 2400 discipulorum
1018 2332 1261 2387 uirtutem
1307 2349 1452 2387 suam
1494 2350 1729 2390 exercere
1761 2339 2055 2391 conantium

451 2421 704 2476 miracula
731 2424 1066 2497 prodigiaque
1095 2424 1433 2496 appellantur
1461 2427 1758 2494 mendacia,
1797 2430 1936 2483 omni
1963 2429 2052 2483 de-

452 2515 688 2587 ceptione
715 2516 1013 2589 injustitite,
1048 2516 1117 2573 ad
1170 2519 1455 2589 perdendos
1510 2518 1741 2577 homines
1791 2521 2047 2592 efﬁcacia.

454 2610 829 2667 Miraculorum
856 2622 1029 2667 autem
1049 2608 1239 2669 Christi
1267 2613 1483 2683 ejusque
1508 2614 1877 2685 discipulorum
1906 2619 2050 2688 {ruc-

452 2713 534 2760 tus
561 2713 706 2772 erat,
754 2722 857 2761 non
912 2706 1175 2774 deceptio,
1228 2707 1320 2762 sed
1369 2709 1510 2763 salus
1556 2710 1863 2766 animarum.
1924 2710 2053 2779 Quis

451 2800 586 2856 enim
613 2799 946 2871 probabiliter
999 2801 1186 2857 diceret
1236 2802 1642 2858 emendationem
1685 2805 1831 2871 vitta,
1883 2807 2051 2875 quoti-

452 2894 733 2965 dianosque
772 2912 803 2949 a
840 2896 976 2950 vitiis
1014 2896 1083 2951 ad
1127 2897 1365 2952 virtutem
1405 2902 1696 2971 profectus,
1747 2899 1889 2954 nasci
1912 2914 1939 2954 e
1964 2899 2053 2954 de—

453 2988 809 3059 ceptionibus?
838 2988 1026 3064 (Orig.
1048 3032 1064 3057 ,
1113 2988 1202 3045 lib.
1244 3005 1304 3055 ll,
1348 3006 1469 3062 pag.
1498 2990 1609 3063 90).
1642 2990 1879 3062 Longius
1910 2992 2052 3048 i'oret

452 3089 624 3137 totum
649 3081 793 3138 hunc
821 3080 1069 3154 Origenis
1113 3080 1291 3138 locum
1335 3081 1648 3139 describere
1676 3101 1689 3138 :
1725 3083 1820 3139 sed
1850 3099 1971 3139 eum
2004 3083 2052 3139 si

454 3174 720 3246 integrum
762 3177 947 3247 legere
976 3176 1246 3244 volueris,
1300 3174 1549 3232 lectionis
1600 3186 1653 3233 te
1697 3175 2051 3248 proculdubio

456 3280 563 3321 non
587 3265 813 3337 pigebit.

529 3380 716 3437 Tertio
764 3380 1013 3437 Christus
1071 3390 1150 3437 tot
1204 3381 1499 3447 miracula,
1555 3383 1731 3455 pergit
1782 3381 2052 3439 Arnobius

455 3475 705 3552 (Arnob.,
749 3477 836 3532 lib.
867 3492 905 3543 ι,
935 3493 1058 3549 pag.
1089 3473 1207 3548 27),
1243 3492 1347 3531 non
1398 3492 1533 3531 vana
1580 3476 1765 3549 utique
1816 3487 2054 3533 ostenta-

457 3570 606 3624 tione
632 3568 839 3636 edidit,
868 3567 963 3624 sed
986 3577 1041 3623 ut
1061 3584 1285 3640 Operam
1311 3568 1640 3639 benignitate
1667 3568 1860 3636 duros,
1893 3578 2052 3642 atque

457 3648 767 3716 incredulos
800 3658 1048 3716 homines
1097 3659 1165 3715 ad
1210 3676 1389 3716 veram
1444 3660 1535 3715 Dei
1588 3661 1947 3731 cognitionem
2001 3670 2073 3718 et.

456 3752 657 3810 cultum
687 3752 1018 3808 adduceret:
1051 3754 1190 3826 magi
1221 3769 1384 3822 vero,
1429 3763 1488 3808 ut
1516 3753 1586 3808 ab
1621 3752 1721 3809 hac
1748 3754 2056 3825 cognitione

456 3856 512 3903 et
540 3847 686 3903 cuitu
713 3863 971 3913 aversos,
1004 3846 1071 3903 ad
1099 3848 1360 3904 nefariam
1394 3846 1650 3904 falsorum
1697 3848 1923 3904 deorum
1963 3864 2057 3905 ve-

457 3939 797 3995 nerationem
825 3938 1182 4003 inducerent,
1216 3950 1309 3994 aut
1339 3939 1591 3995 inductos
1620 3951 1880 4012 cogerent
1908 3941 1961 3995 in
1993 3957 2055 3996 ea

457 4046 674 4104 semper
700 4048 1071 4103 perseverare.
1110 4031 1349 4103 Denique
1379 4040 1581 4087 tantum
1611 4032 1798 4097 abest,
1826 4043 1883 4087 ut
1903 4032 2057 4089 Chri-

457 4137 572 4184 stus
619 4124 823 4190 aliquid
874 4126 980 4181 ulla
1028 4135 1144 4181 arte
1191 4126 1399 4197 magica
1450 4125 1638 4180 fecerit
1666 4125 1895 4196 (lbid.);
1927 4126 2055 4197 quin

459 4219 641 4291 potius
660 4218 807 4274 illam
832 4233 1049 4274 omnem
1074 4219 1153 4275 sic
1176 4217 1618 4274 condemnavcrit
1639 4261 1653 4285 ,
1682 4225 1739 4272 ut
1767 4218 2053 4284 Arnobius,

465 4310 624 4367 sicuti
647 4313 755 4381 jam
785 4312 1021 4366 vidimus
1044 4354 1057 4378 ,
1110 4313 1251 4367 inter
1279 4310 1536 4366 miracula
1583 4311 1699 4382 ejus
1721 4316 2017 4383 {computet
2040 4355 2055 4380 ,

461 4404 736 4475 antiquata
785 4402 854 4458 ab
895 4403 988 4458 illo
1014 4413 1204 4459 cuncta
1235 4404 1542 4460 daemonum
1564 4445 1579 4472 ,
1613 4413 1817 4471 vatum,
1865 4406 2056 4460 harus-

465 4497 667 4570 picum,
698 4507 754 4552 et
783 4511 1060 4568 magorum
1093 4496 1342 4552 artiiicia.

530 4612 717 4683 Neque
740 4612 973 4668 absimili
1026 4612 1185 4684 plane
1229 4611 1392 4667 modo
1440 4612 1691 4684 Origines
1731 4612 1890 4669 Celso
1942 4628 2056 4669 res-
2084 4638 2139 4701 Ι)

460 4702 704 4775 pandet:
747 4703 871 4777 Ἐγώ
918 4702 971 4759 δὲ
1020 4706 1109 4759 οὐκ
1155 4701 1247 4761 οἷδ’
1275 4701 1414 4768 ὅπως
1458 4701 1516 4760 ἂν
1561 4707 1726 4782 μάγος
1773 4710 2058 4782 ἠγωνίσατο

461 4795 657 4864 διδάξαι
708 4798 855 4870 λόγον
907 4800 1144 4854 πείθοντα
1198 4795 1442 4870 (πάντα)
1496 4801 1763 4873 πράττειν,
1820 4803 1889 4863 ὡς·
1932 4806 2061 4855 Θεοῦ

460 4896 715 4965 κρίνοντος
742 4893 961 4949 ἕκαστον
990 4894 1076 4947 ἐπὶ
1103 4898 1234 4948 πᾶσι
1262 4901 1369 4955 τοῖς
1390 4896 1787 4969 πεπραγμένοις.
1813 4899 1901 4951 καί
1926 4895 2062 4953 οὕτω

463 4983 742 5041 διατιθέντα
783 4989 904 5048 τοὺς
934 4985 1121 5041 ἑαυτοῦ
1159 4987 1408 5058 μαθητὰς,
1439 4982 1511 5048 οἷς·
1539 4986 1715 5058 ἤμελλε
1764 4993 2067 5063 χρήσασθαι

464 5077 713 5139 διακόνοις
748 5088 840 5144 τῆς
885 5080 1074 5135 ἑαυτοῦ
1112 5076 1465 5141 διδασκαλίας.
1495 5079 1607 5151 Ego
1633 5095 1749 5133 vero
1776 5098 1877 5135 non
1908 5082 2061 5137 intel-

416 5222 419 5229 μ
466 5169 568 5241 ligo
601 5171 855 5240 quomodo
899 5182 1079 5241 magus
1112 5169 1353 5239 potuisset
1402 5170 1527 5224 dare
1567 5180 1804 5244 operam,
1852 5183 1906 5227 ut
1947 5191 2062 5245 per-

466 5266 702 5320 suaderet
748 5280 1154 5336 unumquemque
1198 5264 1273 5317 ita
1314 5281 1435 5334 suas
1482 5266 1708 5320 actiones
1771 5265 2056 5334 moderari,

468 5374 528 5410 ac
555 5357 599 5413 si
628 5355 921 5411 redditurus
948 5369 1074 5413 esset
1116 5358 1367 5412 rationem
1395 5356 1504 5412 Deo
1546 5354 1741 5426 iudici;
1794 5369 1943 5432 atque
1988 5361 2059 5415 ita

469 5448 754 5522 discipulos
783 5465 904 5504 suos
928 5451 1224 5518 instituere,
1257 5450 1438 5523 quibus
1470 5460 1579 5506 erat
1605 5468 1791 5507 usurus
1820 5454 2065 5510 ministris

469 5558 576 5599 suis
612 5543 862 5597 doctrinis
906 5540 925 5614 (
953 5541 1099 5614 Orig.
1124 5586 1140 5612 ,
1170 5543 1259 5597 lib.
1308 5559 1346 5611 ι,
1392 5553 1554 5601 contr.
1583 5540 1717 5600 Cels.
1742 5587 1757 5615 ,
1797 5562 1916 5616 pag.
1948 5545 2061 5619 50).

469 5636 605 5693 Tum
658 5646 936 5707 postquam
982 5649 1110 5689 vera
1175 5635 1432 5691 miracula
1500 5637 1567 5692 ab
1624 5635 1739 5707 ejus
1792 5636 2068 5713 discipulis

473 5728 709 5785 factitata
735 5728 897 5784 fuisse
950 5727 1233 5800 probavit,
1296 5727 1414 5785 haec
1463 5730 1720 5785 continuo
1762 5730 1995 5803 subjecit
2036 5748 2051 5787 :

477 5823 535 5883 El
560 5819 613 5877 δέ
644 5821 884 5893 δυνάμεις
913 5822 1141 5892 ἐτέλουν,
1190 5823 1303 5880 τίνα
1346 5820 1461 5892 ἔχει
1501 5823 1814 5882 πιθανότητα
1856 5826 1916 5880 τὸ
1967 5826 2062 5896 μά-

2085 1836 2132 1895 Β

2139 456 2346 529 γοντας)
2375 456 2705 516 διδασκαλίαν
2751 462 2965 534 μαγείας
3008 462 3454 536 ἀπαγορεύουσαν.
3495 463 3645 531 Quod
3695 467 3739 519 si

2144 550 2414 619 patrabant
2449 553 2548 622 ipsi
2576 569 2776 624 quoque
2800 553 3034 625 prodigia
3051 594 3065 617 ,
3094 554 3347 620 quomoda
3374 553 3633 627 probabile
3663 568 3738 613 est

2142 657 2318 713 magos
2361 658 2414 698 se
2438 646 2734 713 exposuisse
2769 654 2842 700 tot
2885 646 3155 715 periculis,
3194 648 3281 719 qui
3331 647 3617 703 doctrinam
3657 650 3741 704 in-

2145 737 2399 792 duxerunt
2427 780 2439 801 ,
2490 740 2741 810 magicam
2791 748 2953 797 artem
2985 741 3189 811 penitus
3219 741 3570 797 detestantem.
3613 743 3741 799 Post

2145 828 2282 897 hac,
2308 830 2496 887 eodem
2522 847 2711 889 rursus
2730 834 2891 889 modo
2913 834 3154 902 Celsum,
3171 836 3359 891 eadem
3381 846 3739 908 repetentem,

2146 924 2379 993 refellit,
2409 934 2685 998 totamque
2735 942 2887 983 suam
2940 928 3361 999 disputationem
3412 931 3557 988 hunc
3612 948 3742 987 con-

2147 1018 2318 1074 cludit
2356 1021 2407 1074 in
2434 1021 2651 1076 modum
2684 1039 2697 1076 :
2733 1022 2863 1089 Quis
2911 1037 3052 1077 sanat
3097 1024 3280 1079 mentis
3322 1027 3554 1096 conferat
3595 1040 3742 1095 eum,

2147 1110 2421 1167 Christum
2444 1155 2458 1178 ,
2490 1128 2606 1168 cum
2636 1115 3072 1187 prmstigiatorum
3112 1117 3376 1185 proposito
3396 1158 3411 1180 ,
3441 1132 3499 1171 ac
3526 1133 3627 1173 non
3654 1135 3751 1189 po-

2150 1205 2248 1260 tius
2274 1206 2445 1260 credat
2462 1207 2618 1279 juxta
2643 1211 2851 1262 oracula
2868 1207 3036 1264 Deum
3067 1225 3174 1264 esse
3202 1220 3530 1281 conspectum
3573 1211 3624 1265 in
3653 1211 3750 1266 Itu-

2150 1316 2303 1355 ntano
2333 1318 2573 1370 corpore,
2606 1313 2661 1357 ut
2686 1305 2741 1358 in
2783 1315 3013 1358 nostrum
3054 1321 3215 1371 genus
3258 1316 3510 1359 exerceret
3552 1306 3746 1376 beneﬁ-

2152 1397 2388 1450 centiam.
2413 1404 2523 1457 Πῶς
2548 1398 2765 1471 εὐλόγως
2802 1394 2861 1453 ἅν
2883 1420 2961 1460 τις
2996 1399 3150 1454 αὐτὸν
3178 1407 3240 1475 τῇ
3293 1402 3592 1476 προαιρέσει
3647 1409 3750 1458 τῶν

2152 1496 2345 1562 γοητῶν
2358 1490 2669 1562 παραϐάλοι,
2686 1491 2772 1545 καί
2788 1496 2877 1563 μὴ,
2895 1491 3010 1547 κατ’
3026 1491 3349 1565 ἐπαγγελίαν,
3380 1494 3465 1547 τὸν
3484 1496 3606 1548 Θεὸν
3622 1489 3753 1551 εἶναι

2154 1584 2419 1647 πιστεύοι,
2451 1584 2502 1636 ἐν
2531 1585 2824 1660 ἀνθρωπίνῳ
2850 1585 3065 1658 φανέντα
3090 1587 3315 1657 σώματι.
3357 1586 3439 1642 ἐπ’
3481 1588 3753 1666 εὐεργεσίᾳ

2154 1679 2247 1728 τοῦ
2275 1674 2452 1746 γένους
2477 1676 2615 1747 ἡμῖν.
2644 1672 2836 1741 (ιὺὶάη
2868 1690 2988 1746 pag.
3019 1674 3138 1748 54.)

2228 1762 2386 1820 Plura
2429 1780 2557 1821 sane
2587 1768 2835 1838 egregia,
2882 1776 2936 1823 et
2964 1766 3104 1824 iectu
3136 1769 3293 1841 digna
3326 1770 3429 1826 hoc
3475 1772 3649 1843 ipsum
3695 1773 3751 1829 in

2158 1863 2535 1935 argumentum
2587 1865 2826 1937 disputat
2880 1864 3189 1925 Eusebius:
3221 1868 3316 1926 sed
3368 1874 3489 1943 quia
3543 1873 3754 1944 longius

2160 1967 2305 2011 esset
2336 1970 2397 2011 ea
2427 1956 2513 2011 hic
2544 1954 2884 2028 describere,
2920 1961 2985 2015 ad
3013 1962 3129 2032 ejus
3157 1973 3210 2018 te
3238 1964 3504 2020 mittimus
3529 1964 3750 2034 librum,

2158 2062 2317 2119 quem
2346 2048 2560 2120 quidem
2592 2051 2636 2105 si
2668 2044 2818 2107 adire
2851 2062 2904 2107 et
2936 2055 3279 2124 pervolutare
3310 2039 3364 2111 te
3390 2072 3499 2113 non
3531 2056 3748 2127 taedeat,

2157 2141 2359 2213 legisse
2383 2143 2604 2199 minime
2634 2145 2918 2217 ptenitebit
2948 2142 3197 2220 (Euseb,
3232 2146 3323 2203 lib.
3360 2165 3447 2218 ιιι,
3485 2147 3748 2209 Demonst.

2158 2230 2359 2308 anng.
2384 2280 2400 2305 ,
2429 2254 2545 2309 cap.
2574 2239 2608 2295 5
2639 2250 2685 2295 et
2711 2239 2774 2307 6;
2820 2257 2940 2313 pag.
2973 2242 3096 2310 103,
3139 2251 3187 2297 et
3220 2260 3358 2316 seq.,
3392 2254 3439 2300 et
3469 2261 3588 2317 pag.
3622 2244 3749 2313 109,

2158 2338 2204 2385 et
2229 2345 2365 2401 seqq.
2390 2331 2432 2400 ).

2684 2509 3083 2552 ABTICULUS
3120 2511 3224 2552 ιιι.

2156 2651 2312 2713 Quam
2334 2652 2545 2704 absurde
2565 2653 2769 2717 Ethnici
2799 2655 3077 2717 objicerent
3102 2655 3275 2707 eadem
3300 2663 3381 2707 aut
3398 2657 3575 2710 similia
3595 2672 3624 2710 a
3655 2659 3754 2710 diis

2366 2717 2470 2765 suis
2485 2751 2498 2777 ,
2528 2722 2674 2779 atque
2699 2730 2728 2766 a
2750 2716 2938 2768 Christo
2962 2717 3085 2768 facta
3110 2718 3260 2770 fuisse
3285 2720 3532 2770 miracula.

2229 2886 2623 2945 Pertinaciores
2637 2889 2836 2946 ethnici
2858 2888 2925 2945 ad
2953 2898 3203 2949 extrema
3242 2893 3481 2963 redacti,
3523 2911 3621 2952 nec
3651 2912 3747 2955 ce-

2156 2981 2285 3038 dere
2315 2999 2563 3054 umquam
2593 2986 2834 3042 voleutes
2858 3029 2874 3053 ,
2909 2987 3181 3044 instabant
3209 2988 3399 3047 eadem
3423 2998 3452 3047 a
3477 2988 3581 3048 diis
3601 2995 3713 3049 suis
3734 3036 3751 3060 ,

2156 3088 2274 3143 quae
2317 3089 2348 3129 a
2388 3074 2604 3132 Christo
2653 3076 2798 3133 edita
2848 3080 3131 3136 miracula.
3168 3078 3341 3138 Unum
3389 3086 3531 3140 enim
3578 3101 3642 3140 ex
3672 3087 3754 3144 eis

2154 3165 2516 3238 disputantem
2531 3168 2804 3227 Arnobius
2834 3171 2914 3227 sic
2944 3170 3154 3229 inducit
3186 3192 3197 3227 :
3239 3192 3257 3227 t
3289 3172 3510 3231 Frustra
3541 3187 3751 3235 tantum

2153 3259 2381 3332 adrogas
2408 3254 2641 3330 ChriSto,
2677 3279 2799 3319 cum
2828 3280 2975 3335 saepe
3004 3267 3139 3322 alios
3171 3268 3404 3324 sciamus
3428 3269 3561 3325 deos
3589 3283 3644 3328 et
3671 3273 3754 3328 la-

2153 3353 2465 3411 borantibus
2493 3356 2735 3429 plurimis
2762 3357 2976 3417 dedisse
3001 3361 3324 3429 medicinas,
3356 3373 3411 3419 et
3454 3366 3745 3423 multorum

2156 3449 2407 3517 morbos,
2450 3450 2889 3524 Valetudinesque
2936 3470 3178 3511 curasse.
3219 3476 3238 3510 ›
3272 3456 3534 3529 (Arnob.,
3583 3461 3668 3515 lib.
3704 3478 3743 3527 ι,

2157 3550 2278 3612 pag.
2302 3540 2416 3616 28).
2449 3541 2657 3600 Nullius
2702 3544 2879 3617 itaque
2902 3590 2915 3614 ,
2964 3548 3306 3619 inquiebant,
3339 3550 3465 3606 illud
3497 3551 3751 3608 christia—

2158 3650 2348 3693 norum
2373 3648 2744 3710 argumentum
2772 3655 2854 3698 est
2893 3645 3175 3715 ponderis,
3207 3656 3298 3705 aut
3326 3651 3371 3705 si
3403 3650 3528 3722 quid
3558 3653 3751 3707 virium

2158 3730 2387 3797 habent,
2436 3748 2499 3787 eo
2530 3748 2746 3805 quoque
2784 3746 2966 3792 veram
3014 3753 3136 3795 esse
3164 3754 3404 3798 nostram
3434 3742 3753 3815 religionem

2158 3824 2497 3897 conﬁciatur.
2531 3827 2611 3881 Dii
2641 3829 2786 3883 enim
2819 3830 2987 3885 nostri
3019 3846 3126 3886 non
3158 3833 3364 3889 minora
3396 3848 3555 3906 quam
3592 3835 3753 3893 Cbri-

2159 3927 2277 3974 stus
2308 3920 2561 3976 miracula
2593 3922 2899 3979 ediderunt.

2235 4011 2340 4069 Sed
2355 4012 2472 4069 huic
2495 4014 2850 4071 Etbnicorum
2870 4016 3221 4089 reprehensio
3234 4022 3301 4079 ab
3318 4018 3556 4080 Arnobio
3569 4034 3758 4082 nostra

2161 4104 2416 4164 facillime
2460 4110 2721 4165 evertitur
2751 4109 2965 4184 (Infr.,
2995 4130 3111 4185 cap.
3141 4115 3228 4181 18;
3257 4125 3359 4170 art.
3386 4133 3425 4185 l,
3471 4129 3519 4172 et
3561 4119 3753 4191 seqq.).

2162 4198 2296 4255 Esto
2325 4200 2490 4267 enim,
2524 4201 2698 4273 inquit
2724 4202 2849 4268 ille,
2876 4205 3016 4275 quod
3048 4214 3236 4275 postea
3262 4221 3441 4265 utrum
3465 4226 3649 4266 verum
3686 4214 3759 4269 sit

2162 4293 2578 4356 examinabitur,
2604 4294 2848 4365 quaedam
2883 4294 2958 4351 dli
2983 4297 3241 4354 miracula
3275 4300 3500 4357 fecerint
3526 4319 3541 4357 :
3571 4318 3758 4363 nonne

2161 4394 2312 4440 certo
2331 4385 2532 4441 certius
2547 4397 2633 4443 est
2649 4388 2854 4444 nullum
2887 4390 2955 4446 ab
2984 4391 3093 4447 tilio
3120 4393 3399 4464 gentilium
3419 4396 3541 4465 deo,
3563 4414 3756 4469 quem-

2162 4479 2452 4537 admodum
2476 4494 2506 4537 a
2527 4480 2741 4539 Christo
2770 4483 3011 4552 domino,
3043 4486 3161 4543 sine
3210 4487 3318 4544 ullo
3369 4490 3753 4564 medicamine,

2164 4580 2253 4628 aut
2277 4573 2380 4628 ulla
2400 4615 2418 4641 ,
2450 4575 2527 4629 uti
2554 4590 2717 4646 supra
2742 4576 2999 4645 diximus,
3023 4588 3249 4635 externa
3272 4579 3376 4637 alia
3404 4598 3463 4638 re
3488 4582 3755 4655 adhibita,

2163 4667 2260 4723 sed
2283 4668 2399 4724 solo
2423 4668 2563 4725 illius
2592 4672 2845 4740 nomine,
2895 4683 2987 4729 aut
3031 4674 3306 4733 levissimo
3361 4686 3505 4734 tactu
3554 4680 3758 4738 editum

2165 4763 2330 4819 fuisse
2359 4764 2677 4821 miraculum
2701 4765 2726 4821 ?

2238 4869 2504 4926 Praeterea
2558 4871 2769 4926 etiamsi
2816 4860 3092 4927 hominem
3150 4873 3381 4945 aliquem
3434 4875 3756 4948 quibusdam

2168 4964 2425 5024 remediis
2454 4974 2545 5021 aut
2567 4967 2808 5023 externis
2835 4967 2996 5023 rebus
3034 4966 3102 5023 ab
3131 4968 3309 5040 aliquo
3334 4972 3612 5041 gentilium
3653 4973 3760 5030 deo

2170 5069 2416 5119 sanatum
2442 5076 2564 5118 esse
2589 5061 2902 5133 probaveris
2921 5106 2936 5128 ,
2971 5069 3140 5133 quot,
3176 5064 3315 5119 Deus
3344 5065 3513 5121 bone!
3544 5069 3759 5126 ostendi

2165 5168 2396 5233 possunt
2439 5160 2607 5216 millia
2656 5160 2964 5222 hominum,
3013 5161 3103 5232 qui
3150 5170 3429 5232 postquam
3461 5161 3514 5217 in
3542 5164 3759 5235 templis

2163 5254 2531 5325 .‘Escuiapium
2563 5254 2807 5325 aliosque
2833 5254 2965 5310 deos
2994 5256 3194 5326 saepius
3223 5258 3469 5327 repetitis
3492 5300 3508 5324 ,
3536 5274 3598 5313 ac
3628 5274 3760 5315 con-

2162 5351 2325 5407 tinuis
2352 5351 2596 5422 precibus
2623 5350 2970 5415 invocarunt;
3000 5348 3202 5404 nullum
3231 5362 3407 5407 tamen
3440 5352 3628 5408 morbo
3650 5370 3755 5409 suo

2166 5445 2421 5501 invenere
2462 5442 2795 5510 remedium,
2841 5441 2937 5497 sed
2978 5451 3070 5497 aut
3120 5441 3269 5513 pejus
3313 5459 3371 5500 se
3418 5445 3755 5515 habuerunt,

2164 5549 2256 5595 aut
2284 5539 2481 5594 mortui
2512 5548 2673 5603 sunt,
2721 5551 2819 5592 nec
2851 5551 3101 5606 umquam
3130 5535 3276 5590 ullus
3303 5552 3369 5593 ex
3427 5537 3544 5593 istis
3594 5538 3760 5596 ullius

2166 5635 2255 5692 dei
2281 5649 2442 5705 opera
2488 5650 2517 5689 a
2569 5639 2743 5689 morte
2771 5629 2837 5686 ad
2861 5631 3023 5687 vitam
3054 5642 3338 5688 revocatus
3363 5641 3446 5688 est
3473 5631 3710 5705 (Arnob.
3737 5676 3754 5702 ,

2168 5729 2256 5784 lib.
2281 5745 2317 5793 ι,
2353 5745 2470 5800 pag.
2500 5724 2656 5801 29.)?

2170 5892 2188 5902 _
2243 5822 2413 5879 Simili
2438 5822 2600 5878 etiam
2627 5820 2787 5879 modo
2810 5818 3042 5892 Cyrillus
3068 5816 3500 5890 Alexandrinus,
3545 5818 3762 5881 Juliano
