3990 6072
208 184 323 238 415

1470 182 1539 240 ΙΝ
1575 180 1950 249 ARNOBIUM,
1990 181 2145 245 CAP.
2184 183 2275 243 Ill.
2302 184 2336 254 Ξ

3400 187 3506 244 414

210 294 532 365 imperatori
576 294 887 367 respondet.
918 295 1217 368 Objiciebat
1243 297 1388 354 enim
1416 298 1802 355 celeberrimus
1830 301 1883 364 Α
1906 314 2099 355 verum
2134 300 2325 366 Deum,
2353 309 2409 356 et
2457 299 2737 374 religionis
2793 315 2908 359 suae
2937 303 3222 367 veritatem
3263 303 3507 365 invictis-

206 386 308 443 ille
320 385 583 458 Apostata
602 386 737 443 nihil
759 387 1031 447 Christum
1052 400 1350 447 memoratu
1371 390 1590 463 dignum
1612 393 1806 463 egisse;

212 479 324 535 nisi
351 480 405 537 in
436 480 737 540 Bethsaidai
761 483 915 553 pagis
939 498 1114 540 czecos
1134 524 1150 549 ,
1183 483 1510 555 clandosque
1552 500 1768 541 curasse
1788 527 1804 552 ,

205 582 268 628 et
295 572 573 644 adjurasse
616 574 884 630 damonio
910 585 1192 646 correptos
1212 615 1226 639 ,
1260 591 1360 645 pro
1404 592 1597 648 magno
1624 577 1807 648 aliquo

207 666 455 724 facinore
490 668 771 724 habeatur.
799 668 1037 740 Cyrillus
1065 686 1196 726 vero
1225 669 1363 726 hanc
1401 670 1657 726 insulsam
1709 686 1803 726 ca-

205 760 544 816 villationem
588 761 667 815 sic
712 762 931 816 refellit.
963 761 1136 832 Negat
1164 762 1340 832 primo
1367 771 1473 816 tam
1503 776 1670 832 pauca
1699 762 1803 816 mi-

205 856 393 912 racula
423 854 565 910 facta
592 854 759 911 fuisse
788 872 818 909 a
844 844 1065 911 Christo
1086 898 1100 921 ,
1134 865 1297 926 atque
1328 856 1499 910 multo
1528 857 1679 924 plura
1704 895 1720 921 ,
1750 865 1805 911 et

202 949 569 1009 admiratione
588 949 748 1019 longe
775 948 1022 1019 digniora
1049 948 1193 1005 edita
1220 947 1579 1007 demonstrat.
1608 948 1803 1004 Poeta-

205 1058 331 1099 rum
385 1042 578 1098 deinde
630 1042 890 1112 principis
949 1041 1258 1099 testimonio
1304 1044 1463 1113 plane
1533 1042 1804 1098 convincit

177 1136 416 1202 ,nullum
454 1153 707 1208 umquam
738 1148 1009 1193 mortuum
1039 1137 1311 1192 hominem
1332 1180 1346 1203 ,
1378 1152 1556 1208 neque
1582 1153 1610 1191 a
1635 1137 1797 1205 Jove,

202 1244 386 1300 neque
415 1229 483 1285 ab
504 1231 614 1285 ullo
642 1230 749 1284 alio
778 1229 1134 1285 Etlinicorum
1175 1228 1279 1284 deo
1306 1229 1374 1284 ad
1425 1231 1587 1285 vitam
1635 1230 1802 1285 fuisse

203 1322 503 1378 excitatum
534 1340 548 1378 :
578 1322 782 1394 (Cyrill.
838 1323 1118 1389 Alcaeum,
1151 1323 1241 1378 lib.
1298 1338 1373 1388 vr,
1426 1334 1593 1378 contr.
1638 1323 1797 1389 Juli.,

201 1433 327 1488 pag.
363 1415 486 1481 I93,
509 1425 556 1472 et
582 1414 745 1491 seqq.)
765 1421 936 1474 Καίτοι
960 1418 1046 1476 τὸν
1070 1419 1180 1483 σὸν,
1211 1414 1251 1493 ᾧ
1270 1415 1442 1485 οὗτος,
1467 1418 1664 1475 ὕπατον
1685 1423 1796 1485 Δία,

198 1512 294 1566 καὶ
318 1511 413 1565 σὺν
598 1509 653 1565 δὲ
677 1515 798 1572 τοὺς
827 1508 1028 1578 ἄλλους,
1057 1510 1147 1573 οὓς
1162 1509 1223 1570 δὴ
1249 1515 1336 1566 καὶ
1362 1514 1503 1573 θεοὺς
1529 1508 1655 1567 εἶναι
1682 1522 1796 1583 φῆς,

201 1602 589 1667 ἀδυνατοῦντας
610 1608 893 1680 εὑρήσομεν
922 1614 1021 1661 τῶν
1058 1610 1152 1661 τοῦ
1198 1607 1413 1661 θανάτου
1441 1605 1654 1681 βρόχων
1679 1609 1800 1666 τοὺς

1911 393 2050 447 sime
2073 391 2466 463 comprobavit.

1983 484 2053 539 Et
2085 493 2231 540 certe
2272 501 2448 557 neque
2492 486 2705 558 Jupiter
2752 487 2847 542 ulli
2904 503 3161 560 umquam
3190 490 3503 549 mortalium

1909 590 2007 632 seu
2052 576 2315 645 Curioni,
2370 592 2464 633 seu
2522 578 2760 648 pontiﬁci
2815 581 3073 644 maximo,
3128 596 3224 637 seu
3272 582 3506 639 Flamini

1909 667 2085 734 Diali;
2120 684 2293 740 neque
2324 668 2460 724 ullus
2482 685 2692 742 magus,
2727 670 2840 726 sive
2866 673 3177 741 Armenius,
3209 674 3324 729 sive
3346 675 3506 731 Pam.

1917 761 2118 832 philus,
2154 763 2269 817 sive
2310 761 2628 818 Zoroastres
2668 772 2835 830 tanta,
2870 776 2928 819 ut
2952 763 3198 821 Christus
3224 764 3503 838 discipulis

1914 854 2027 908 suis
2074 854 2330 909 miracula
2376 854 2650 925 patrandi,
2684 856 2850 910 immo
2895 871 2996 911 nec
3038 858 3316 913 minimum
3361 873 3503 915 mor-

1906 943 2030 999 bum
2082 944 2440 1015 depellendi,
2504 946 2814 1005 facultatem
2868 965 3120 1023 umquam
3167 949 3391 1024 largitus
3420 957 3506 1009 est

1907 1035 2121 1112 (1bid.).
2540 1055 2549 1065 ι

2512 1170 2816 1213 ΔΒἸῚΟΠΜΙΒ
2854 1173 2927 1213 ιν.

1904 1282 2157 1353 Quomodo
2178 1298 2241 1335 ex
2279 1293 2394 1353 tota;
2409 1286 2501 1339 hac
2524 1290 2854 1353 disputatione
2881 1296 3167 1344 everrantur
3183 1296 3377 1347 insulsae
3409 1299 3503 1350 So-

1967 1350 2233 1423 ciauorum,
2261 1358 2312 1424 et
2331 1351 2587 1402 atheorum
2602 1350 2843 1424 adversus
2863 1355 3064 1417 Christi,
3084 1364 3137 1408 et
3153 1358 3502 1424 discipulorum

1966 1411 2074 1474 ejus
2096 1412 2326 1463 miracula
2352 1417 2829 1478 argumentationes.

1990 1517 2193 1585 Quibus
2216 1522 2550 1591 argumentis
2576 1523 2846 1579 adsertam
2891 1526 2960 1582 ab
2989 1527 3231 1584 Arnobio
3274 1529 3505 1586 vidimus

1912 1611 2296 1669 miraculorum
2337 1629 2366 1666 a
2410 1615 2627 1670 Christo
2655 1616 2878 1688 ejusque
2905 1618 3187 1687 discipulis
3231 1620 3500 1697 editorum

198 1698 422 1760 ἁλόντας
442 1698 699 1775 ἁρπάσαι,
722 1703 810 1757 καὶ
833 1701 967 1772 πρὸς
992 1721 1048 1776 γε
1074 1706 1231 1756 τοῦτο
1250 1703 1386 1774 ἡμᾶς
1414 1700 1629 1774 ἐμπεδοῖ
1645 1702 1790 1774 lli-yart

1905 1704 2209 1772 veritatem,
2240 1706 2430 1763 iisdem
2455 1718 2604 1764 certe
2635 1712 2999 1767 recentiorum
3026 1714 3382 1783 quorumdam
3416 1731 3503 1772 so-

199 1790 229 1847 ὁ
254 1798 477 1851 ποιητῶν
504 1792 750 1868 ἄριστῶν.

361 1912 453 1961 Δλλ»
473 1919 557 1969 ἤτω,
581 1923 735 1962 θάνατον
758 1922 821 1973 μιν
843 1922 998 1973 ὁμοίιον,
1020 1919 1107 1962 οὸδι
1128 1924 1268 1975 Genium
1285 1953 1297 1970 ,

360 1986 433 2025 Καὶ
458 1986 545 2038 90.9
566 1982 672 2037 ἀνδρὶ
695 1983 871 2026 durantur.
893 1986 1107 2039 ἀλάλκιιιιν,
1130 1987 1268 2026 ὁππότε.
1291 2001 1348 2027 κεν
1372 1982 1420 2034 δή

356 2049 467 2098 Μοῖρ’
488 2046 578 2097 ὀλοή
599 2044 772 2099 “hinc:
794 2049 1003 2101 τανυλίγιος
1028 2051 1209 2088 θανάτοιο.

203 2143 527 2213 Quamquam
572 2152 717 2197 tuum
762 2142 911 2199 illum
964 2160 1255 2214 supremum
1305 2141 1523 2212 Jovem,
1570 2143 1798 2219 aliosque

198 2252 316 2289 cum
346 2236 459 2306 ipso
477 2276 493 2303 ,
521 2252 649 2307 quos
676 2245 730 2290 tu
772 2234 892 2290 deos
912 2252 1018 2290 esse
1043 2236 1306 2291 contendis
1324 2278 1339 2304 ,
1384 2235 1692 2306 inﬁrmiores
1712 2236 1794 2289 in-

196 2329 493 2395 veniemus,
534 2346 686 2400 quam
717 2338 773 2383 ut
819 2328 997 2385 mortis
1043 2329 1236 2401 laqueis
1283 2331 1558 2401 implicitos
1602 2330 1798 2400 eripere

194 2431 420 2493 queant,
453 2438 556 2495 qua
596 2423 649 2478 in
694 2440 751 2477 re
799 2439 891 2478 nos
929 2423 1200 2493 conﬁrmat
1248 2434 1513 2495 poetarum
1559 2426 1795 2496 princeps

194 2512 280 2571 his
309 2516 469 2572 verbis
492 2533 511 2571 :

292 2628 483 2720 Verum
506 2632 761 2681 enimvero
784 2637 993 2682 mortem
1016 2632 1243 2684 omnibus
1265 2646 1573 2747 communem;
1586 2646 1795 2747 atneth

1576 2713 1587 2743 ί
1632 2713 1639 2744 Ι
1668 2710 1739 2747 Ιυδ
1776 2734 1790 2747 ε

290 2755 454 2807 Etiam
493 2757 556 2806 ab
592 2762 751 2807 amato
774 2757 879 2807 viro
915 2762 1121 2821 possunt
1153 2769 1362 2819 arcere,
1388 2695 1793 2823 quandtgttizﬂmlqbde

291 2880 469 2932 Fatum
493 2883 824 2946 perniciosum
848 2882 1143 2947 corripuerit
1167 2895 1356 2948 asperae
1380 2822 1794 2935 mortis.[tandem

191 2984 304 3042 Sed
358 2986 478 3043 hmo
526 2987 698 3044 fusius
748 2989 1092 3061 prosequitur
1120 2989 1400 3062 Origenes,
1436 3008 1592 3062 quem
1644 2993 1792 3049 adire

1902 1794 2268 1862 cinianorum,
2300 1808 2355 1857 et
2394 1800 2642 1866 aliorum,
2667 1802 2758 1873 qui
2779 1802 3262 1861 cliristianiaudire
3292 1808 3498 1876 volunt,

1900 1888 2210 1958 opiniones,
2236 1893 2352 1948 sive
2404 1895 2581 1964 potius
2614 1896 2929 1965 opinionum
2962 1906 3210 1967 portenta
3254 1899 3496 1959 funditus

1900 1991 2238 2041 evertuntur.
2269 1985 2401 2042 Nam
2434 1986 2488 2041 bi
2536 1987 2782 2060 ipsismet
2808 1989 3037 2049 ethnicis
3057 1990 3357 2049 deteriores
3385 2009 3495 2052 uno

1906 2076 2205 2150 eodemque
2255 2080 2449 2136 calami
2482 2082 2649 2138 ductu
2693 2084 2873 2139 omnia
2914 2085 3029 2141 sive
3070 2100 3102 2141 a
3132 2085 3348 2143 Christo
3400 2089 3499 2145 do-

1904 2167 2069 2233 mino,
2102 2168 2215 2224 sive
2236 2185 2264 2223 a
2303 2172 2545 2240 quolibet
2588 2174 2695 2227 alio
2723 2174 2865 2231 edita
2907 2176 3159 2232 miracula
3186 2179 3497 2239 convellere

1900 2260 2168 2328 nituntur,
2202 2262 2330 2317 dum
2359 2264 2501 2319 nulla
2525 2282 2553 2318 a
2596 2266 2707 2320 Deo
2737 2266 2955 2337 quidem
3007 2268 3124 2340 ipso
3169 2269 3286 2327 ﬁeri
3328 2286 3492 2344 posse

1898 2353 2366 2425 impudentissime
2405 2357 2713 2415 adfirmant.
2769 2360 2999 2417 Natura!
3032 2364 3303 2434 siquidem
3348 2367 3497 2437 leges

1898 2448 1973 2502 uti
2028 2450 2103 2505 illi
2146 2451 2419 2520 garriunt,
2468 2453 2719 2524 illiusque
2763 2455 2919 2522 ordo,
2952 2474 3071 2529 quae
3100 2458 3329 2528 ipsemet
3368 2471 3497 2519 sunt

1897 2541 1997 2597 Dei
2048 2542 2289 2611 decreta,
2320 2556 2599 2617 nequeunt
2643 2547 2755 2602 ullo
2795 2564 3045 2621 umquam
3083 2550 3244 2607 modo
3275 2561 3492 2623 pertur-

1895 2636 2033 2691 bari.
2074 2637 2438 2704 Quamobrem
2488 2641 2669 2696 omnia
2720 2642 2818 2697 Dei
2865 2642 3082 2700 decreta
3123 2660 3228 2701 non
3289 2648 3489 2715 minus,

1900 2745 2061 2799 quam
2104 2732 2191 2787 ille
2239 2733 2355 2803 ipse
2384 2733 2549 2802 Deus,
2584 2735 2936 2791 immutabilia
2964 2752 3086 2794 esse
3131 2738 3483 2796 concludunt.

1896 2822 2170 2879 Miraculis
2196 2840 2348 2896 ergo,
2393 2827 2659 2897 inquiunt,
2685 2838 2779 2884 aut
2821 2830 2943 2885 aliis
2973 2831 3253 2904 prodigiis,
3281 2834 3326 2889 si
3368 2850 3490 2906 qua:

1899 2916 2189 2987 aliquando
2218 2917 2331 2973 fieri
2373 2920 2698 2989 potuissent,
2747 2920 2926 2976 divina
2971 2933 3182 2990 natura,
3216 2926 3489 2997 multoque

1899 3011 2070 3080 magis
2101 3009 2410 3065 christiana:
2440 3012 2716 3083 religionis
2744 3015 2948 3071 veritas
2997 3017 3291 3074 destruitur
3312 3020 3488 3091 potius

190 3081 423 3137 cuilibet
470 3081 607 3138 facie
651 3093 733 3138 est
766 3082 960 3157 (Orig.,
993 3082 1028 3138 ι.
1065 3101 1102 3153 t,
1145 3096 1307 3141 contr.
1352 3085 1512 3153 Cels,
1544 3106 1596 3159 ρ.
1629 3088 1718 3155 94,
1742 3097 1790 3143 et
1818 3106 1864 3168 ρ
1894 3114 2053 3171 quam
2081 3100 2352 3157 adseritur
2379 3114 2433 3157 et
2461 3081 2750 3160 stabilitur.

190 3189 336 3245 seqq.
363 3191 383 3239 ;
413 3173 631 3242 Arnob.,
662 3175 699 3230 Ι.
729 3193 767 3243 1,
802 3194 855 3246 p.
882 3175 999 3250 ‘29).

190 3250 245 3268 ’⁵
266 3267 456 3338 Neque
481 3268 581 3323 sibi
616 3284 777 3339 porro
806 3270 1080 3326 Arnobius
1125 3274 1325 3342 opponi
1366 3273 1495 3328 sinit
1521 3272 1654 3329 deos
1682 3290 1788 3331 non

189 3361 355 3417 malis
386 3359 718 3427 hominibus,
752 3361 847 3417 sed
899 3361 1054 3418 bouis
1097 3365 1283 3420 tulisse
1329 3366 1607 3421 auxilium.
1655 3366 1785 3421 Nam

189 3452 466 3520 Christus,
514 3456 605 3526 qui
655 3456 881 3511 mortuis
910 3444 1089 3513 vitam
1129 3456 1398 3525 reddidit,
1451 3461 1703 3516 omnibus
1733 3471 1787 3517 et

189 3547 358 3604 bonis
384 3558 437 3604 et
467 3548 645 3617 malis,
676 3550 818 3621 quod
848 3549 1046 3605 divina:
1077 3564 1158 3607 est
1185 3554 1491 3623 potestatis,
1521 3553 1630 3608 ullo
1659 3554 1783 3608 abs-

191 3656 302 3711 que
329 3640 644 3697 discrimine
687 3642 977 3714 epitulatus
1018 3656 1119 3701 est.
1148 3644 1289 3714 Quid
1337 3661 1487 3713 vero,
1521 3647 1661 3716 quod
1695 3647 1783 3718 qui

189 3732 359 3803 aegris
404 3732 474 3788 ob
504 3734 695 3789 merita
727 3751 885 3805 opem
918 3752 947 3790 a
994 3737 1096 3792 diis
1125 3737 1250 3792 ferri
1281 3738 1433 3806 dicit,
1466 3741 1509 3794 is
1537 3740 1588 3794 in
1619 3740 1783 3794 dubio

189 3824 457 3894 relinquit
478 3836 655 3880 utrum
686 3827 797 3894 ille,
827 3828 911 3883 cui
942 3830 1278 3894 subvenitur,
1310 3830 1529 3886 fortuito
1560 3845 1782 3888 sanatus

187 3931 302 3971 non
339 3915 520 3984 fuerit,
542 3928 597 3974 et
622 3917 759 3975 alius
787 3936 893 3976 non
925 3922 1255 3991 sublevetur,
1282 3926 1405 3998 quia
1428 3928 1645 3983 morbus
1674 3945 1781 3984 non

188 4010 375 4081 potuit
401 4010 504 4067 ulla
531 4012 756 4069 deorum
783 4031 886 4087 ope
926 4019 1128 4073 curari.

263 4106 472 4160 Verum
502 4106 772 4164 Arnobius
801 4108 960 4181 longe
1004 4110 1179 4168 adhuc
1201 4115 1379 4171 acrius
1401 4125 1458 4172 et
1480 4117 1782 4176 vehemen—

186 4198 301 4252 tius
334 4196 674 4254 adversnrios
704 4215 831 4257 suos
860 4204 1054 4272 premit
1082 4203 1268 4277 (Ibid.,
1299 4226 1353 4278 p.
1380 4207 1495 4280 50),
1523 4222 1784 4285 urgetque

186 4289 471 4347 Christum
512 4306 619 4345 non
649 4292 811 4347 modo
845 4294 1074 4365 plurima
1106 4309 1349 4368 patrasse
1376 4305 1655 4371 miracula,
1688 4305 1784 4363 scd
1831 4328 1834 4332 λ

187 4387 388 4445 eadem
414 4387 655 4455 omnino,
690 4390 810 4445 sine
850 4390 961 4445 ullo
995 4394 1116 4448 fuco
1155 4403 1245 4449 aut
1288 4398 1492 4453 auxilio
1534 4410 1780 4470 externo,

1967 3193 2071 3250 Sed
2094 3197 2213 3266 quis
2245 3197 2528 3268 impiorum
2568 3199 2780 3255 illorum
2821 3199 3094 3258 hominum
3141 3204 3484 3263 dementissi-

1891 3302 2030 3341 mam
2064 3290 2419 3346 temeritatem
2447 3292 2584 3347 ferre
2616 3295 2832 3363 potest?
2862 3294 3022 3352 Certo
3044 3300 3243 3355 certius
3268 3300 3483 3359 demon-

1890 3384 2177 3439 stravimus
2204 3385 2428 3455 plurima
2454 3401 2482 3440 a
2507 3386 2722 3442 Christo
2745 3389 3020 3461 ipsiusque
3043 3392 3318 3466 discipulis
3346 3395 3482 3452 facta

1887 3475 2054 3532 fuisse
2085 3477 2362 3544 miracula,
2396 3496 2514 3549 quae
2553 3490 2758 3537 natura:
2782 3483 3026 3541 ordinem
3066 3486 3315 3555 illiusque
3342 3490 3482 3545 vires

1888 3571 2044 3640 longe
2072 3583 2342 3642 superant,
2369 3582 2422 3627 et
2445 3573 2500 3628 hi
2524 3573 2657 3629 mira
2689 3576 3014 3646 impudentia
3042 3578 3256 3650 ipsimet
3282 3580 3394 3637 Deo
3419 3597 3481 3637 ea

1885 3661 2113 3719 faciendi
2137 3666 2378 3720 adimunt
2398 3668 2752 3737 potestatem?
2773 3668 2959 3725 Nonne
2978 3671 3045 3726 ab
3067 3681 3189 3727 actu
3211 3674 3275 3726 ad
3298 3690 3478 3745 posse,

1886 3768 1944 3813 ut
1972 3758 2271 3814 scholastici
2316 3760 2627 3830 loquuntur,
2660 3762 2802 3818 valet
2839 3766 3263 3834 consequentia?
3292 3766 3482 3824 Nonne

1886 3850 2033 3920 prius
2048 3849 2319 3905 Sociniani
2343 3853 2573 3923 probare
2598 3853 2869 3910 debebant
2892 3856 3034 3911 nulla
3056 3873 3308 3929 umquam
3340 3859 3477 3915 facta

1886 3944 2055 4000 fuisse
2098 3944 2352 4001 miracula
2373 3988 2387 4013 ,
2421 3962 2578 4017 quam
2611 3947 2845 4004 divinam
2890 3965 3087 4021 negare
3130 3952 3220 4007 illa
3254 3951 3481 4008 faciendi

1886 4036 2218 4107 potentiam?
2244 4036 2348 4093 Sed
2371 4039 2641 4111 quomodo
2665 4040 2793 4097 illud
2825 4042 3049 4098 inficiari
3074 4053 3317 4112 possunt,
3336 4044 3478 4110 quod

1884 4126 2099 4183 Ethnici
2125 4127 2271 4183 nullo
2297 4145 2527 4200 unquam
2546 4114 2706 4186 modo
2732 4147 2949 4204 negare,
2980 4149 3153 4206 neque
3177 4136 3339 4193 etiam
3362 4137 3479 4194 dis-

1886 4219 2158 4285 simulare,
2191 4222 2293 4276 nisi
2319 4222 2655 4279 intoleranda
2680 4239 2898 4296 prorsus
2920 4241 2983 4280 ac
3012 4226 3475 4297 impudentissima

1886 4308 2186 4363 temeritate
2210 4312 2534 4380 potuerunt?
2562 4310 2676 4367 Non
2702 4313 2880 4367 minus
2901 4312 3164 4384 siquidem
3187 4326 3332 4372 certa
3355 4328 3479 4374 sunt

1886 4404 2084 4461 Christi
2116 4405 2610 4479 discipulorumque
2635 4408 2752 4479 ejus
2780 4409 3060 4478 miracula,
3088 4426 3245 4481 quam
3270 4422 3477 4468 constat

187 4496 403 4551 suoque
432 4490 637 4536 tantum
679 4484 897 4540 nomine
939 4484 1167 4541 faciendi
1216 4489 1597 4561 piscatoribus,
1626 4498 1784 4567 Opiﬁ—
1810 4507 1864 4571 D
1887 4499 2179 4554 aaditicatas
2210 4498 2376 4556 fuisse
2422 4501 2585 4556 urbes
2628 4501 2888 4569 Romam,
2922 4501 3435 4575 Constantinopolim
3455 4546 3471 4572 ,

188 4572 368 4640 cibus,
412 4575 719 4642 rusticanis,
769 4576 1019 4649 aliisque,
1065 4579 1205 4635 sicut
1244 4589 1399 4637 antea
1447 4585 1778 4659 dicebamus,

190 4667 246 4722 id
274 4681 449 4738 genus
474 4666 801 4735 hominibus,
821 4667 1035 4725 dedisse
1058 4682 1402 4742 potestatem.
1440 4677 1571 4746 Quae
1603 4692 1782 4738 autem

188 4761 283 4817 illa
318 4762 531 4829 fuerint,
567 4762 801 4818 breviter
828 4775 1094 4833 recenset,
1126 4775 1180 4823 et
1225 4785 1345 4824 cum
1376 4771 1576 4828 Christi
1619 4777 1783 4831 mira-

189 4853 332 4908 culis
355 4854 646 4924 compooit,
679 4862 839 4925 atque
870 4855 996 4912 inde
1024 4859 1296 4915 concludit
1325 4863 1457 4918 nihil
1490 4867 1777 4937 quidquam

189 4945 514 5003 admirabile
556 4946 625 5001 ab
655 4962 720 5002 eo
748 4959 975 5020 gestum,
1017 4954 1158 5022 quod
1193 4953 1297 5009 illis
1341 4954 1639 5014 faciendum
1672 4978 1778 5017 non

189 5040 546 5096 concesserit.
578 5040 712 5095 Tum
741 5041 938 5098 deinde
963 5044 1041 5099 sic
1069 5057 1473 5116 argumentatur
1502 5069 1515 5105 :
1550 5070 1571 5103 ι
1608 5053 1779 5111 Tran-

190 5135 434 5191 scribcre
455 5148 614 5203 posse
647 5134 699 5189 in
729 5136 1000 5191 hominem
1026 5137 1114 5208 jus
1142 5149 1319 5206 tuum;
1350 5152 1404 5196 et
1433 5145 1574 5214 quod
1603 5144 1781 5204 facere

190 5228 347 5283 solus
374 5227 571 5297 possis,
614 5226 972 5299 fragilissimaa
1004 5230 1080 5284 rei
1108 5230 1329 5300 donare,
1363 5244 1417 5290 et
1460 5239 1782 5310 participare

190 5318 522 5387 faciendum,
571 5334 735 5391 supra
780 5321 959 5376 omnia
1009 5323 1129 5377 sitae
1169 5333 1253 5379 est
1285 5329 1583 5397 potestatis,
1612 5333 1783 5387 conti-

188 5415 483 5484 nentisque
512 5414 613 5469 sub
643 5430 764 5471 sese
791 5424 874 5471 est
902 5431 1083 5471 rerum
1114 5420 1355 5474 omnium
1374 5436 1584 5489 causas,
1610 5434 1664 5479 et
1690 5441 1778 5481 ra-

190 5508 406 5562 tionum
450 5507 872 5579 facultatumque
925 5519 1166 5566 naturas.
1208 5532 1227 5565 »
1266 5513 1453 5568 Divina
1508 5532 1636 5588 ergo
1686 5535 1781 5589 po-

190 5608 415 5659 testate.
440 5614 541 5654 non
571 5600 774 5673 magica
799 5602 995 5657 virtute
1023 5601 1276 5661 Christus
1305 5606 1586 5681 discipulis
1612 5611 1777 5668 mira-

186 5690 337 5762 cula,
371 5692 485 5749 suis
530 5695 700 5765 paria,
734 5682 930 5754 edendi
960 5707 1281 5773 potestatem
1312 5703 1617 5776 tribuendo,
1647 5715 1700 5764 et
1721 5725 1781 5767 se

1886 4590 2133 4657 Niniven,
2167 4603 2220 4648 et
2242 4592 2375 4648 alias
2404 4594 2806 4663 celeberrimas,
2832 4612 2950 4668 «jure
2973 4607 3158 4667 postea
3186 4597 3474 4655 destructa:

1884 4694 2030 4740 Sllﬂl.
2544 4758 2559 4768 .

1959 4778 2161 4836 Deinde
2191 4795 2318 4836 vero
2341 4781 2467 4855 quid
2498 4781 2689 4838 nefarii
2719 4783 2793 4838 illi
2827 4783 3072 4841 homines
3101 4794 3302 4841 natura:
3330 4785 3464 4856 legi-

1884 4872 2005 4939 bus,
2035 4885 2087 4930 et
2117 4876 2305 4932 ordine
2326 4876 2468 4932 aliud
2498 4878 2799 4950 intelligere
2827 4889 3072 4948 possunt,
3103 4880 3203 4934 nisi
3233 4895 3326 4935 eas
3352 4895 3474 4951 qum

1883 4979 1914 5019 a
1948 4968 2207 5039 principio
2233 4970 2414 5040 aliquo
2456 4971 2719 5040 spiritali,
2753 4971 2821 5025 ab
2849 4969 3098 5041 omnique
3140 4972 3362 5026 materia
3392 4971 3474 5027 di-

1885 5071 2063 5116 screto
2089 5061 2352 5131 impositae
2380 5063 2714 5134 sunt'tAtqui
2744 5063 2872 5118 illud
2898 5063 3217 5135 principium
3248 5065 3476 5135 ipsemet

1886 5153 2028 5208 Deus
2059 5164 2141 5209 est
2170 5156 2530 5229 omnipotens,
2562 5158 2649 5226 qui
2678 5155 2927 5221 decretis,
2952 5155 3130 5212 divina
3161 5174 3258 5214 sua
3287 5159 3473 5214 volun-

1882 5255 1991 5302 tate
2018 5247 2191 5316 factis,
2224 5249 2404 5304 omnia
2436 5252 2658 5317 creavit,
2693 5249 2852 5318 regit,
2885 5249 3247 5319 administrat,
3280 5252 3469 5308 mode-

1885 5351 2051 5397 ratur.
2082 5342 2176 5397 Illa
2214 5352 2390 5399 autem
2424 5344 2517 5399 Dei
2563 5344 2811 5398 voluntas
2856 5343 3015 5415 plane
3054 5345 3222 5402 libera
3248 5359 3354 5415 cat,
3388 5347 3473 5403 sui

1886 5452 2098 5509 semper
2110 5436 2269 5507 juris,
2294 5438 2532 5508 nullique
2552 5437 2709 5493 alteri
2725 5436 2986 5509 subjecta.
3004 5439 3347 5510 Quapropter
3366 5443 3473 5497 sic-

1885 5527 1962 5583 uli
1979 5536 2179 5582 naturae
2198 5528 2342 5598 leges
2365 5537 2421 5583 et
2441 5528 2683 5585 ordinem
2704 5526 2985 5602 imposuit,
3006 5532 3078 5585 ita
3099 5530 3218 5586 hanc
3241 5545 3271 5581 a
3292 5546 3353 5585 se
3373 5534 3480 5586 im—

1885 5619 2056 5691 posita
2102 5618 2450 5692 suspendere,
2476 5619 2873 5693 interrumpere
2893 5667 2909 5694 ,
2941 5635 3008 5677 ac
3037 5630 3263 5677 mutare
3291 5629 3489 5687 potest.

1885 5713 2040 5772 Unde
2059 5723 2204 5771 recte
2221 5700 2487 5772 Arnobius
2502 5712 2569 5771 de
2585 5712 2804 5774 Christo
2821 5728 2876 5776 et
2891 5714 3095 5787 debeo
3115 5712 3305 5771 dixit:
3331 5727 3357 5759 ι
3376 5709 3507 5763 sate
