3990 6072
492 287 597 343 415

1699 261 2151 326 DISSERTATIO
2188 260 2467 318 PR/EVIA

3669 253 3778 312 416

491 402 608 471 ipso
624 398 914 456 estclarius
928 392 1281 470 potentiorem
1297 388 1445 445 illum
1462 387 1626 442 fuisse
1640 400 1796 457 quam
1812 384 1914 438 fata
1928 388 2071 443 sunt,
2106 381 2155 440 A
2182 378 2264 432 nis
2294 383 2441 432 esset
2462 374 2691 431 aliorum
2718 371 2831 471 otio
2864 378 2925 471 et.
2941 369 3196 442 patientia
3225 369 3647 471 intemperanter
3674 369 3778 471 ab-

490 508 610 549 cum
631 490 862 548 eastdvit
879 498 933 545 et
958 486 1085 542 vicit
1112 499 1230 557 quze
1245 480 1514 552 perpetuis
1540 478 1785 543 nexibus,
1809 485 1861 532 et
1882 476 2075 530 immo-

490 585 586 641 bili
613 585 821 641 l’uerant
846 580 1168 639 necessitate
1195 576 1441 633 devincta
1470 571 1713 647 (Arnob.,
1747 569 1834 624 lib.
1866 585 1922 633 tt,
1951 584 2071 637 pag.

487 677 601 748 28).
635 677 839 745 Quibus
876 689 1007 730 sane
1033 670 1213 728 verbis
1240 666 1505 740 significat
1536 666 1633 722 bos
1671 678 1840 719 nexus
1870 660 2074 717 tamdiu

488 773 652 829 fuisse
696 748 1023 843 perpetuos,
1076 778 1239 838 atque
1282 779 1400 819 eam
1444 758 1824 818 necessitatem
1874 755 2075 812 tamdiu

487 866 651 923 fuisse
678 863 1028 929 immobilem,
1062 857 1317 934 quamdiu
1346 857 1487 913 Deus
1513 864 1564 912 et
1590 853 1837 910 Christus
1866 851 2035 907 voluit
2057 893 2071 917 ,

486 960 695 1033 ipsique
724 959 940 1031 placuit.

556 1053 767 1110 Scimus
785 1051 999 1121 quidem
1025 1067 1054 1106 a
1080 1047 1397 1121 quibusdam
1417 1061 1483 1102 ex
1503 1046 1571 1102 iis
1585 1044 1825 1100 omnium
1854 1040 2077 1112 iniquis-

486 1148 640 1205 simis
661 1146 824 1202 stulte
839 1145 1060 1200 omnino
1085 1153 1139 1199 et
1163 1141 1365 1197 insulse
1391 1142 1558 1195 asseri
1585 1138 1676 1193 Dei
1703 1135 1921 1193 nomine
1943 1133 2076 1190 nihil

488 1238 890 1312 intelligendum
921 1235 1087 1305 aliud,
1112 1244 1309 1307 praeter
1335 1232 1637 1298 materiam,
1665 1239 1939 1300 statasque
1964 1243 2079 1283 mo-

487 1342 573 1390 tus
602 1334 741 1389 illius
784 1334 957 1404 leges,
988 1346 1107 1404 qua)
1133 1347 1163 1385 a
1197 1330 1410 1385 nemine
1435 1342 1657 1399 prorsus
1695 1325 1890 1381 mutari
1918 1338 2080 1395 posse

488 1428 779 1483 finxerunt.
811 1426 916 1481 Sed
942 1424 993 1479 hi
1024 1422 1182 1479 nobis
1201 1423 1506 1478 edisserere
1526 1420 1793 1476 debebant
1809 1416 2079 1488 quomodo

486 1520 631 1575 vela
660 1534 767 1590 quo
808 1526 1020 1572 statuta:
1065 1524 1189 1572 sunt
1226 1515 1332 1570 illa:
1363 1515 1526 1584 leges.
1567 1511 1754 1583 Neque
1782 1512 1927 1566 enim
1972 1508 2079 1564 ulla

489 1614 699 1669 ratione
716 1612 799 1669 vel
823 1628 851 1666 a
875 1626 934 1668 se
961 1610 1111 1683 ipsis,
1144 1609 1227 1666 vel
1252 1608 1484 1665 fortuitis
1505 1605 1746 1662 materia:
1764 1603 2077 1659 mutationi-

488 1708 609 1772 bus,
634 1707 716 1762 vel
745 1705 1067 1761 necessitate
1096 1702 1273 1775 aliqua
1302 1702 1436 1757 latas
1466 1700 1608 1756 ullus
1640 1712 1894 1770 umquam
1921 1696 2079 1751 dixe-

2180 471 2401 526 utentis.
2433 468 2566 524 Nam
2597 483 2660 524 ea
2691 482 2759 524 ex
2799 465 2958 521 dictis
2987 465 3118 521 satis
3159 462 3432 518 confutata
3454 505 3470 530 ,
3501 470 3663 534 atque
3706 463 3778 519 iis

2177 580 2298 636 qua:
2326 564 2378 617 in
2406 560 2860 633 subsequentibus
2879 555 3348 614 dissertationibus
3368 555 3564 610 nostris
3583 554 3652 610 de
3673 554 3775 609 iis-

2178 656 2297 711 dem
2328 654 2527 710 Christi
2556 663 2610 709 et
2652 652 3036 723 discipulorum
3066 651 3185 722 ejus
3224 647 3496 706 miraculis
3543 645 3773 705 dicenda

2180 759 2325 816 sunt,
2349 747 2524 804 adhuc
2548 746 2986 803 confutabuntur.

2803 884 3031 945 CAPUT
3069 884 3159 943 IV.

2180 1022 2558 1080 Examinanlur
2577 1025 2682 1078 alia
2700 1022 2910 1077 Arnobii
2924 1028 3243 1095 argumenta,
3261 1021 3443 1093 quibus
3468 1021 3776 1078 christiana!

2523 1116 2784 1189 religionis
2810 1117 3071 1171 veritatem
3096 1115 3428 1172 dentonstrat.

2701 1267 2989 1309 Αιιτιουιυε
3027 1266 3240 1308 Ριιιιιιιε.

2182 1390 2432 1451 Quomodo
2453 1393 2640 1440 veritas
2660 1390 2940 1440 christiana
2962 1388 3221 1451 religionis
3243 1387 3306 1437 ab
3330 1386 3547 1439 Arnohio
3569 1390 3778 1440 demon—

2242 1461 2432 1505 stretur
2454 1454 2728 1508 dirissimis.
2757 1462 2809 1503 et
2833 1450 3075 1502 hactenus
3087 1450 3317 1501 inauditis
3342 1463 3471 1513 pene
3497 1454 3779 1502 innumera-

2242 1517 2415 1565 bilimn
2440 1515 2699 1578 cujuslibet
2725 1527 2894 1571 sexus,
2918 1516 3094 1576 aetatis,
3126 1521 3176 1562 et
3199 1513 3493 1564 conditionis
3514 1521 3778 1578 martyrum

2241 1575 2513 1643 suppliciis.
2540 1578 2597 1628 ad
2624 1587 2900 1643 extremum
2920 1591 3077 1643 usque
3104 1578 3216 1643 vita:
3238 1579 3463 1640 Spiritum
3484 1590 3574 1642 pro
3596 1575 3781 1628 Christi

2243 1639 2555 1693 confessione
2579 1641 2977 1693 constantissime
3004 1639 3246 1697 toleratis.

486 1802 577 1857 rit.
611 1801 754 1872 Ergo
774 1800 842 1855 ab
857 1798 965 1854 alio
986 1797 1291 1854 constitutae
1312 1797 1543 1851 sunt.At
1568 1794 1658 1850 ille
1679 1795 1794 1863 ipse
1816 1791 2067 1852 estDeus.
2105 1792 2151 1852 B
2250 1786 2406 1843 Aliud
2436 1786 2503 1842 ad
2532 1785 2882 1843 asserendam
2909 1784 3219 1841 christiana;
3262 1783 3539 1855 religionis
3574 1787 3780 1843 verita-

485 1895 575 1967 qui
600 1895 717 1949 illas
738 1909 836 1965 pro
862 1892 1109 1954 arbitrio.
1126 1890 1473 1957 uti'diximus,
1497 1889 1778 1944 immutare
1800 1894 1995 1958 potest.
2010 1885 2078 1940 Et

484 2001 618 2043 vero
661 2001 753 2042 eas
783 1985 852 2041 ab
888 2000 954 2041 eo
993 1986 1303 2040 immutatas
1349 1982 1515 2039 fuisse
1557 1981 1908 2036 invictissime
1950 1994 2077 2047 pro-

485 2082 614 2138 bant
638 2089 716 2137 tot
745 2090 1000 2153 tantaque
1020 2079 1249 2142 Christi,
1277 2090 1439 2150 atque
1461 2078 1604 2133 illius
1626 2085 1951 2134 sectatorum
1980 2076 2079 2130 mi-

482 2173 688 2255 racula,
714 2190 855 2244 quae,
887 2174 963 2228 uti
987 2172 1236 2241 vidimus,
1261 2172 1540 2245 gentilium
1572 2188 1639 2228 ne
1666 2170 1881 2242 quidem
1909 2169 2074 2242 perti-

487 2268 767 2325 nacissimi
794 2284 992 2341 negare
1023 2276 1330 2340 potuerunt.

556 2363 666 2419 Sed
697 2362 1027 2419 recentiores
1057 2362 1292 2419 hzrretici
1312 2408 1327 2431 ,
1362 2363 1579 2418 nomine
1600 2370 1754 2417 tenus
1776 2360 2076 2424 christiani,

483 2470 548 2512 ac
577 2455 902 2526 quibuslibet
928 2454 1160 2512 ethnicis
1181 2455 1517 2518 audaciores,
1548 2454 1748 2508 instant
1769 2452 1944 2509 adhuc
1964 2454 2081 2508 vul-

482 2566 665 2625 garem
694 2550 829 2606 hanc
856 2550 924 2607 de
959 2549 1154 2606 Christi
1186 2548 1457 2605 miraculis
1494 2548 1800 2619 opinionem
1832 2546 1956 2602 inde
1983 2560 2077 2601 or-

484 2654 615 2712 tam,
648 2643 789 2720 quod
818 2643 997 2715 pepuli
1042 2658 1217 2715 neque
1254 2657 1443 2698 omnes
1474 2640 1689 2695 illorum
1719 2640 2078 2697 circumSIano

482 2737 616 2804 tias,
650 2753 824 2809 neque
869 2752 1049 2793 veram
1083 2751 1271 2793 eorum
1306 2750 1520 2791 causam
1567 2743 1927 2806 agnoscentes
1953 2776 1969 2801 ,
2016 2749 2077 2788 ea

480 2845 641 2901 supra
686 2840 889 2885 natum
930 2829 1174 2886 ordinem
1216 2829 1352 2885 facta
1387 2843 1510 2884 esse
1551 2828 1917 2883 crediderunt.
1966 2827 2071 2884 Sed

482 2939 676 2995 magna
704 2925 820 2980 haec
847 2934 1008 2996 atque
1032 2923 1498 2995 impudentissima
1522 2923 1887 2993 improborum
1909 2921 2085 2978 homi-

484 3033 611 3074 num
654 3018 931 3074 mendacia
959 3027 1106 3073 sunt.
1141 3017 1273 3073 Nam
1322 3016 1538 3072 illorum
1568 3017 1842 3081 omnium,
1873 3032 1993 3087 qua:
2025 3017 2079 3071 in

483 3112 771 3183 Scripturis
800 3113 998 3179 sacris,
1032 3121 1088 3167 et
1130 3112 1197 3167 ab
1240 3110 1478 3166 Arnobio
1524 3120 1712 3165 nostro
1751 3108 2079 3177 referuntur,

2181 1890 2287 1937 tem
2327 1892 2697 1953 argumentum
2740 1879 2887 1935 ducit
2915 1878 3187 1935 Arnobius
3212 1894 3278 1934 ex
3307 1878 3584 1949 suppliciis
3605 1920 3621 1946 ,
3656 1893 3779 1952 qua}

2181 1989 2278 2045 pro
2302 1974 2444 2028 illius
2463 1973 2777 2029 defensione
2800 1971 3067 2027 innumeri
3092 1979 3355 2044 martyres
3375 1970 3619 2041 cujusvis
3643 1987 3778 2028 con-

2181 2067 2417 2135 ditionis,
2437 2068 2630 2131 aetatis,
2651 2077 2704 2123 et
2726 2081 2889 2122 sexus
2907 2064 2976 2121 ad
2999 2073 3297 2123 extremum
3322 2080 3491 2138 usque
3505 2065 3776 2136 spiritum,

2181 2170 2236 2217 et
2280 2171 2503 2217 mortem
2559 2160 2988 2217 crudelissimam
3044 2159 3485 2216 constantissime
3532 2162 3778 2232 perpessi

2183 2264 2326 2311 sunt.
2354 2255 2484 2323 Qua:
2509 2271 2662 2322 vero,
2685 2266 3011 2326 quantaque.
3043 2262 3100 2310 et
3129 2268 3287 2324 quam
3316 2252 3588 2309 horrenda
3616 2263 3778 2327 atque

2184 2348 2436 2404 immania
2478 2348 2677 2404 fuerint
2724 2348 2838 2403 haec
2880 2348 3174 2421 supplicia,
3205 2347 3273 2403 ab
3305 2347 3544 2404 Arnobio
3590 2359 3779 2407 nostro

2182 2442 2359 2498 discas
2400 2442 2581 2498 velim.
2635 2443 2726 2499 Sic
2763 2451 2943 2497 autem
2991 2441 3084 2497 ille
3118 2441 3375 2497 Etltnicos
3425 2442 3598 2513 palam
3645 2443 3783 2498 allo-

2184 2534 2419 2606 quendo,
2446 2550 2507 2589 ea
2538 2534 2791 2604 exponit,
2825 2544 2884 2588 ut
2926 2548 3087 2589 nemo
3116 2532 3286 2604 possit
3319 2532 3476 2589 fidem
3517 2534 3568 2590 ei
3611 2534 3777 2591 dero—

2183 2643 2348 2700 gare:
2378 2647 2396 2680 ‹
2431 2627 2543 2683 Vos
2568 2628 2701 2697 ipsi,
2744 2648 2764 2681 ι
2797 2628 2960 2700 inquit
2994 2630 3235 2702 (Arnob.,
3269 2629 3358 2684 lib.
3390 2646 3429 2694 t,
3462 2647 3580 2704 pag.
3612 2631 3701 2698 ll,
3731 2630 3779 2686 εἳ

2186 2722 2275 2777 lib.
2306 2738 2378 2788 tv,
2409 2739 2531 2793 pag.
2566 2722 2713 2793 158),
2750 2741 2770 2773 ‹
2805 2737 2925 2777 cum
2953 2721 3117 2778 libido
3138 2723 3417 2777 incesserit
3438 2737 3602 2791 saeva,
3625 2724 3779 2779 exui—

2188 2816 2255 2870 tis
2287 2830 2383 2870 nos
2411 2815 2586 2882 bonis,
2619 2815 2993 2871 exterminatis
3031 2815 3217 2886 patriis
3250 2813 3509 2881 sedibus,
3531 2815 3778 2888 irrogatis

2186 2907 2441 2978 supplicia
2468 2908 2733 2978 capitalia,
2767 2908 3050 2980 torquetis,
3082 2907 3406 2977 dilaceratis,
3439 2910 3684 2978 exuritis,
3715 2921 3771 2967 et

2186 3000 2252 3056 ad
2279 3010 2578 3057 extremum
2604 3018 2701 3057 nos
2728 3002 2853 3058 feris
2877 3010 2930 3058 et
2963 3002 3260 3059 helluarqu
3294 3003 3580 3060 laniatibus
3617 3005 3778 3076 obje-

2187 3096 2365 3150 Ctatis.
2404 3117 2422 3148 ι
2455 3096 2690 3152 Videsne
2726 3097 2940 3169 quantis
2980 3097 3342 3160 cruciatibus,
3373 3099 3635 3154 bonorum
3684 3115 3783 3155 ex-

484 3208 861 3265 miraculorum
891 3208 1116 3279 singula:
1141 3207 1581 3272 circumstantiae,
1615 3206 1865 3260 nimirum
1890 3247 1906 3271 ,
1938 3220 2076 3276 quae,

2195 3189 2523 3258 spoliatione.
2552 3190 2765 3255 exsilio,
2798 3190 3151 3247 distractione
3193 3190 3560 3246 membrorum
3585 3233 3600 3252 .
3633 3190 3779 3263 igne,

485 3317 516 3357 a
542 3318 671 3373 quo,
699 3301 936 3373 quando,
967 3299 1079 3366 ubi,
1101 3310 1157 3356 et
1186 3298 1457 3370 quomodo
1485 3298 1624 3354 facta
1647 3299 1775 3357 sint.
1801 3296 1937 3352 adeo
1959 3312 2082 3368 gra-

487 3394 643 3465 phice
682 3402 737 3448 et
777 3392 1058 3448 enucleate
1085 3402 1449 3461 exponuntur,
1487 3401 1545 3445 ut
1577 3390 1706 3444 nihil
1739 3390 1939 3445 clarius
1969 3391 2084 3445 evi-

486 3488 809 3554 dentiusque
834 3485 1127 3542 desiderari
1158 3486 1348 3556 possit.
1380 3488 1554 3556 Atque
1583 3493 1640 3538 ut
1664 3484 1890 3552 plurima
1921 3484 2083 3539 missa

488 3580 769 3647 faciamus,
796 3594 1177 3650 quorumnam,
1205 3593 1302 3632 oro
1334 3584 1404 3641 te,
1438 3576 1702 3632 factorum
1730 3581 2085 3632 circumstan-

491 3673 578 3728 tite
609 3673 815 3744 planius
856 3686 920 3726 ac
956 3669 1241 3725 dilucidius
1269 3669 1668 3735 describuntur,
1699 3686 1856 3740 quam
1898 3685 2085 3725 eorum

490 3764 906 3830 miraculorum,
951 3762 1145 3834 quibus
1183 3762 1427 3818 Christus
1462 3760 1723 3816 Lazarum
1766 3760 2007 3833 aliosque
2055 3777 2086 3816 a

492 3866 668 3913 morte
691 3856 758 3911 ad
788 3856 952 3910 vitam
985 3870 1291 3918 revocasse.
1324 3869 1387 3908 ac
1411 3854 1605 3925 quibus
1636 3862 1879 3923 negatam
1922 3868 1950 3907 a
1988 3868 2087 3908 na-

493 3957 611 4004 tura
662 3947 877 4002 videndi
924 3955 1245 4017 patestatem
1290 3944 1487 4001 fecisse
1530 3946 1818 4000 narratur?
1848 3948 1929 4000 Ad
1971 3944 2089 4001 haec

492 4055 653 4107 vero,
691 4056 873 4097 nonne
901 4040 1111 4095 Ethnici
1151 4054 1216 4095 ac
1249 4038 1459 4104 Judaei,
1490 4038 1749 4107 capitales
1777 4036 1979 4092 Christi
2028 4052 2089 4091 ac

493 4133 728 4189 fundata:
757 4134 825 4189 ab
854 4147 920 4188 eo
941 4132 1214 4203 religionis
1243 4130 1443 4187 inimici
1475 4130 1728 4197 maxima,
1764 4144 1866 4201 qua
1898 4139 2089 4201 ponte-

494 4235 639 4293 runt,
667 4225 937 4296 diligentia
965 4223 1302 4295 praescrutati
1343 4231 1489 4293 sunt,
1518 4238 1585 4277 an
1625 4222 1732 4277 ulla
1759 4222 1844 4277 vel
1871 4221 2089 4277 minima

497 4321 550 4375 in
579 4320 778 4375 Christi
801 4319 1293 4389 discipulorumque
1315 4318 1433 4387 ejus
1457 4317 1731 4372 miraculis
1755 4315 1969 4371 deesset
1988 4316 2091 4371 cir-

496 4410 841 4475 cumstantia,
870 4425 971 4480 qua
995 4409 1217 4472 fraudis,
1240 4419 1333 4464 aut
1360 4408 1475 4464 falsi
1505 4407 1707 4479 aliquid
1728 4410 1779 4462 in
1808 4409 1885 4463 eis
1907 4408 2092 4462 redar-

497 4520 663 4576 guere
692 4502 953 4573 possent?
980 4503 1051 4559 At
1077 4503 1321 4574 quamvis
1363 4502 1499 4558 nulli
1534 4517 1716 4573 opera:
1745 4512 1798 4557 et
1826 4501 1996 4556 labori
2023 4501 2089 4556 ad

2188 3281 2454 3349 ﬂammis,
2503 3281 2735 3337 ferarum
2784 3298 2847 3337 ac
2892 3282 3189 3337 belluarutn
3237 3283 3521 3340 lanialibns
3576 3283 3777 3340 ethnici

2187 3372 2510 3429 christianos
2552 3374 2615 3428 ad
2665 3375 2976 3445 ejurandam
3021 3391 3170 3431 suam
3218 3376 3532 3447 religionem
3581 3392 3777 3448 cogere

2188 3468 2546 3540 nequidquam
2577 3470 2871 3525 tentabant.
2902 3470 3264 3541 Quamobrem
3299 3470 3390 3526 ille
3412 3471 3519 3526 alio
3545 3472 3597 3527 in
3635 3471 3775 3527 libro

2188 3560 2278 3617 ubi
2306 3561 2638 3617 ethnicorum
2668 3577 2817 3618 sacra
2851 3563 3108 3635 exagitat,
3151 3564 3202 3618 in
3233 3578 3329 3619 eos
3359 3563 3437 3618 sic
3468 3563 3739 3619 invehitur
3767 3584 3780 3622 :

2195 3674 2213 3708 ι
2249 3656 2327 3710 Ad
2358 3656 2593 3712 haeccine
2622 3673 2774 3712 sacra
2817 3656 3068 3724 flammis,
3100 3657 3295 3724 exiliis,
3323 3657 3598 3720 caedibus,
3626 3667 3786 3729 atque

2190 3750 2394 3821 reliquo
2420 3767 2618 3821 genere
2658 3751 3040 3823 suppliciorum
3070 3751 3416 3816 compellitis,
3452 3762 3507 3807 et
3542 3752 3785 3807 crudeli-

2190 3844 2315 3899 tatis
2346 3856 2488 3899 melu
2521 3845 2757 3916 (Arnob.,
2792 3846 2878 3900 lib.
2902 3862 2959 3911 v,
2994 3863 3114 3917 pag.
3136 3843 3302 3918 177)?
3331 3865 3349 3898 ι
3375 3845 3633 3917 Intelligis
3654 3861 3788 3904 sane

2191 3934 2277 3990 bis
2320 3935 2497 3991 verbis
2525 3978 2539 4001 ,
2588 3938 2783 4009 reliquo
2831 3954 3015 4008 genere
3079 3938 3485 4009 suppliciorum,
3532 3938 3792 4008 quaelibet

2189 4028 2352 4084 etiam
2384 4029 2736 4093 atrocissima,
2768 4046 2886 4099 qua:
2915 4030 3243 4087 incredibilis
3269 4029 3607 4086 ethnicorum
3631 4071 3645 4094 ,
3672 4046 3777 4088 seu

2192 4125 2372 4195 potius
2401 4123 2731 4190 daemonum,
2760 4123 2949 4179 feritas
2969 4132 3025 4178 et
3052 4124 3230 4180 rabies
3261 4125 3566 4195 excogitare
3594 4124 3788 4195 potuit,

2192 4218 2576 4289 suppliciorum
2627 4235 2824 4288 genera
2869 4218 3278 4290 comprehendi.
3313 4218 3419 4275 Sed
3447 4219 3576 4291 quid
3621 4221 3796 4276 inter-

2194 4313 2496 4382 pretatione
2526 4327 2663 4381 Opus
2689 4321 2793 4377 est,
2819 4312 2906 4366 ubi
2937 4310 3054 4366 llch
3080 4327 3266 4382 aperte
3296 4312 3364 4365 ab
3396 4311 3487 4366 illo
3515 4310 3796 4382 explican-

2196 4414 2328 4463 tur:
2370 4424 2389 4456 ι
2422 4404 2646 4470 Studiis,
2691 4426 2710 4458 ι
2742 4406 2934 4476 inquit,
2976 4424 2996 4458 ι
3035 4406 3212 4461 facere
3248 4404 3375 4476 quid
3420 4400 3795 4474 pervicacibus

2196 4498 2522 4569 possumus?
2546 4498 2684 4568 Quid
2718 4498 3111 4554 intentantibus
3138 4497 3370 4569 gladios,
3400 4512 3672 4568 novasque
3695 4514 3792 4553 ex-

498 4597 551 4655 id
581 4595 1013 4667 investigandum
1039 4597 1398 4668 pepercerint,
1423 4596 1556 4651 nihil
1580 4607 1756 4650 tamen
1781 4595 1922 4666 quod
1951 4596 2091 4650 veris
2118 4601 2174 4662 1)
2196 4591 2551 4661 cOgitantibns
2578 4590 2799 4661 positas?
2828 4609 2846 4642 ι
2885 4589 3111 4662 (Idem,
3143 4589 3233 4644 lib.
3258 4604 3335 4655 vn,
3364 4606 3483 4659 pag.
3514 4586 3663 4655 197.)
3687 4588 3796 4645 Eas

498 4691 774 4748 miraculis
803 4691 888 4746 vel
928 4692 1206 4746 minimum
1243 4691 1488 4756 deesset,
1535 4689 1942 4761 deprehendere
1972 4704 2092 4744 um-

498 4799 656 4856 quam
697 4786 999 4838 valuerunt.
1034 4782 1145 4838 Nec
1173 4783 1351 4839 minus
1389 4783 1806 4838 christianorum
1840 4783 2096 4838 intererat

500 4876 755 4948 indagare
780 4891 970 4931 omnes
999 4884 1053 4930 et
1079 4874 1317 4946 singulas
1342 4873 1533 4929 borum
1578 4874 1954 4931 miraculorum
1985 4874 2095 4929 cir-

499 4970 873 5035 cumstantias,
904 4969 1100 5040 quibus
1140 4968 1207 5023 ad
1237 4967 1581 5038 rejiciendam
1615 4978 1822 5038 patrum
1851 4984 2092 5034 suorum,

501 5072 556 5119 et
582 5064 951 5133 profitendam,
976 5064 1052 5120 uti
1078 5064 1331 5131 diximus,
1360 5065 1516 5135 longe
1545 5065 1818 5121 duriorem
1846 5065 2098 5120 ebriStia-

503 5171 692 5210 norum
716 5156 1027 5226 religionem
1050 5157 1265 5213 adducti
1289 5167 1433 5213 sunt.
1458 5159 1572 5227 Qua
1598 5174 1728 5230 ergo
1750 5159 1927 5215 fronte
1950 5159 2099 5230 impii

506 5247 750 5303 homines
779 5259 896 5316 post
921 5259 1000 5306 tot
1027 5251 1219 5307 saecula
1248 5250 1448 5306 audent
1475 5251 1712 5321 objicere
1743 5266 1846 5307 non
1878 5267 2098 5322 perspe-

505 5355 620 5401 ctas
662 5344 729 5401 ab
772 5346 1123 5416 iis,quorum
1170 5348 1301 5404 nihil
1336 5364 1586 5420 umquam
1631 5350 1798 5420 magis
1844 5352 2101 5407 interesse

506 5449 736 5512 poterat,
770 5439 981 5495 illorum
1024 5444 1405 5499 miraculorum
1448 5445 1911 5512 circumstantias,
1944 5458 2103 5519 atque

507 5531 806 5589 incredibili
832 5547 1048 5604 prorsus
1070 5536 1406 5601 credulitate,
1441 5537 1504 5592 iis
1523 5553 1808 5610 numquam
1833 5539 2105 5596 examina-

509 5627 599 5694 tis,
631 5626 941 5682 christiana:
979 5627 1226 5698 religioni
1260 5628 1401 5685 haud
1443 5631 1651 5688 incerto
1702 5632 1824 5687 vita:
1865 5632 2103 5703 periculo

508 5731 663 5773 suum
682 5720 925 5790 protinus
950 5718 1164 5775 dedisse
1191 5721 1421 5776 nomen?
1446 5721 1554 5778 Sed
1582 5722 1633 5777 in
1664 5720 1972 5778 refellendis
1995 5732 2100 5777 tam

509 5812 756 5868 absurdis
776 5814 1091 5885 opinionum
1114 5814 1438 5870 commentis
1468 5813 1672 5870 diutius
1688 5813 1910 5880 morari,
1929 5813 2102 5870 homi-

2199 4686 2340 4742 haud
2364 4686 2522 4742 dubie
2548 4702 2755 4758 poenas,
2780 4701 2912 4757 quas
2938 4685 3113 4740 nullus
3137 4684 3480 4756 quantutnvis
3507 4682 3790 4749 barbarus,

2197 4797 2261 4837 ac
2291 4782 2457 4849 ferus,
2486 4784 2768 4853 omnisque
2805 4780 3153 4836 humanitatis
3187 4794 3384 4850 expers
3412 4777 3578 4835 homo
3607 4778 3795 4835 hacte-

2200 4891 2301 4931 nus
2325 4876 2629 4947 excogitare
2657 4887 2711 4929 et
2742 4875 2945 4946 lingere
2976 4882 3245 4945 potuerat.
3662 4888 3667 4895 ·

2293 4969 2476 5042 Neque
2526 4986 2649 5025 raro
2709 4970 2960 5041 quidem,
3012 4967 3107 5023 sed
3159 4967 3458 5037 saepissime
3506 4966 3798 5023 dirissimis

2199 5066 2530 5137 ejuscemodi
2567 5066 2893 5122 cruciatibus
2944 5074 3203 5127 vexatos,
3256 5070 3580 5132 necatosqne
3630 5060 3799 5118 fuisse

2201 5162 2527 5219 christianos
2555 5160 2640 5216 bis
2685 5169 2872 5215 auctor
2919 5167 3103 5214 noster
3153 5156 3292 5211 haud
3332 5156 3577 5212 obscuris
3616 5156 3804 5213 verbis

2201 5254 2469 5326 significat
2497 5271 2511 5308 :
2553 5273 2571 5306 ι
2609 5254 2662 5308 Si
2697 5251 2922 5308 totidem
2951 5267 3050 5306 nos
3083 5250 3278 5316 modis,
3309 5250 3637 5320 totidemque
3666 5262 3800 5303 sen-

2202 5348 2404 5413 tentiis,
2439 5366 2459 5399 ›
2493 5357 2653 5418 atque
2682 5348 2898 5417 ipsimet
2924 5345 3160 5413 Ethnici,
3194 5364 3213 5397 ί
3240 5344 3464 5400 deorum
3495 5352 3801 5399 vestrorum

2206 5439 2590 5495 subrueremus
2630 5440 2821 5505 fidem;
2852 5437 2985 5492 nulli
3023 5447 3165 5492 esset
3202 5435 3421 5489 dubium
3459 5433 3588 5504 quin
3632 5435 3714 5489 ira
3746 5446 3807 5489 et

2207 5533 2356 5588 rabie
2400 5531 2689 5595 concitati,
2722 5532 2908 5600 ignes,
2958 5530 3096 5586 feras
3128 5538 3184 5584 et
3226 5527 3459 5599 gladios,
3487 5536 3651 5596 atque
3694 5527 3807 5583 alia

2205 5625 2548 5698 postularetis
2573 5624 2960 5695 sitppliciorutn
2986 5624 3037 5678 in
3070 5639 3167 5677 nos
3191 5636 3410 5693 genera,
3439 5618 3638 5689 quibus
3653 5618 3806 5673 sitim

2204 5719 2392 5774 soletis
2408 5728 2640 5774 vestram
2659 5717 2829 5773 nostri
2846 5716 3121 5786 sanguinis
3139 5712 3469 5786 appetitione
3493 5709 3750 5781 proluere
3781 5730 3803 5764 ι

2202 5812 2437 5888 (Idem,
2466 5814 2555 5869 lib.
2592 5829 2671 5881 ιιι,
2699 5830 2820 5883 pag.
2855 5809 3039 5874 lilii).
