3990 6072
192 79 298 137 417

1468 72 1536 134 lN
1566 67 1945 142 AllNOBlUM,
1987 66 2139 131 CAP.
2179 72 2266 131 IV.

3378 76 3482 133 418

265 198 346 254 Ex
388 196 491 253 hoc
531 204 711 254 autem
753 196 839 253 vel
876 196 996 254 solo
1024 194 1244 252 Arnobii
1277 194 1445 254 nostri
1477 192 1781 250 testimonio
1810 200 1859 260 Α
1890 189 2029 255 Deo,
2059 207 2244 248 eorum
2275 199 2449 247 tantas
2478 193 2782 250 animorum
2814 192 2930 249 ﬁeri
2966 192 3391 259 conversiones;
3423 201 3484 248 ut

192 290 350 347 facile
399 290 623 362 colliges
674 301 874 361 quanta
929 290 1088 345 fuerit
1137 289 1279 343 illius
1321 286 1495 342 adlme
1544 297 1785 357 tempore

192 396 497 457 martyrum
538 383 846 440 multitudo.
878 383 1031 453 Quod
1081 382 1294 452 quidem
1336 380 1458 437 ideo
1488 380 1661 435 obiter
1689 396 1785 433 no-

192 486 395 544 tamus,
427 488 485 534 ιιι
511 495 669 548 quam
700 477 837 533 falsa
866 478 936 533 sit
962 477 1030 533 de
1064 491 1250 533 eorum
1293 476 1563 548 paucitate
1601 474 1784 545 opinio

190 585 388 627 omnes
419 571 733 642 intelligant.

265 663 378 719 Sed
418 663 643 736 agedum
666 705 682 730 ,
711 672 872 734 atque
894 662 1189 719 Aruobium
1220 671 1461 718 nostrum
1487 660 1664 717 adhuc
1690 676 1782 715 au-

188 755 435 823 diamus,
484 756 554 812 de
581 756 874 827 cujuslibet
920 756 1276 823 conditionis,
1308 755 1479 810 aetatis
1522 770 1587 810 ac
1624 769 1784 809 sexus

188 849 520 922 martyribus
566 849 963 906 disserentem:
1014 869 1032 902 ι
1068 850 1149 907 Ab
1191 849 1423 906 dominis
1449 890 1464 914 ,
1501 867 1520 900 ι
1573 847 1648 902 ait
1669 846 1786 916 ,ille

190 943 242 1015 (1
251 944 412 1011 dem.,
437 943 529 1000 (rb.
551 960 611 1009 ιι,
636 961 757 1015 pag.
783 945 854 1000 64
874 954 921 998 et
947 941 1131 1016 seqq.),
1158 962 1177 995 ι
1206 958 1266 1003 se
1291 943 1434 999 servi
1459 939 1786 997 cruciatibus

188 1037 337 1095 afﬁci
358 1080 374 1104 ,
400 1040 597 1110 quibus
626 1039 932 1107 statuerint,
961 1039 1187 1105 malunt,
1226 1036 1363 1093 solvi
1389 1037 1647 1107 conjuges
1672 1049 1786 1088 ma-

191 1130 485 1200 trimoniis,
504 1130 841 1187 exlneredari
862 1147 892 1186 a
912 1130 1226 1203 parentibus
1248 1129 1424 1197 liberi,
1442 1145 1599 1200 quam
1624 1127 1785 1184 fidem

188 1239 445 1295 rumpere
473 1223 843 1292 christiauam,
863 1235 918 1279 et
940 1223 1193 1279 salutaris
1218 1222 1422 1278 militiae
1449 1228 1785 1279 sacramenta

188 1316 487 1387 deponere.
528 1335 547 1369 ρ
581 1316 811 1372 Tantum
857 1327 1036 1372 autem
1081 1314 1263 1381 abest,
1295 1324 1353 1369 ut
1396 1322 1477 1369 tot
1522 1314 1787 1384 tantisque

186 1410 517 1467 cruciatibus
541 1410 746 1466 ethnici
772 1409 1188 1466 christianorum
1238 1408 1397 1463 fidem
1427 1406 1785 1463 labefactave-

184 1505 329 1569 rint;
356 1505 482 1575 quin
514 1505 689 1576 potius
730 1504 820 1560 illa
851 1503 1068 1560 altiores
1091 1518 1324 1574 semper,
1353 1502 1593 1557 Arnobio
1624 1509 1779 1567 teste,

1888 298 2010 337 cum
2053 284 2368 352 carnifices,
2421 285 2576 353 unci,
2627 285 2823 356 aliique
2874 285 3142 340 innumeri
3188 284 3479 350 cruciatus,

1888 376 2339 447 quemadmodum
2368 377 2620 442 diximus,
2652 377 2999 448 impendeant
3034 376 3323 433 creditoris
3343 418 3358 440 ,
3386 391 3481 430 ve-

1886 468 1979 521 lttti
2046 469 2276 539 quadam
2334 469 2655 535 dulcedine,
2717 480 2876 541 atque
2932 468 3169 524 omnium
3227 468 3481 522 virtutum

1885 574 2072 614 amore
2114 561 2379 631 correpti,
2412 562 2654 632 cognitas
2697 560 2963 631 accipiant
3008 559 3277 626 rationes,
3319 569 3481 628 atque

1888 653 2072 708 mundi
2100 654 2350 709 euntibus
2378 654 2540 710 rebus
2571 663 2883 725 prmponant
2906 653 3170 709 amicitias
3190 650 3430 707 Christi?
3457 672 3477 702 ι

1887 744 2024 813 Tot,
2057 747 2147 806 ille
2175 754 2284 816 ait,
2316 760 2529 821 tamque
2558 749 2770 805 diversa
2799 747 3337 821 exquisitissimarum
3362 786 3377 813 ,
3420 758 3485 800 ac

1886 841 2059 898 ferme
2109 844 2507 901 incredibilium
2558 860 2838 915 poenarum
2884 858 3112 914 genera,
3145 841 3211 897 ab
3252 839 3483 896 infirmis

1887 935 2131 1008 adeoque
2161 935 2366 1008 fragilis
2395 948 2602 994 naturae
2630 936 2761 993 viris
2791 948 2845 992 et
2874 934 3194 991 mulieribus
3241 931 3440 987 tamdiu
3464 971 3480 998 ,

1890 1041 2143 1098 tantaque
2160 1035 2327 1089 animi
2345 1032 2681 1099 fortitudine,
2702 1032 2885 1089 divino
2904 1032 3025 1087 sine
3037 1027 3239 1085 auxilio
3262 1025 3482 1083 tolerari

1887 1142 1994 1182 non
2024 1138 2331 1197 potuerunt.

1960 1220 2288 1293 Praeceptori
2311 1239 2410 1279 suo
2431 1223 2607 1279 adimo
2628 1221 2952 1292 suffragatur
2970 1220 3209 1291 proxime
3237 1215 3482 1273 laudatus

1887 1328 1916 1367 a
1947 1314 2101 1369 nobis
2142 1315 2453 1371 Lactantius
2487 1335 2499 1369 :
2536 1334 2555 1368 c
2590 1315 2721 1370 Nam
2745 1330 2867 1369 cum
2896 1312 3076 1368 videat
3098 1309 3286 1381 vulgus
3308 1350 3322 1373 ,
3354 1328 3374 1361 ι
3407 1308 3485 1362 ait

1889 1406 1999 1475 ille,
2039 1428 2059 1460 ‹
2097 1408 2383 1466 dilacerari
2416 1411 2662 1465 homines
2695 1408 2860 1464 variis
2889 1416 3282 1462 tormentorum
3312 1417 3480 1474 gene-

1886 1501 2056 1565 ribus.
2090 1512 2145 1558 et
2188 1503 2329 1558 inter
2377 1501 2627 1574 fatigatos
2672 1500 2955 1557 carnifices
3001 1499 3253 1554 invictam
3299 1507 3484 1553 tenere

184 1597 364 1668 gerit
389 1598 618 1667 radices,
649 1613 714 1655 ac
739 1597 946 1654 ﬁrmius
976 1598 1234 1664 stabilita,
1266 1613 1387 1653 cum
1414 1596 1605 1667 majori
1636 1611 1781 1651 mar-
1812 1605 1860 1664 Β
1887 1594 2222 1664 patientiam,
2255 1595 2567 1650 existimant
2608 1594 2661 1650 id
2702 1593 2844 1664 quod
2872 1609 2962 1649 res
2986 1600 3091 1659 est,
3123 1605 3223 1646 nec
3247 1603 3481 1645 consen-

184 1700 370 1763 tyrum
419 1709 677 1761 numero,
707 1695 876 1765 magis
915 1709 1135 1765 semper
1163 1692 1417 1749 creverit.
1445 1691 1784 1763 QuaprOpter

183 1783 335 1841 hunc
363 1786 452 1843 ille
479 1789 652 1859 pergit
678 1786 729 1841 in
760 1787 979 1843 modum
1006 1806 1019 1842 :
1057 1807 1075 1838 ε
1109 1787 1244 1843 Cum
1272 1801 1469 1858 genera
1501 1801 1782 1857 ptenarum

185 1885 342 1934 tanta
379 1880 482 1934 sint
514 1896 544 1935 a
574 1881 726 1935 vobis
754 1884 1030 1952 proposita
1061 1880 1337 1952 religionis
1368 1878 1527 1950 hujus
1555 1894 1782 1949 sequen-

183 1971 332 2027 tibus
361 1972 527 2043 leges,
557 1984 814 2044 augeatur
839 1988 929 2029 res
957 1972 1151 2044 magis,
1180 1984 1234 2029 et
1260 1980 1446 2028 contra
1469 1987 1659 2028 omnes
1684 1972 1783 2027 nti-

185 2083 311 2141 nas,
343 2078 505 2140 atque
531 2069 815 2125 interdicta
845 2068 1190 2124 formidinum
1234 2069 1530 2126 animosius
1556 2069 1780 2140 populus

184 2163 490 2231 obnitatur,
519 2175 576 2220 et
598 2165 665 2220 ad
695 2165 949 2222 credendi
989 2164 1225 2222 studium
1264 2164 1640 2238 prohibitionis
1679 2166 1778 2222 sti-

181 2259 350 2315 mulis
376 2260 656 2315 excitetur.
698 2279 717 2311 ι
753 2259 772 2327 (
793 2258 958 2327 Idem,
994 2278 1114 2332 pag.
1139 2258 1263 2333 45.)

256 2351 443 2424 Neque
466 2363 549 2409 est
577 2352 837 2422 profecto,
869 2354 1010 2424 quod
1040 2355 1161 2425 quis
1187 2356 1493 2428 suspicetur
1522 2356 1574 2411 id
1597 2356 1664 2414 ab
1684 2358 1779 2413 illo

180 2455 394 2501 temere
420 2454 476 2502 et
505 2445 644 2501 falso
669 2444 899 2513 dictum,
933 2457 1023 2502 aut
1056 2447 1216 2502 nimis
1237 2459 1635 2520 exaggeratum.
1659 2449 1777 2505 Non

176 2543 364 2597 minus
407 2540 606 2596 etenim
650 2540 951 2598 luculenter
980 2541 1343 2597 Tertulliauus
1377 2561 1390 2597 :
1427 2563 1446 2595 ι
1480 2543 1591 2600 Nec
1615 2544 1776 2616 quid-

176 2653 369 2709 quam,
402 2655 422 2690 ι
453 2637 547 2704 ait,
584 2656 602 2689 ι
638 2636 850 2706 prolicit
891 2637 1209 2708 exquisitior
1237 2654 1462 2709 quaeque
1487 2638 1776 2695 crudelitas

175 2740 401 2796 vestra;
431 2729 683 2786 illecebra
723 2740 806 2785 est
842 2731 1013 2802 magis
1055 2740 1239 2787 secta}.
1270 2731 1461 2788 Pturcs
1487 2732 1772 2802 efficimur,

172 2823 397 2896 quoties
422 2826 673 2880 metimur
697 2838 727 2877 a
749 2823 904 2880 vobis
925 2841 938 2878 :
958 2841 1144 2881 semen
1172 2835 1256 2882 est
1281 2827 1500 2897 sanguis
1527 2826 1776 2883 chrisna-

172 2934 497 2975 norum.....
538 2917 649 2975 Nec
690 2927 868 2974 tantos
910 2919 1189 2975 inveniunt
1217 2920 1377 2976 verba
1406 2930 1583 2975 vestra
1613 2919 1773 2975 disci-

1886 1701 2005 1743 sum
2034 1697 2143 1743 tam
2174 1688 2486 1754 multorum,
2519 1704 2620 1743 nec
2644 1686 3104 1758 perseverantiam
3137 1682 3479 1739 morientium

1885 1794 2077 1834 vanam
2105 1794 2251 1847 esse,
2271 1795 2373 1835 nec
2399 1780 2567 1850 ipsam
2593 1779 2908 1850 patientiam
2931 1777 3049 1833 sine
3075 1776 3185 1832 Deo
3211 1774 3483 1830 cruciatus

1886 1881 2065 1929 tantos
2112 1889 2271 1943 posse
2312 1876 2581 1929 sustinere
2617 1892 2636 1925 ›
2673 1871 2951 1943 (Lactant.
2974 1913 2990 1939 ,
3020 1869 3109 1924 lib.
3143 1885 3195 1939 v,
3238 1885 3354 1940 cap.
3389 1868 3478 1934 15,

1884 1982 2006 2037 pag.
2050 1965 2216 2047 495).
2267 1965 2431 2022 Vides
2460 1967 2641 2037 itaque
2670 1962 2837 2037 quam
2860 1963 3064 2019 diserte
3093 1962 3184 2018 ille
3213 1970 3337 2033 past
3375 1961 3475 2015 Ar-

1884 2061 2101 2117 nobium
2136 2068 2381 2118 nostrum
2404 2103 2418 2127 ,
2448 2076 2512 2116 ac
2540 2061 2762 2117 citatum
2791 2073 2820 2112 a
2852 2056 3006 2113 nobis
3031 2054 3162 2111 alibi
3190 2053 3477 2110 Minucium

1881 2151 2115 2209 Felicem
2146 2151 2410 2225 (Dissert.
2450 2153 2502 2207 in
2542 2151 2766 2215 Minue,
2798 2167 2914 2220 cap.
2942 2140 3022 2216 tvt,
3056 2158 3158 2203 art.
3182 2143 3295 2219 5.),
3326 2160 3475 2203 assc-

1881 2257 2033 2302 veret
2067 2247 2380 2318 inspiratam
2427 2246 2495 2301 ab
2541 2246 2775 2317 ipsemet
2823 2245 2933 2300 Deo
2979 2242 3128 2298 illam
3172 2241 3477 2298 mirabilem

1882 2354 2106 2409 prorsus
2149 2347 2448 2410 martyrum
2489 2337 2825 2408 patientiam.
2854 2336 3015 2404 Atqui
3051 2337 3188 2389 Dens
3217 2333 3355 2389 hanc
3391 2332 3478 2389 di-

1880 2433 2059 2489 vinam
2088 2448 2241 2488 suam
2273 2448 2454 2502 opem,
2488 2443 2542 2486 et
2577 2430 2837 2486 auxilium
2880 2428 3369 2485 extraordinarium
3412 2427 3479 2483 iis

1881 2530 2086 2576 tantum
2115 2520 2364 2586 confert,
2397 2517 2489 2589 qui
2514 2534 2643 2574 vero
2673 2518 2791 2589 ejus
2820 2516 3024 2583 cultui,
3066 2530 3318 2586 verteque
3344 2513 3475 2569 reli-

1878 2616 2025 2687 gioni
2076 2615 2367 2685 mancipati
2416 2623 2571 2680 sunt,
2613 2629 2720 2668 non
2760 2620 2940 2667 autem
2983 2609 3140 2675 aliis,
3187 2609 3278 2680 qui
3326 2608 3473 2664 illum

1877 2717 2162 2779 spernunt,
2196 2708 2489 2778 repellunt.
2514 2715 2571 2762 et
2594 2706 2643 2761 ei
2675 2721 2891 2774 semper
2916 2703 3297 2759 adversantur.
3326 2701 3475 2757 Alias

1877 2807 2155 2862 enimvero
2186 2804 2279 2861 ille
2318 2804 2418 2860 sibi
2462 2802 2563 2873 ipsi
2596 2801 2904 2858 contrarius
2934 2808 3098 2856 esset.
3130 2797 3471 2853 Christiano-

1877 2915 1995 2955 rum
2028 2915 2194 2970 ergo,
2233 2898 2359 2970 qui,
2397 2897 2505 2952 Deo
2549 2897 2879 2966 epitulante,
2910 2901 2991 2947 tot
3035 2900 3330 2963 tantaque,
3375 2906 3473 2962 pro

171 3016 368 3087 pulos,
407 3023 637 3085 quantos
677 3013 961 3071 christiani
1009 3013 1165 3069 factis
1209 3013 1472 3070 docendo.
1521 3013 1616 3068 Illa
1657 3014 1770 3083 ipsa
1799 3006 1845 3068 C
1877 2992 2074 3087 '“e‘lda
2120 3007 2233 3047 5"“?
2279 2990 2556 3061 τθιίείυιιῑε
2602 2986 2976 3087 Ρτοῖθδείοίὶθι
3013 2995 3118 3087 ι³¹ξ¹
3161 2994 3473 3041 εθηείθηῑοτ

169 3105 493 3172 obstinatio,
510 3122 668 3177 quam
691 3108 1053 3177 exprobratis,
1075 3108 1326 3179 magistra
1351 3116 1453 3163 est.
1477 3107 1607 3176 Quis
1627 3108 1768 3163 enim

169 3217 283 3257 non
314 3200 773 3271 contemplatione
799 3201 917 3268 ejus
944 3201 1249 3259 concutitur
1284 3201 1353 3257 ad
1388 3200 1768 3273 requirendum

167 3295 305 3366 quid
334 3295 476 3349 intus
499 3296 551 3350 in
575 3310 633 3351 re
658 3294 912 3362 sit?Quis
936 3312 1066 3363 non,
1087 3295 1177 3351 ubi
1205 3294 1501 3366 requisivit,
1531 3296 1766 3363 accedit;

167 3389 265 3444 ubi
315 3391 576 3455 accessit,
632 3389 741 3460 pati
789 3397 1010 3460 exoptat
1059 3388 1426 3462 (Tertullian.,
1473 3390 1767 3464 Apologet.,

167 3498 292 3551 cap.
317 3479 475 3553 50.)?
494 3480 665 3538 Nemo
693 3493 870 3538 autem
898 3482 951 3538 id
984 3483 1107 3553 ipsi,
1142 3499 1329 3555 parum
1357 3493 1559 3540 attenta
1590 3496 1770 3542 tuente

165 3575 474 3643 scribenti,
522 3576 786 3634 excidisse
833 3586 1004 3649 putet.
1050 3576 1170 3632 Alio
1218 3577 1479 3649 siquidem
1527 3578 1580 3633 in
1633 3578 1769 3634 libro

166 3670 364 3727 eadem
395 3673 591 3742 repetit
618 3690 631 3726 :
666 3689 685 3723 ι
717 3670 828 3728 Nec
854 3672 1068 3728 deficiet
1106 3671 1220 3728 haec
1259 3683 1428 3741 secta,
1455 3688 1613 3742 quam
1646 3682 1770 3728 tunc

164 3768 349 3836 magis
398 3767 650 3822 aedificari
698 3768 859 3833 scias,
906 3784 1029 3824 cum
1076 3767 1210 3825 ca'di
1259 3766 1489 3824 videtur.
1535 3769 1770 3840 Quisque

164 3860 317 3917 enim
353 3869 553 3915 tantam
583 3861 921 3917 tolerantiam
953 3873 1227 3932 spectans,
1246 3870 1303 3916 ut
1322 3861 1500 3931 aliquo
1518 3862 1771 3931 scrupulo

166 3968 491 4026 percussus,
519 3964 570 4009 et
602 3955 871 4025 inquirere
911 3953 1220 4011 accenditur
1254 3954 1381 4026 quid
1407 3955 1477 4009 sit
1504 3956 1556 4008 iu
1586 3970 1768 4023 causa,

166 4060 228 4106 et
251 4048 350 4105 ubi
378 4050 692 4119 cognoverit
721 4048 1025 4113 veritatem,
1046 4060 1099 4103 et
1120 4048 1236 4119 ipse
1257 4048 1434 4103 statim
1456 4050 1718 4119 sequitur.
1746 4067 1765 4099 ι

171 4142 418 4214 (Idem.,
454 4140 572 4196 libr.
600 4142 669 4196 ad
698 4142 938 4214 Scapul..
970 4160 1087 4215 cap.
1117 4142 1205 4216 5).
1238 4141 1343 4199 Sed
1375 4137 1442 4198 de
1471 4143 1553 4199 his
1582 4143 1770 4209 fusius,

168 4238 267 4293 ubi
292 4236 365 4293 de
396 4248 625 4309 utroque
653 4238 744 4292 illo
773 4236 1090 4308 Tertulliani
1120 4237 1290 4303 libro,
1320 4236 1733 4309 disputabimus.

248 4331 453 4388 Eadem
483 4331 950 4404 argumentatioite
978 4342 1032 4387 et
1061 4330 1171 4385 Leo
1196 4329 1437 4402 Magnus,
1471 4339 1523 4384 et
1553 4330 1641 4385 alii
1675 4345 1774 4385 no-

1872 3085 2016 3155 passi
2048 3094 2193 3150 sunt,
2224 3098 2385 3139 verus
2415 3091 2709 3153 gratusque
2735 3090 2850 3136 erat
2884 3080 2993 3136 Deo
3023 3077 3222 3146 cultus,
3250 3092 3313 3133 ac
3343 3093 3469 3133 vera

1872 3176 2034 3232 etiam
2058 3191 2269 3241 eorum,
2286 3174 2744 3248 quemadmodum
2763 3171 2899 3231 falsa
2915 3170 3260 3229 ethnicorum
3279 3170 3470 3242 religio

1872 3284 1994 3326 esse
2019 3269 2275 3326 debebat.

2480 3418 2770 3461 ARTICULUS
2808 3419 2865 3460 ll.

1873 3538 2122 3598 Quomodo
2147 3537 2392 3601 Arnobius
2414 3538 2690 3589 christiana:
2732 3538 2988 3601 religionis
3011 3537 3273 3590 veritatem
3310 3538 3470 3590 adhuc

1934 3602 2151 3652 vindicet.
2191 3615 2254 3651 ex
2293 3599 2426 3651 illius
2460 3601 2682 3651 doctrina
2703 3636 2718 3660 ,
2753 3604 2816 3651 ab
2833 3599 3125 3653 innumeris
3158 3602 3467 3663 hominibus,

1932 3665 2135 3727 deorum
2160 3664 2313 3714 cultui
2337 3664 2560 3725 addictis,
2587 3677 2680 3727 per
2713 3672 2872 3715 totum
2911 3672 3155 3714 terrarum
3177 3668 3349 3718 orbem
3381 3680 3469 3717 ce-

1934 3722 2137 3776 lerrime
2164 3733 2415 3790 suscepta.

1943 3855 2241 3913 Veritatem
2289 3856 2600 3912 christiana:
2645 3856 2927 3928 religionis
2978 3858 3251 3915 Arnobius
3298 3858 3458 3913 tertio

1873 3959 2213 4021 argumento,
2245 3964 2311 4005 ex
2343 3950 2511 4020 ipsius
2548 3948 2792 4005 doctrina
2811 3990 2826 4018 ,
2857 3965 2920 4005 ac
2942 3950 3342 4021 promptissima
3370 3951 3469 4005 mi-

1875 4058 2042 4114 raque
2069 4042 2215 4099 illius
2241 4059 2335 4113 per
2361 4044 2642 4099 universas
2671 4044 2821 4099 orbis
2851 4051 3008 4099 terra:
3029 4054 3210 4114 partes
3229 4086 3243 4113 ,
3275 4061 3468 4116 propa-

1875 4137 2091 4209 gatione
2109 4137 2300 4207 petito,
2320 4137 2749 4193 luculentissime
2772 4136 3129 4193 demonstrat.
3147 4138 3279 4206 Quae
3298 4138 3463 4206 enim,

1819 4213 1837 4231 ’
1876 4229 1953 4284 ait
1978 4229 2101 4293 ille,
2133 4239 2216 4284 est
2241 4229 2360 4302 ejus
2388 4228 2632 4284 doctrina
2652 4232 2677 4283 ’ἔ
2708 4232 2874 4287 Docet
2900 4246 3064 4286 unum
3095 4232 3469 4288 tantummodo

1877 4338 1998 4379 esse
2024 4324 2214 4390 Deum,
2244 4323 2495 4396 huncque
2520 4339 2791 4380 summum
2817 4341 2998 4381 rerum
3025 4326 3267 4381 omnium
3293 4325 3469 4382 domi-

171 4426 277 4483 stri
338 4426 632 4497 scriptores
677 4426 987 4482 christianaa
1031 4424 1306 4495 religionis
1346 4422 1657 4490 veritatem,
1701 4424 1775 4479 uti
1804 4416 2009 4477 Dnum
2044 4426 2100 4474 et
2137 4417 2435 4489 principem
2460 4461 2475 4486 ,
2519 4426 2681 4490 atque
2725 4417 2932 4475 idcirco
2972 4419 3141 4474 nostri
3189 4418 3471 4474 dumtaxat

172 4536 345 4577 nemo
411 4521 620 4585 nescit,
675 4517 1078 4575 evidentissime
1134 4518 1571 4573 demonstrarunt
1624 4515 1772 4586 (Leo

174 4612 559 4685 Hagn.,serm.
580 4612 696 4678 t,de
713 4610 818 4668 SS.
839 4610 983 4667 Petr.
1004 4620 1049 4666 et
1080 4608 1297 4682 Paul.).
1327 4609 1399 4665 At
1428 4625 1536 4680 pra:
1562 4610 1774 4666 caeteris

174 4707 526 4773 Laetantius,
578 4706 801 4763 Aruobii
847 4706 1017 4761 nostri
1063 4705 1390 4776 discipulus,
1423 4719 1542 4759 eam
1587 4714 1773 4760 contra

175 4800 446 4858 Ethnicos
477 4809 730 4871 urget,ac
758 4799 1003 4870 quaedam
1034 4797 1344 4855 corumdem
1374 4796 1651 4869 gentilium
1679 4799 1775 4854 ob-

172 4895 349 4967 jecta,
380 4896 573 4963 quibus
603 4894 744 4949 illius
770 4893 876 4948 vim
906 4902 963 4947 et
986 4893 1151 4947 robur
1189 4892 1462 4948 infirmare
1499 4891 1773 4947 conaban-

178 4998 303 5051 tur,
339 4986 523 5053 diluit,
549 5001 614 5042 ac
642 4983 1095 5057 quemadmodum
1138 5000 1238 5041 suo
1278 4985 1398 5041 loco
1437 4985 1776 5051 videbimus,

179 5082 400 5154 penitus
428 5079 1009 5152 subvertit(Lactant.,
1044 5080 1133 5134 lib.
1165 5096 1221 5146 v,
1253 5079 1316 5134 de
1346 5078 1500 5148 ιηδι.,
1532 5096 1649 5152 cap.
1683 5081 1771 5147 15,

178 5193 312 5249 pag.
342 5175 471 5242 «494,
499 5186 547 5230 et
572 5192 688 5245 cap.
725 5175 811 5238 19,
841 5193 962 5248 pag.
994 5172 1169 5247 518.).

254 5269 413 5326 Nunc
431 5272 610 5343 itaque
626 5287 784 5341 quam
801 5270 1202 5326 conclusionem
1228 5268 1350 5326 inde
1376 5270 1556 5326 eliciat
1576 5272 1779 5327 Auctor

179 5373 396 5428 noster,
429 5364 475 5420 si
508 5365 675 5432 lubet,
708 5364 1075 5436 expendamus
1106 5383 1118 5419 :
1155 5384 1174 5417 ‹
1207 5363 1511 5436 Numquid,
1550 5386 1568 5418 ι
1608 5366 1781 5435 inquit

179 5459 201 5529 (
220 5456 447 5525 Arnob.,
474 5456 564 5511 lib.
591 5474 649 5521 ιι,
679 5475 796 5531 pag.
827 5458 957 5528 45),
1018 5476 1037 5509 ι
1071 5457 1187 5512 haec
1214 5456 1331 5514 fieri
1360 5456 1558 5528 passim
1585 5465 1641 5513 et
1662 5457 1778 5512 ina-

180 5550 338 5607 nitcr
366 5548 617 5605 creditis?
643 5549 904 5607 Fortuitis
939 5549 1242 5625 incursibus
1278 5552 1481 5606 assumi
1510 5549 1610 5606 has
1630 5566 1782 5607 men-

183 5645 307 5706 tes?
337 5643 490 5704 Itaue
518 5644 657 5706 istud
683 5661 794 5718 non
816 5645 1062 5706 divinum
1089 5658 1145 5704 et
1167 5660 1380 5704 sacrum
1409 5656 1517 5715 est,
1546 5653 1639 5704 aut
1665 5647 1783 5703 sine

1879 4525 2040 4566 causa
2068 4511 2330 4566 orandum
2360 4521 2413 4567 et
2444 4511 2799 4567 adorandum.
2828 4511 2996 4567 Docet
3020 4511 3153 4567 nihil
3181 4513 3251 4567 ab
3279 4528 3345 4568 eo
3373 4511 3468 4568 de-

1882 4603 2211 4675 poscendum
2239 4645 2255 4672 ,
2287 4604 2391 4660 nisi
2411 4607 2618 4674 justum
2641 4646 2656 4669 ,
2699 4604 2985 4660 honestum
3007 4646 3023 4671 ,
3053 4613 3109 4660 et
3143 4604 3325 4659 auditu
3353 4603 3473 4674 ejus

1881 4700 2120 4771 dignum.
2177 4701 2342 4756 Docet
2384 4699 2516 4755 nihil
2557 4698 2900 4756 tribuendqu
2946 4699 3141 4769 iniqua:
3187 4698 3465 4753 hominum

1881 4794 2155 4862 cupiditati
2188 4802 2242 4850 et
2270 4793 2519 4859 libidini,
2565 4794 2660 4850 sed
2691 4794 2904 4865 utrique
2950 4808 3166 4863 semper
3199 4792 3468 4848 obsisten.

1878 4887 2041 4949 dum;
2080 4887 2314 4943 dandam
2348 4887 2667 4943 innocentia:
2692 4902 2758 4943 ac
2787 4901 2997 4943 morum
3038 4884 3329 4955 integritati
3358 4885 3467 4941 ulla

1876 4999 2131 5055 umquam
2186 4985 2304 5039 sine
2359 4983 2764 5039 intermissione
2813 4998 3076 5054 operam,
3140 4995 3346 5051 nosque
3399 4980 3467 5037 ab

1878 5077 2025 5134 omni
2057 5076 2175 5133 labe
2202 5076 2522 5133 delictorum
2553 5078 2793 5133 omnium
2824 5074 3191 5145 amputatione
3233 5089 3464 5145 purgan-

1878 5171 1978 5227 dos
2004 5188 2017 5225 :
2053 5190 2072 5223 ι
2105 5169 2253 5225 Nihil
2278 5185 2463 5225 sumus
2489 5170 2632 5225 aliud
2659 5166 2959 5230 christiani,
2997 5187 3017 5220 ›
3048 5167 3273 5223 Aruobii
3302 5168 3468 5224 verba

1881 5275 2035 5334 sunt,
2069 5284 2089 5317 ‹
2124 5266 2226 5320 nisi
2259 5265 2514 5336 magistro
2541 5263 2789 5330 Christo,
2821 5263 3015 5318 summi
3043 5263 3189 5334 regis
3225 5276 3288 5319 ac
3321 5262 3469 5335 prin-

1882 5360 2014 5432 cipis
2050 5370 2429 5429 veneratores,
2476 5359 2638 5426 nihil,
2680 5358 2728 5414 si
2758 5357 3104 5427 consideres,
3137 5358 3282 5414 aliud
3313 5359 3468 5415 iuve-

1884 5456 1999 5511 nies
2027 5454 2084 5510 in
2112 5454 2211 5511 ista
2245 5454 2507 5526 religione
2526 5453 2751 5509 versari.
2796 5452 2925 5511 Hinc
2951 5454 3115 5509 totius
3143 5466 3357 5510 summa
3382 5468 3471 5507 ac—

1884 5548 2042 5604 tionis
2069 5590 2083 5611 ,
2128 5546 2218 5605 hic
2263 5546 2573 5618 propositus
2614 5545 2877 5604 terminus
2913 5546 3225 5603 divinorum
3272 5540 3480 5597 cilicio-

1886 5661 2003 5704 rum
2022 5688 2035 5714 ,
2062 5643 2151 5703 hic
2178 5643 2319 5701 linis.
2361 5641 2500 5702 Huic
2540 5658 2729 5701 omnes
2765 5658 2832 5702 ex
2860 5656 3018 5702 more
3045 5633 3487 5712 prosternimur,
