3990 6072
443 213 546 275 419

1682 167 2124 252 DlSSERTATlO
2152 183 2428 242 Pii/EVM

3622 160 3732 216 420

447 335 587 388 hunc
634 329 849 387 collatis
880 325 1129 398 precibus
1168 321 1456 376 adoramus
1483 359 1497 384 ,
1539 317 1606 370 ab
1635 313 1737 368 hoc
1765 311 1908 382 jnsta
1931 353 1944 371 ,
1987 315 2039 361 et
2069 308 2118 366 Α
2146 300 2354 372 praediti
2388 308 2654 364 oratores,
2687 291 3042 366 grammatici,
3078 291 3349 396 rhetores,
3381 284 3612 391 consulti
3637 284 3729 354 ju—

449 427 709 492 honesta,
742 434 796 479 et
823 422 1006 478 auditu
1051 419 1167 487 ejus
1209 415 1471 484 condigna
1513 408 1874 480 deposcimus.
1918 402 2032 458 Non

449 521 592 592 quod
642 520 756 589 ipse
802 515 1066 573 desideret
1115 510 1382 582 supplices
1415 521 1511 561 nos
1558 519 1717 568 esse,
1760 511 1846 555 aut
1893 506 2038 552 amet

450 613 759 676 substerni,
799 620 853 664 et
902 609 1026 678 (sive
1069 605 1206 676 aut)
1259 613 1336 658 tot
1375 601 1601 656 millium
1635 595 2036 652 venerationem

453 709 652 762 videre.
682 703 898 761 Utilitas
942 700 1059 754 haec
1103 707 1280 751 nostra
1317 703 1427 760 cst,
1471 703 1525 747 et
1564 688 1830 746 commodi
1871 687 2039 741 nostri

451 801 710 854 rationem
742 803 1012 865 spectans.
1044 790 1178 846 Nam
1204 789 1328 858 quia
1359 787 1511 857 proni
1545 783 1608 839 ad
1641 782 1858 852 culpas,
1890 790 1946 836 et
1973 780 2040 834 ad

453 889 692 944 libidinis
720 887 901 941 varios
932 883 1200 954 appetitus
1230 881 1361 934 vitio
1389 892 1574 932 sumus
1605 875 1936 930 inlirmitatis
1961 873 2042 926 in-

451 981 686 1052 genitae,
745 979 942 1048 patitur
999 991 1058 1030 se
1104 988 1319 1042 semper
1375 969 1577 1025 nostris
1629 963 2044 1037 cogitationibus

453 1073 698 1142 concipi;
748 1082 805 1126 ut
836 1069 962 1123 dum
989 1067 1132 1121 illum
1163 1077 1380 1119 oramus
1405 1105 1419 1129 ,
1463 1070 1518 1115 et
1548 1060 1742 1114 mereri
1773 1058 1890 1126 ejus
1915 1071 2047 1111 con-

457 1167 724 1222 tendimus
767 1180 990 1220 munera
1016 1206 1031 1229 ,
1080 1161 1414 1232 accipiamus
1445 1157 1770 1212 innocentim
1801 1154 2046 1209 volunta-

457 1271 563 1317 tem
590 1304 605 1326 ,
649 1270 703 1316 et
739 1259 806 1314 ab
831 1258 978 1334 omni
1011 1271 1110 1311 nos
1151 1256 1270 1310 labe
1305 1254 1624 1308 delictorum
1661 1249 1903 1304 omnium
1935 1261 2049 1301 am-

456 1356 733 1426 putatione
764 1367 1074 1422 purgemus.
1114 1369 1131 1402 ›
1157 1347 1174 1421 (
1203 1348 1420 1413 Arnob.,
1455 1347 1545 1400 lib.
1579 1363 1615 1412 ι,
1639 1361 1759 1414 pag.
1783 1344 1848 1398 14
1864 1351 1912 1396 et
1933 1339 2048 1410 15.)

458 1449 704 1518 Denique
747 1444 1028 1500 christiani
1075 1441 1442 1512 praedicabant
1489 1437 1654 1492 falsos
1693 1452 1815 1491 esse
1861 1448 2052 1488 omnes

458 1540 732 1612 gentilium
759 1540 925 1603 deos,
959 1535 1287 1605 respuebant
1317 1530 1590 1604 quoslibet
1617 1529 1808 1597 impios
1837 1527 2049 1581 illorum

459 1633 592 1687 ritus
612 1673 627 1696 ,
675 1629 1049 1700 superstitiosa
1083 1626 1336 1698 mysteria
1357 1668 1372 1691 ,
1419 1622 1678 1678 sacriﬁcia
1706 1628 1760 1674 ct
1787 1619 1919 1674 festa
1939 1659 1952 1681 ,
1990 1631 2054 1672 ac

459 1733 748 1792 corruptos
776 1737 954 1776 mores
986 1720 1142 1789 plane
1171 1719 1492 1788 penitusque
1521 1710 1974 1769 condemnabant.

533 1816 729 1870 Verum
768 1823 968 1885 quanto
1013 1811 1309 1865 christiana
1355 1809 1536 1879 religio
1563 1849 1576 1871 ,
1628 1806 1703 1860 uti
1747 1803 1838 1858 ille
1877 1801 2052 1857 adhuc

462 1908 726 1980 loquitur,
756 1906 920 1960 verior
945 1947 956 1969 ,
994 1904 1278 1972 ofﬁciosior
1301 1944 1315 1968 ,
1349 1901 1604 1971 potentior
1624 1941 1638 1965 ,
1679 1897 1874 1967 iustior
1902 1905 2048 1960 erat,

463 2010 609 2054 tanto
658 2013 787 2054 sane
833 1997 1107 2052 difﬁcilius
1148 1996 1537 2064 operosiusque
1575 2003 1692 2048 erat
1732 1991 1836 2047 hoc
1876 1990 2054 2060 ipsum

461 2091 744 2164 gentilibus
773 2090 1118 2161 persuadere.
1151 2089 1374 2154 Quantae
1403 2087 1544 2140 enim
1565 2127 1579 2152 ,
1609 2085 1801 2138 amabo
1835 2092 1886 2138 te
1907 2125 1921 2147 ,
1953 2083 2054 2136 im-

464 2185 645 2256 peritis
671 2228 686 2249 ,
743 2184 972 2238 indoctis
1000 2198 1063 2236 ac
1107 2181 1328 2236 rudibus
1355 2178 1555 2235 Christi
1589 2177 1867 2248 discipulis
1895 2175 2056 2230 molis

463 2288 518 2334 et
544 2292 722 2348 opera:
749 2288 862 2331 erat
889 2317 904 2340 ,
933 2274 1151 2329 eosdem
1183 2273 1415 2343 gentiles
1445 2284 1674 2325 avocare
1700 2269 1768 2322 ab
1798 2267 2058 2338 antiquis-

463 2369 598 2424 simo
628 2370 852 2424 deorum
880 2409 895 2434 ,
946 2366 1316 2435 idolorumque
1348 2364 1491 2420 cultu
1515 2408 1528 2430 ,
1565 2372 1620 2417 et
1657 2360 1772 2416 aliis
1797 2361 2058 2431 supersti-

467 2463 696 2518 tionibus
721 2503 734 2524 ,
784 2477 916 2532 quas
941 2476 970 2514 a
997 2469 1074 2514 tot
1112 2459 1324 2513 sacculis
1353 2467 1608 2527 tanquam
1642 2455 1754 2525 pias
1782 2470 1903 2508 cum
1940 2470 2043 2508 nu-

468 2557 611 2610 tricis
650 2555 788 2608 lacte
834 2552 1138 2607 suxerant?
1179 2549 1375 2618 Quanti
1422 2548 1620 2603 laboris
1650 2555 1704 2601 et
1728 2545 2059 2601 difﬁcultatis

466 2657 582 2704 erat
614 2648 895 2701 innumera
938 2643 1216 2699 hominum
1259 2641 1426 2696 millia
1468 2641 1533 2694 ad
1578 2639 1887 2693 christiana:
1933 2637 2060 2692 reli-

465 2741 659 2812 gionis,
693 2756 854 2811 quam
883 2753 1076 2794 novam
1109 2746 1163 2792 et
1189 2737 1406 2806 impiam
1435 2733 1752 2800 credebant,
1786 2732 2058 2787 adducere

467 2831 903 2903 professionem?
930 2831 1136 2898 Quanta
1170 2829 1335 2884 animi
1363 2827 1713 2883 contentione
1739 2842 1876 2896 opus
1902 2835 2018 2880 erat
2037 2867 2055 2892 ,

468 2936 525 2980 ut
553 2927 672 2981 illos
700 2942 729 2979 a
775 2925 959 2989 molli,
1005 2923 1237 2979 delicato
1279 2934 1331 2977 et
1374 2921 1662 2976 libidinoso
1710 2919 1922 2976 vivendi
1967 2936 2060 2989 ge-

468 3037 634 3087 nere,
682 3019 824 3090 quod
855 3017 1054 3074 licitum
1094 3016 1392 3089 putabant,
1435 3015 1503 3072 ad
1543 3015 1683 3070 aliud
1712 3013 2058 3069 traducerent

469 3115 627 3184 plane
655 3113 844 3168 durum
871 3154 887 3181 ,
921 3123 1194 3166 austerum
1223 3153 1238 3178 ,
1271 3125 1552 3172 severum,
1589 3107 1929 3178 naturalique
1959 3107 2052 3161 lto-
2081 3114 2126 3177 ρ

469 3207 673 3260 ininum
701 3204 961 3276 appetitui
989 3206 1204 3276 penitus
1243 3197 1587 3273 repugnans?
1627 3200 1798 3267 Quam
1827 3200 2057 3270 denique

471 3301 695 3352 arduum
733 3305 788 3352 et
835 3298 1160 3351 laboriosum
1186 3336 1202 3361 ,
1244 3294 1413 3348 fracta
1443 3293 1687 3362 victaque
1728 3291 2058 3362 ejuscemodi

473 3393 750 3448 hominum
782 3407 917 3462 pene
942 3389 1242 3446 incredibili
1271 3388 1655 3450 obstinatione,
1690 3385 1796 3439 illis
1818 3385 2056 3439 animum

471 3489 726 3544 inducere
747 3529 761 3554 ,
807 3497 864 3542 ut
897 3486 1180 3542 crederent
1213 3499 1342 3540 vera
1370 3498 1494 3539 esse
1521 3481 1589 3536 de
1616 3480 1814 3536 Christi
1845 3495 2055 3536 summa

472 3583 772 3646 divinitate,
802 3581 1039 3636 humano
1065 3589 1186 3634 ortu
1217 3588 1271 3633 et
1300 3577 1514 3632 interitu
1538 3618 1554 3644 ,
1585 3575 1819 3646 aliaque,
1845 3575 1912 3630 de
1938 3575 2059 3645 qui-

471 3675 572 3729 bus
603 3673 741 3729 inl'ra
766 3669 1006 3743 agemus,
1039 3670 1350 3728 Christianae
1383 3668 1504 3724 ﬁdei
1529 3666 1897 3724 documenta?

543 3767 923 3823 Verumtamen
954 3767 1007 3820 hi
1037 3765 1136 3836 ipsi
1167 3772 1462 3820 sectatores
1490 3760 1729 3830 Christi,
1775 3771 2062 3832 quantum—

475 3864 603 3918 libet
633 3863 792 3918 rudes
819 3872 874 3918 et
899 3861 1101 3932 ignari,
1135 3859 1475 3930 quantumvis
1501 3857 1735 3912 humana
1761 3872 1864 3926 0pc
1893 3856 2062 3911 desti-

476 3957 612 4022 tuti,
656 3958 764 4012 imo
792 3969 922 4011 vero
964 3954 1214 4009 omnibus
1242 3951 1569 4023 quibuslibet
1609 3949 1919 4005 hominibus
1950 3949 2064 4019 ple-

474 4049 627 4106 beiis.
654 4048 942 4114 nobilibus,
975 4046 1321 4117 principibus,
1352 4045 1585 4115 regibus,
1618 4042 2057 4114 imperatoribus,

474 4144 846 4200 sacerdotibus
871 4185 886 4208 ,
913 4141 1186 4211 sacrisque
1214 4139 1555 4209 pontiﬁcibus
1585 4137 1732 4193 omni
1760 4137 1944 4202 animi,
1977 4149 2064 4190 ar-

475 4240 562 4306 tis,
583 4238 816 4304 roboris,
836 4236 1161 4306 furorisque,
1193 4234 1245 4288 vi
1269 4243 1430 4305 atque
1451 4233 1653 4303 impetu
1681 4232 1782 4287 sibi
1811 4230 2066 4286 resisten-

479 4335 654 4398 tibus,
701 4333 838 4386 hanc
863 4332 1032 4400 ipsam
1055 4328 1370 4400 religionem
1407 4342 1500 4396 per
1527 4327 1836 4380 universum
1878 4323 2065 4378 orbem

479 4442 780 4500 terrarum,
827 4427 942 4482 sola
985 4442 1079 4482 sua
1121 4425 1533 4496 praedicatione,
1579 4438 1641 4476 ac.
1682 4421 2064 4491 miraculorum

2139 397 2233 462 ris,
2263 410 2325 450 ac
2353 393 2568 459 medici,
2595 388 3011 462 philosophique
3033 384 3192 439 etiam
3218 391 3424 438 secreta
3449 379 3730 445 rimantes,

2141 490 2449 560 magisteria
2486 487 2600 542 haec
2630 491 2920 554 expetunt,
2971 480 3169 551 spretis
3198 477 3395 550 quibus
3430 483 3557 530 ante
3599 471 3736 527 ﬁde-

2143 585 2273 638 bant
2307 601 2324 632 ι
2361 581 2377 651 (
2408 578 2623 643 Arnob.,
2653 577 2740 632 lib.
2767 593 2824 642 ll,
2863 591 2986 646 pag,
3010 574 3098 628 44.
3126 571 3170 643 ).

2215 675 2419 744 S:epius
2445 687 2574 727 vero
2597 673 2685 726 ille
2710 672 2903 740 repetit
2932 677 3101 722 totum
3129 662 3387 719 mundum
3411 659 3727 717 christiana:

2144 767 2418 838 religionis
2461 763 2824 820 sectatoribus
2870 761 2948 816 sic
2990 758 3157 814 fuisse
3187 756 3451 826 repletum
3499 755 3518 823 (
3550 751 3731 818 Idem,

2144 863 2232 916 lib.
2263 878 2280 915 ι
2308 903 2322 925 ,
2350 877 2468 931 pag.
2509 859 2606 923 35;
2638 858 2725 911 lib.
2761 873 2796 911 ιι
2828 900 2842 922 ,
2877 873 2997 927 pag.
3032 853 3139 922 50)
3171 868 3185 917 ;
3233 863 3437 920 nosque
3465 847 3576 918 jam
3619 845 3743 900 ani-

2147 953 2529 1009 madvertimus
2571 949 2744 1005 varias
2785 949 3034 1019 regiones
3070 944 3136 998 ad
3173 942 3436 998 orientem
3479 937 3743 994 occiden-

2148 1057 2360 1116 temque
2388 1045 2556 1100 solem
2581 1043 2803 1114 positas,
2829 1054 2950 1110 quae
2983 1039 3121 1092 hanc
3147 1035 3466 1105 religionem
3496 1040 3744 1086 nostram

2147 1140 2574 1214 proﬁtebantur,
2621 1137 2688 1191 ab
2720 1137 2814 1190 illo
2853 1141 3104 1191 accurate
3143 1140 3197 1186 et
3233 1128 3424 1186 sedulo
3465 1123 3746 1182 recenseri

2152 1234 2330 1309 (Sup.
2360 1236 2456 1288 hoc
2482 1250 2624 1303 cap.,
2655 1240 2756 1284 art.
2788 1229 2841 1283 1.
2873 1229 2914 1299 ).

2224 1331 2293 1382 At
2322 1325 2629 1397 quomodo,
2659 1336 2843 1393 quaeso
2862 1364 2877 1388 ,
2913 1329 2991 1375 tot
3019 1319 3298 1383 homines,
3328 1323 3479 1371 tanto
3501 1313 3749 1369 locorum

2153 1419 2437 1475 intervallo
2487 1417 2773 1486 disjuncti,
2828 1412 3092 1484 singulari
3133 1409 3349 1481 ingenio
3392 1418 3448 1464 et
3501 1405 3752 1462 doctrina

2156 1519 2517 1582 praestantes,
2572 1509 2684 1563 suis
2734 1503 3082 1575 opinionibus
3128 1515 3192 1558 ac
3239 1498 3564 1572 praeiudiciis
3606 1497 3754 1553 chri-

2155 1606 2344 1660 stianae
2389 1601 2510 1657 ﬁdei
2552 1617 2582 1658 e
2633 1600 2899 1654 diametro
2940 1595 3202 1667 oppositis
3254 1603 3359 1647 tam
3403 1591 3756 1662 pertinaciter

2083 1712 2130 1770 Β
2156 1697 2388 1761 addicti,
2438 1694 2528 1749 illa
2584 1691 2906 1747 brevussimo
2965 1697 3212 1759 tempore
3262 1683 3646 1755 deposuerint;
3697 1690 3758 1738 et

2159 1790 2295 1844 hanc
2321 1803 2441 1858 qute
2471 1787 2606 1840 nihil
2633 1784 2751 1841 fere
2783 1793 2907 1840 tunc
2933 1782 2986 1837 in
3016 1782 3120 1837 hoc
3149 1779 3352 1835 mundo
3374 1822 3390 1846 ,
3417 1777 3519 1834 nisi
3547 1776 3758 1848 suppli-

2157 1883 2238 1938 cia
2264 1924 2278 1948 ,
2308 1891 2616 1949 certamque
2646 1886 2874 1932 mortem
2899 1891 3083 1932 secum
3117 1873 3403 1941 trahebat,
3438 1882 3631 1943 sponte
3657 1885 3760 1926 sua

2160 1988 2364 2042 suoque
2389 1971 2590 2041 judicio
2621 1966 3123 2040 amplecterentur?
3162 1964 3351 2021 Nonne
3381 1965 3482 2018 hoc
3521 1963 3760 2017 maxime

2161 2066 2355 2120 divina:
2385 2063 2737 2134 providentia»
2767 2060 3027 2116 miraculo
3056 2059 3254 2115 veritas
3283 2057 3594 2114 christianae
3624 2055 3761 2111 reli-

2159 2158 2330 2230 gionis
2370 2173 2476 2211 non
2529 2155 2708 2209 minus
2753 2161 2948 2218 certo,
3000 2155 3285 2222 perSpicue
3330 2158 3385 2205 et
3427 2146 3758 2213 efﬁcaciter,

2159 2269 2319 2324 quam
2363 2252 2468 2306 ulla
2511 2251 2730 2305 humani
2779 2247 2977 2319 ingenii
3017 2245 3238 2302 clariori
3283 2240 3762 2314 argumentatione

2161 2348 2559 2404 demonstratur
2579 2346 2603 2398 ?

2777 2478 3006 2536 CAPUT
3053 2478 3122 2534 Ἴ.

2161 2624 2496 2680 Etlmicorum
2541 2621 2786 2676 adversus
2839 2620 3136 2675 christiana:
3180 2617 3448 2688 religionis
3492 2617 3762 2672 veritatem

2601 2722 2904 2784 argumenta
2941 2711 3321 2768 examinantur.

2681 2863 2978 2904 ARTICULUS
3027 2862 3240 2902 PRIIUS.

2163 2989 2316 3049 Quam
2341 2986 2550 3036 absurde
2575 2985 2768 3042 Ethnici
2795 2987 3074 3049 objecerint
3097 2985 3408 3049 Christianam
3433 2984 3758 3047 religionem,

2223 3059 2392 3114 utpote
2417 3063 2532 3114 qua:
2547 3063 2668 3098 nova
2687 3059 2812 3106 erat,
2835 3047 3164 3114 reﬁciendam,
3191 3047 3553 3114 servandosque
3577 3050 3766 3109 patrios

2221 3111 2452 3162 et‘avitos
2495 3113 2643 3170 ritus,
2669 3125 2792 3174 quos
2829 3111 2898 3161 illi
2925 3119 3345 3174 commutaverant
3379 3121 3460 3174 aut
3485 3112 3764 3172 abrogave-

2225 3185 2334 3228 rant
2360 3177 2407 3224 in
2432 3175 2595 3238 p0puli
2620 3172 2856 3238 classibus
2875 3213 2888 3234 ,
2915 3176 2966 3224 in
2999 3176 3210 3224 servatis
3231 3172 3293 3238 de
3321 3172 3446 3238 caelo
3463 3210 3476 3231 ,
3505 3174 3551 3220 in
3575 3178 3767 3238 obnun-

2225 3235 2530 3297 tiationibus,
2556 3237 2794 3296 comitiis,
2819 3239 2976 3297 signis
3001 3251 3062 3286 ex
3092 3251 3226 3294 arce,
3251 3235 3766 3298 fecialihus,-clariga-

2223 3302 2377 3359 tione,
2403 3301 2708 3350 acuminibus
2739 3302 2999 3362 auspicatls
3018 3337 3030 3357 ,
3062 3299 3257 3360 legibus
3292 3297 3522 3348 Annariis
3541 3332 3558 3360 ,
3583 3297 3768 3348 crocus

2225 3363 2488 3423 Censoriis,
2513 3371 2566 3413 et
2589 3363 2930 3426 penetralibus
2952 3362 3198 3425 ooliginis.

2243 3487 2498 3556 Quamvis
2525 3490 2590 3544 ad
2623 3490 2911 3546 evertenda
2951 3506 3071 3562 qua:
3101 3491 3360 3548 hactenus
3383 3492 3451 3547 ad
3475 3490 3758 3549 stabilien-

2165 3581 2285 3636 dam
2327 3582 2635 3638 christiana:
2673 3583 2948 3653 religionis
2982 3585 3266 3640 veritatem
3309 3585 3626 3655 retulimus,
3671 3600 3763 3640 ar-

2163 3685 2419 3746 gumenta
2445 3675 2653 3731 nullum
2680 3676 2885 3732 ethnici
2917 3692 3024 3732 non
3056 3677 3326 3734 moverint
3353 3678 3608 3750 lapidem,
3641 3694 3767 3734 om-

2166 3783 2368 3836 nesque
2431 3769 2709 3824 machinas
2771 3767 3159 3835 adhibuerim;
3223 3771 3355 3825 nihil
3418 3781 3596 3826 tamen
3650 3769 3771 3824 fere

2165 3861 2309 3917 aliud
2336 3861 2701 3931 proferebant,
2729 3863 2831 3918 nisi
2853 3864 3148 3929 crambem,
3175 3873 3231 3918 ut
3250 3863 3422 3932 aiunt,
3445 3863 3762 3934 repetitam,

2167 3969 2228 4008 ac
2255 3955 2453 4024 szepius
2481 3954 2822 4010 decantatam
2847 3970 3169 4030 semperque
3190 3971 3437 4011 eversam
3464 3957 3770 4026 reprehen-

2166 4046 2394 4100 sionem.
2425 4045 2743 4100 Clamahant
2774 4047 2976 4100 etenim
3003 4062 3199 4101 novam
3229 4062 3371 4114 esse,
3403 4055 3459 4103 et
3485 4057 3611 4102 ante
3641 4062 3776 4117 pau—
3811 4067 3820 4072 ·

2167 4155 2260 4194 cos
2291 4140 2678 4210 propemodum
2721 4140 2839 4196 dies
2881 4150 3055 4196 ortam
3100 4141 3520 4197 christianorum
3553 4142 3776 4212 religio-

2156 4252 2323 4306 jnem;
2355 4252 2506 4290 suam
2536 4251 2665 4292 vero
2703 4239 2770 4289 ab
2798 4236 2986 4290 ultima
3019 4236 3340 4306 antiquitate
3377 4236 3480 4292 sibi
3512 4252 3542 4290 a
3573 4251 3774 4309 paren-

2171 4331 2311 4384 tibus
2354 4329 2599 4384 traditam
2641 4344 2746 4385 non
2777 4345 2938 4402 posse
2963 4329 3031 4383 ab
3057 4330 3186 4400 ipsis
3214 4331 3337 4400 jure
3365 4331 3561 4385 merito
3589 4328 3776 4385 deseri

2169 4435 2223 4477 et
2254 4424 2560 4492 repudiari:
2599 4442 2618 4475 ‹
2640 4406 2826 4492 Nobis,
2869 4444 2886 4476 ι
2915 4424 3084 4495 inquit
3112 4425 3401 4491 Arnobius,
3435 4443 3454 4476 ι
3487 4425 3772 4495 objectare

478 4525 739 4596 potentia,
771 4520 1089 4575 brevissimo
1119 4517 1378 4586 temporis
1405 4514 1711 4577 intervallo,
1743 4513 2062 4567 dissemina-
2092 4514 2147 4576 D
2169 4515 2469 4569 consuestis
2520 4515 2785 4570 novellam
2839 4530 2960 4570 esse
3012 4515 3327 4585 religionem
3381 4527 3619 4571 nostram
3645 4557 3660 4583 ,
3720 4527 3779 4571 et

479 4628 620 4674 runt.
652 4616 733 4671 Ad
762 4603 878 4670 eam
911 4622 1088 4668 autem
1118 4626 1225 4666 n0n
1259 4607 1518 4680 quasdam
1551 4617 1754 4662 tantum
1787 4605 2062 4670 mulieres,

478 4721 570 4766 aut
596 4711 809 4780 ignaros
837 4707 1178 4762 adduxerunt
1216 4703 1492 4768 homines,
1535 4701 1630 4755 sed
1661 4699 1866 4769 magnis
1902 4698 2068 4753 etiam

479 4803 709 4872 ingeniis
738 4800 992 4872 prteditos
1021 4807 1264 4851 oratores
1287 4837 1301 4860 ,
1332 4792 1751 4865 grammaticos,
1782 4790 2032 4846 rhetores
2051 4834 2064 4857 ,

475 4895 896 4968 jurisconsultos
915 4934 930 4961 ,
955 4893 1193 4947 medicos
1213 4931 1227 4956 ,
1261 4905 1324 4944 ac
1347 4887 1714 4959 philosophos.
1751 4890 1819 4941 At
1849 4897 2070 4957 praestat

481 5005 612 5044 sane
670 4998 944 5044 auctorem
998 4995 1243 5039 nostrum
1304 4982 1417 5036 haec
1474 4982 1780 5050 loquentem
1837 4979 2065 5035 audire:

490 5101 506 5131 ι
547 5081 756 5147 Nonne,
800 5100 819 5133 ι
854 5079 1056 5150 inquit,
1091 5095 1110 5128 ι
1146 5077 1225 5130 vel
1253 5074 1369 5129 hare
1399 5073 1588 5128 saltem
1620 5071 1780 5126 ﬁdem
1812 5073 1962 5127 vobis
1990 5072 2071 5127 fa-

483 5177 632 5230 ciunt
660 5184 975 5243 argumenta
1003 5167 1283 5233 credendi,
1308 5167 1450 5238 quod
1476 5167 1585 5236 jam
1617 5180 1710 5234 per
1737 5180 1926 5219 omnes
1960 5175 2069 5219 ter-

484 5283 593 5334 ras,
622 5268 675 5320 in
704 5273 810 5318 tam
840 5264 987 5318 brevi
1014 5261 1272 5331 temporis
1299 5259 1475 5330 spatio
1496 5300 1510 5324 ,
1555 5255 1805 5311 immensi
1836 5256 2068 5311 nominis

487 5359 646 5428 hujus
675 5367 1012 5411 sat-ramenta
1039 5356 1232 5411 diﬁ'usa
1263 5352 1426 5409 sunt?
1469 5350 1623 5420 Quod
1656 5351 1800 5406 nulla
1829 5351 1940 5420 jam
1969 5367 2066 5406 na-

488 5451 560 5506 tio
599 5460 684 5506 est
713 5460 822 5505 tam
865 5448 1082 5503 barbari
1128 5449 1331 5513 moris,
1375 5456 1429 5501 ct
1465 5445 1931 5500 mansuetudinem
1974 5460 2072 5499 ne-

486 5545 696 5611 sciens,
727 5558 849 5615 qua:
879 5555 988 5596 non
1011 5541 1130 5611 ejus
1159 5555 1346 5596 amore
1370 5553 1558 5606 versa,
1591 5537 1887 5592 molliverit
1913 5552 2073 5608 aspe-

487 5643 701 5694 ritatem
735 5651 911 5705 suam,
935 5644 990 5690 et
1016 5634 1068 5688 in
1099 5634 1337 5704 placidos
1375 5647 1570 5689 sensus
1604 5631 1887 5701 adsumpta
1924 5641 2075 5685 tran-

491 5733 751 5806 quillitate
803 5726 1158 5804 migraverit?
1209 5726 1361 5793 Quod
1420 5739 1526 5782 tam
1583 5723 1792 5796 magnis
1848 5723 2080 5795 ingeniis

2169 4617 2296 4662 ante
2321 4605 2437 4660 dies
2467 4616 2646 4661 natam
2671 4607 3059 4678 propemodum
3094 4622 3316 4677 paucos,
3351 4623 3526 4678 neque
3551 4622 3650 4662 vos
3680 4622 3778 4677 po-

2171 4700 2334 4754 tuisse
2357 4701 2630 4771 antiquam
2667 4711 2720 4755 et
2753 4702 2979 4772 patriam
3011 4700 3290 4770 linquere,
3330 4711 3385 4755 et
3420 4701 3474 4754 in
3510 4700 3776 4755 barbaros

2172 4792 2306 4846 ritus
2333 4808 2751 4863 peregrinosque
2780 4793 3016 4847 traduci»
3049 4792 3292 4863 (Arnob.,
3318 4793 3406 4847 lib.
3427 4809 3486 4860 Il,
3506 4809 3629 4865 pag.
3654 4791 3772 4868 90).

2173 4885 2280 4940 Nos
2304 4903 2431 4941 vero
2461 4887 2514 4940 in
2546 4888 2809 4956 superiori
2841 4886 3221 4943 dissertatione
3251 4889 3608 4953 ostendimus,
3641 4903 3778 4960 quo-

2175 4984 2334 5039 modo
2361 4984 2475 5038 haac
2497 4984 2651 5038 solita
2679 4985 2898 5054 jamque
2919 4982 3123 5038 dudum
3151 4985 3392 5039 obsoleta
3422 4993 3774 5056 argumenta-

2175 5078 2247 5132 tio
2290 5087 2542 5147 urgeatur
2599 5075 2667 5131 ab
2719 5077 2981 5143 ethnicis,
3036 5085 3092 5130 ct
3141 5092 3170 5130 a
3224 5074 3459 5131 Minucio
3513 5077 3776 5132 refutetur

2175 5169 2436 5242 (Dissert.
2476 5173 2530 5225 in
2571 5170 2767 5225 Minue.
2815 5169 2980 5226 Felic.
3009 5213 3023 5237 ,
3067 5187 3184 5240 cap.
3221 5171 3289 5225 M
3313 5213 3328 5238 ,
3359 5180 3458 5223 art.
3491 5170 3515 5224 1
3558 5182 3604 5224 et
3639 5170 3692 5225 2.
3729 5172 3772 5243 ).

2177 5263 2281 5320 Sed
2308 5265 2429 5332 quia
2467 5264 2613 5320 varie
2648 5279 2681 5320 τι
2719 5265 2882 5320 variis
2928 5264 3237 5319 auctoribus
3279 5265 3541 5319 evertitur
3579 5265 3776 5335 quibus

2174 5358 2471 5414 rationibus
2512 5359 2580 5414 ab
2623 5357 2862 5413 Arnobio
2903 5357 3254 5424 destruatur,
3297 5373 3441 5414 nunc
3478 5358 3776 5429 exploran-

2177 5449 2303 5504 dum
2334 5458 2435 5503 est.

2252 5541 2476 5595 Planum
2509 5540 2688 5610 itaque
2714 5539 2840 5595 facit
2867 5550 3081 5612 quanta:
3106 5540 3406 5608 l'utilitatis,
3435 5555 3778 5614 summaeque

2179 5633 2410 5688 levitatis
2440 5635 2593 5702 plena
2625 5633 2695 5688 sit
2738 5632 2854 5688 haec
2894 5635 3312 5706 argumentatio.
3346 5633 3601 5690 Omnium
3629 5637 3782 5692 enim

2181 5725 2375 5781 animis
2416 5726 2632 5782 insitum
2673 5733 2727 5780 et
2768 5725 3008 5782 innatum
3037 5734 3160 5795 est,
3211 5734 3268 5781 ut
3298 5727 3435 5785 bona
3477 5725 3671 5796 malis,
3723 5735 3783 5784 et.
