3990 6072
244 113 350 174 421

1497 129 1562 190 ΙΝ
1602 127 1984 202 ΑΒΝΟΒΙΗΜ,
2025 133 2175 199 CAP.
2218 133 2281 194 γ.

3430 151 3537 210 422

245 234 524 291 inutilibus
554 237 704 298 utilia
736 245 1094 311 anteponam,
1126 249 1183 298 et
1209 251 1537 310 commutent
1571 245 1590 316 (
1619 247 1841 316 Arnob,
1875 250 1925 310 Α
2026 249 2247 306 Interim
2294 267 2583 324 sequamur
2617 256 2955 321 Arnobium:
2992 281 3012 323 ς
3048 262 3314 336 Numquid
3348 281 3534 324 serva-

243 328 332 381 ιλιι.
361 345 420 392 ιι,
453 346 576 400 pag.
605 331 674 385 90
700 331 742 400 ).
770 331 887 386 Non
921 335 1034 404 ipsa
1061 334 1220 406 igitur
1250 338 1478 402 mutatio
1499 381 1514 406 ,
1541 339 1637 396 scd
1665 351 1839 402 muta-

245 420 408 484 tionis
451 437 609 488 causa
653 426 892 494 expendi
927 426 1105 486 debet.
1164 429 1328 500 Atqui
1367 433 1597 502 gentiles
1640 449 1841 506 negare

245 529 355 572 non
389 523 637 583 poterant
663 531 692 569 a
725 518 1086 586 remotissima
1116 519 1397 580 hominum
1428 532 1588 579 :etate
1617 525 1784 590 factas
1807 543 1840 584 a

243 622 309 662 se
338 620 444 664 mm
479 609 531 662 in
560 611 813 674 huniauis
837 612 1028 680 rebus,
1076 630 1236 684 quam
1265 615 1318 670 in
1349 615 1541 672 divinis
1583 618 1839 687 immuta.-

245 701 425 757 tiones
450 701 726 772 plurimas.
774 703 906 758 Nam
938 706 1204 776 prioribus
1235 717 1290 762 et
1323 709 1711 780 antiquissimis
1738 728 1842 780 sa:-

243 793 413 859 culis,
458 793 534 862 ait
560 803 749 851 auctor
783 808 1002 866 noster,
1032 799 1279 857 homines
1315 803 1556 874 frugibus
1585 821 1650 861 ac
1681 809 1842 874 vesti-

247 887 346 943 bus
390 887 661 954 inventis,
719 901 879 965 atque
931 896 1231 962 excogitata
1282 895 1537 966 domuum
1592 911 1843 956 constru-

244 979 442 1046 ctione,
465 982 718 1050 pristinos
741 983 1034 1054 glandium,
1060 987 1397 1058 arbutorum,
1424 992 1664 1061 pellium,
1686 1009 1842 1056 casu-

246 1074 444 1140 larutn,
475 1089 826 1144 cavernarum
869 1097 998 1136 usus
1036 1082 1390 1154 reliqtterunt.
1423 1086 1488 1140 Et
1515 1086 1586 1152 ibi
1618 1089 1841 1158 quidem

244 1165 337 1222 ille
385 1169 453 1224 ad
515 1169 823 1238 Juvenalis,
887 1172 1124 1228 Lucretii
1169 1176 1506 1249 aliorumque
1558 1191 1841 1250 poetarum

247 1259 462 1315 videtur
503 1261 826 1318 collineasse
857 1266 1095 1321 carmina
1119 1307 1134 1333 ,
1179 1284 1298 1339 quae
1328 1268 1486 1326 facile
1524 1271 1580 1326 in
1621 1273 1842 1330 illorum

249 1353 402 1409 libris
451 1354 677 1424 quilibet
727 1357 906 1428 legere
956 1360 1152 1428 poterit
1199 1361 1530 1433 (Juvenal.,
1574 1366 1720 1420 satir.
1769 1367 1840 1437 6,

245 1448 409 1514 init.;
455 1447 660 1506 Lucret.
712 1451 800 1505 lib.
830 1467 896 1519 ν,
946 1469 1077 1508 vers.
1128 1454 1233 1510 957
1272 1466 1317 1522 et
1355 1473 1490 1530 seqq.
1521 1499 1536 1522 ,
1570 1468 1616 1514 et
1663 1461 1768 1516 957
1795 1471 1844 1516 et

247 1559 384 1613 seqq.
424 1542 462 1612 ).
507 1547 575 1599 At
603 1561 765 1600 nemo
795 1562 1046 1617 umquam
1082 1547 1219 1604 dtixit
1254 1548 1350 1606 has
1393 1555 1842 1613 commutationes

248 1637 420 1693 malas
446 1651 568 1692 esse
593 1649 649 1704 et
678 1639 1079 1712 improbandus.

319 1754 588 1810 Praeterea
631 1755 677 1810 si
710 1757 962 1826 quailibet
997 1768 1241 1814 veterum
1275 1776 1485 1818 morum
1529 1765 1842 1837 rituumque

244 1850 474 1903 mutatio
495 1849 702 1904 crimen
737 1851 838 1917 sit,
874 1849 1034 1921 hujus
1072 1853 1316 1909 criminis
1346 1857 1532 1924 procul
1567 1858 1731 1914 dubio
1757 1860 1840 1915 rei

245 1950 374 1995 sunt
418 1941 682 2009 Romani,
719 1942 1173 2012 quemadmodum
1203 1945 1272 2002 ab
1302 1948 1542 2004 Arnobio
1582 1952 1840 2020 probatur

243 2034 396 2090 brevi
435 2033 651 2102 quidem
692 2036 1138 2105 enumeratione,
1191 2040 1286 2095 sed
1331 2056 1452 2110 quae
1499 2043 1682 2100 multis
1731 2060 1839 2102 non

242 2128 376 2182 satis
425 2128 570 2182 clara
619 2127 887 2184 videbitur
930 2130 1200 2201 (Arnob.,
1249 2134 1341 2188 lib.
1391 2151 1470 2202 ιι,
1521 2153 1644 2209 pag.
1694 2137 1836 2211 91).

243 2221 604 2289 Quamobrem
653 2238 773 2293 quae
824 2224 896 2279 ibi
944 2226 1174 2281 obscura
1201 2267 1216 2293 ,
1267 2226 1383 2284 haec
1423 2231 1609 2300 paucis
1653 2233 1839 2302 expla-

243 2316 423 2371 nanda
465 2325 608 2371 sunt.
640 2315 822 2370 Primo
848 2318 1030 2388 itaque
1059 2330 1238 2376 narrat
1270 2315 1532 2391 populum'
1555 2340 1836 2382 romanum

242 2408 376 2463 olim
419 2409 652 2479 quinque
687 2409 1035 2466 distributum
1083 2411 1252 2468 fuisse
1296 2415 1356 2469 in
1396 2415 1618 2472 classes.
1663 2419 1836 2484 Quam

241 2519 375 2558 vero
399 2503 451 2558 id
477 2513 683 2558 certum
705 2505 805 2570 sit,
831 2513 884 2558 et
907 2520 1026 2574 qua:
1057 2504 1257 2561 fuerint
1285 2507 1388 2561 illa:
1421 2513 1628 2576 romani
1653 2513 1836 2580 populi

239 2597 480 2662 classes,
514 2611 545 2650 a
574 2595 763 2652 Servio
789 2595 965 2650 Tullio
991 2597 1263 2666 quondam
1298 2599 1554 2662 instituta:
1574 2641 1590 2667 ,
1639 2602 1837 2660 docent

241 2701 342 2740 nos
374 2686 574 2748 Livius,
601 2687 888 2759 Dionysius
917 2687 1402 2759 Halycarnasseus,
1432 2703 1487 2748 et
1514 2691 1578 2749 A.
1608 2692 1833 2754 Gellius.

239 2777 470 2845 Quidam
499 2787 679 2834 autem
714 2780 764 2834 in
789 2778 948 2848 hujus
968 2821 984 2846 ,
1032 2780 1488 2851 quemadmodum
1520 2784 1574 2839 in
1605 2783 1835 2846 Arnobii

238 2869 412 2924 n0stri
461 2879 629 2936 textu,
687 2869 974 2941 legendum
1025 2885 1250 2930 censent
1296 2892 1386 2931 sea;
1429 2878 1618 2934 classes
1648 2878 1831 2951 (Liv.,

239 2960 328 3015 lib.
362 2977 401 3027 ι,
433 2960 463 3033 §
495 2963 568 3018 45
593 2972 640 3016 et
680 2962 769 3016 lib.
802 2980 879 3030 tv,
909 2963 936 3034 §
965 2965 1029 3030 4;
1060 2964 1282 3036 Dionys.
1320 2966 1596 3038 Halycar.,
1631 2971 1721 3024 lib.
1754 2988 1830 3040 ιν,

1947 343 2013 398 tis
2041 343 2107 398 de
2135 345 2275 400 coelo
2294 387 2308 412 ,
2341 347 2452 414 ait,
2479 361 2572 406 aut
2610 354 2808 409 otiosas
2839 354 3012 414 facitis
3039 358 3536 420 obnuntiationibus

1943 435 2224 496 actiones?
2261 457 2278 500 η
2316 438 2544 502 Servare
2584 455 2760 512 autem
2794 449 3105 520 estaliquid
3136 467 3201 508 ex
3238 457 3532 512 observato

1945 529 2086 584 cmlo
2118 532 2375 594 nunciare
2406 551 2418 588 :
2447 536 2778 596 obuunciare
2806 557 2935 598 vero
2958 545 3085 615 quid
3116 546 3223 615 sit,
3255 548 3430 606 disces
3460 565 3529 607 ex

1946 635 2011 674 ex
2059 621 2140 677 bis
2189 624 2377 688 Donati
2428 628 2478 692 in
2533 628 2842 700 Terentium
2871 637 3094 698 verbis:
3129 657 3148 691 ι
3179 642 3278 706 Qui
3329 643 3528 700 malum

1944 730 2056 770 rem
2091 719 2327 784 nunciat,
2349 721 2668 790 obnuntiat;
2697 727 2787 798 qui
2822 730 3037 795 bonam,
3062 735 3364 792 annuntiat.
3397 735 3534 792 Nam

1943 811 2161 879 proprie
2209 813 2532 872 obnuntiare
2575 816 2828 876 dicuntur
2871 838 3138 894 augures,
3184 829 3273 900 qui
3327 829 3534 898 aliquid

1944 901 2068 956 mali
2117 904 2352 973 ominis,
2403 923 2748 980 scaevuntque
2789 914 3042 974 viderint.
3088 918 3230 991 Ergo
3272 921 3538 978 obnuntio

1943 993 2144 1048 malum
2192 997 2478 1054 imminens
2504 1041 2518 1065 ,
2560 1005 2712 1072 quasi
2759 1020 2920 1068 omen
2963 1012 3173 1067 nuntio.
3223 1012 3351 1069 Inde
3392 1017 3535 1071 enim

1885 1145 1888 1147 λ
1944 1085 2248 1162 ἐτυμολογία
2305 1090 2530 1162 hujusce
2583 1096 2733 1154 verbi
2787 1108 2870 1156 est
2908 1121 2928 1160 ι
2960 1102 2979 1173 (
3012 1103 3206 1162 Donat.
3236 1148 3252 1173 ,
3321 1106 3524 1164 Terent.

1945 1176 2191 1250 Adelp/i.,
2227 1181 2344 1240 Act.
2373 1187 2427 1251 4,
2453 1203 2591 1241 scen.
2626 1189 2732 1262 4.).
2765 1190 3006 1264 Utroque
3035 1198 3218 1264 verbo,
3251 1213 3314 1254 ac
3340 1201 3539 1271 saepius

1944 1273 2155 1343 primo,
2192 1277 2360 1332 utitur
2404 1278 2594 1336 Cicero
2620 1325 2633 1347 ,
2668 1293 2831 1352 atque
2860 1285 2912 1340 in
2946 1288 3135 1356 primis
3165 1289 3254 1350 ubi
3294 1291 3364 1348 ad
3395 1293 3538 1348 Atti-

1945 1379 2065 1419 cunt
2095 1366 2210 1422 hate
2235 1370 2423 1426 scribit
2464 1374 2517 1428 in
2555 1375 2755 1430 verba:
2784 1397 2802 1429 ‹
2840 1377 3168 1450 Proscripsit
3200 1398 3260 1438 se
3290 1398 3386 1454 per
3415 1400 3538 1441 om-

1945 1471 2043 1512 nes
2070 1458 2187 1524 dies
2207 1463 2511 1520 comitiales
2537 1465 2606 1521 de
2632 1468 2774 1524 ctelo
2808 1481 3266 1529 servaturum.....
3302 1475 3428 1532 Haec
3453 1487 3534 1532 ta-

1945 1563 2067 1602 men
2100 1565 2306 1605 summa
2353 1573 2365 1607 :
2408 1553 2521 1610 Nisi
2572 1557 2753 1613 Miloni
2798 1558 2858 1618 C.
2905 1563 3111 1633 Appius
3161 1565 3541 1631 obnﬂntiasset

1870 1653 1919 1724 Β
1945 1640 2160 1696 comitia
2208 1643 2385 1700 futura
2423 1666 2442 1698 ι
2480 1648 2499 1719 (
2526 1647 2636 1705 Cic.
2689 1650 2780 1704 lib.
2823 1669 2892 1707 tv.
2925 1653 3097 1725 Epist.
3124 1657 3157 1711 3
3181 1701 3196 1726 ,
3243 1659 3312 1712 ad
3341 1659 3497 1715 Attio.
3519 1703 3536 1729 ,

1946 1750 2067 1806 pag.
2093 1733 2222 1802 259,
2254 1737 2349 1791 lin.
2379 1739 2448 1794 42
2471 1737 2513 1810 ).
2548 1742 2690 1797 Alibi
2730 1759 2860 1800 vero
2883 1746 2969 1802 ubi
2999 1747 3069 1804 de
3093 1752 3333 1821 auspicio
3359 1753 3539 1826 loqui-

1945 1833 2069 1880 tur'.
2127 1845 2144 1878 ι
2180 1826 2298 1883 .lam
2344 1845 2472 1885 vero
2501 1831 2571 1888 de
2599 1834 2738 1890 caelo
2768 1851 2984 1893 servare
3017 1855 3123 1895 non
3164 1843 3311 1915 ipsos
3338 1861 3533 1904 censes

1942 1917 2130 1974 solitos
2153 1961 2170 1986 ,
2198 1924 2287 1991 qui
2318 1925 2769 1996 auspicabantur,
2804 1946 2946 1986 nunc
2975 1932 3241 2006 imperant
3271 1939 3527 2011 pullario,

1939 2010 2034 2065 ille
2066 2015 2340 2070 renuntiat
2369 2036 2388 2070 ι
2421 2015 2593 2088 Idem,
2640 2021 2730 2075 lib.
2763 2038 2832 2089 ll,
2872 2023 2936 2078 de
2963 2023 3219 2096 Divinat.,
3251 2047 3372 2104 pag.
3403 2010 3531 2104 289,

1941 2103 2033 2157 lin.
2062 2105 2129 2160 44
2153 2104 2196 2176 ).
2229 2108 2300 2162 Αι
2327 2108 2395 2164 de
2426 2127 2648 2182 prorsus
2679 2117 2925 2187 neglecto
2945 2158 2961 2184 ,
3000 2121 3083 2175 vel
3110 2122 3222 2194 jam
3257 2127 3537 2197 antiquato

1940 2194 2032 2248 illo
2060 2197 2226 2265 priori
2250 2215 2400 2256 more
2425 2203 2506 2258 his
2535 2203 2787 2263 Lucanus
2810 2209 3056 2266 versibus
3081 2225 3208 2269 ante
3236 2194 3536 2277 Arnobium

1940 2301 2182 2344 nostrum
2201 2295 2634 2364 conquerebatur
2648 2296 2898 2369 (Lucam,
2920 2300 2958 2354 l.
2979 2319 3052 2370 vr,
3073 2321 3202 2362 vers.
3218 2308 3324 2365 426
3341 2319 3388 2364 et
3400 2310 3534 2384 seq.)

2064 2381 2170 2459 ξοιι
2193 2387 2577 2459 quaesisselibet
2600 2393 2768 2452 primis
2789 2394 2903 2459 quid
2928 2393 3158 2459 frugibus
3181 2397 3332 2454 altrix

2063 2443 2162 2518 Qre
2187 2443 2321 2498 Iovis
2345 2451 2546 2518 Dodona
2567 2443 2727 2518 sonet,
2752 2443 2862 2518 quis
2882 2443 3089 2508 noscere
3103 2443 3230 2511 “ubi;

2061 2505 2179 2585 Eata
2204 2516 2527 2585 queat,‘quis_
2536 2516 2704 2576 prodat
2714 2505 2864 2577 aves,
2888 2505 2999 2585 quis
3009 2505 3230 2585 iulg—dra“
3241 2526 3354 2577 cali

2063 2569 2260 2634 Servet,
2289 2582 2341 2623 et
2358 2569 2560 2639 Assyria
2585 2587 2833 2630 scrutetur
2849 2569 3176 2636 ὲίὶιρῐειὲίῖῖ-ξιῖ

2009 2654 2186 2726 Pergit
2215 2673 2345 2713 vero
2374 2663 2644 2718 Arnobius
2673 2681 2686 2717 :
2715 2663 2986 2738 Numquid
3007 2686 3122 2724 cum
3148 2674 3346 2742 paratis
3369 2675 3528 2744 bella,

1935 2744 2137 2816 signum
2164 2755 2458 2806 monstratis
2486 2770 2548 2807 ea:
2572 2772 2688 2809 arce
2709 2773 2730 2822 ;
2757 2769 2845 2811 aut
2874 2761 3082 2830 fecialia
3095 2764 3225 2833 jura
3257 2771 3482 2822 tractatis
3505 2771 3532 2824 7

1938 2837 2205 2913 Numquid
2230 2862 2318 2914 per
2357 2848 2744 2919 clarigationem
2772 2857 2997 2924 repetitis
3026 2873 3106 2911 res
3147 2870 3322 2930 ruptas
3343 2861 3369 2915 ?
3405 2862 3529 2920 Tria

1937 2936 2005 2990 ibi
2033 2936 2123 2992 ille
2140 2939 2204 2992 ad
2241 2940 2438 2996 bellum
2468 2945 2790 3013 parandum,
2816 2964 2914 3002 seu
2945 2952 3290 3009 indicendum
3317 2971 3526 3012 memo-

236 3056 413 3125 Amm.
442 3030 615 3118 homo,
646 3073 766 3127 pag.
794 3030 993 3122 221;“
1017 3073 1153 3130 seqq.
1183 3030 1389 3126 [ϐαίη
1423 3030 1512 3117 ἰῶ.
1553 3030 1636 3120 1'0.
1669 3030 1828 3122 N0“:
1860 3055 1904 3117 ρ
1937 3037 2036 3084 rat.
2071 3030 2252 3130 Primo
2273 3032 2484 3130 signum
2515 3037 2628 3092 sive
2653 3038 2904 3094 vexillum
2932 3058 2998 3096 ex
3029 3057 3156 3099 arce
3183 3045 3527 3104 demonstra«

235 3147 395 3200 Attic.
453 3163 570 3213 cap.
625 3147 715 3215 28,
767 3165 890 3220 pag.
941 3148 1110 3219 575).
1156 3149 1264 3206 Sed
1311 3151 1526 3222 Lipsius
1577 3157 1832 3218 observat

232 3255 447 3298 sextam
502 3241 730 3300 classem
780 3243 908 3297 olim
967 3243 1130 3298 fuisse
1199 3260 1418 3312 vacuam
1475 3255 1532 3302 et
1583 3249 1829 3314 feriatam

235 3336 442 3407 (Lips.,
464 3344 588 3390 tam.
615 3351 696 3400 ut,
718 3334 807 3390 lib.
829 3352 864 3401 1,
888 3336 951 3389 de
974 3335 1130 3390 Milit.
1158 3337 1335 3406 Rom.,
1352 3339 1479 3402 dial.
1500 3338 1682 3414 2,pag.
1712 3343 1824 3415 15).

234 3428 433 3485 Utrum
466 3443 594 3490 vero
623 3428 674 3482 id
703 3429 770 3482 ad
806 3428 1121 3484 solvendum
1155 3428 1488 3494 difﬁcultatis
1527 3432 1688 3504 hujus
1726 3451 1827 3491 no-

233 3521 364 3578 dum
388 3521 644 3586 sulliciat,
673 3520 903 3576 aliorum
935 3531 1050 3576 esto
1093 3521 1378 3592 judicium.
1424 3526 1689 3598 Quidquid
1733 3544 1828 3584 au-

236 3627 344 3671 tem
368 3615 473 3681 sit,
516 3616 648 3674 satis
682 3624 894 3672 constat
922 3614 1021 3674 has
1059 3615 1263 3673 classes
1300 3632 1330 3672 a
1373 3617 1630 3676 Romanis
1662 3622 1828 3680 luisse

233 3717 492 3764 mutatas.

303 3825 445 3880 Tum
485 3825 680 3881 deinde
728 3825 998 3888 Arnobius
1041 3845 1054 3880 :
1106 3845 1125 3880 ‹
1169 3825 1440 3899 Numquid
1481 3831 1826 3902 magistratus

232 3934 330 3987 per
356 3917 609 3986 populum
639 3918 874 3973 creatis?
900 3918 1148 3974 Militaria
1169 3962 1182 3984 ,
1227 3921 1461 3986 urbana,
1491 3925 1824 3992 communia,

228 4030 354 4085 qua:
383 4013 491 4069 sint
517 4014 715 4068 comita
738 4015 925 4069 scitis?
947 4014 1189 4084 (Arnob.,
1220 4017 1310 4069 lib.
1332 4031 1391 4082 ll,
1423 4034 1543 4088 pag.
1565 4017 1682 4090 91.)
1713 4019 1824 4073 Pio-

229 4107 408 4162 manis
433 4106 723 4176 exprobrat
754 4107 896 4177 quod
925 4107 1038 4163 hinc
1068 4109 1138 4162 ab
1167 4108 1272 4163 illis
1303 4125 1410 4164 non
1444 4111 1603 4166 modo
1633 4113 1826 4166 immu-

227 4211 362 4266 tata,
385 4200 481 4254 sed
516 4216 651 4270 pene
679 4192 936 4260 oblivioﬁi
969 4203 1160 4256 tradita
1187 4204 1312 4256 sint.
1351 4204 1494 4258 Varii
1518 4213 1700 4261 autem
1726 4221 1823 4276 ge-

227 4296 377 4348 neris
406 4303 562 4348 eraut
587 4295 836 4359 comitia,
878 4304 934 4348 et
963 4295 1065 4348 alia
1088 4296 1304 4364 quidem
1325 4337 1339 4364 ,
1373 4305 1429 4350 ut
1458 4297 1704 4366 perhibet
1733 4299 1824 4354 Li-

227 4388 371 4451 vius,
405 4389 608 4441 curiata
629 4428 644 4452 ,
683 4403 803 4457 qua:
831 4402 943 4443 rem
973 4387 1256 4444 militarem
1298 4391 1682 4458 continebant;
1716 4393 1820 4448 alia

1937 3132 2068 3192 tum,
2095 3123 2162 3179 de
2189 3141 2296 3196 quo
2328 3125 2577 3200 Virgilius
2607 3131 2625 3202 (
2659 3132 2748 3186 lib.
2777 3148 2896 3199 vni,
2922 3134 3168 3204 £neid.,
3193 3156 3324 3196 vers.
3359 3141 3383 3198 l
3413 3139 3432 3214 )
3466 3160 3481 3197 :

2056 3215 2270 3330 ἕιῐὺῗμέἰ
2289 3219 2484 3282 signum
2507 3220 2740 3273 Laurenti
2766 3223 2961 3276 Turnus
2984 3229 3045 3278 ab
3067 3243 3182 3281 arce

2075 3293 2128 3327 ix
2157 3293 2223 3329 ιιι

2075 3293 2325 3333 ιχιιιιιι....

2009 3383 2028 3416 ι
2063 3365 2358 3434 Quoniam,
2399 3387 2417 3421 ι
2453 3371 2525 3424 uti
2554 3369 2772 3428 Servius
2799 3373 2853 3428 in
2882 3373 3025 3432 hunc
3053 3375 3522 3436 locumanimad—

1932 3460 2090 3514 vertit
2120 3478 2133 3517 :
2158 3478 2177 3512 t
2213 3463 2465 3519 vexillum
2496 3465 2548 3519 in
2578 3481 2705 3523 arce
2737 3469 2861 3537 poni
2893 3471 3144 3540 solebat,
3196 3474 3341 3544 quod
3371 3486 3519 3534 esset

1929 3555 2202 3623 specimen
2242 3557 2486 3628 imperati
2525 3563 2816 3630 exercitus,
2861 3582 2882 3615 ι
2914 3563 3033 3633 Quo
3076 3566 3242 3623 etiam
3269 3569 3340 3624 de
3371 3586 3524 3628 more

1930 3645 2045 3700 hanc
2070 3662 2098 3700 a
2127 3646 2286 3703 Festo
2315 3651 2511 3720 scripta
2539 3651 2559 3724 (
2585 3652 2710 3708 Fest
2730 3655 2798 3708 ad
2820 3655 3024 3710 verbum
3048 3657 3219 3730 Just.)
3242 3660 3472 3732 legimus
3502 3681 3517 3718 :

1935 3761 1954 3795 ι
1988 3742 2124 3800 iusti
2153 3743 2268 3802 dies
2298 3745 2614 3802 dicebantur
2640 3750 2882 3819 triginta,
2907 3765 3032 3806 cum
3059 3753 3330 3810 exercitus
3369 3765 3519 3812 esset

1929 3837 2259 3906 imperatus,
2287 3847 2342 3893 et
2366 3839 2620 3896 vexillum
2661 3843 2714 3896 in
2742 3858 2868 3900 arce
2896 3846 3154 3914 positum.
3192 3865 3213 3899 ι
3258 3846 3421 3904 Plura
3450 3849 3520 3906 de

1929 3929 2022 3982 illo
2045 3945 2192 3985 more
2213 3930 2420 3986 videbis
2443 3933 2584 4002 apud
2617 3934 2838 3989 Dionem
2864 3936 3132 4005 Cassium,
3159 3953 3212 3993 et
3241 3938 3510 4008 Lipsium.
3613 3945 3620 3952 ’

1931 4023 1950 4092 (
1977 4023 2091 4078 Dio.
2122 4023 2266 4079 Cass.
2295 4067 2308 4091 ,
2341 4025 2431 4079 lib.
2478 4041 2626 4081 xxvn
2647 4070 2661 4094 ,
2694 4044 2747 4097 p.
2777 4028 2885 4094 A7;
2927 4027 3076 4099 Lips.
3101 4070 3117 4095 ,
3148 4029 3239 4097 lib,
3262 4046 3316 4099 ι,
3349 4031 3411 4088 de
3437 4031 3517 4089 Re

1927 4117 2130 4183 rustic.,
2159 4131 2277 4186 cap.
2305 4117 2363 4185 2,
2398 4135 2447 4188 p.
2479 4119 2546 4172 18
2565 4128 2611 4171 st
2638 4135 2774 4190 seqq.
2797 4117 2840 4190 ).

2000 4209 2246 4264 Secundo
2275 4211 2542 4266 Arnobius
2568 4214 2772 4282 feclalia
2812 4215 2929 4278 ium
2969 4215 3235 4285 appellat;
3267 4217 3392 4289 quia
3435 4220 3514 4277 le-

1927 4301 2086 4356 ciales
2136 4303 2331 4358 bellum
2386 4307 2602 4360 nomine
2647 4307 2828 4378 populi
2881 4306 3112 4363 Romani
3164 4309 3506 4381 indicebant,

1925 4397 2372 4464 quemadmodum
2419 4415 2483 4454 ex
2533 4399 2710 4464 Livio,
2764 4400 3022 4472 Dionysio
3051 4402 3509 4474 Halycarnasseo,

225 4480 764 4550 centuriata,quibus
784 4480 1037 4535 consules
1055 4482 1359 4552 tribunique
1381 4483 1642 4539 militares
1663 4501 1816 4540 crea-
1845 4464 2119 4556 DGellio,
2162 4499 2215 4543 et
2263 4489 2546 4545 Lactantio
2589 4490 2798 4546 discere
2845 4502 2929 4548 est
2973 4492 3136 4565 (Liv.,
3179 4495 3266 4549 lib.
3311 4512 3348 4563 ι,
3382 4495 3411 4566 §
3443 4496 3514 4552 24

225 4577 422 4630 bantur
451 4578 470 4649 (
495 4577 609 4632 Liv.
635 4618 650 4643 ,
682 4577 770 4630 lib.
803 4593 850 4641 ι,
888 4577 916 4648 §
948 4578 1017 4634 60
1044 4589 1091 4634 et
1117 4580 1207 4633 lib.
1239 4596 1293 4646 ν,
1325 4581 1352 4651 §
1378 4581 1447 4635 52
1467 4583 1505 4652 ).
1535 4583 1822 4650 Quomodo

223 4680 405 4725 autem
441 4671 554 4725 lucc
581 4672 812 4741 primum
843 4672 1103 4738 instituta,
1126 4689 1187 4728 ac
1210 4674 1467 4746 deinceps
1497 4677 1598 4731 sub
1625 4693 1822 4733 consu-

224 4765 370 4819 libus
395 4762 533 4818 facta
561 4765 690 4829 sint,
725 4766 1004 4834 perspicue
1028 4776 1213 4821 narrat
1246 4768 1529 4841 Dionysius
1558 4771 1819 4844 Halycar-

226 4873 455 4912 nasseus
484 4858 506 4929 (
534 4857 745 4928 Dionys.
801 4857 991 4929 Halyc.
1021 4902 1036 4926 ,
1085 4860 1174 4914 lib.
1217 4878 1288 4927 tv,
1321 4862 1572 4934 Antiquit.
1617 4864 1772 4920 Rom.
1801 4908 1816 4932 ,

226 4968 353 5021 pag.
381 4949 507 5017 εει,
534 4961 580 5004 et
610 4949 701 5004 lib.
750 4967 824 5006 vn
849 4994 862 5016 ,
896 4969 1013 5024 pag.
1045 4952 1152 5008 474
1181 4963 1228 5008 et
1263 4971 1398 5026 seqq.
1426 4955 1594 5028 )Quac
1635 4966 1815 5012 autem

219 5042 425 5097 iuerint
468 5042 676 5097 curiata
718 5059 781 5097 ac
819 5044 1118 5099 centuriata
1147 5047 1400 5114 comitia,
1440 5064 1505 5102 ex
1539 5047 1720 5104 Felice
1763 5058 1819 5104 et

220 5135 479 5191 Labeone
507 5136 742 5205 explicat
769 5136 836 5191 A.
868 5136 1095 5204 Gellius,
1126 5151 1286 5209 atque
1317 5140 1606 5212 Manutius,
1640 5153 1694 5198 ct
1721 5143 1816 5199 Ni-

221 5233 414 5286 colaus
441 5229 711 5286 Grucltius
735 5278 749 5300 ,
779 5233 868 5301 qui
901 5232 968 5286 de
1005 5232 1111 5287 illis
1142 5234 1308 5290 libros
1334 5235 1551 5291 edidere
1582 5235 1602 5309 (
1635 5236 1770 5293 Gell.
1795 5278 1812 5305 ,

220 5324 319 5378 lib.
348 5339 419 5377 tv.
443 5320 600 5376 Noct.
627 5324 756 5389 Atl.,
780 5339 896 5389 cap.
923 5323 1028 5390 ‘27;
1062 5324 1265 5380 Manut.
1297 5338 1342 5380 et
1369 5326 1588 5393 Graclt.,
1615 5340 1738 5386 (orn.
1761 5332 1816 5387 1.

216 5415 457 5484 Antiquit
498 5431 701 5469 roman.
733 5436 756 5483 ι
805 5415 964 5470 Plura
1006 5433 1222 5488 quoque
1248 5418 1315 5474 de
1351 5417 1544 5476 iisdem
1583 5423 1819 5482 comitiis

215 5511 483 5564 observat
525 5507 830 5565 Alexander
867 5509 934 5565 ab
961 5509 1270 5570 Alexandro
1292 5553 1306 5578 ,
1352 5521 1406 5568 et
1435 5513 1812 5586 Tiraquellus,

211 5614 365 5674 quos
436 5601 574 5657 sicut
621 5611 677 5657 et
727 5603 863 5660 alios
924 5604 1232 5674 complures
1277 5606 1562 5664 consulere
1613 5611 1816 5678 poteris

214 5694 510 5766 (Alexand.
540 5705 585 5751 et
613 5695 790 5769 Tiraq.
825 5695 916 5753 lib.
941 5713 994 5755 tv
1025 5697 1228 5756 Genial.
1263 5699 1416 5768 diem
1444 5718 1560 5775 cap.
1585 5703 1678 5775 ὅ).

1925 4591 1969 4635 et
1995 4582 2094 4648 52;
2119 4580 2311 4654 Diony.
2339 4582 2556 4654 Halys.,
2583 4583 2671 4637 lib.
2702 4584 2758 4651 2,
2789 4602 2909 4655 pag.
2943 4586 3081 4651 15ος
3115 4585 3271 4652 Gell.,
3303 4588 3394 4642 lib.
3420 4587 3509 4653 16,

1927 4674 2083 4730 Nact.
2133 4677 2312 4743 Attia,
2343 4691 2457 4743 cap.
2502 4665 2570 4743 4,
2599 4675 2842 4744 Luctum,
2886 4675 2977 4731 lib.
3013 4694 3098 4742 vi;
3147 4676 3280 4732 Inst.
3327 4679 3511 4746 divin.,

1924 4785 2040 4839 cap.
2069 4769 2122 4835 9,
2152 4786 2270 4840 pag.
2302 4767 2452 4839 572).
2491 4769 2568 4824 De
2597 4769 2677 4824 his
2708 4785 2855 4836 vero,
2879 4780 2935 4825 et
2957 4770 3315 4840 clarigatione,
3350 4786 3513 4840 quam

1925 4865 2125 4918 Auctor
2168 4872 2351 4918 noster
2379 4863 2536 4920 tertio
2573 4862 2692 4920 loco
2729 4863 3005 4930 nominat,
3041 4864 3258 4924 Servius
3308 4863 3361 4918 in
3397 4863 3513 4934 jam

1923 4955 2097 5011 citatis
2120 4956 2173 5010 in
2213 4953 2487 5026 Virgilium
2519 4957 2922 5016 commentariis
2951 4957 3064 5014 haec
3108 4954 3291 5012 habet.
3320 4973 3342 5010 ι
3376 4954 3513 5013 Cum

1923 5048 2150 5104 Romani
2174 5049 2423 5104 volebant
2450 5049 2652 5107 bellum
2672 5050 2932 5116 indicere,
2959 5050 3384 5120 Paterpalratus,
3410 5051 3513 5108 hoc

1921 5154 2003 5198 est
2044 5144 2292 5213 princeps
2343 5143 2632 5210 lecialium,
2683 5143 3122 5214 proﬁciscebatur
3157 5143 3228 5200 ad
3275 5142 3510 5210 hostium

1921 5233 2079 5303 ﬁnes,
2119 5244 2172 5291 et
2207 5237 2454 5306 praelatus
2483 5238 2727 5308 quaedam
2759 5236 3051 5303 solemnia,
3084 5238 3230 5301 clara
3272 5255 3405 5296 voce
3427 5238 3512 5296 di-

1921 5327 2075 5382 cebat
2100 5343 2160 5383 se
2184 5328 2385 5386 bellum
2418 5327 2658 5386 indicere
2696 5337 2919 5399 propter
2947 5339 3129 5386 certas
3163 5346 3377 5402 causas,
3417 5343 3513 5390 aut

1921 5422 2040 5493 quia
2091 5423 2268 5480 socios
2313 5425 2580 5491 laeserant,
2624 5434 2715 5482 aut
2755 5426 2882 5500 quia
2913 5441 3013 5484 nec
3040 5427 3266 5500 abrepta
3304 5432 3510 5486 anima-

1920 5518 2010 5588 lia,
2041 5538 2060 5571 i
2085 5520 2201 5576 sive
2229 5538 2308 5576 res
2331 5532 2529 5590 raptas,
2557 5530 2614 5577 ut
2636 5523 2711 5578 ait
2735 5524 3030 5591 Arnobius,
3070 5544 3089 5577 ι
3121 5541 3222 5582 nec
3244 5525 3514 5584 obnoxios

1920 5612 2226 5680 redderent,
2274 5623 2330 5668 et
2379 5613 2494 5669 haec
2542 5616 2819 5687 clarigatio
2865 5618 3154 5679 dicebatur
3197 5635 3230 5674 a
3275 5617 3519 5679 claritate

1921 5708 2084 5766 vocis.
2114 5706 2243 5766 Post
2263 5723 2424 5780 quam
2449 5708 2872 5784 clarigationem,
2901 5714 3064 5771 hasta
3092 5711 3159 5768 in
3181 5723 3373 5772 eorum
3394 5712 3529 5768 tinos
