3990 6072
444 240 550 296 423

1686 233 2138 296 DISSERTATIO
2176 233 2452 292 PBASVIA

3623 231 3730 288 424

443 359 627 426 missa,
672 357 1002 414 indicabatur
1032 357 1144 429 jam
1183 371 1373 428 pugna:
1399 355 1721 426 principium
1771 357 1942 428 (Serv.
1974 357 2012 410 ir

2132 358 2602 430 καταπεπηγμένων
2650 358 2798 433 παρά
2846 361 2975 416 ταῖς·
3008 364 3220 420 σκηναῖς
3259 357 3436 412 ὑσσῶν
3469 370 3482 384 ⁸
3516 353 3627 411 ἔστι
3677 354 3734 411 δέ

445 452 531 507 lib.
563 467 637 516 tv,
675 451 916 518 ιΕιιείάη
949 466 1169 516 ix,vers.
1196 450 1312 520 55).
1350 469 1369 501 ι
1403 447 1565 504 Addit
1591 459 1768 504 tamen
1808 451 1859 503 in
1893 449 2022 504 sub-

440 553 758 618 sequentem
792 543 994 615 Virgilii
1022 542 1240 609 librum,
1275 541 1363 598 ubi
1393 543 1541 612 plura
1570 541 1656 596 his
1681 541 1874 597 similia
1906 557 2028 596 nar-

439 648 523 693 rat
555 656 568 692 :
608 658 627 689 ‹
660 636 953 708 Clarigatio
980 646 1070 692 aut
1095 655 1123 690 a
1150 637 1293 692 clara
1321 651 1455 692 voce
1483 637 1624 690 dicta
1651 646 1753 702 est,
1781 653 1881 707 qua
1911 645 2026 692 ute-

437 732 596 788 batur
617 733 1019 801 Paterpatratus
1039 772 1054 798 ,
1086 734 1188 788 ἀπὸ
1216 742 1308 794 τῆς
1342 733 1559 809 κλήρου,
1585 731 1689 788 hoc
1717 741 1828 797 est,
1855 743 2020 798 sorte,

437 841 560 882 nam
590 841 684 895 per
712 825 959 880 bellicam
995 837 1195 881 sortem
1229 842 1387 897 agros
1431 825 1666 880 bestiam
1705 824 2028 880 invadebant

439 917 615 988 (idem,
638 917 692 971 in
713 916 801 970 lib.
826 933 880 979 χ,
897 933 1024 972 vers.
1041 918 1168 990 14).
1195 916 1401 972 Plinius
1428 931 1558 970 vero
1583 915 1652 971 de
1677 915 2024 985 clarigatione

437 1009 574 1077 hmc,
596 1026 717 1080 qua:
752 1009 819 1064 ad
843 1025 955 1065 rem
988 1022 1224 1064 nostram
1255 1008 1476 1075 faciunt,
1514 1008 1708 1064 litteris
1733 1006 2023 1078 consigna-

435 1107 543 1160 vit:
565 1124 584 1157 ι
609 1104 835 1175 Semper
863 1120 895 1160 e
921 1105 1109 1176 legatis
1138 1119 1258 1160 cum
1282 1103 1350 1160 ad
1375 1106 1579 1168 hostes,
1601 1103 2025 1173 clarigatumque

434 1199 797 1265 mitterentur,
823 1197 874 1252 id
895 1207 998 1262 est,
1029 1211 1117 1254 res
1138 1205 1354 1268 ereptas
1380 1195 1529 1252 clare
1556 1197 1867 1263 repetitum,
1889 1209 2024 1249 unus

434 1295 620 1365 utique
665 1292 1028 1348 Verbenarius
1064 1290 1358 1346 vocabatur
1396 1290 1590 1362 (Plin.,
1621 1289 1708 1344 lib.
1743 1305 1874 1353 xxu,
1911 1287 2022 1343 Na-

435 1399 536 1442 tur.
571 1386 716 1454 hist,
748 1401 866 1457 cap.
902 1385 959 1452 2,
994 1402 1112 1455 pag.
1150 1384 1297 1456 179).
1332 1402 1351 1436 ι
1383 1383 1544 1438 Plura
1576 1382 1644 1438 de
1678 1383 2026 1455 clarigatione

432 1493 487 1538 ct
526 1481 804 1536 ferialibus
847 1477 1156 1535 observavit
1197 1477 1528 1543 Brissonius,
1568 1491 1688 1547 quae
1730 1486 1782 1533 te
1831 1476 2025 1546 legisse

432 1589 538 1629 non
586 1573 743 1643 plane
770 1570 973 1626 inutilis
1001 1585 1182 1641 operae
1221 1569 1383 1625 fuerit
1416 1568 1696 1641 (Brisson.,
1734 1569 1824 1624 lib.
1856 1583 1934 1636 iv,
1963 1571 2026 1623 de

431 1665 639 1733 Form.,
667 1682 786 1738 pag.
822 1664 925 1721 585
944 1674 990 1719 et
1015 1662 1200 1736 seqq).

2128 455 2296 505 ταῦτα
2322 449 2440 520 βέλη
2468 447 2743 523 Ῥωμαίων.
2779 447 2812 504 ἂ
2854 448 3114 509 συνιόντες
3147 450 3219 508 εἰς
3253 455 3443 524 χεῖρας
3487 447 3739 511 ἐξακοντί-

2127 547 2389 607 Coum...”
2419 546 2473 598 ἐκ
2501 546 2696 598 τούτων
2724 542 2786 602 δὴ
2812 550 2913 599 τῶν
2941 543 3117 597 ὑσσῶν
3145 543 3265 616 περὶ
3289 549 3396 601 τοῖς
3427 536 3605 615 ἄκροις
3630 545 3734 593 τῶν

2127 637 2400 692 ὀϐελίσκοιν
2431 638 2604 712 φλόγες
2634 640 2941 701 ἀνήπτοντο,
2972 639 3058 692 καὶ
3086 634 3149 691 δι’
3180 632 3296 690 ὅλον
3321 640 3415 690 τοῦ
3454 633 3738 708 στρατοπέ-

2127 729 2218 786 δου
2247 731 2400 791 σέλας
2429 729 2486 789 ἦν
2513 774 2526 794 ,
2555 734 2729 809 ὥσπερ
2759 734 2863 787 ἀπὸ
2889 727 3172 804 λαμπάδων
3193 768 3207 788 .
3237 730 3323 782 καὶ
3368 727 3599 797 κατέσχε
3641 732 3735 785 τῆς

2128 827 2311 885 κνκτὸς
2341 826 2425 879 ἐπὶ
2469 825 2620 880 πολύ.
2650 827 2705 879 ἐκ
2746 827 2934 880 τούτου
2973 822 3252 879 κατέλαϐον
3303 827 3396 876 τοῦ
3441 821 3731 892 φάσματος,

2128 919 2303 992 ὥσπερ
2333 918 2379 971 οἱ
2404 919 2780 996 τερατοσκόποι
2813 920 3104 989 ἀπέφαινον,
3147 918 3234 970 καὶ
3277 917 3410 970 πασί
3454 916 3738 986 ἀνθρώποις

2128 1010 2434 1082 συμϐάλλειν
2465 1013 2524 1064 οὐ
2569 1009 2806 1082 χαλεπὸν
2844 1007 2935 1074 ἦν,
2965 1007 3042 1065 ὅτι
3084 1011 3223 1068 νίκην
3265 1007 3442 1066 αὐτοῖς
3487 1012 3735 1076 ταχεῖαν,

2126 1106 2212 1158 καὶ
2239 1104 2482 1178 λαμπρὰν
2527 1106 2764 1174 σημαίνει
2791 1104 2851 1157 τὸ
2887 1101 3166 1174 δαιμόνιον’
3195 1097 3471 1174 ἐπειδήπερ
3502 1095 3641 1151 ἅπαν
3666 1095 3736 1150 εἵ-

2125 1219 2201 1253 κει
2230 1201 2379 1275 πυρὶ,
2411 1203 2497 1253 καὶ
2519 1195 2666 1253 οὐδὲν
2691 1195 2720 1251 ὅ
2743 1220 2794 1253 τι
2823 1199 2929 1269 οὐχ
2956 1197 3058 1250 ὑπό
3085 1200 3178 1250 τοῦ
3207 1194 3373 1270 πυρὸς
3399 1190 3737 1266 διαφθείρεται

2125 1289 2371 1363 (Dionys.
2405 1290 2494 1344 lib.
2532 1304 2586 1356 v,
2631 1289 2886 1359 Amiquil.
2916 1304 3074 1354 rom.,
3125 1303 3244 1358 pag.
3279 1283 3468 1355 5l23).
3502 1280 3622 1338 Non
3665 1282 3737 1338 ab

2126 1387 2274 1442 omni
2326 1384 2785 1442 versimilitudine
2827 1383 3091 1438 abhorret
3125 1378 3425 1436 Arnobiotn
3475 1375 3543 1431 ad
3590 1376 3736 1432 hunc

2123 1482 2433 1554 respexisse
2479 1481 2759 1552 antiquum
2803 1492 3051 1544 morem,
3085 1475 3132 1530 si
3163 1475 3457 1546 Dionysius
3501 1470 3735 1527 dixisset

2126 1575 2278 1631 illum
2311 1575 2616 1632 solemnem
2649 1572 2856 1642 fuisse,
2890 1586 2955 1626 ac
2984 1581 3092 1627 tam
3136 1583 3283 1640 saepe
3310 1583 3472 1639 quam
3515 1563 3733 1637 publice

2126 1673 2406 1728 usitatum.

502 1761 853 1830 Prosequitur
875 1757 1144 1815 Arnobius
1176 1777 1188 1812 :
1220 1775 1239 1810 ι
1271 1756 1538 1828 Numquid
1570 1758 1817 1812 martium
1840 1755 2022 1813 discri—
2053 1765 2099 1827 Β
2196 1764 2536 1822 Probabilius
2574 1778 2705 1820 vero
2732 1758 3056 1833 quibusdim
3089 1757 3305 1815 videtur
3337 1756 3505 1812 fuisse
3532 1755 3724 1827 signo-

431 1871 553 1912 men
583 1855 864 1919 obeuntes,
887 1867 1039 1923 spem
1069 1852 1235 1922 praelii
1260 1853 1491 1919 sumitis,
1521 1860 1578 1907 et
1596 1869 1660 1907 ex
1689 1851 2021 1907 acuminibus

429 1949 716 2022 auspicatis
761 1949 998 2018 (Arnob.,
1039 1947 1128 2002 lib.
1161 1963 1228 2012 ιι,
1270 1965 1391 2018 pag.
1421 1947 1552 2017 9i)?
1591 1966 1609 1998 ι
1644 1945 1834 2003 Cicero
1861 1957 2018 2001 antea

429 2043 689 2100 Romanis
717 2059 821 2098 non
853 2041 1022 2098 semel
1053 2041 1181 2095 vitio
1210 2050 1467 2106 verterat,
1501 2040 1642 2111 quod
1673 2041 1788 2096 hzec
1819 2053 2020 2098 temere

428 2139 874 2195 itmnutaverint:
910 2157 928 2188 ι
965 2136 1221 2191 Bellicam
1254 2152 1368 2191 rem
1393 2135 1772 2200 administrari,
1810 2155 1828 2186 ι
1859 2135 2017 2190 verba

428 2233 576 2289 illius
604 2242 730 2288 sunt
759 2231 1052 2302 ipsissima,
1093 2250 1110 2280 ι
1148 2229 1380 2299 majores
1411 2229 1580 2283 nostri
1613 2228 1712 2282 nisi
1743 2228 2019 2298 auspicato

427 2327 748 2391 noluerunt;
795 2339 954 2393 quam
983 2323 1135 2378 multi
1177 2322 1301 2377 anni
1335 2333 1480 2388 sunt,
1507 2337 1629 2377 cum
1658 2322 1796 2376 bella
1840 2337 1868 2375 a
1897 2337 2019 2391 pro-

427 2421 750 2493 praetoribus
777 2429 832 2476 et
863 2417 1280 2490 proconsulibus
1307 2416 1775 2484 administrantur,
1803 2417 1893 2488 qui
1925 2435 2018 2472 au-

425 2514 590 2586 spicia
643 2528 748 2569 non
809 2512 1048 2568 habent?
1105 2510 1288 2582 Itaque
1345 2527 1444 2566 nec
1496 2526 1684 2566 omnes
1725 2517 2018 2565 transeunt

423 2611 720 2680 auspicato,
755 2623 854 2663 nec
890 2605 1121 2676 tripudio
1151 2605 1516 2674 auspicantur.
1547 2603 1680 2658 Nam
1712 2620 1777 2658 ex
1807 2605 2013 2659 acumi-

423 2703 582 2758 nibus
608 2702 857 2774 quidem,
905 2700 1048 2771 quod
1089 2709 1256 2754 totum
1303 2698 1604 2768 auspicium
1641 2698 1873 2752 militare
1898 2695 2009 2767 estf,

417 2798 527 2867 jam
555 2796 623 2852 M.
647 2795 953 2862 Marcellus,
973 2794 1065 2850 ille
1086 2793 1370 2864 quinquies
1391 2791 1601 2859 consul,
1623 2800 1789 2845 totum
1813 2791 2010 2859 omisit,

421 2889 563 2945 idem
605 2889 916 2960 imperator,
951 2886 1090 2942 idem
1119 2901 1288 2957 augur
1313 2885 1549 2955 optimus
1584 2882 1792 2952 (Cicer.,
1826 2883 1914 2938 lib.
1951 2900 2010 2951 ιι,

2123 1876 2240 1917 rum
2287 1860 2600 1915 militarium
2649 1857 2934 1923 acumina,
2982 1871 3105 1927 qua:
3163 1853 3501 1925 longioribus
3553 1852 3732 1908 contis

2121 1952 2305 2020 insita,
2348 1952 2606 2007 ferratum
2654 1951 2708 2006 in
2752 1949 3033 2019 cuspidem
3082 1945 3428 2003 desinebant.
3457 1944 3592 2001 Nam
3634 1945 3729 2001 illa

2121 2050 2164 2103 si
2196 2049 2391 2104 castris
2424 2049 2543 2103 loco
2574 2046 2758 2113 motis,
2791 2043 3022 2116 signifer
3051 2058 3119 2097 ex
3155 2041 3341 2097 hostili
3369 2041 3536 2095 lmmo
3568 2039 3730 2096 facile

2120 2142 2404 2209 evellebat,
2441 2143 2568 2197 inde
2596 2140 2833 2196 faustum
2864 2155 3024 2196 omen
3053 2147 3313 2210 certaque
3341 2138 3568 2193 victoria
3593 2153 3608 2191 :
3638 2137 3726 2191 sin

2121 2250 2256 2292 vero
2284 2251 2430 2306 aegre
2464 2234 2824 2301 cxtrahebat,
2856 2233 3078 2288 sinistra
3109 2230 3440 2303 praesagitio,
3472 2229 3727 2300 baudque

2118 2328 2326 2384 incerta
2372 2327 2557 2384 clades
2595 2325 3141 2397 praemonstrabatur.
3171 2327 3244 2380 At
3269 2325 3316 2380 si
3343 2323 3466 2394 quis
3499 2324 3636 2378 hanc
3663 2322 3722 2378 in

2117 2423 2434 2493 Opinionem
2465 2422 2713 2488 inclinet,
2747 2421 3042 2476 observare
3069 2419 3258 2488 utique
3285 2417 3450 2474 debet
3470 2434 3500 2472 a
3529 2417 3724 2474 Servio

2117 2515 2171 2570 id
2192 2514 2476 2570 fecialibus
2504 2514 2584 2568 sic
2612 2512 2849 2568 adscribi
2881 2531 2894 2567 :
2935 2531 2955 2564 (
2993 2512 3123 2568 Post
3165 2510 3382 2567 tertium
3408 2521 3464 2565 et
3505 2511 3724 2566 tricesi-

2117 2623 2264 2662 mum
2309 2607 2474 2674 diem,
2520 2621 2680 2677 quam
2717 2620 2807 2662 res
2855 2606 3183 2676 repetissent
3224 2603 3292 2659 ab
3334 2603 3599 2670 hostibus,
3639 2603 3719 2660 fe-
3759 2655 3768 2662 .

2115 2706 2282 2761 ciales
2313 2704 2521 2760 hastam
2556 2704 2844 2761 mittebant
2893 2703 3095 2776 (Serm,
3128 2704 3182 2757 in
3226 2702 3318 2758 lib.
3359 2717 3435 2766 Ix,
3471 2701 3711 2770 £neid.,

2114 2815 2224 2854 vers
2252 2798 2365 2871 53).
2404 2817 2424 2850 ι
2454 2799 2727 2854 Arnobius
2759 2807 2938 2854 tamen
2970 2798 3088 2854 haec
3115 2797 3185 2853 ab
3221 2797 3564 2853 acuminibus
3593 2813 3718 2868 per-

2114 2893 2302 2962 spicue
2328 2891 2635 2963 distinguit.
2679 2891 3022 2961 Quapropter
3061 2893 3105 2946 si
3136 2890 3292 2947 alicui
3324 2891 3509 2946 ultima
3542 2891 3718 2961 expli-

422 2983 484 3040 de
510 2984 762 3050 Divinal.,
797 2999 916 3055 pag.
949 2980 1076 3044 290,
1106 2980 1199 3034 lin.
1233 2977 1344 3051 14).
1387 2998 1406 3031 ι
1437 2978 1560 3033 Alio
1591 2988 1766 3033 autem
1797 2979 1848 3032 in
1876 2977 2012 3033 libro

2118 2988 2254 3043 catio
2275 2989 2549 3054 arriserit,
2572 2987 2735 3042 debet
2759 2986 3000 3057 profecto
3025 2987 3213 3042 dicere
3235 2986 3532 3042 Arnobium
3562 2985 3714 3056 loqui

421 3073 473 3134 id
527 3077 851 3149 negligentia
905 3074 1200 3131 nobilitatis
1257 3073 1514 3128 omissum
1571 3071 1735 3127 fuisse
1786 3080 2012 3126 testatur

419 3167 614 3242 (Idem,
647 3170 734 3224 lib.
759 3185 814 3236 ιι,
847 3167 909 3223 de
936 3166 1131 3222 Natur.
1163 3165 1331 3233 deor.,
1360 3182 1479 3238 pag.
1509 3164 1640 3231 215,
1674 3165 1769 3218 lin.
1802 3162 1882 3234 5).

491 3265 622 3333 Quae
667 3272 844 3318 autem
893 3260 1094 3316 fuerint
1140 3260 1228 3316 illa
1254 3276 1320 3315 ex
1365 3257 1705 3314 acuminibus
1749 3256 2008 3327 auspicia,

419 3357 657 3414 nondum
687 3356 820 3411 satis
839 3355 1202 3424 exploratum,
1231 3362 1285 3409 et
1309 3353 1470 3408 variae
1492 3352 1558 3407 de
1587 3353 1650 3407 iis
1676 3362 1804 3406 sunt
1826 3363 2012 3406 aucto-

419 3469 538 3509 rum
565 3451 872 3522 opiniones.
903 3448 1132 3518 Quidam
1165 3449 1308 3504 enim
1338 3448 1390 3502 in
1425 3447 1703 3502 Ciceronis
1730 3457 1881 3501 textu
1914 3461 2010 3516 pro

419 3545 766 3613 acuminibus,
808 3542 1150 3615 suspicantur
1207 3541 1493 3614 legendum
1547 3540 1854 3612 agminibus.
1902 3539 2009 3596 Sed

419 3639 543 3696 huic
593 3639 878 3695 levissima:
931 3636 1258 3707 conjectura:
1299 3643 1598 3707 repugnant
1644 3648 1832 3689 omnes
1887 3648 2008 3688 cum

418 3732 717 3799 Ciceronis,
758 3739 868 3786 tum
910 3728 1134 3786 Arnobii
1172 3729 1341 3786 nostri
1381 3727 1596 3783 codices
1635 3727 2004 3796 manuscripti.

418 3827 780 3894 Quamobrem
809 3825 1056 3880 nonnulli
1077 3834 1264 3895 putant
1283 3825 1531 3879 acumina
1555 3822 1723 3879 fuisse
1745 3823 2006 3879 montium

418 3921 724 3987 cacumina,
753 3936 872 3992 qua:
897 3921 962 3974 ad
986 3919 1247 3992 captanda
1268 3919 1485 3991 auguria
1506 3918 1870 3974 conscendere
1890 3933 2007 3973 mos

341 4025 352 4032 ‘
415 4029 551 4078 erat.
583 4019 713 4074 Aliis
740 4017 951 4071 videtur
994 4029 1116 4070 esse
1156 4013 1332 4068 avium
1378 4013 1620 4068 acumina
1653 4013 1766 4068 sive
1808 4021 2003 4077 rostra,

414 4128 533 4185 qua:
555 4128 621 4168 ex
643 4111 876 4182 tripudio
898 4109 1162 4164 solistimo
1188 4106 1630 4162 observabantur.
1649 4104 1845 4160 Verum
1871 4115 2010 4160 utra-

415 4220 520 4278 que
545 4203 730 4274 opinio
771 4201 1138 4273 superioribus
1165 4215 1464 4271 repugnare
1493 4198 1704 4254 videtur
1729 4196 2006 4252 Ciceronis

415 4297 618 4364 verbis,
647 4296 842 4368 quibus
875 4295 1175 4366 auspicium
1205 4309 1270 4350 ex
1298 4293 1636 4349 acuminibus
1666 4302 1835 4348 t0tum
1865 4290 2006 4346 mili-

416 4404 530 4450 tare
563 4394 728 4450 fuissc
751 4400 1048 4448 asseverat.
1081 4390 1186 4446 Alii
1218 4391 1398 4461 itaque
1423 4390 1728 4446 existimant
1753 4389 2003 4461 pilorum,

413 4489 766 4562 spiculorum,
815 4487 1134 4551 ensiumque
1176 4485 1446 4555 designari
1491 4486 1761 4553 acumina,
1801 4501 1919 4556 qua:
1961 4484 2007 4539 si

2113 3081 2182 3138 de
2223 3082 2451 3137 ducibus
2481 3081 2534 3135 in
2565 3096 2754 3152 agrum
2789 3079 3040 3136 hostilem
3086 3078 3499 3144 invadentibus,
3529 3093 3667 3148 quos
3688 3118 3707 3144 ,

2040 3176 2084 3238 (1
2117 3181 2175 3228 ut
2205 3173 2404 3229 ibidem
2431 3181 2552 3244 post
2577 3173 2876 3229 Varronem
2901 3171 3155 3228 observat
3187 3172 3434 3239 Servius,
3467 3190 3485 3224 ι
3519 3170 3717 3226 ominis

2115 3281 2300 3333 causa,
2328 3267 2476 3336 prius
2505 3265 2556 3320 in
2590 3281 2715 3320 eum
2753 3281 2941 3336 agrum
2973 3265 3294 3329 mittebant,
3327 3273 3386 3319 ut
3414 3265 3605 3319 castris
3635 3264 3717 3318 lo-

2115 3375 2235 3414 cum
2259 3367 2542 3429 caperent.
2582 3377 2602 3411 ›
2636 3357 2829 3415 Utrum
2872 3367 3052 3414 autem
3084 3358 3200 3414 haec
3241 3357 3454 3428 opinio,
3490 3367 3583 3411 aut
3609 3356 3714 3412 alia

2112 3455 2327 3509 caeteris
2359 3452 2697 3524 praeferenda
2727 3454 2832 3521 sit,
2864 3451 2977 3524 jam
2997 3451 3263 3522 expende
3304 3461 3361 3508 et
3402 3450 3712 3521 pronuntia.

2184 3549 2537 3620 Prosequitur
2565 3548 2870 3613 Arnobius,
2917 3549 3105 3618 sicque
3135 3546 3473 3602 ethnicorum
3518 3546 3714 3602 levita-

2112 3653 2217 3700 tem
2263 3653 2318 3698 et
2351 3643 2769 3700 inconstantiam
2809 3640 3090 3713 redarguit
3122 3659 3136 3696 :
3175 3659 3194 3694 ι
3228 3641 3496 3712 Numquid
3531 3642 3582 3696 in
3609 3657 3715 3712 po-

2113 3737 2399 3792 testatibus
2446 3735 2712 3791 obetmdis
2759 3735 2906 3805 leges
2951 3734 3287 3790 conservatis
3319 3731 3622 3798 Annarias,
3655 3731 3713 3788 in

2111 3829 2288 3893 donis,
2317 3831 2370 3885 in
2395 3829 2714 3885 muneribus
2735 3826 2982 3894 Cincias,
3015 3827 3067 3882 in
3091 3827 3410 3883 cohibendis
3436 3827 3714 3883 censorias

2111 3909 2671 3996 smnptibus'(Arnob.
2692 3964 2707 3990 ,
2739 3920 2830 3976 lib.
2862 3937 2930 3989 ιι,
2979 3938 3100 3993 pag.
3134 3921 3266 3990 91)?
3303 3941 3321 3972 ι
3354 3921 3589 3976 Annaria
3617 3936 3716 3976 au-

2113 4026 2218 4073 tem
2266 4018 2357 4072 lex
2396 4018 2717 4084 vocabatur,
2751 4032 2857 4088 qua
2884 4027 3147 4071 Statutum
3180 4016 3357 4073 fuerat
3396 4031 3566 4071 novos
3593 4032 3714 4071 ma-

2111 4110 2372 4182 gistratus
2403 4111 2631 4182 singulis
2657 4111 2816 4167 annis
2842 4111 3016 4166 creari
3045 4109 3244 4181 (Fam,
3275 4111 3344 4165 ad
3373 4111 3573 4166 verbum
3603 4111 3716 4166 As-

2109 4205 2310 4275 Μιιιιι).
2358 4204 2563 4260 Similis
2603 4215 2781 4260 autem
2820 4202 3099 4259 Ciceronis
3126 4205 3324 4274 legitur
3352 4203 3421 4259 de
3451 4203 3557 4258 hac
3586 4203 3713 4274 lege

2109 4299 2338 4366 sublata,
2387 4308 2548 4369 atque
2595 4297 2820 4354 Arnobii
2865 4299 3036 4355 nostri
3059 4289 3437 4366 'expostulatio
3487 4295 3710 4370 (Cicer.,

2111 4389 2348 4461 Philipp.
2379 4407 2416 4456 ι,
2444 4408 2564 4463 pag.
2595 4388 2748 4462 5'65).
2767 4389 2838 4447 At
2861 4389 3004 4462 quis,
3027 4389 3130 4444 nisi
3153 4390 3205 4446 in
3234 4389 3458 4447 historia
3485 4405 3710 4446 romana

2111 4483 2335 4537 omnino
2364 4483 2566 4553 hospes
2591 4491 2645 4537 et
2677 4484 3016 4554 peregrinus.
3047 4484 3295 4553 ignorare
3324 4491 3520 4552 potest,
3548 4498 3709 4553 quam

414 4583 672 4640 horrifico
712 4581 943 4651 quodam
995 4579 1204 4650 fulgore
1235 4581 1514 4644 micarent,
1560 4578 1770 4635 felicem
1813 4594 2002 4650 pugna:
2029 4584 2250 4648 Ds:epe
2281 4577 2365 4632 hat
2405 4577 2553 4647 leges
2583 4587 2780 4648 spreta:
2821 4592 2884 4632 ac
2930 4575 3291 4647 pessumdata:
3338 4575 3574 4631 fuerint?
3617 4573 3711 4629 Vi-

413 4681 636 4748 cxitum,
665 4692 822 4734 secus
848 4693 999 4744 vero,
1030 4676 1075 4730 si
1105 4675 1296 4731 obtusa
1321 4684 1376 4730 et
1401 4673 1619 4731 sordida
1645 4673 1730 4729 vel
1759 4673 2005 4744 rubigine

413 4775 606 4846 obsita,
638 4772 905 4829 infelicem
939 4769 1350 4842 protendebant.
1382 4753 1556 4839 Atque
1593 4784 1659 4822 eo
1700 4767 2006 4837 respexisse

413 4868 706 4924 Arnobiutn
733 4865 952 4939 probari
975 4879 1133 4935 posse
1157 4872 1344 4934 putant
1367 4861 1451 4916 his
1477 4861 1711 4934 Dionysii
1747 4861 2004 4932 llalycar-

413 4963 589 5017 nassei
605 4961 673 5016 de
691 4961 1056 5016 Romanorum
1083 4973 1202 5012 cmn
1221 4956 1434 5012 Sabinis
1455 4955 1640 5026 ιιι-3³110
1663 4955 1836 5010 verbis
1858 4972 1901 5006 ει
1924 4953 2001 5008 Ex

412 5055 535 5127 pilis
557 5055 748 5110 delixis
770 5066 894 5112 ante
915 5053 1166 5119 tentoria,
1188 5051 1291 5107 tela
1320 5060 1443 5105 sunt
1471 5051 1588 5105 haic
1613 5049 2000 5113 Romanorum,

412 5167 532 5222 quae
563 5150 738 5220 primo
767 5164 1060 5222 congressu
1089 5147 1522 5217 ejaculantur....
1543 5160 1608 5200 ex
1631 5143 1737 5210 his,
1763 5143 2003 5211 inquam,

411 5244 535 5316 pilis
547 5248 691 5299 circa
705 5259 910 5297 summa
925 5241 1175 5298 verucula
1189 5240 1358 5295 emica
1367 5237 1754 5301 bantllammai,
1771 5235 2004 5303 totiSque

410 5337 604 5391 castris
631 5335 914 5406 fulgorem,
931 5335 1208 5391 nonaliter
1233 5348 1298 5388 ac
1325 5331 1534 5397 faculze,
1550 5330 1617 5386 ad
1638 5330 1857 5385 multam
1878 5343 2005 5384 noc-

414 5438 519 5485 tem
543 5429 875 5494 reddebant;
899 5445 966 5483 ex
984 5431 1085 5485 hoc
1105 5439 1285 5484 autem
1305 5427 1422 5483 viso
1439 5426 1821 5481 intellexerunt
1852 5422 1932 5496 (ut
1951 5432 2007 5478 et

415 5525 596 5580 taliqu
628 5531 1000 5597 portentorum
1028 5523 1356 5593 interpretes
1381 5519 1745 5586 afﬁrmabant,
1770 5527 1825 5574 et
1850 5518 2006 5573 facile

406 5619 582 5691 quivis
597 5617 870 5690 conjicere
888 5615 1120 5689 poterat)
1137 5616 1296 5672 citam
1315 5615 1417 5671 sibi
1432 5625 1489 5672 et
1502 5611 1834 5686 splendidam
1847 5627 1876 5667 a
1895 5611 2005 5667 Deo

409 5713 659 5784 portendi
684 5713 968 5769 victoriam
992 5709 1423 5782 quandoquidem
1452 5709 1560 5780 igni
1583 5707 1782 5764 cedunt
1800 5706 2003 5772 omnia,

404 5815 460 5867 ct
489 5806 623 5867 nihil
647 5816 732 5868 est
772 5807 918 5886 quod
946 5823 1054 5867 non
1093 5803 1234 5883 ignis
1270 5803 1320 5862 vi
1357 5805 1684 5864 absumatur.
1729 5821 1749 5858 ι
1781 5802 1859 5860 Ἐκ
1906 5809 2006 5858 τῶν

2106 4670 2250 4726 desis
2294 4671 2661 4727 Robertellum
2709 4669 2778 4725 de
2823 4668 3224 4741 Magistratibus
3267 4669 3399 4741 imp.
3442 4668 3706 4740 (Robert.,

2106 4776 2229 4820 tom.
2259 4781 2336 4833 ιιι,
2365 4765 2620 4836 Antiquil.
2650 4764 2829 4829 Rom.,
2856 4783 2979 4836 pag.

2174 4861 2356 4916 Cincia
2384 4877 2515 4916 vero
2545 4861 2635 4916 lex
2674 4876 2705 4914 a
2751 4859 2821 4914 Μ.
2863 4859 3055 4916 Cincio
3112 4859 3325 4915 tribuno
3357 4858 3534 4931 plebis
3562 4874 3709 4916 anno

2105 4957 2253 5013 urbis
2283 4956 2410 5023 549,
2445 4956 2554 5011 lata
2583 4964 2687 5021 est,
2736 4969 2864 5027 qua,
2915 4963 2974 5010 ut
3019 4954 3094 5009 ait
3123 4954 3406 5011 Cornelius
3454 4954 3704 5018 Tacitus.

2105 5052 2395 5109 cavebatur
2441 5050 2756 5122 antiquitus,
2809 5066 2877 5106 ne
2917 5050 3038 5120 quis
3079 5049 3148 5104 ob
3194 5064 3413 5104 causam
3443 5049 3704 5104 orandam

2105 5148 2363 5218 pecunias
2412 5145 2684 5202 donttmvc
2729 5142 3001 5217 acciper'et
3045 5143 3223 5218 (Corn.
3279 5143 3469 5210 Tacil.,
3522 5144 3608 5198 lib.
3662 5161 3703 5212 ι,

2108 5241 2297 5294 Annal.
2351 5241 2488 5294 circa
2528 5239 2693 5313 inil.).
2735 5240 2810 5295 De
2861 5255 2925 5295 ea
2975 5238 3329 5310 proculdubio
3380 5238 3587 5294 Plinius
3633 5239 3704 5294 ad

2109 5335 2304 5392 Rulum
2345 5335 2462 5391 haac
2491 5335 2712 5407 scripsit
2754 5335 2806 5390 in
2836 5335 2996 5392 verba
3032 5353 3044 5390 :
3087 5331 3109 5387 ι’
3143 5334 3372 5391 Suberat
3414 5334 3592 5389 edicto
3616 5349 3707 5389 se—

2109 5440 2268 5487 natus
2316 5431 2619 5486 consultum
2671 5429 2820 5485 hoc:
2862 5428 3065 5486 Omnes
3105 5429 3195 5500 qui
3236 5428 3377 5500 quod
3429 5426 3703 5499 negotium

2109 5522 2390 5588 haberent,
2443 5523 2648 5594 jurarc,
2711 5523 3017 5594 priusquam
3075 5532 3316 5593 agerent,
3376 5519 3706 5590 jubebantur

2109 5618 2243 5674 nihil
2289 5635 2350 5674 se
2390 5619 2461 5676 ob
2499 5618 2910 5676 advocationem
2938 5618 3190 5689 cuiquam
3229 5613 3462 5678 dedisse,
3500 5613 3705 5684 promi-

2109 5712 2268 5780 sisse,
2310 5713 2542 5769 cavisse.
2575 5711 2667 5767 llis
2695 5711 2842 5768 enim
2871 5711 3050 5768 verbis
3075 5726 3139 5768 ac
3162 5709 3308 5765 mille
3337 5717 3619 5779 praeterea,
3649 5716 3708 5762 et

2114 5805 2301 5866 venire
2315 5803 2718 5876 advocationes,
2740 5815 2794 5864 et
2809 5804 2917 5863 emi
2942 5802 3242 5865 vetabatur.
3269 5798 3510 5860 Peractis
3525 5807 3713 5860 tamen
