3990 6072
336 157 438 210 425

1567 122 1642 218 δικ
1682 164 2074 233 ΑιιΝυιιιυιι,
2116 164 2268 222 CAP.
2311 167 2374 221 v.

3511 171 3618 226 426

330 271 565 342 negotiis
595 273 940 341 permittebat
972 275 1251 343 pecuniam
1279 274 1558 332 dumtaxat
1584 278 1773 336 decem
1803 281 1923 336 mil-
1951 285 2002 345 Λ
2026 281 2250 352 gentiles
2279 280 2644 336 aboleverant.
2675 281 2942 337 Secunda:
2987 295 3117 338 vero
3161 282 3292 340 iUud
3333 296 3616 357 repugnat,

329 363 458 418 lium
482 363 610 418 dare
637 383 654 414 ι
683 363 876 433 (Plin.,
903 366 990 425 lib.
1015 383 1070 430 v,
1095 368 1244 438 epist.
1273 369 1365 422 ult.
1390 369 1459 423 ad
1481 370 1719 443 Rufum).
1745 372 1925 428 Livius

329 471 462 511 vero
489 476 502 511 :
539 476 559 508 ‹
603 456 740 524 Quid
772 457 945 530 legem
975 457 1213 514 Cinciam
1247 461 1312 516 de
1337 461 1496 517 donis
1525 472 1580 518 et
1612 459 1924 521 muneribus

312 549 613 615 'excitavit;
664 550 767 604 nisi
817 551 939 620 quia
987 554 1265 623 vectigalis
1315 555 1428 622 jam
1476 567 1529 610 et
1575 558 1922 626 stipendiaria

324 641 479 712 plebs
501 657 624 698 esse
650 642 862 699 senatui
889 638 1179 716 coeperit?»
1214 645 1374 720 (Liv.,
1405 649 1495 702 lib.
1529 649 1621 715 54,
1657 648 1792 722 §4.)

328 750 350 796 ιί
399 737 677 794 Censoriis
709 738 938 810 legibus,
990 756 1111 811 qua:
1136 752 1192 797 et
1220 744 1568 812 sumptuariae
1609 755 1664 800 et
1710 747 1924 802 cibaria:

327 832 684 900 vocabantur,
713 832 949 904 majores
975 849 1255 890 coenarum
1283 851 1346 891 ac
1369 837 1737 893 conviviorum
1775 855 1923 894 sum-

327 934 450 995 plus
478 933 534 981 et
560 925 774 981 luxuria
820 927 1232 984 cocrcebantur.
1265 928 1380 986 Una
1423 939 1600 987 autem
1639 948 1705 986 ex
1735 933 1839 988 illis
1859 949 1922 989 ea

323 1028 472 1084 erat,
504 1034 664 1090 quam
711 1018 896 1075 Livius
943 1035 1067 1077 mox
1109 1021 1356 1076 laudatus
1387 1021 1454 1077 ab
1483 1020 1656 1093 Oppio
1684 1023 1922 1080 Tribuno

324 1112 496 1182 plebis
521 1111 702 1168 datam
755 1124 1024 1170 memorat
1068 1111 1256 1185 (lbid.,
1290 1113 1316 1185 §
1348 1116 1422 1186 1).
1452 1116 1522 1170 At
1553 1124 1816 1185 prieterea
1854 1117 1921 1173 ab

324 1208 390 1262 A.
415 1205 614 1273 Gellio,
634 1215 687 1260 et
703 1221 731 1260 a
749 1204 1020 1263 Maerobio
1047 1216 1434 1263 enumerantur
1454 1206 1672 1275 Orchia,
1691 1208 1918 1276 Fannia,

324 1301 482 1358 Didia
499 1342 514 1369 ,
545 1299 751 1356 Licinia
769 1341 784 1366 ,
808 1300 1055 1357 Cornelia
1079 1343 1094 1369 ,
1118 1301 1358 1372 Syllana,
1387 1301 1693 1371 Lepidana,
1726 1304 1884 1358 Antia
1903 1345 1918 1369 ,

322 1393 495 1461 Julia,
535 1403 589 1450 et
619 1395 846 1466 Augusti
875 1397 1244 1464 imperatoris,
1277 1395 1390 1451 sive
1417 1396 1654 1463 Tiberii,
1684 1405 1744 1450 ut
1771 1405 1924 1451 notat

324 1487 562 1554 Gellius,
615 1489 848 1544 edictum
899 1488 1083 1559 (Gell.,
1119 1488 1205 1542 lib.
1238 1505 1274 1542 ιι
1317 1488 1474 1543 Noct.
1511 1489 1637 1556 Att.,
1678 1505 1795 1553 cap.
1842 1489 1918 1554 4;

324 1581 585 1649 Macrob,
610 1580 698 1636 lib.
725 1598 785 1637 ιιι
818 1582 1114 1648 Saturnal.,
1140 1599 1258 1652 cap.
1285 1582 1400 1654 17).
1425 1583 1716 1638 Suetonius
1742 1592 1918 1637 tamen

2025 375 2169 445 quod
2202 384 2261 428 ut
2296 375 2409 444 ipse
2460 374 2674 442 fatetur,
2706 391 2904 432 nomen
2946 378 3152 449 culigna
3201 380 3340 449 apud
3371 379 3618 435 eumdem

2027 465 2349 531 Varronem,
2400 465 2617 521 Festum
2667 475 2723 522 et
2749 467 2958 523 Livium
3002 471 3180 539 potius
3220 471 3488 542 signiﬁcat
3527 487 3622 525 vas

2024 559 2317 628 potorium,
2339 574 2445 629 quo
2469 559 2650 613 vinum
2673 561 2727 614 in
2750 562 3025 617 sacriﬁciis
3046 562 3390 618 offerebatur.
3419 564 3624 618 Deinde

2025 666 2155 706 vero
2199 651 2324 722 quid
2372 652 2440 707 ibi
2476 652 2649 708 Vestm
2696 655 2896 710 laceret
2939 659 3418 726 commemoratio,
3469 657 3626 728 cujus

2026 744 2228 798 nullum
2258 745 2310 800 in
2341 746 2568 801 Arnobii
2598 754 2744 801 textu
2772 749 3092 819 vestigium?

2097 838 2231 894 Tota
2260 853 2425 909 porro
2454 840 2775 897 tenebricosi
2805 842 2966 912 hujus
2993 845 3286 900 Arnobiani
3317 845 3446 901 dicti
3476 847 3620 901 ditii-

2023 929 2193 984 cultas
2224 931 2276 986 in
2325 931 2436 986 sola
2482 932 2820 1002 potissimum
2867 949 3000 990 voce
3030 937 3261 1007 caliginis
3313 937 3483 1007 posita
3516 949 3620 994 est.

2025 1021 2338 1079 Penetrales
2389 1027 2667 1081 enimvero
2719 1027 2869 1083 focos
2898 1028 3063 1084 fuisse
3093 1030 3349 1086 diseimus
3397 1032 3480 1087 his
3516 1033 3626 1088 Ca-

2025 1118 2143 1171 tulli
2177 1118 2416 1189 (Catull.,
2449 1117 2635 1192 Epigr.
2664 1121 2734 1174 ad
2758 1119 3018 1192 Marcet),
3053 1123 3142 1178 ubi
3172 1124 3239 1179 de
3267 1124 3449 1194 Troja,
3493 1142 3621 1182 ver-

2024 1211 2176 1268 sibus
2207 1231 2220 1267 :

2117 1302 2358 1376 Adnquam
2383 1315 2484 1356 tum
2508 1320 2775 1376 properans
2797 1310 2954 1376 fertur
2980 1309 3123 1376 simul
3149 1312 3367 1376 undique
3391 1314 3550 1375 pubes

2181 1368 2348 1419 Graeca
2371 1368 2660 1432 penetrales
2678 1372 2964 1423 deseruisse
2990 1373 3137 1424 focos.

2024 1472 2249 1529 Servius
2296 1492 2511 1547 quoque
2555 1477 2968 1545 animadvertit,
3021 1482 3304 1550 penetralia
3336 1499 3365 1536 a
3397 1481 3621 1556 Virgilio

2027 1563 2267 1636 (Virgil.,
2295 1568 2384 1623 lib.
2417 1584 2470 1622 v1
2498 1568 2739 1637 zEneid.,
2769 1586 2900 1626 vers.
2931 1571 3022 1642 71)
3052 1573 3157 1628 dici
3185 1582 3377 1629 secreta
3403 1576 3622 1646 templo-

323 1674 512 1731 scribit
538 1673 930 1745 sumptuariam
967 1674 1140 1746 legem
1168 1675 1236 1729 ab
1263 1673 1510 1746 Augusto
1536 1675 1798 1730 saneitam
1829 1683 1921 1728 aut
1951 1687 2000 1747 Β
2023 1672 2159 1722 τιιηῦ
2182 1656 2288 1712 hoc
2310 1659 2519 1716 δοίὶίεθῐ
2544 1677 2701 1716 versu
2736 1681 2750 1718 ε

321 1777 688 1824 retractatam.
721 1767 938 1824 Videsis
964 1769 1185 1824 Manutii
1213 1780 1268 1825 et
1295 1769 1513 1825 Antonii
1540 1770 1824 1842 Augustini
1851 1771 1920 1826 de

316 1864 527 1934 legibus
552 1863 716 1919 libros
737 1862 1002 1935 (Sueton.,
1037 1865 1127 1918 lib.
1157 1879 1217 1929 ιι,
1245 1864 1309 1918 de
1339 1865 1497 1936 Aug.,
1525 1882 1642 1936 cap.
1669 1866 1772 1931 '54;
1799 1864 1919 1919 Ma-

324 1967 460 2023 nut.,
492 1956 583 2011 lib.
614 1958 676 2011 de
713 1955 893 2029 Legib.
923 1975 1080 2024 rom.,
1114 1975 1232 2028 cap.
1264 1958 1332 2014 18
1353 1975 1370 2024 2,
1395 1959 1586 2014 Anton.
1617 1960 1917 2031 Augustin.,

325 2046 415 2103 lib.
447 2052 549 2105 ide
570 2050 748 2122 legib.,
780 2069 896 2122 cap.
932 2050 1046 2122 18).
1099 2053 1167 2105 At
1194 2050 1562 2107 Tertullianus
1587 2063 1713 2107 ante
1741 2053 1918 2107 Arno-

325 2148 471 2204 hium
504 2158 748 2206 nostrum
773 2149 1050 2215 ethnicos,
1075 2148 1381 2204 christiana:
1413 2149 1686 2220 religionis
1714 2150 1922 2204 novita-

326 2252 433 2298 tem
461 2243 872 2313 exprobrantes,
902 2242 986 2296 his
1011 2244 1436 2312 interrogaverat
1464 2243 1640 2299 verbis
1675 2263 1690 2298 :
1727 2264 1745 2295 ι
1776 2245 1921 2312 Quo-

327 2354 450 2393 nam
498 2337 603 2394 illa:
655 2341 800 2409 leges
837 2339 1102 2403 abierunt,
1153 2351 1424 2410 sumptum
1469 2351 1524 2394 et
1571 2339 1919 2395 ambitionem

325 2431 732 2501 Opprimentes?
761 2447 881 2501 quae
912 2441 1127 2487 centum
1157 2447 1264 2485 mra
1285 2472 1300 2497 ,
1332 2447 1438 2487 non
1470 2431 1702 2502 amplius
1733 2433 1783 2486 in
1813 2448 1923 2488 caa-

329 2540 453 2578 nam
485 2524 751 2579 subscribi
793 2524 1078 2592 jubebant,
1131 2538 1232 2579 nec
1279 2525 1510 2595 amplius
1559 2541 1718 2595 quam
1760 2541 1920 2581 unam

323 2616 514 2672 inferri
537 2618 806 2688 gallinam,
827 2629 881 2674 et
901 2635 1019 2674 eam
1046 2636 1150 2676 non
1171 2620 1568 2691 saginatam?...
1593 2620 1758 2675 Video
1774 2621 1921 2677 enim

325 2721 384 2768 et
407 2712 746 2766 centenarias
785 2728 1003 2778 coenas,
1034 2724 1088 2770 et
1127 2716 1372 2770 centenis
1398 2714 1506 2783 jam
1551 2714 1814 2770 sestertiis
1840 2713 1920 2768 di-

327 2803 552 2870 cendas,
581 2814 638 2860 et
678 2806 729 2860 in
759 2806 1177 2878 lances‘(parum
1209 2817 1292 2863 est
1315 2807 1359 2862 si
1388 2817 1699 2863 senatorum
1737 2817 1791 2863 et
1815 2822 1922 2862 non

327 2895 704 2954 libertinorum
753 2900 836 2954 vel
882 2900 1058 2956 adhuc
1100 2900 1262 2971 ﬂagra
1314 2898 1699 2971 rumpentium)
1734 2915 1924 2970 argen-

326 2994 462 3048 taria
508 2993 725 3050 metalla
761 2994 1018 3064 producta
1052 3015 1070 3048 ι
1118 2995 1385 3067 (Tertull.,
1417 2995 1658 3067 Apalog.,
1692 3012 1811 3064 cap.
1843 2992 1922 3065 6).

2115 1761 2409 1837 'l‘equoque
2433 1789 2607 1840 magna
2630 1785 2830 1828 manent
2853 1783 3026 1843 regnis
3049 1782 3324 1844 penetralia
3350 1788 3550 1837 nostris.

2025 1874 2081 1928 In
2108 1875 2182 1930 iis
2206 1886 2383 1932 autem
2431 1890 2721 1951 perpetuos
2752 1882 2918 1938 fuisse
2961 1885 3130 1952 focos,
3159 1887 3280 1957 quis
3325 1888 3425 1942 sibi
3469 1888 3626 1945 facile

2024 1983 2129 2025 non
2157 1972 2538 2041 persuadebit?

2094 2061 2282 2118 Solum
2324 2064 2486 2135 igitur
2513 2068 2858 2122 statuendum
2886 2080 3136 2140 superest
3163 2072 3207 2125 si
3237 2073 3363 2142 quid
3390 2073 3443 2128 in
3474 2077 3625 2132 vocis

2023 2157 2257 2229 caliginis
2299 2159 2474 2214 locum
2524 2163 2734 2217 restitui
2764 2164 2976 2219 debeat.
3023 2167 3112 2229 At,
3156 2167 3403 2236 inquies,
3437 2170 3627 2240 quidni

2026 2250 2231 2321 legatur
2258 2251 2308 2305 iu
2341 2253 2575 2306 culinis?
2613 2254 2659 2308 A
2688 2254 2882 2311 Vossio
2922 2258 3186 2326 siquidem
3217 2269 3342 2330 post
3383 2262 3626 2334 Scalige-

2023 2356 2142 2395 rum
2191 2357 2257 2396 ex
2306 2344 2473 2399 veteri
2528 2345 2880 2415 inscriptione
2926 2350 3230 2406 osrenditur
3275 2353 3326 2406 iu
3379 2353 3627 2410 Herculis

2025 2425 2270 2490 :ediculis
2299 2435 2463 2492 fuisse
2493 2438 2722 2504 culinas,
2758 2441 2845 2494 ubi
2879 2457 3104 2514 peregre
3133 2444 3426 2514 profecturi
3459 2449 3628 2504 sacri-

2027 2527 2278 2584 ﬁcabant.
2311 2529 2426 2586 Non
2468 2532 2609 2588 male
2649 2533 2896 2601 forsitan,
2944 2538 2988 2592 si
3034 2537 3108 2592 ibi
3149 2552 3439 2610 perpetuos
3477 2544 3627 2599 focos

2023 2623 2150 2678 olim
2201 2634 2508 2681 asservatos
2557 2642 2681 2683 esse
2729 2629 3060 2697 probaveris.
3094 2630 3284 2688 Nonne
3336 2643 3514 2691 tamen
3569 2637 3626 2692 in

2027 2715 2185 2785 hujus
2232 2719 2558 2788 conjecturas
2591 2721 3055 2777 conﬁrmationem
3108 2724 3343 2792 adjicere
3389 2728 3517 2785 licet
3559 2731 3628 2785 ab

2025 2809 2276 2877 ethnicis,
2325 2813 2778 2882 quemadmodum
2828 2815 2965 2869 infra
3021 2817 3284 2886 dicemus,
3343 2823 3628 2890 geniorum

2027 2902 2177 2957 focos
2206 2918 2302 2972 pro
2332 2903 2436 2958 diis
2465 2905 2678 2960 habitos
2708 2905 2897 2970 fuisse,
2931 2919 3092 2978 atque
3117 2909 3319 2965 idcirco
3351 2911 3403 2966 in
3435 2929 3627 2969 eorum

2027 2995 2229 3049 cultum
2262 3005 2316 3050 et
2357 2995 2619 3052 honorem
2653 2998 2702 3051 in
2735 2998 2928 3052 culinis
2966 3009 3020 3053 et
3062 2999 3226 3068 locis,
3265 3002 3404 3058 sicut
3433 3005 3629 3060 citatus

325 3089 438 3144 Sed
469 3088 537 3145 de
562 3089 645 3144 his
668 3103 768 3144 nos
792 3104 890 3144 suo
908 3089 1028 3145 loco
1053 3087 1294 3160 (Dissert.
1325 3091 1378 3143 in
1400 3091 1534 3144 hunc
1556 3090 1670 3156 lib.,
1695 3105 1812 3159 cap.
1833 3089 1923 3156 19,
1955 3089 1999 3150 C
2031 3086 2203 3142 Varro
2230 3088 2507 3144 annotavit
2535 3090 2711 3159 ignem
2743 3089 2872 3144 olim
2903 3101 3172 3147 servatmn
3210 3111 3222 3146 :
3257 3095 3349 3149 sed
3379 3110 3406 3147 a
3436 3106 3625 3165 poste-

325 3192 429 3234 arl.
454 3180 534 3254 2).

405 3275 666 3332 Posthmc
696 3275 968 3333 Arnobius
1003 3297 1016 3332 :
1047 3296 1067 3330 ι
1100 3277 1370 3347 Numquid
1400 3278 1450 3332 in
1481 3276 1846 3346 penetralibus
1874 3284 1930 3331 et

324 3368 576 3438 caliginis
621 3378 915 3440 perpetuos
971 3369 1162 3426 fovetis
1192 3370 1410 3426 focos?»
1446 3369 1684 3438 (Arnob.,
1730 3370 1816 3424 lib.
1867 3385 1924 3435 ιι,

324 3481 450 3534 pag.
486 3462 602 3534 91.)
658 3464 713 3518 lu
749 3464 1069 3536 quibusdam
1110 3465 1269 3520 editis
1302 3466 1535 3537 legitur:
1567 3465 1636 3520 In
1687 3473 1925 3535 penetra-

325 3558 462 3612 libus
505 3556 686 3612 Vestae.
722 3557 780 3613 In
810 3559 997 3614 ultima
1027 3574 1156 3615 vero
1187 3559 1425 3614 editione
1452 3558 1659 3614 sublata
1691 3569 1773 3614 est
1800 3573 1924 3628 par-

327 3653 490 3708 ticula
532 3661 600 3708 et.
631 3653 734 3709 Sed
776 3669 880 3724 qua
909 3654 1230 3710 auctoritate
1273 3651 1387 3708 haec
1418 3653 1553 3707 facta
1586 3654 1726 3720 sint,
1768 3668 1926 3708 nemo

329 3745 488 3801 nobis
514 3745 788 3800 indicavit.
812 3745 1026 3816 Lipsius
1049 3760 1204 3811 vero,
1229 3760 1258 3798 a
1286 3743 1575 3800 Rosweido
1595 3743 1922 3810 admonitus,

327 3841 585 3896 observat
634 3841 684 3895 in
727 3840 959 3912 quodam
998 3838 1366 3908 manuscripto
1400 3837 1585 3894 codice
1615 3838 1872 3906 scriptum
1907 3853 1921 3888 :

333 3933 422 3988 «In
452 3947 588 4004 pene
613 3932 1052 4001 impenetralibus
1075 3930 1399 4000 etcoliguisr
1427 3927 1621 4001 (Lips.,
1649 3929 1921 3999 Syntagm.

325 4026 392 4081 de
444 4024 583 4081 Vest.
625 4036 673 4079 et
713 4023 929 4091 Vestal.,
975 4034 1098 4079 tont.
1149 4040 1226 4090 ιιι,
1274 4041 1393 4094 pag.
1450 4020 1602 4095 619).
1656 4021 1818 4078 Certe
1871 4023 1924 4077 itt

323 4122 692 4191 manuscripto
728 4121 916 4176 codice
956 4119 1104 4190 regio
1144 4117 1462 4186 simpliciter
1497 4117 1764 4173 habetur:
1811 4114 1923 4202 In:

324 4190 668 4285 penetralibus
704 4223 750 4267 et
796 4212 1031 4284 colignis.
1071 4210 1187 4267 Non
1228 4211 1427 4266 mirum
1478 4209 1659 4279 itaque
1701 4209 1747 4263 si
1791 4190 1923 4265 cor":

330 4317 521 4378 ruptus
565 4305 658 4361 ille
708 4305 856 4361 locus
881 4303 1071 4360 doctos
1123 4303 1370 4359 homines
1413 4301 1552 4356 haud
1583 4317 1769 4356 parum
1807 4311 1922 4356 tor-

331 4402 482 4459 serit.

2033 3179 2108 3233 ris
2151 3181 2453 3250 neglectum
2488 3182 2630 3238 hunc
2669 3199 2908 3252 morem,
2938 3186 3029 3255 qui
3061 3185 3167 3241 illis
3209 3189 3493 3246 molestior
3521 3191 3626 3246 im-

2029 3275 2418 3345 portuniorque
2447 3274 2622 3331 factus
2651 3287 2754 3332 est.

2098 3369 2214 3425 Non
2244 3369 2437 3425 desunt
2478 3386 2640 3441 porro
2687 3373 2776 3443 qui
2826 3374 3047 3429 retineri
3078 3381 3244 3431 velint
3273 3393 3458 3434 vocem
3495 3381 3624 3435 coli-

2029 3464 2162 3534 ginis
2188 3480 2347 3534 quam
2375 3481 2403 3518 a
2428 3466 2593 3521 verbo
2619 3467 2759 3527 colo.
2805 3467 2858 3522 id
2889 3479 2970 3523 est
2989 3512 3001 3535 ,
3033 3471 3292 3539 inhabito,
3329 3473 3628 3530 derivatam

2028 3558 2362 3614 arbitrantur
2379 3559 2656 3631 (Salmas.,
2685 3562 2737 3615 in
2764 3561 3049 3617 Exercitat.
3076 3563 3337 3634 Plinian.,
3360 3585 3477 3639 pag.
3497 3567 3628 3636 270,

2029 3651 2135 3706 587
2163 3662 2209 3705 et
2245 3651 2395 3724 9M).
2428 3653 2560 3708 Eam
2592 3656 2753 3725 igitur
2777 3671 2991 3720 vocem,
3042 3658 3231 3729 caligo,
3267 3659 3409 3715 idem
3438 3677 3501 3715 ac
3528 3660 3631 3716 do-

2029 3759 2195 3810 mum,
2225 3744 2576 3812 domicilium,
2622 3757 2676 3802 et
2720 3747 3111 3804 habitationem
3156 3751 3296 3820 apud
3348 3763 3629 3808 auctorem

2029 3846 2271 3892 nostrum
2301 3838 2607 3908 signiﬁcare
2637 3839 2723 3894 his
2753 3841 2930 3895 visunt
2962 3852 3065 3896 est.
3107 3843 3212 3898 Sed
3245 3844 3298 3897 in
3331 3852 3480 3899 textu
3526 3848 3632 3899 Ar-

2028 3930 2173 3984 nobii
2203 3929 2468 3986 demenda
2496 3942 2613 3987 erat
2642 3933 2899 4001 particula
2930 3943 3000 3997 et,
3031 3943 3192 4004 atque
3217 3936 3396 4004 aliquo
3426 3937 3622 3992 saltem

2027 4022 2276 4092 exemplo
2331 4023 2687 4092 probandum,
2745 4040 2776 4078 a
2829 4025 3025 4093 quibus
3080 4039 3278 4079 nomen
3333 4027 3505 4097 coligo
3559 4044 3626 4084 eo

2028 4133 2190 4175 sensu
2215 4117 2508 4173 adhibitum
2527 4118 2878 4189 fuerit.Virgo
2895 4134 3020 4189 ergo
3039 4129 3213 4173 utrum
3231 4135 3424 4175 nomen
3441 4123 3629 4178 culinis

2028 4212 2093 4267 ad
2113 4211 2337 4267 Arnobii
2357 4212 2692 4283 propositum
2721 4213 2891 4283 magis
2919 4212 3179 4268 accedere
3203 4213 3631 4272 videatur.Nihil

2027 4305 2172 4359 enim
2214 4320 2312 4361 nos
2359 4305 2476 4361 sine
2523 4306 2870 4361 correctioris
2912 4306 3141 4376 alicujus
3184 4309 3390 4366 codicis
3429 4311 3631 4367 auxilio

2028 4396 2159 4453 certi
2183 4396 2383 4467 aliquid
2412 4413 2474 4452 ea
2505 4396 2574 4452 de
2600 4411 2660 4452 re
2687 4406 2921 4452 statuere
2948 4397 3227 4454 audemus.

404 4477 620 4548 Duobus
635 4482 823 4548 'autem
869 4489 1044 4547 modis
1084 4488 1224 4545 idem
1259 4488 1472 4560 Lipsius
1500 4505 1622 4546 eum
1665 4487 1920 4560 explicari
1949 4491 2003 4550 D
2099 4490 2233 4544 Tum
2265 4488 2460 4545 deinde
2491 4489 2758 4544 Arnobius
2790 4509 2803 4545 :
2833 4508 2850 4540 ι
2879 4489 3093 4555 Sacras,
3128 4511 3145 4541 ›
3174 4491 3367 4562 inquit,
3403 4512 3421 4542 ‹
3456 4493 3629 4549 facitis

333 4600 491 4656 posse
519 4586 831 4641 arbitratur.
875 4582 1055 4638 Primo
1084 4584 1322 4652 quidem,
1354 4581 1470 4638 haec
1500 4582 1726 4636 Arnobii
1756 4579 1921 4636 verba

334 4697 439 4736 non
467 4677 535 4733 ad
562 4678 775 4734 Vestam
805 4677 1105 4743 referenda,
1137 4678 1232 4734 sed
1254 4677 1320 4732 ad
1343 4677 1608 4747 privatum
1638 4676 1922 4748 quemdam

333 4775 520 4841 ritum,
547 4789 652 4845 quo
675 4772 811 4844 ignis
835 4772 886 4826 in
915 4772 1169 4827 interiore
1189 4770 1472 4828 domorum
1497 4781 1648 4840 parte
1671 4779 1725 4826 et
1748 4769 1924 4826 culina

331 4867 626 4940 antiquitus
673 4865 986 4922 servabatur
1031 4875 1085 4922 et
1130 4866 1427 4922 fovebatur.
1486 4863 1542 4919 In
1595 4864 1752 4933 lmjns
1795 4879 1927 4920 vero

334 4965 657 5035 conjecturae
682 4961 1145 5018 conﬁrmationem
1174 4961 1266 5017 ille
1296 4959 1498 5032 profert
1527 4959 1644 5016 hare
1668 4958 1929 5015 Varronis

332 5061 494 5117 verba
520 5077 534 5115 :
567 5059 752 5116 Culina
778 5059 936 5122 dicta,
964 5058 1100 5128 quod
1131 5057 1196 5111 ibi
1225 5057 1454 5112 colebant
1484 5058 1674 5127 ignem.

408 5152 610 5208 Deinde
634 5167 764 5208 vero
787 5152 863 5206 ait
885 5150 1002 5205 haec
1023 5150 1247 5219 intelligi
1278 5148 1453 5204 adhuc
1484 5163 1644 5217 posse
1669 5147 1738 5205 de
1764 5147 1928 5204 Vesta

335 5246 568 5316 publica,
623 5255 783 5314 atque
832 5244 906 5301 ibi
949 5242 1293 5299 scribendum
1343 5244 1398 5296 in
1442 5242 1697 5313 eulignis;
1747 5241 1817 5296 ita
1871 5250 1930 5296 ut

332 5338 559 5395 Arnobii
591 5352 783 5394 sensus
828 5339 919 5405 sit,
966 5337 1141 5408 ignem
1183 5337 1310 5392 olim
1343 5335 1396 5391 in
1436 5335 1665 5407 eulignis
1695 5345 1749 5390 et
1784 5333 1929 5387 vasis

335 5429 590 5486 ﬁctilibus
617 5431 935 5501 repositum,
964 5430 1037 5483 uti
1078 5430 1241 5485 etiam
1268 5443 1410 5483 nunc
1451 5428 1617 5484 foveri
1650 5426 1750 5482 sub
1776 5427 1929 5481 eine-

336 5522 490 5578 ribus
533 5521 690 5579 solet.
722 5522 828 5578 Sed
873 5521 1061 5592 primm
1099 5520 1444 5592 explicationi
1494 5520 1545 5575 id
1588 5519 1926 5584 adversatur,

336 5613 485 5686 quod
526 5615 694 5670 Varro
717 5615 786 5670 de
821 5617 1093 5672 communi
1123 5624 1178 5670 et
1208 5615 1516 5685 promiscuo
1552 5613 1691 5684 ignis
1715 5627 1815 5667 usu
1844 5612 1931 5667 lo-

332 5719 562 5783 quatur;
595 5708 862 5765 Arnobius
887 5718 980 5766 aut
1008 5709 1077 5766 de
1101 5723 1277 5779 sacro,
1310 5716 1404 5766 aut
1433 5724 1498 5766 eo
1523 5707 1737 5775 saltem,
1771 5721 1931 5776 quem

584 5801 857 5866 PATROL.
901 5802 978 5862 V.

2028 4597 2264 4647 mensas,
2289 4582 2586 4637 salinorum
2612 4581 2891 4653 appositu,
2923 4592 2978 4638 et
3009 4582 3326 4650 simulacris
3348 4584 3576 4639 deorum
3600 4604 3620 4636 ›

2027 4674 2266 4744 (Arnob.,
2315 4675 2404 4728 lib.
2449 4690 2507 4740 ιι,
2555 4691 2674 4746 pag.
2720 4673 2834 4746 91).
2890 4675 3133 4729 Salinum
3181 4691 3311 4730 vero
3349 4676 3626 4730 vasculum

2030 4778 2166 4831 erat,
2196 4768 2248 4822 in
2273 4782 2380 4837 quo
2406 4767 2485 4822 sal
2525 4767 2592 4821 ad
2635 4782 2838 4822 mensm
2865 4767 3220 4837 sacriﬁciique
3251 4784 3404 4822 usum
3438 4771 3627 4840 reponi

2032 4870 2412 4917 consueverat.
2458 4860 2797 4932 Porphyrion
2837 4863 2979 4916 enim
3022 4872 3176 4916 vetus
3207 4862 3410 4918 Horatii
3455 4866 3629 4921 inter-

2032 4971 2194 5026 pres:
2232 4976 2251 5008 ‹
2286 4955 2530 5026 Proprie,
2566 4974 2584 5006 ι
2618 4956 2810 5027 inquit,
2847 4975 2864 5006 ‹
2903 4956 3141 5011 Salinum
3188 4965 3271 5010 est
3315 4958 3532 5027 patella,
3573 4959 3630 5015 in

2032 5063 2134 5119 qua
2166 5049 2272 5104 diis
2300 5048 2554 5120 pritnitite
2580 5063 2702 5104 cum
2734 5049 2849 5103 sale
2879 5048 3273 5103 offerebantur;
3307 5049 3622 5124 (Porpltyr.,

2031 5145 2086 5199 in
2113 5144 2301 5202 Horat.
2321 5145 2413 5200 lib.
2429 5162 2466 5200 ιι
2485 5145 2864 5219 οά.16).νίι1εε
2885 5161 3015 5200 sane
3031 5161 3188 5216 quam
3207 5148 3276 5202 ob
3294 5164 3508 5204 causam
3524 5150 3628 5204 Ar-

2035 5240 2227 5295 nobius
2246 5255 2312 5294 ex
2335 5240 2490 5294 saliui
2520 5240 2678 5310 hujus
2690 5239 2937 5308 appositu
2955 5254 3136 5295 sacras
3165 5257 3382 5297 mensas
3408 5242 3626 5298 dixerit.

2105 5334 2278 5401 Quam
2308 5350 2521 5390 sacrum
2553 5344 2728 5388 autem
2760 5331 3093 5403 charumque
3117 5333 3168 5388 id
3193 5335 3424 5390 ethnicis
3447 5336 3630 5401 fuerit,

2035 5428 2210 5485 disces
2240 5429 2592 5500 proculdubio
2635 5444 2701 5482 ex
2742 5427 2892 5484 hisce
2918 5427 3054 5483 Livii
3097 5429 3314 5484 verbis:
3355 5449 3374 5480 ι
3421 5430 3630 5498 Quibus
3677 5413 3684 5418 ’

2034 5538 2169 5576 uxor
2198 5521 2392 5577 ﬁlimve
2438 5521 2564 5587 sint,
2606 5520 2844 5591 singulas
2886 5523 3072 5577 uncias
3112 5521 3412 5590 auripondo
3463 5521 3630 5576 relin-

2035 5627 2232 5686 quant;
2268 5614 2496 5685 argenti,
2525 5613 2616 5682 qui
2655 5614 2827 5669 curuli
2870 5615 3003 5670 sella
3048 5610 3347 5673 sederunt;
3382 5614 3504 5678 equi
3551 5629 3639 5668 or-

2037 5716 2310 5774 namenta,
2357 5715 2412 5761 et
2451 5706 2616 5762 libras
2655 5705 2868 5778 pomlo;
2898 5718 2954 5762 ιιι
2996 5702 3246 5759 salinum
3291 5701 3646 5773 patellamque

3001 5791 3081 5860 1'4
