3990 6072
320 242 427 303 427

1476 298 1477 301 η
1571 226 2030 292 DiSSER'l'A'ﬂO
2056 225 2339 288 Ριιιενιιι

3513 214 3618 278 498

318 362 545 420 deorum
568 370 731 415 causa
760 356 962 413 habere
981 354 1193 426 possint
1218 372 1237 406 ι
1269 352 1432 425 (Liv.,
1458 350 1548 408 lib.
1574 366 1721 416 xxvn,
1748 347 1913 424 με).
1944 348 1998 411 Α
2019 366 2138 422 cap.
2169 348 2258 412 l7,
2290 343 2485 419 p.264,
2515 350 2637 400 tom.
2667 340 2730 399 tl.
2753 338 2861 401 Sed
2886 338 3087 399 ethnici
3111 334 3212 397 hos
3235 348 3418 397 mores
3442 345 3630 410 postea

321 455 569 512 Valerius
596 466 726 510 vero
773 451 1034 507 Maximus
1062 449 1115 503 in
1141 446 1205 504 C.
1240 446 1471 503 Fabricii
1513 457 1568 502 et
1605 446 1671 514 ρ.
1715 442 1921 500 Emilii

321 550 453 620 Papi
502 548 752 605 domibus
795 555 1075 619 argentum
1128 542 1295 600 fuisse
1342 541 1465 600 inde
1509 540 1745 611 colligit;
1796 537 1921 610 quia

322 655 552 716 uterque
582 643 831 713 patellam
872 642 1097 697 deorum
1125 649 1180 696 et
1207 637 1436 694 salinum
1485 635 1672 693 habuit
1714 631 1919 706 (ναῖεν.

322 737 498 803 Manu,
527 739 617 794 lib.
649 753 721 805 tv,
755 753 871 809 cap.
906 736 959 804 4,
992 735 1020 807 §
1049 737 1103 798 '5,
1132 750 1254 806 pag.
1290 732 1444 802 217).
1475 729 1605 787 inde
1641 742 1804 801 porro
1833 725 1921 783 illa

322 831 493 888 Persii
521 832 693 887 ironia
721 828 981 899 (Persius,
1012 828 1160 883 satir.
1194 828 1248 894 5,
1280 842 1410 881 vers.
1441 822 1537 895 ‘25)
1564 842 1577 877 :

415 947 502 999 Est
526 947 616 998 tibi
642 945 712 996 far
735 944 994 997 modicum.
1019 957 1196 1006 purum
1224 950 1276 992 et
1298 942 1407 991 sine
1429 940 1546 989 labe
1557 936 1779 1006 salinum
1804 950 1814 983 :

415 1009 547 1071 Quid
567 1007 792 1060 metuas?
816 1000 1099 1071 cultrixque
1120 1006 1216 1056 foci
1239 1015 1418 1056 secura
1441 1000 1641 1066 patella.

323 1117 489 1175 Plura
530 1114 600 1171 de
644 1113 817 1170 salino
866 1113 1080 1184 Lipsius
1132 1110 1255 1167 libr.
1290 1126 1308 1164 ι
1352 1107 1654 1176 Saturnal,
1703 1121 1824 1176 cap.
1865 1103 1923 1171 2,

321 1222 457 1268 tom.
489 1227 568 1278 ιιι,
602 1224 726 1281 pag.
761 1209 889 1264 484.
934 1207 1146 1278 Adjecit
1192 1204 1463 1261 Arnobius
1494 1221 1507 1258 :
1550 1209 1597 1257 et
1632 1199 1926 1256 simulacris

330 1307 567 1371 deorum,
600 1305 655 1359 in
686 1318 911 1374 quorum
944 1299 1297 1372 proculdubio
1328 1298 1493 1353 tutela
1521 1305 1694 1361 erant,
1721 1295 1806 1351 vel
1841 1308 1928 1348 sa—

325 1414 435 1455 cra:
462 1410 683 1459 mensae,
715 1394 805 1450 vel
834 1394 979 1459 aliae,
1005 1393 1201 1466 quibus
1229 1390 1453 1459 ethnici,
1486 1388 1751 1445 invocatis
1770 1394 1927 1442 antea

323 1492 450 1558 diis,
489 1488 897 1546 accumbebant.
945 1487 1136 1543 Nonne
1185 1500 1317 1543 vero
1361 1500 1427 1540 ex
1482 1482 1631 1539 hisce
1682 1482 1786 1538 diis
1837 1481 1928 1535 ille

322 1603 464 1643 unus
485 1595 590 1652 est,
619 1584 688 1641 de
713 1600 820 1656 quo
835 1583 981 1640 canit
1007 1580 1214 1638 Statius
1242 1580 1485 1653 (Statius,
1518 1578 1608 1635 lib.
1638 1594 1677 1646 ι,
1702 1575 1924 1649 δεδιυηϐ,

328 1684 391 1737 de
425 1680 635 1736 Hercul.
664 1680 878 1746 oindic.,
912 1695 1043 1733 vera.
1079 1678 1210 1747 5i):

967 1795 1121 1848 Castae
1143 1795 1323 1858 genius
1346 1790 1604 1855 tutelaque
1625 1799 1828 1841 mensae.

332 1887 403 1944 Et
434 1884 593 1958 paulo
615 1891 737 1955 post
767 1881 1024 1951 (ibidem,
1053 1877 1143 1949 50)
1171 1897 1184 1932 :

1332 1945 1548 1997 Pellaeus
1570 1943 1775 1995 habebit

421 2019 692 2083 Regnator,
721 2016 848 2069 laetis
871 2026 1055 2065 numen
1078 2009 1365 2062 venerabile
1389 2009 1594 2060 mensis.

329 2123 531 2180 Verum
568 2118 771 2177 ethnici
815 2120 931 2174 haec
974 2127 1247 2188 tamquam
1292 2114 1466 2172 aniles
1512 2111 1928 2184 superstitiones

332 2228 521 2290 postea
548 2214 873 2287 reiecerunt.

942 2383 1229 2427 ARTICULUS
1256 2384 1313 2424 ΙΙ.

331 2534 407 2586 De
431 2534 539 2584 aliis
562 2533 870 2583 ethnicorum
887 2527 1238 2580 mutationibus
1262 2527 1311 2573 in
1333 2521 1615 2572 ordinandis
1638 2520 1932 2586 nubentium

394 2583 592 2650 lectulis
610 2603 663 2645 et
677 2591 969 2643 advocandis
984 2591 1268 2639 maritorum
1286 2586 1467 2650 geniis,
1506 2594 1780 2650 earumque
1794 2583 1934 2631 crine

549 2646 774 2710 cmlibari
798 2660 979 2714 comta;
1000 2654 1065 2701 de
1082 2650 1265 2714 tegulis
1284 2646 1559 2714 puellarum
1581 2646 1932 2714 ad_Fortuna_m

397 2707 685 2786 virginalem
705 2707 1179 2786 delatis,_lititiierum
1197 2707 1403 2786 lanificio
1425 2719 1478 2759 et
1493 2709 1596 2786 viui
1619 2707 1933 2786 abstinentia;

396 2771 642 2835 deberis
664 2771 954 2830 candidis—iu
981 2778 1172 2826 Albano
1193 2781 1361 2823 monte
1386 2773 1635 2829 nudatis,
1660 2771 1795 2835 extis
1819 2780 1936 2835 per-

398 2831 672 2898 coctis-aut
707 2841 998 2893 semicrudis
1049 2836 1402 2903 porricieudis,
1440 2842 1591 2895 atque
1628 2831 1938 2884 immolandis

396 2910 621 2960 humanis
653 2906 911 2969 capitibus.

409 3036 761 3108 Prosequitur
784 3031 1051 3088 Arnobius
1100 3029 1341 3097 aliasque
1367 3026 1641 3097 redarguit
1685 3022 1939 3081 ethnico-

344 3149 467 3189 rum
500 3133 552 3187 in
575 3129 701 3185 aliis
724 3142 832 3182 non
858 3124 1068 3181 minimi
1096 3126 1258 3178 etiam
1285 3121 1546 3177 momenti
1581 3117 1745 3175 rebus
1770 3124 1943 3173 muta-

342 3227 542 3281 tiones.
570 3223 813 3292 Magnam
839 3228 1021 3274 autem
1051 3218 1262 3270 illorum
1294 3214 1707 3270 inconstantiam
1737 3221 1797 3268 ut
1828 3227 1942 3266 ma-

339 3319 421 3390 gis
465 3319 739 3388 magisque
770 3311 1074 3385 patefaciat,
1110 3309 1195 3363 bis
1242 3324 1337 3364 eos
1381 3307 1670 3376 compellat
1702 3323 1716 3358 :
1753 3324 1773 3357 ι
1806 3304 1943 3360 Cum

341 3413 397 3468 in
424 3408 765 3466 matrimonia
791 3402 1121 3469 convenitis,
1152 3412 1274 3473 toga
1319 3400 1562 3456 stet-uitis
1590 3397 1823 3454 lectulos
1843 3437 1858 3461 ,
1888 3406 1945 3451 et

346 3506 669 3563 maritorum
725 3501 913 3574 genios
971 3494 1284 3553 advocatis?
1337 3514 1356 3545 ι
1404 3490 1668 3564 (Arnob.,
1716 3490 1805 3545 lib.
1859 3504 1945 3558 ιι,

343 3614 399 3671 τι.
429 3598 555 3670 91.)
579 3594 784 3653 Lectuli
816 3608 944 3648 vero
972 3590 1078 3656 illi,
1106 3587 1265 3645 sicuti
1288 3587 1506 3643 Servius
1533 3582 1945 3649 animadvertit,

350 3712 369 3746 ι
403 3692 647 3762 geniales
675 3688 816 3743 thori
849 3687 1062 3757 proprie
1087 3692 1241 3747 sunt,
1270 3681 1361 3751 qui
1391 3688 1705 3734 sternuntur
1750 3675 1945 3745 puellis

344 3786 706 3850 nubentibus,
739 3782 866 3838 dicti
911 3795 943 3834 a
991 3774 1315 3849 generandis
1353 3771 1536 3843 pueris
1570 3789 1588 3823 ι
1642 3768 1865 3843 (Serm,
1893 3769 1949 3822 in

349 3880 419 3933 lib
443 3894 498 3934 vn
538 3874 793 3943 ﬂuent,
839 3889 958 3944 pag.
988 3869 1116 3939 451)
1167 3910 1183 3934 ,
1229 3866 1315 3921 vel
1364 3874 1420 3920 ut
1460 3864 1535 3919 ait
1578 3861 1803 3927 Festus,
1836 3880 1854 3913 ι
1893 3861 1947 3916 in

346 3973 488 4044 genii
522 3971 782 4027 honorem
819 3987 839 4022 ι
866 3965 1036 4035 (Fest.
1064 3965 1132 4017 ad
1158 3961 1365 4017 uerbum
1396 3958 1696 4027 GENIAIJS).
1723 3957 1950 4013 Persua-

345 4082 463 4124 sum
482 4066 677 4137 quippe
697 4062 897 4119 ethnici
929 4058 1227 4125 habebaut,
1254 4052 1707 4126 quemadmodum
1738 4050 1950 4121 Augus—

346 4163 490 4216 tinus
514 4176 583 4215 ex
603 4155 818 4214 Valerio
865 4154 1073 4211 Sorano
1104 4148 1358 4223 (August.
1379 4188 1396 4213 ,
1427 4146 1515 4202 lib.
1549 4160 1619 4200 vn
1664 4146 1729 4199 de
1770 4141 1947 4208 Cirin,

345 4270 463 4324 cap.
522 4253 610 4315 15,
642 4267 765 4321 pag.
816 4247 1056 4317 172),et
1094 4244 1312 4299 Servius
1358 4240 1667 4306 annotavit,
1711 4236 1952 4306 singulos

347 4345 593 4402 homines
613 4358 768 4398 suum
797 4341 1020 4397 sortitos
1038 4353 1162 4395 esse
1179 4336 1396 4407 genium
1418 4375 1434 4400 ,
1460 4334 1552 4404 qui
1579 4334 1739 4388 etiam
1770 4346 1948 4386 rerum

346 4436 734 4509 gignendarum
759 4433 990 4488 habebat
1018 4439 1360 4501 potestatem.
1386 4427 1503 4482 Mos
1535 4431 1713 4481 autem
1745 4431 1864 4480 erat
1893 4432 1952 4477 ut

348 4532 525 4590 eidem
539 4531 701 4604 genio
724 4572 739 4594 ,
761 4538 921 4599 atque
939 4527 1101 4583 etiam
1123 4524 1325 4580 Telluri
1354 4532 1407 4579 et
1426 4521 1623 4577 Iunoni
1641 4562 1656 4584 ,
1684 4528 1742 4575 ut
1762 4518 1836 4573 ait
1858 4516 1953 4571 ad-

348 4625 453 4682 huc
478 4625 695 4681 Servius
722 4621 919 4694 (Serm,
937 4620 1036 4675 loc.
1055 4620 1169 4683 cit.,
1192 4634 1248 4689 p.
1264 4616 1373 4673 M0
1388 4626 1434 4669 et
1454 4632 1576 4687 pag.
1594 4614 1746 4679 525),
1764 4622 1951 4667 earum

348 4717 665 4787 prmsidibus
682 4711 1068 4771 sacrificarent.
1087 4710 1156 4766 At
1171 4709 1222 4764 id
1239 4708 1573 4779 potissimum
1591 4704 1930 4762 observatum

349 4798 403 4867 itt
432 4811 740 4881 nuptiarum
770 4806 1083 4870 solemniis,
1114 4814 1275 4874 atque
1307 4811 1433 4857 tunc
1459 4800 1796 4856 advocabant
1839 4815 1957 4855 ma-

346 4904 572 4959 ritorum
597 4902 838 4975 genium,
862 4912 919 4957 ut
941 4899 1067 4956 felix
1091 4898 1435 4966 faustumque
1457 4894 1949 4965 essetconjngium,

348 5012 414 5053 ac
445 4996 599 5051 liberi
623 4996 821 5065 suscipi
852 5002 1090 5066 possent.
1119 4990 1477 5059 Quamobrem
1504 4987 1779 5045 Juvenalis
1805 4987 1949 5051 illos,

346 5088 438 5159 qui
464 5089 728 5160 genialem
760 5087 988 5149 lectum,
1028 5082 1357 5156 geniumque
1387 5079 1528 5134 haud
1564 5078 1728 5134 dubie
1768 5080 1950 5134 mariti

346 5182 648 5246 violabant,
674 5181 757 5234 his
785 5179 1115 5235 carminibus
1137 5175 1429 5232 insectatur
1455 5173 1689 5239 (Juoen.,
1719 5172 1863 5229 satir.
1887 5172 1941 5240 6,

348 5290 493 5332 vers.
533 5274 597 5329 21
623 5283 669 5327 el
694 5270 790 5343 22)
818 5291 830 5326 :

439 5408 704 5469 Antiquam
728 5414 780 5458 et
804 5412 948 5455 vetus
974 5416 1049 5457 est
1068 5406 1302 5465 alienum,
1328 5405 1619 5461 Postlmme.
1650 5404 1830 5456 lectum

440 5468 739 5531 Concutere,
762 5475 815 5519 ct
838 5470 962 5519 sacri
983 5472 1186 5533 genium
1208 5477 1535 5522 contemnere
1560 5468 1720 5519 fulcri.

418 5601 494 5659 De
524 5601 724 5657 lectulo
751 5610 930 5657 autem
963 5600 1189 5669 geniali,
1214 5601 1484 5673 solitoque
1506 5616 1628 5657 eum
1668 5592 1943 5657 sternendi

343 5704 400 5752 et
424 5694 649 5751 ornandi
690 5694 851 5750 modo
895 5693 1093 5750 videsis
1122 5693 1441 5762 Apuleium,
1478 5694 1737 5767 Lipsium,
1780 5704 1943 5766 atque

343 5788 480 5846 alios
504 5786 709 5860 (Apul.,
730 5789 822 5844 lib.
845 5804 876 5844 χ
902 5787 1141 5857 Mettum,
1162 5787 1214 5842 in
1243 5786 1362 5856 ﬁm;
1378 5786 1550 5859 Lips.,
1577 5788 1664 5844 lib.
1686 5803 1725 5845 ιι
1743 5786 1937 5853 Elect.,

2022 442 2293 514 aspernati
2323 446 2449 496 sunt
2468 481 2481 501 ,
2511 453 2576 494 ac
2605 436 2983 509 repudiarunt.

2099 536 2268 593 Vetus
2289 534 2511 605 insuper
2537 532 2756 590 illorum
2799 524 3135 588 consuetudo
3159 524 3356 596 fuerat,
3388 533 3446 582 ut
3476 540 3497 578 ι
3531 538 3633 581 ιιιι-

2022 630 2260 691 bentium
2311 630 2550 696 crinem,
2589 644 2608 680 ι
2661 627 2737 683 ait
2786 624 3056 682 Arnobius
3104 622 3370 695 (Arnob.,
3423 618 3513 676 lib.
3547 634 3630 688 ιι,

2023 746 2146 802 pag.
2191 724 2308 799 9i),
2346 741 2366 778 ι
2403 723 2645 780 cmlibari
2692 722 2842 777 basta
2881 740 2900 775 ι
2934 719 3266 784 mulcerent,
3322 715 3376 772 id
3401 723 3519 778 est.
3574 723 3637 769 ut

2023 820 2207 879 scribit
2225 816 2546 874 Plutarchus
2562 812 2882 888 (Platore/1.,
2901 810 3089 881 Quieti.
3109 826 3335 877 romam,
3352 802 3634 881 pag.285),

2025 911 2457 970 discriminarent
2503 909 2671 963 hasta:
2720 906 2980 975 cuspide,
3038 903 3121 959 vel
3161 902 3315 959 hasta
3365 914 3630 965 recurva,

2027 1005 2480 1080 quemadmodum
2522 1002 2685 1061 scanit
2724 1000 2951 1058 Ovidius
2993 997 3215 1073 (0oid.,
3255 997 3346 1054 lib.
3396 1010 3435 1053 ιι
3464 990 3639 1060 Fasl.,

2029 1118 2150 1174 pag.
2180 1099 2309 1174 497)
2340 1118 2354 1153 :

2119 1215 2224 1289 Nec
2250 1216 2367 1289 tibi,
2391 1226 2505 1289 qute
2525 1212 2714 1289 cupida:
2739 1218 2929 1289 matura
2952 1209 3195 1261 videbere
3219 1209 3395 1269 matri,

2181 1275 2359 1329 Comat'
2373 1275 2630 1340 virgineas
2650 1275 2795 1326 hasta
2815 1287 3030 1325 recurva
3049 1284 3231 1325 comas.

2032 1381 2206 1454 Hujus
2235 1391 2412 1438 autem
2438 1382 2625 1447 moris,
2657 1380 2810 1452 cuius
2839 1380 3266 1435 immutationem
3295 1374 3503 1431 notavit
3530 1374 3635 1430 Ar-

2031 1474 2224 1529 nobius
2244 1516 2259 1543 ,
2288 1475 2464 1529 varias
2491 1474 2726 1530 rationes
2759 1472 2990 1529 reddunt
3026 1472 3166 1528 idem
3192 1467 3548 1536 Plutarchus,
3582 1476 3639 1525 et

2030 1567 2252 1635 Festus,
2284 1583 2421 1639 quos
2435 1569 2662 1625 consule
2692 1566 3018 1641 (Plutarch.,
3052 1566 3247 1635 Quaest.
3269 1580 3497 1634 romam,
3515 1580 3640 1637 pag.

2025 1662 2165 1730 285;
2197 1660 2358 1727 Fest.,
2388 1663 2442 1716 in
2467 1663 2616 1718 verba
2642 1659 2990 1733 CELIBARIS).

1962 1749 2011 1811 B
2111 1758 2166 1813 ln
2196 1756 2644 1813 consuetudinem
2675 1770 2890 1827 quoque
2915 1755 3043 1810 olim
3072 1761 3319 1818 venerat,
3345 1760 3401 1807 ut
3444 1748 3640 1821 puella-

2029 1870 2144 1909 rum
2173 1853 2404 1925 tegulas,
2434 1850 2595 1907 verba
2622 1859 2747 1906 sunt
2773 1848 2996 1907 Arnobii
3030 1847 3317 1905 Fortunam
3358 1843 3642 1904 deferrent

2031 1948 2101 2003 ad
2120 1950 2420 2020 virginalem
2464 1944 2706 2021 (Arnob.,
2734 1944 2829 2001 lib.
2860 1961 2922 2011 ιι,
2949 1961 3069 2017 pag.
3099 1942 3215 2017 9i).
3237 1940 3513 1999 Memoriae
3542 1955 3639 1996 au-

2034 2053 2139 2099 tem
2190 2040 2429 2112 prodidit
2470 2038 2791 2096 Plutarchus
2832 2036 3171 2110 (Plutarch.,
3206 2035 3403 2105 Quaest.
3440 2049 3644 2091 roman.

1942 2217 1949 2225 .
2032 2156 2087 2210 p.
2117 2135 2269 2211 9.8!),
2293 2138 2535 2209 proxime
2561 2151 2590 2190 a
2613 2134 2769 2191 nobis
2801 2135 3071 2200 laudatus,
3103 2131 3370 2201 Servium,
3401 2131 3495 2204 qui
3523 2146 3646 2186 om-

2034 2233 2184 2289 nium
2222 2232 2455 2287 maxime
2483 2230 2720 2285 divinam
2752 2229 2859 2284 vim
2900 2227 3160 2284 Fortuna:
3209 2225 3468 2283 extulisse
3511 2223 3649 2279 fere-

2035 2327 2224 2395 batur,
2259 2327 2404 2381 varia
2435 2326 2482 2382 ei
2514 2323 2825 2381 condidisse
2854 2323 3088 2393 templa,
3121 2336 3188 2377 ex
3236 2319 3433 2392 quibus
3460 2333 3639 2375 unum

2033 2428 2169 2489 erat,
2218 2416 2464 2474 Fortuna:
2511 2418 2777 2490 Virginis,
2825 2415 2945 2474 ἄλλο
2969 2417 3235 2495 Παρθένου.
3289 2412 3429 2468 Alibi
3470 2425 3646 2467 vero:

2042 2530 2060 2562 ι
2099 2512 2178 2566 Ad
2208 2509 2445 2577 fontem,
2475 2531 2493 2563 ι
2530 2511 2706 2581 inquit
2728 2508 2748 2584 (
2769 2507 2918 2563 Idem
2938 2551 2951 2576 ,
2979 2508 3067 2562 lib.
3097 2506 3161 2561 de
3201 2504 3424 2560 Forum.
3460 2502 3644 2570 Rom.,

2037 2621 2158 2676 pag.
2203 2602 2308 2659 522
2343 2612 2392 2658 et
2436 2601 2591 2674 seq),
2630 2622 2648 2655 ι
2691 2604 2780 2674 qui
2835 2612 3122 2657 muscosus
3167 2598 3365 2655 dicitur
3421 2595 3651 2669 Virginia

2038 2697 2215 2752 adhuc
2243 2694 2490 2751 Fortuna!
2514 2695 2696 2751 fanum
2724 2705 2807 2750 εει
2836 2695 3087 2772 Παρθένου
3111 2695 3295 2765 Τύχης
3321 2689 3452 2768 ἱερὸν
3470 2689 3644 2746 ἔστι.»

2039 2789 2188 2846 Hanc
2217 2801 2399 2844 autem
2428 2804 2551 2845 esse
2580 2788 2929 2854 existimant,
2957 2786 3026 2841 de
3051 2798 3154 2854 qua
3201 2787 3405 2840 Anetor
3456 2790 3647 2837 noster

2037 2884 2290 2954 loquitur.
2337 2881 2449 2939 Nec
2471 2883 2668 2938 desunt
2691 2881 2780 2951 qui
2809 2887 3000 2951 putent
3029 2877 3174 2933 illam
3203 2874 3451 2933 eamdem
3479 2887 3602 2929 esse
3622 2914 3641 2940 ,

2040 2995 2160 3050 qua:
2190 2979 2257 3033 ab
2286 2977 2585 3048 Augustino
2611 2974 2808 3031 dicitur
2831 2972 2935 3028 dea
2979 2969 3296 3043 Virginiensis
3314 3011 3331 3037 ,
3368 2980 3640 3040 quamque

2041 3088 2162 3129 cum
2193 3086 2347 3128 novat
2382 3078 2562 3141 nupta:
2601 3070 2791 3141 virgini
2832 3083 2967 3124 zona
3007 3066 3353 3132 solvebatur,
3386 3064 3649 3119 invocare

1971 3149 2017 3214 (ί
2047 3180 2166 3221 mos
2186 3174 2303 3222 erat
2330 3163 2596 3237 (August,
2629 3160 2795 3217 lib.tv
2824 3162 2887 3215 de
2916 3160 3090 3227 Ciuit.,
3121 3176 3237 3228 cap.
3268 3157 3356 3223 il,
3386 3173 3506 3230 pag.
3534 3152 3651 3228 97).

2120 3259 2318 3314 Matres
2341 3271 2471 3311 vero
2488 3254 2741 3320 familias,
2766 3253 2838 3308 uti
2862 3251 3037 3308 adhuc
3059 3252 3133 3307 ait
3151 3250 3450 3315 Arnobius,
3475 3261 3653 3318 quon-

2047 3352 2170 3409 dam
2196 3353 2249 3407 in
2272 3353 2539 3406 domorum
2568 3349 2716 3403 atriis
2731 3347 3096 3418 operabantur
3115 3386 3131 3415 ,
3159 3356 3215 3401 et
3245 3344 3369 3401 vino
3386 3343 3653 3414 jubeban-

2049 3458 2134 3502 tur
2176 3445 2447 3501 abstinere
2488 3442 2727 3516 (Arnob.,
2752 3442 2840 3498 lib.
2873 3458 2932 3510 ιι,
2977 3459 3096 3514 pag.
3139 3436 3254 3513 9i).
3300 3436 3469 3496 Addit
3492 3438 3656 3509 hujus

2048 3540 2385 3597 abstinentia:
2415 3537 2706 3610 probandae
2729 3551 2909 3602 causa,
2936 3536 3024 3607 jus
3051 3534 3306 3591 affinibus
3334 3544 3389 3590 et
3419 3536 3651 3605 propin-

2048 3637 2170 3707 quis
2194 3635 2361 3691 fuisse
2396 3649 2489 3690 eas
2514 3632 2820 3690 osculandi.
2853 3631 3107 3687 Mulieres
3149 3642 3283 3687 vero
3312 3646 3418 3685 non
3449 3627 3655 3698 infimi,

2050 3731 2145 3789 sed
2191 3730 2349 3797 primi
2387 3731 2548 3785 etiam
2605 3727 2844 3795 ordinis,
2892 3726 3161 3791 lanificio,
3202 3722 3660 3794 conficiendisque

2049 3825 2291 3881 vestibus
2321 3839 2538 3895 operam
2568 3822 2785 3879 dedisse
2802 3835 2873 3876 ex
2900 3821 2966 3875 iis
2991 3828 3158 3888 patet,
3183 3833 3302 3889 qua:
3325 3818 3393 3873 de
3415 3819 3660 3888 Augusto

2051 3915 2264 3972 Caesare
2291 3915 2583 3972 Suetonius
2614 3920 2798 3967 narrat
2828 3929 2843 3965 :
2882 3929 2901 3963 ‹
2941 3909 3103 3966 Veste
3147 3922 3251 3964 non
3282 3916 3483 3965 temere
3510 3905 3618 3963 alia
3638 3948 3656 3975 ,

2051 4028 2210 4085 quam
2230 4010 2520 4067 domestica
2544 4023 2673 4064 usus
2688 4016 2793 4073 est,
2813 4006 2880 4062 ab
2901 4019 3093 4068 uxore,
3121 4015 3173 4060 et
3204 4018 3416 4071 sorore,
3447 4012 3501 4059 et
3523 4001 3655 4072 ﬁlia,

2053 4103 2410 4176 neptibusque
2426 4099 2674 4157 confecta
2713 4118 2733 4151 ι
2787 4096 3054 4173 (Sueton.,
3080 4095 3169 4150 lib.
3199 4110 3269 4162 ιι,
3298 4095 3351 4149 in
3378 4096 3467 4149 nit.
3489 4094 3652 4168 Aug.,

2052 4215 2168 4270 cap.
2200 4198 2315 4266 7‘5).
2339 4194 2494 4250 Prius
2520 4208 2651 4249 vero
2683 4191 2825 4259 quod
2853 4192 3023 4263 magis
3052 4188 3119 4247 ad
3156 4188 3492 4261 propositum
3524 4200 3657 4243 nos-

2053 4299 2193 4345 trum
2219 4287 2367 4354 facit,
2390 4285 2459 4342 de
2487 4285 2580 4340 illo
2600 4285 2842 4340 dixerat:
2873 4281 3095 4338 «Filiam
3118 4288 3181 4359 et
3199 4288 3389 4351 neptes
3405 4279 3475 4333 ita
3500 4278 3661 4334 iusti-

2053 4381 2149 4438 tnit
2167 4426 2182 4450 ,
2208 4392 2262 4436 ut
2292 4380 2453 4436 etiam
2481 4379 2717 4434 laniﬁcio
2738 4376 3122 4441 assuefaceret,
3145 4382 3459 4443 vetaretque
3483 4371 3654 4444 loqui,

2053 4486 2147 4533 aut
2172 4490 2330 4547 agere
2358 4475 2652 4545 quidpiam,
2685 4474 2785 4528 nisi
2815 4473 3111 4542 propalam,
3146 4468 3361 4540 etquod
3408 4471 3459 4523 in
3503 4467 3653 4523 diur—

1977 4570 2031 4636 D
2057 4587 2154 4627 nos
2183 4570 2600 4626 commentarios
2620 4566 2915 4623 referretur
2951 4585 2970 4618 ι
3006 4562 3198 4636 (fdem,
3240 4578 3356 4634 cap.
3378 4558 3493 4633 64).
3520 4558 3653 4616 Eam

1936 4652 1957 4757 ἱ
2056 4661 2416 4757 proculdubio
2436 4661 2505 4716 ob
2535 4675 2649 4757 rem
2673 4657 2931 4729 Virgilius
2947 4654 3138 4713 Enete
3163 4665 3363 4727 togam,
3392 4667 3422 4710 a
3448 4652 3656 4711 Didone

2058 4767 2256 4813 textam
2275 4796 2291 4823 ,
2321 4754 2404 4810 his
2426 4752 2668 4810 versibus
2697 4752 2929 4807 cecinit:

2552 4864 2799 4928 Tyrioque
2824 4861 3029 4912 ardebat
3050 4862 3238 4911 murice
3258 4858 3405 4928 lgna,

2147 4930 2373 4981 Demissa
2398 4942 2462 4978 ex
2485 4921 2733 4987 humeris,"
2751 4926 2893 4975 dives
2914 4938 3026 4987 qua:
3049 4936 3256 4973 munera
3276 4921 3404 4973 Dido

2147 4994 2381 5055 Fecerat,
2406 4998 2460 5042 et
2484 4990 2624 5040 tenui
2650 4988 2779 5040 telas
2797 4988 3114 5038 discreveret
3135 4999 3273 5038 auro.

2381 5069 2613 5142 (Virgil.,
2640 5067 2723 5124 lib.
2749 5087 2795 5123 tv
2822 5067 3039 5129 dinem,
3061 5081 3226 5121 versus
3250 5067 3345 5119 262
3366 5072 3413 5119 et
3432 5064 3594 5134 seqq.)

2051 5180 2332 5251 Superiori
2377 5190 2555 5234 autem
2598 5178 2649 5233 in
2694 5177 2852 5239 libro.
2880 5183 3149 5232 memorat
3175 5173 3241 5230 ab
3270 5170 3650 5230 Andromache

2050 5274 2332 5346 phrygiam
2359 5272 2700 5344 chlamydem
2728 5270 2898 5342 ipsius
2919 5269 3167 5325 manibus
3193 5277 3522 5337 contextam,
3540 5267 3655 5323 ltis-

2049 5385 2155 5441 que
2180 5368 2359 5423 verbis
2385 5367 2566 5422 datam
2600 5366 2836 5422 Ascanio
2871 5384 2886 5420 :

2143 5461 2324 5524 Accipe
2348 5466 2401 5509 et
2422 5459 2550 5524 haec,
2575 5471 2801 5524 manuum
2826 5457 2917 5524 tibi
2941 5470 3052 5524 qua;
3076 5461 3390 5509 monumenta
3429 5465 3651 5506 mearum

2146 5519 2275 5583 Sint,
2301 5536 2441 5586 puer,
2464 5528 2515 5572 et
2540 5519 3127 5586 longum_Andro_in;icbes
3144 5524 3649 5586 testenturamorem.

2666 5581 2854 5644 (Idem,
2877 5579 2963 5634 lib.
2991 5598 3061 5642 ιιι,
3084 5595 3211 5634 cera.
3240 5580 3339 5633 486
3361 5583 3408 5632 at
3427 5578 3558 5645 aeq.)

2045 5689 2306 5763 D'enique,
2339 5700 2397 5745 ut
2423 5691 2578 5762 plura
2610 5689 2773 5745 missa
2802 5687 3085 5756 faciamus,
3110 5685 3416 5744 Alexander
3429 5685 3653 5758 Magnus

2051 5784 2375 5859 Sysigambi,
2401 5783 2545 5841 Darii
2594 5782 2740 5855 regis
2791 5782 2975 5851 matri,
3021 5779 3230 5839 dixisse
3282 5777 3648 5862 perhibetur:
