3990 6072
358 164 464 223 4⁸29

1645 166 1713 223 ΙΝ
1752 165 2125 234 ARNOBIUM,
2157 165 2308 225 CAP.
2355 168 2416 225 V.

3550 174 3658 233 450

369 279 560 347 Mater,
584 281 716 334 lianc
745 287 950 346 vestem,
979 295 1078 350 qua
1106 279 1314 334 indutus
1331 294 1461 344 sum,
1491 294 1723 334 sororum
1751 297 1850 334 non
1875 296 1956 335 so-
1986 280 2038 340 Α
2063 279 2246 334 Citatis
2275 289 2451 336 autem
2481 279 2618 336 Livii
2662 280 2840 336 verbis
2879 279 3144 352 intelliges
3169 297 3197 336 a
3227 281 3484 339 Romanis
3531 296 3656 342 exta

369 375 476 428 lum
503 374 688 426 donum
715 372 804 428 sed
844 375 996 427 etiam
1019 389 1145 444 Opus
1174 374 1328 426 vides.
1362 372 1625 428 Arnobius
1650 387 1810 442 porro
1842 387 1960 426 ma-

372 464 720 522 tresfamilias
747 467 945 537 arguit,
977 481 1097 538 qum
1120 465 1320 520 nullam
1352 465 1578 535 amplius
1600 467 1650 519 in
1676 464 1958 519 domorum

371 557 520 614 atriis
540 572 758 628 operam
790 557 1024 613 laniﬁcio
1043 557 1253 614 darent.
1285 558 1357 612 De
1389 557 1472 612 his
1503 557 1654 626 plura
1679 555 1960 627 Tiraquel-

370 651 452 709 lus
477 668 634 721 quem
662 654 708 706 si
733 651 901 715 Iubet,
942 650 1091 707 adire
1122 651 1329 718 poteris
1355 650 1561 723 (Quint.
1595 648 1741 716 Cur.,
1780 649 1865 703 lib.
1904 663 1959 716 ν,

367 747 514 818 longe
538 756 652 816 post
672 746 905 808 initium;
928 743 1216 816 Tiraquel.,
1247 746 1300 799 in
1321 743 1419 816 leg.
1441 742 1529 811 10,
1553 741 1807 809 Connub.,
1840 741 1867 814 ξ
1892 741 1960 797 38

364 850 410 895 et
436 857 569 911 seq.,
605 857 721 911 pag.
752 837 860 893 202
884 847 931 892 et
954 836 1145 908 θείη).

438 933 713 989 Testatum
740 946 869 987 vero
901 931 1187 1002 Dionysius
1228 930 1668 985 Halicarnasseus
1697 928 1825 983 facit
1850 927 1959 982 vini

367 1043 466 1081 usu
497 1041 525 1079 a
551 1024 783 1080 Romulo
806 1023 1123 1079 mulieribus
1141 1023 1510 1078 interdictum.
1529 1022 1782 1093 Polybius
1811 1035 1958 1086 vero,

366 1117 705 1184 Plutarchus,
757 1116 994 1183 Plinius,
1025 1130 1091 1170 ac
1119 1114 1322 1170 Gellius
1362 1115 1650 1170 observant
1700 1112 1961 1183 probandi

371 1227 531 1268 causa
563 1220 742 1265 utrum
771 1210 954 1264 vinum
982 1208 1264 1275 bibissent,
1285 1208 1749 1275 statutum,utiait
1782 1210 1961 1263 Arno-

362 1304 480 1360 bius
513 1347 529 1371 ,
562 1301 748 1371 fuisse,
781 1313 838 1357 ut
857 1317 948 1357 eas
977 1302 1188 1372 cognati
1216 1302 1295 1355 sui
1324 1300 1720 1356 oscularentnr.
1741 1298 1959 1354 Tertul-

365 1401 541 1456 lianus
569 1412 732 1470 porro
751 1441 767 1465 ,
797 1408 852 1452 ut
879 1413 977 1451 suo
1008 1396 1128 1450 loco
1155 1395 1538 1461 ostendemus,
1571 1394 1701 1448 vitio
1731 1392 1962 1449 ethnicis

364 1495 553 1560 vertit,
587 1491 730 1564 quod
761 1491 904 1547 hunc
932 1490 1216 1546 mulierum
1258 1490 1385 1544 vino
1425 1487 1723 1543 abstinendi
1756 1501 1961 1541 morem

367 1588 697 1644 aboleverint
733 1585 974 1659 (Dionys.
1034 1582 1236 1648 Halic.,
1283 1583 1371 1638 lib.
1421 1598 1457 1638 ll
1504 1582 1680 1654 Antiq.
1734 1595 1959 1652 romam,

366 1701 417 1753 p.
449 1683 520 1738 95
549 1693 594 1736 et

365 1773 602 1847 pag.440
623 1785 671 1830 et
692 1791 853 1844 squ.;
883 1772 1178 1838 Plutarch.,
1206 1771 1400 1840 Quiut.
1425 1787 1652 1839 romam,
1672 1787 1793 1843 pag.
1826 1769 1954 1836 265;

367 1867 536 1935 Plin.,
576 1867 662 1922 lib.
694 1883 785 1922 xxv
814 1864 946 1921 Hist.
975 1876 1175 1927 natur..
1206 1882 1320 1933 cap.
1357 1866 1444 1930 15,
1481 1882 1598 1936 pag.
1634 1865 1758 1932 14:2;
1792 1863 1953 1930 Gell.,

361 1963 452 2017 lib.
477 1979 510 2017 χ
535 1960 691 2016 Noct.
733 1962 914 2022 Attia,
944 1977 1059 2029 cap.
1090 1959 1184 2023 ‘23;
1214 1958 1456 2024 Tertull,
1487 1958 1685 2030 Apolog
1717 2001 1731 2025 ,
1755 1975 1869 2030 cap.
1899 1958 1954 2025 6,

365 2074 481 2129 pag.
509 2057 562 2122 7;
596 2055 815 2112 Dissert.
843 2055 898 2110 in
944 2053 1274 2117 Tertullian.,
1298 2071 1413 2123 cap.
1447 2053 1534 2118 I8,
1569 2063 1670 2107 art.
1698 2053 1777 2121 5).

432 2149 600 2220 Urget
639 2149 814 2204 adhuc
852 2148 1141 2211 Arnobius,
1175 2146 1513 2216 ethnicisque
1553 2146 1789 2216 obiectat
1835 2160 1956 2201 cum

363 2244 654 2314 antiquitus
689 2242 946 2301 candidos
982 2250 1184 2298 tantum
1232 2251 1415 2297 tauros
1446 2239 1500 2294 in
1533 2249 1714 2294 monte
1750 2238 1959 2294 Albano

359 2337 639 2393 immolare
665 2339 745 2394 eis
770 2335 1030 2401 licuisset,
1056 2345 1274 2391 senatus
1309 2344 1493 2406 postea
1531 2333 1779 2389 consulto
1815 2347 1956 2402 prae-

363 2435 638 2503 scriptum.
655 2443 711 2487 ut
727 2432 981 2502 deinceps
994 2430 1156 2486 rul‘uli
1182 2426 1760 2485 mactarentur.Narrat
1780 2436 1958 2483 autem

360 2525 541 2582 Livius
565 2525 665 2580 sub
692 2521 870 2580 Tullio
895 2523 1262 2578 Romanorum
1292 2535 1418 2592 rege
1444 2523 1497 2576 in
1524 2528 1709 2576 monte
1743 2519 1954 2575 Albano

361 2617 628 2688 lapidibus
649 2616 867 2687 pluisse,
891 2629 954 2670 ac
974 2625 1120 2679 tunc,
1145 2613 1358 2685 inquit:
1395 2611 1542 2669 «Visi
1559 2613 1745 2669 audire
1770 2627 1960 2667 vocem

361 2714 636 2784 ingentem
665 2725 731 2766 ex
758 2710 953 2765 summi
998 2708 1295 2765 cacuminis
1332 2707 1488 2770 loco:
1533 2716 1592 2762 ut
1639 2706 1814 2776 patrio
1853 2706 1961 2761 ritu

363 2820 516 2863 sacra
545 2806 736 2861 Albani
765 2803 1035 2870 facerent,
1069 2817 1188 2872 qua:
1231 2803 1380 2859 velut
1405 2800 1510 2857 diis
1547 2815 1761 2871 quoque
1801 2798 1962 2856 simul

362 2916 484 2957 cum
532 2899 700 2970 patria
745 2898 967 2966 relictis,
1017 2897 1273 2954 oblivioni
1327 2896 1593 2951 dederunt
1629 2915 1647 2948 ι
1715 2893 1957 2966 (Arnob.,

362 2993 453 3047 lib.
488 3008 523 3047 ιι
546 3035 561 3057 ,
597 3009 713 3062 pag.
739 2992 831 3058 9i;
854 2989 968 3045 Liv.
989 3027 1006 3058 ,
1039 2990 1128 3045 ιιι.
1150 3006 1195 3056 ι,
1229 3007 1345 3061 cap.
1375 2988 1490 3060 3|).
1515 2988 1654 3043 Alibi
1671 2987 1960 3044 Camillum

361 3087 476 3143 haec
503 3087 570 3142 ad
599 3087 872 3143 Romanos
899 3086 1060 3143 verba
1102 3086 1390 3143 facientem
1431 3085 1634 3142 inducit
1663 3102 1676 3138 :
1711 3104 1730 3138 ι
1763 3085 1953 3143 Videte
1985 3086 2030 3150 C

248 3242 254 3247 ν,
357 3183 484 3252 quid
528 3182 667 3237 inter
697 3197 818 3248 nos,
851 3197 915 3236 ac
953 3182 1184 3251 majores
1207 3181 1434 3238 intersit.
1482 3181 1564 3236 Illi
1605 3195 1757 3238 sacra
1803 3197 1952 3254 quae-

355 3275 480 3330 dam
510 3275 562 3330 in
596 3284 778 3331 monte
804 3275 1017 3332 Albano
1037 3275 1365 3346 Laviniaque
1393 3277 1550 3331 nobis
1596 3275 1839 3333 l'adenda
1868 3294 1953 3335 re-

357 3369 625 3440 liquerant
660 3389 678 3422 ι
738 3366 964 3442 (Idem,
998 3367 1088 3424 lib.
1116 3385 1170 3437 v,
1200 3383 1314 3440 cap.
1349 3369 1460 3439 52).
1493 3368 1712 3426 Litteris
1742 3386 1954 3442 quoque

356 3475 386 3516 a
418 3461 676 3534 Dionysio
697 3460 1128 3533 Halyearnasseo
1154 3461 1424 3531 proditum
1445 3461 1676 3533 legimus
1699 3461 1951 3534 (Diongs.

362 3556 623 3622 Halicar.,
673 3554 762 3610 lib.
814 3571 899 3620 tv,
959 3571 1078 3626 pag.
1106 3552 1260 3626 250),
1310 3562 1368 3609 ut
1408 3554 1570 3610 ictum
1602 3569 1630 3608 a
1662 3554 1954 3626 Tarquinio

359 3663 481 3704 cum
518 3647 721 3703 Volscis
741 3655 795 3702 et
819 3646 1062 3703 Hernicis
1099 3645 1276 3704 ﬁndus
1305 3657 1622 3718 perpetuum
1651 3657 1817 3715 esset,
1847 3662 1954 3703 uno

357 3741 596 3799 omnium
617 3754 882 3796 consensu
908 3741 1179 3797 decretum
1203 3741 1364 3797 ferias
1385 3742 1670 3811 quotannis
1691 3741 1744 3795 in
1771 3751 1953 3797 monte

354 3835 485 3902 alto,
518 3834 668 3894 Alba!
707 3833 1022 3889 imminente
1044 3875 1058 3901 ,
1090 3833 1472 3898 celebrandas,
1499 3833 1592 3889 ubi
1635 3847 1788 3889 sacra
1835 3831 1953 3888 Iovi

357 3929 556 3985 Latiari
586 3928 796 3989 ﬁerent,
830 3938 885 3984 et
911 3927 1214 3983 communis
1258 3928 1498 3982 omnium
1527 3927 1739 3981 victima
1767 3934 1954 3981 taurus

353 4021 676 4080 caederetur.
694 4019 885 4077 Nonne
903 4033 1083 4077 autem
1101 4020 1368 4076 Arnobius
1387 4029 1596 4076 taurum
1619 4020 1762 4075 hunc
1789 4020 1954 4076 fuisse

356 4115 535 4173 album
565 4114 758 4182 innuit,
785 4129 849 4170 ac
875 4113 944 4170 de
976 4113 1136 4185 hujus
1163 4115 1300 4170 ritus
1325 4114 1701 4168 immutatione
1721 4127 1954 4184 conque-

358 4209 533 4265 ritur?

432 4300 668 4357 Alterius
698 4298 1005 4354 mutationis
1031 4297 1124 4353 ille
1149 4297 1370 4353 eosdem
1395 4297 1640 4353 ethnicos
1668 4297 1754 4352 his
1773 4297 1951 4354 verbis

346 4406 573 4451 accusat
601 4412 615 4447 :
652 4412 672 4446 ι
705 4391 840 4448 Cum
872 4391 1104 4448 Hornqu
1151 4391 1522 4462 Pompilioque
1558 4391 1909 4462 regnantibus
1933 4433 1948 4458 ,

354 4499 604 4559 percocta
637 4487 790 4556 plane
817 4497 881 4540 ac
908 4484 1122 4539 madida
1150 4494 1628 4539 concremarentur
1654 4485 1759 4539 diis
1781 4493 1903 4541 exta
1928 4526 1943 4550 ,
1973 4489 2029 4551 Β

355 4599 537 4642 nonne
560 4597 688 4655 rege
711 4583 812 4638 sub
848 4582 1045 4648 Tullio,
1077 4579 1377 4637 semicruda
1411 4566 1655 4650 cmpistis
1680 4591 1734 4636 et
1761 4582 1952 4636 leviter

357 4681 588 4734 animata
640 4677 950 4748 porricere?
987 4693 1005 4728 ι
1043 4676 1281 4746 (Arnob.,
1337 4673 1507 4736 lib.n.
1552 4691 1670 4746 pag.
1721 4674 1836 4747 9i.)
1884 4675 1954 4731 At

355 4772 539 4828 Livius
565 4778 686 4841 past
729 4769 1029 4838 descriptas
1057 4768 1324 4837 Scipionis
1353 4781 1541 4837 preces
1588 4767 1931 4823 continenter

356 4865 551 4935 adjecit
584 4879 598 4918 :
631 4883 651 4916 ι
704 4862 1006 4918 Secundum
1043 4875 1136 4917 eas
1159 4875 1346 4931 preces
1389 4861 1554 4916 cruda
1601 4869 1722 4915 exta
1745 4905 1759 4927 ,
1813 4865 1951 4916 caesa

349 4964 562 5020 victima
581 5004 595 5028 ,
625 4963 700 5017 uti
729 4976 846 5015 mos
866 5002 879 5022 .
911 4960 963 5013 in
992 4973 1140 5015 mare
1165 4958 1389 5030 porricit
1422 4978 1443 5012 ι
1472 4957 1636 5031 (Liv.,
1679 4957 1769 5013 lib.
1801 4973 1950 5026 xxix,

353 5073 469 5130 cap.
499 5054 617 5129 27).
669 5054 737 5110 Et
765 5052 1019 5125 Virgilius
1049 5069 1065 5106 :

1348 5143 1579 5209 Extaque
1603 5145 1756 5196 salsos

444 5212 719 5264 Porriciam
744 5212 796 5262 in
819 5211 1016 5261 ﬂuctus.

887 5289 1123 5359 (Vlrgil.,
1147 5287 1232 5342 lib.
1260 5305 1305 5342 tv
1329 5291 1547 5352 Eneti,
1573 5303 1700 5346 vers.
1729 5289 1862 5356 155.)

359 5399 490 5469 Quae
515 5398 732 5470 quidem
766 5397 888 5454 ideo
912 5405 1160 5452 notamus
1181 5437 1194 5463 ,
1231 5406 1342 5452 tum
1369 5396 1493 5466 quia
1521 5395 1591 5452 de
1620 5397 1959 5452 victimarum

359 5492 498 5549 eatis
515 5495 711 5564 agitur,
738 5500 793 5546 et
815 5499 1041 5559 uterque
1063 5490 1298 5560 scriptor
1324 5489 1491 5546 utitur
1515 5490 1684 5547 verbo
1713 5489 1966 5559 porricerc

367 5599 466 5658 pro
489 5585 809 5644 sacriﬁcare.
840 5585 1001 5642 Plura
1029 5595 1210 5640 autem
1229 5583 1300 5639 de
1324 5583 1429 5640 hoc
1444 5583 1612 5640 verbo
1640 5582 1962 5648 Macrobius,

361 5695 524 5753 quem
545 5680 726 5753 legere
744 5679 946 5754 poteris
959 5678 1244 5750 (Murcia,
1263 5677 1354 5737 lib.
1372 5695 1410 5736 ιι
1434 5677 1730 5748 Seturnal.,
1749 5695 1865 5748 cap.
1885 5676 1968 5750 2).

2063 389 2168 428 non
2199 386 2441 444 percocta
2460 415 2474 440 ,
2509 375 2582 429 uti
2609 375 2709 429 sub
2735 374 2966 430 Romulo
2987 385 3040 428 et
3061 374 3343 446 Pompilio,
3371 391 3470 431 nec
3494 379 3657 433 semi-

2061 466 2225 523 cruda
2246 508 2263 535 ,
2293 476 2349 521 ut
2371 466 2467 522 sub
2499 465 2672 524 Tullio
2691 511 2706 536 ,
2731 467 2827 524 sed
2853 468 3018 524 cruda
3057 467 3216 538 plane
3255 481 3500 541 porrecta
3545 472 3660 528 sive

2064 562 2357 617 sacriﬁcata
2388 560 2571 618 fuisse.

2137 654 2375 726 Denique
2411 654 2719 711 Arnobius:
2769 675 2788 709 ι
2825 658 2964 713 Ante
3009 655 3296 714 adventum
3349 657 3401 714 in
3451 659 3660 716 italiam

2063 745 2491 814 Herculis,'cnm
2519 763 2586 802 ex
2607 747 2886 815 Apollonis
2915 749 3117 803 monitu
3148 749 3282 819 patri
3318 749 3457 814 Diti,
3487 760 3542 806 et
3561 751 3660 807 Sa-

2065 848 2220 894 turno
2243 839 2491 896 bumanis
2517 838 2780 910 capitibus
2806 839 3193 911 supplicaretur
3212 881 3229 908 ,
3252 849 3306 897 et
3333 841 3475 897 hunc
3501 841 3658 896 simi-

2067 931 2182 986 liter
2204 931 2406 986 morem
2432 931 2616 987 fraude
2637 931 2906 996 callitiula,
2933 940 2986 986 et
3017 933 3292 986 nominum
3315 933 3662 1004 ambiguitate

2063 1026 2361 1082 mutastis»
2394 1025 2632 1097 (Arnob.,
2663 1024 2750 1079 lib.
2783 1041 2820 1093 ι,
2848 1041 2968 1096 pag.
2997 1024 3109 1097 91).
3135 1024 3322 1080 Totam
3352 1027 3489 1081 hanc
3517 1026 3663 1081 frau-

2064 1119 2184 1175 dem
2212 1121 2400 1190 retegit
2421 1122 2760 1190 explicatque
2785 1120 2868 1175 his
2894 1119 3192 1176 Macrobius
3221 1122 3400 1177 verbis
3425 1141 3438 1177 :
3472 1141 3490 1174 r
3527 1124 3660 1178 Cum

2063 1214 2156 1270 diu
2209 1215 2456 1271 humanis
2497 1215 2760 1285 capitibus
2803 1214 3010 1279 Ditem,
3043 1225 3097 1268 et
3134 1215 3371 1270 virorum
3427 1215 3663 1270 victimis

2064 1309 2352 1366 Saturnum
2377 1309 2592 1382 placare
2611 1325 2670 1366 se
2693 1308 3013 1377 crederent,
3043 1318 3266 1381 propter
3296 1309 3573 1366 oraculum
3605 1309 3665 1368 in

2064 1418 2170 1473 quo
2198 1414 2313 1458 erat
2348 1422 2361 1457 :

2191 1535 2262 1573 Καὶ
2277 1534 2437 1586 ante;
2457 1530 2521 1585 is,
2545 1521 2633 1586 (aI.
2653 1522 2836 1587 Κρονίδῃ)
2859 1535 2920 1574 ut
2941 1541 2993 1589 τᾳ
3009 1535 3126 1587 πατρὶ
3141 1537 3300 1586 πιμςιτι
3320 1542 3434 1588 seu.

2068 1625 2348 1682 Herculem
2379 1627 2556 1682 ierunt
2581 1637 2764 1698 postea
2803 1642 2925 1684 cum
2953 1628 3216 1701 Geryonis
3245 1644 3440 1700 pecore
3481 1629 3534 1683 in
3565 1627 3668 1685 Ita-

1566 1681 1574 1690 .
1828 1678 1841 1690 .
2582 1677 2764 1698 τν-η-
2808 1677 2925 1684 -----
2961 1677 3214 1701 η-,ν--η
3246 1677 3438 1700 ,ηπ-ν
3565 1677 3638 1685 η-

620 1679 1140 1793 °’€f’;_f’_’j‘ff‘
1673 1677 1957 1793 ξῗαξξέζ
1991 1685 2038 1745 Β
2065 1719 2190 1774 liam
2215 1722 2850 1789 revertentem,suasisse
2869 1721 3083 1777 illorum
3119 1723 3371 1793 posteris,
3395 1732 3454 1778 ut
3474 1722 3666 1779 faustis

2060 1813 2338 1868 sacriﬁciis
2368 1812 2600 1869 infausta
2643 1823 2946 1882 mutarent,
2977 1815 3270 1871 inferentes
3298 1815 3399 1870 Diti
3428 1831 3534 1871 non
3569 1816 3668 1872 ho—

2061 1907 2264 1960 minum
2292 1905 2483 1977 capita,
2503 1906 2596 1962 sed
2619 1907 2770 1962 ocilla
2792 1906 2859 1961 ad
2884 1907 3174 1962 humanam
3195 1906 3430 1979 efﬁgiem
3451 1919 3569 1965 arte
3589 1910 3669 1964 si-

2062 2001 2291 2066 mulata;
2317 2009 2508 2056 etaras
2533 1999 2813 2057 Saturnias
2834 2016 2942 2056 non
2964 2002 3250 2057 mactando
3267 2003 3435 2071 viros,
3453 2004 3548 2059 sed
3574 2018 3668 2060 ac-

2061 2095 2239 2147 censis
2265 2093 2557 2149 luminibus
2584 2093 2928 2158 excolentes;
2959 2093 3081 2164 quia
3112 2109 3220 2148 non
3249 2096 3421 2150 solum
3450 2097 3624 2150 virum
3645 2136 3666 2164 ,

2061 2187 2162 2243 sed
2187 2197 2241 2242 et
2262 2188 2461 2243 lumina
2493 2197 2633 2261 φῶτα
2669 2188 2969 2258 signiﬁcant
3005 2207 3025 2240 ι
3058 2187 3346 2261 (Macrob,
3399 2189 3488 2244 lib.
3517 2208 3534 2245 ι
3564 2191 3669 2247 Sa-

2063 2285 2411 2354 turnal.,cap.
2430 2283 2486 2351 2,
2507 2281 2795 2355 pag.207).
2820 2281 2974 2349 Quod
2999 2283 3093 2339 ille
3123 2299 3230 2340 non
3262 2285 3432 2341 semel
3464 2284 3668 2343 dixisse

2062 2385 2345 2430 contentus
2365 2416 2379 2440 ,
2403 2374 2458 2429 in
2479 2375 2670 2430 eodem
2696 2374 2873 2431 adhuc
2894 2376 3034 2439 libro
3062 2379 3259 2448 repetit
3284 2377 3481 2450 (Idem,
3511 2378 3636 2435 ibid.
3645 2419 3667 2448 ,

2062 2483 2178 2538 cap.
2214 2468 2300 2534 11,
2327 2483 2448 2538 pag.
2473 2464 2627 2538 225).

2133 2558 2331 2615 Verum
2348 2558 2680 2627 Lactantius,
2696 2560 2787 2630 qui
2816 2561 3119 2632 ambiguam
3143 2562 3300 2633 hujus
3323 2564 3471 2619 vocis
3501 2565 3669 2635 signi-

2066 2653 2368 2709 ﬁcationem
2400 2655 2604 2708 notavit
2631 2652 2919 2724 (Lactant.,
2950 2655 3040 2710 lib.
3068 2671 3121 2710 v1
3143 2657 3246 2711 diu.
3277 2653 3440 2722 Inst.,
3465 2673 3583 2728 cap.
3605 2658 3665 2725 2,

2065 2762 2187 2817 pag.
2219 2745 2378 2817 546),
2411 2745 2550 2801 hanc
2580 2746 2855 2801 historiam
2902 2748 3062 2816 paulo
3082 2747 3275 2816 aliter,
3307 2749 3668 2819 quemadmo-

2064 2837 2190 2893 dum
2222 2839 2511 2910 Dionysius
2557 2839 3030 2908 Halicarnasseus,
3080 2849 3320 2896 enarrat.
3368 2840 3452 2896 llii
3483 2842 3667 2914 enim,

2064 2930 2204 2986 sicut
2229 2930 2300 2986 ab
2323 2931 2514 2987 eodem
2545 2931 2820 2988 Lactantio
2871 2934 3066 2988 citatus
3094 2934 3316 2990 Ovidius
3351 2934 3521 2992 solius
3543 2936 3670 3006 qui-

2069 3026 2191 3080 dem
2222 3024 2439 3081 Saturni
2469 3025 2798 3081 mentionem
2847 3026 3082 3093 taciunt;
3113 3028 3208 3083 sed
3231 3028 3421 3083 eadem
3451 3043 3671 3100 semper

2061 3126 2169 3173 stat
2196 3119 2515 3173 inconcussa
2540 3116 2764 3173 Arnobii
2794 3121 3187 3189 argumentatio
3207 3161 3221 3184 ,
3242 3119 3493 3192 illiusque
3510 3123 3590 3177 vis
3609 3131 3669 3180 et

2059 3210 2266 3282 pondus
2285 3208 2526 3282 (Diongs.
2546 3209 2805 3276 Halicar.,
2824 3209 2916 3265 lib.
2934 3226 2949 3265 l
2965 3211 3136 3282 Antig.
3163 3211 3408 3280 Romam,
3430 3215 3666 3285 pag.30;

2056 3303 2229 3371 Lact.,
2262 3305 2350 3360 lib.
2373 3321 2414 3371 ι,
2439 3322 2554 3376 cap.
2584 3303 2676 3372 21,
2694 3322 2812 3377 pag.
2831 3307 2956 3373 Παίς
2982 3306 3269 3376 ονὶάηιὲὁ.
3294 3324 3324 3364 ν
3345 3306 3521 3376 Επεὶ..
3539 3325 3665 3381 pag.

2065 3399 2219 3472 642).

2127 3494 2260 3560 Quis
2286 3502 2465 3549 autem
2491 3509 2558 3550 ex
2602 3492 2862 3550 hactenus
2888 3494 3172 3567 disputatis
3209 3511 3317 3553 non
3337 3496 3484 3554 videt
3503 3515 3666 3571 quam

2056 3587 2257 3643 insulse
2286 3588 2486 3644 ethnici
2517 3589 2806 3645 novitatem
2838 3590 3136 3662 religionis,
3182 3600 3237 3647 et
3282 3593 3518 3665 antiquae
3547 3610 3667 3649 mu-

2059 3682 2312 3738 tationem
2364 3681 2673 3738 christianis
2701 3685 3181 3754 exprobraverint;
3224 3687 3663 3759 quandoquidem

2057 3776 2134 3830 illi
2161 3776 2262 3846 ipsi
2287 3784 2364 3830 tot
2387 3784 2761 3846 tantarumque
2784 3777 2838 3831 in
2859 3777 3020 3832 rebus
3041 3787 3097 3832 et
3119 3778 3371 3834 humanis
3390 3789 3444 3835 et
3465 3778 3663 3836 divinis

2055 3870 2406 3924 mutationum
2452 3870 2531 3924 rei
2559 3870 2920 3925 tenelranturi
2947 3870 3086 3940 Quin
3113 3870 3274 3926 etiam
3306 3880 3367 3926 ut
3396 3880 3544 3928 recte
3571 3888 3664 3926 ar-

2054 3969 2164 4037 guit
2187 3965 2572 4032 Tertullianus,
2598 3979 2800 4037 nosque
2822 3979 2920 4022 suo
2939 3964 3058 4020 loco
3081 3964 3488 4021 observabimus
3509 3964 3662 4036 (Ter-

2055 4059 2284 4126 tullian.,
2300 4059 2593 4130 Apologet.,
2617 4075 2736 4130 cap.
2762 4060 2816 4123 6,
2835 4057 3016 4129 pag.7;
3041 4055 3264 4112 Disserl.
3283 4058 3340 4113 iu
3361 4058 3495 4112 hunc
3515 4058 3658 4127 libr.,

2055 4170 2170 4222 cap.
2193 4155 2278 4221 l8,
2305 4153 2447 4207 art.l
2470 4161 2516 4207 et
2545 4153 2731 4222 θείη),
2757 4149 2964 4218 habitu,
2983 4149 3446 4220 victu,instt‘ttctu,
3470 4166 3658 4221 censu,

2055 4245 2282 4317 ipsoque
2308 4261 2562 4302 sermone
2591 4247 2834 4301 nuntium
2863 4247 3079 4316 proavis
3122 4248 3464 4314 remiserant,
3492 4249 3660 4304 mira-

2056 4357 2159 4412 que
2196 4341 2433 4408 levitate,
2472 4340 2759 4397 laudabant
2789 4341 3056 4413 maiorum
3107 4359 3332 4400 suorum
3377 4345 3656 4413 instituta,

2054 4457 2172 4512 qua:
2212 4439 2663 4511 aspernabantur,
2693 4456 2796 4496 nec
2834 4441 3068 4510 amplius
3098 4442 3484 4497 observabant.
3534 4441 3662 4498 Pari

2052 4539 2264 4605 qtioque
2291 4533 2448 4588 modo
2480 4534 2799 4589 Ambrosius
2822 4534 3095 4590 vibratum
3124 4551 3154 4590 a
3191 4537 3377 4602 gentili
3408 4537 3660 4608 Symma-

2054 4630 2156 4686 cho
2198 4630 2362 4685 telum
2395 4630 2446 4683 in
2478 4630 2650 4700 ipsum
2695 4630 2940 4700 aliosque
2965 4631 3195 4702 gentiles
3222 4629 3508 4702 retunditl
3528 4633 3655 4684 Am-

2054 4722 2216 4788 bros.,
2237 4722 2483 4792 cpistJS,
2509 4739 2626 4793 pag.
2657 4721 2761 4777 857
2792 4731 2838 4776 et
2868 4737 3033 4793 seqq.,
3066 4733 3187 4777 tam.
3219 4721 3313 4793 ιι).
3345 4721 3448 4778 Sed
3476 4723 3656 4779 Arno-

2053 4817 2170 4872 hius
2191 4827 2374 4875 uoster
2394 4817 2713 4874 insultantem
2738 4818 2951 4873 illorum
2976 4819 3321 4889 pertinaciam
3339 4819 3462 4874 aliis
3479 4819 3656 4876 adhuc

2052 4909 2350 4965 rationibus
2378 4909 2684 4979 comprimit
2711 4924 2775 4964 ac
2800 4917 3036 4966 coercet.
3067 4909 3202 4966 Eum
3243 4907 3458 4983 itaque,
3487 4912 3536 4969 si
3566 4911 3654 4969 lu-

2053 5003 2176 5073 bet,
2206 5005 2486 5062 audiamus
2511 5020 2576 5060 ac
2603 5005 3016 5076 subsequamur.
