3990 6072
309 257 413 316 451

331 375 340 384 ’
906 379 1198 424 sanemus
1237 381 1313 420 ιιι.

307 485 496 537 Eadem
516 482 823 531 ethnicorum
841 481 1203 541 argumentatio
1221 491 1282 529 eo
1299 477 1455 527 adhuc
1465 478 1759 541 inﬁrmatur,
1779 477 1912 541 quod

377 548 506 596 sicut
527 545 792 594 christiana
815 540 1006 604 ‘religio
1030 543 1296 591 novitatem
1316 575 1331 598 ,
1356 543 1423 590 ita
1449 540 1719 604 disciplina:
1737 580 1750 598 ,
1778 540 1912 590 artes

379 615 433 658 et
455 607 678 675 sci_enti:e
704 605 895 675 initium
921 603 1206 675 habuerint,
1234 611 1382 675 atque
1408 604 1686 675 aruspicina
1709 603 1910 675 quidem

375 679 487 732 post
507 669 714 734 Tagem,
740 668 822 717 ubi
856 666 922 734 de
955 667 1091 715 libris
1115 665 1482 734 Acherouticis,
1508 665 1768 734 astrologia
1796 677 1914 714 vero

374 725 488 796 post
511 725 742 796 Thiautim
772 737 824 778 et
847 727 1095 796 Atlantem
1113 768 1127 785 ,
1151 726 1265 796 coeli
1302 725 1551 796 titncinent
1572 734 1616 778 et
1638 725 1876 796 destinam
1898 765 1912 786 ,

377 789 499 844 item
523 792 639 856 quia
662 791 728 856 d_ii
754 793 914 852 geniti
947 799 1063 841 sunt
1079 793 1229 856 ,‘quia
1265 793 1465 852 antiqua
1489 789 1606 856 olim
1641 802 1762 839 nova
1800 789 1912 839 fue-

375 865 508 914 runt,
537 852 650 917 quia
676 853 1004 902 Romanorum
1033 852 1214 914 religio
1255 866 1352 917 non
1389 860 1501 900 ante
1541 853 1638 901 duo
1677 864 1914 917 annorum

374 913 697 975 millia,'sicut
721 917 988 966 christiana
1011 928 1108 964 non
1131 913 1245 965 ante
1269 913 1361 964 400
1386 927 1537 962 annos
1574 915 1768 963 exstitit
1789 951 1802 973 ,
1831 914 1916 963 ubi

377 981 443 1030 de
469 981 637 1040 primis
661 977 940 1040 Latinorum
963 978 1186 1040 regibus,
1213 978 1329 1040 quia
1352 977 1571 1040 denique
1594 975 1714 1026 nihil
1738 989 1916 1026 novum

374 1039 633 1092 christiani
654 1039 840 1090 colunt.

388 1170 632 1225 Etlinicis
680 1167 990 1223 christianze
1034 1166 1311 1239 religionis
1341 1166 1630 1222 novitatem
1682 1165 1918 1236 objicere

309 1277 586 1334 nunquam
637 1261 1003 1326 cessantibus,
1038 1269 1096 1315 ut
1127 1274 1223 1327 os,
1271 1260 1315 1315 si
1345 1259 1460 1315 ﬁeri
1491 1259 1694 1329 possit,
1741 1259 1916 1313 Arno-

309 1360 437 1416 hius
467 1359 678 1430 penitus
708 1355 1048 1421 occluderet,
1080 1355 1296 1425 planum
1328 1353 1504 1408 adhuc
1527 1352 1678 1417 facit,
1708 1351 1920 1407 etiamsi

310 1452 372 1509 id
399 1467 583 1507 verum
611 1458 775 1514 esset,
810 1447 945 1502 nihil
985 1447 1110 1502 inde
1143 1462 1240 1517 pro
1267 1446 1380 1512 eis,
1429 1456 1484 1500 et
1517 1453 1706 1500 contra
1749 1443 1920 1498 chris-

315 1545 516 1612 tianos,
549 1558 708 1614 posse
725 1557 956 1612 unquam
983 1540 1197 1597 conﬁci.
1225 1541 1362 1609 Quid
1393 1548 1478 1595 est
1510 1539 1678 1603 enim,
1706 1538 1780 1592 ait
1811 1537 1917 1604 ille,

309 1639 370 1695 iu
400 1639 650 1693 humanis
675 1637 901 1709 negotiis
920 1678 935 1702 ,
967 1636 1189 1700 artibus,
1217 1633 1538 1703 disciplinis,
1568 1641 1622 1688 et.
1643 1631 1882 1688 scientiis
1901 1671 1918 1696 ,

1505 245 1956 308 DISSERTATIO
1991 243 2268 303 PREVIA

1942 365 1992 424 Α
2016 377 2152 433 quos
2179 360 2373 416 Cicero
2402 358 2572 415 lihros
2603 356 2958 413 Etruscorum
2991 360 3168 420 vocat,
3210 353 3264 410 hi
3295 353 3407 411 sint
3430 353 3522 423 qui
3543 353 3613 407 ab

3507 233 3616 294 152

2017 453 2255 512 Arnobio
2293 452 2416 507 libri
2461 446 2808 506 Acberontici
2865 445 3026 518 paulo
3067 454 3194 500 ante
3242 445 3613 516 appellantur,

2015 564 2136 604 cum
2170 546 2344 603 dixit:
2385 565 2403 598 ‹
2433 543 2650 600 Etruria
2686 544 2740 598 in
2783 542 2938 598 libris
2980 538 3360 596 Acherunticis
3390 538 3616 609 pollice-

2016 649 2106 695 tur
2144 658 2164 693 ι
2219 637 2474 712 (Arnob.,
2509 636 2598 695 lib.
2633 653 2694 703 ιι,
2739 652 2860 708 pag.
2891 631 3016 704 87).
3061 632 3284 688 Servius
3327 632 3527 688 etenim
3565 631 3620 686 in

2017 733 2130 790 suis
2168 733 2219 786 in
2260 729 2509 786 eumdem
2547 727 2838 800 Virgilium
2879 725 3287 784 commentariis
3333 724 3353 795 (
3377 724 3524 780 Serv.
3572 723 3626 776 in

2018 827 2110 880 tib.
2159 840 2252 879 vin
2290 822 2536 888 1Eneid.,
2582 839 2704 894 pag.
2746 819 2922 892 511),
2977 819 3230 875 observat
3274 818 3474 890 Tagem
3515 813 3624 872 dici

2025 938 2044 969 ι
2067 918 2354 989 Aruspicin
2374 917 2540 972 libros
2567 925 2621 972 et
2651 929 2805 970 sacra
2823 913 3156 970 Acheruntia
3180 911 3571 982 composuisse.
3598 929 3617 963 ι

2018 1010 2224 1079 Quibus
2269 1025 2403 1066 sane
2427 1009 2610 1065 verbis
2641 1007 2740 1063 has
2776 1006 2938 1078 Tagis
2983 1005 3388 1062 lucubrationes
3431 1001 3623 1058 distin-

2019 1119 2186 1175 guere
2216 1103 2453 1160 videtur.
2491 1102 2561 1158 At
2589 1103 2704 1159 sive
2725 1101 2954 1167 eadem,
2987 1100 3103 1155 sive
3133 1097 3371 1155 diversa:
3404 1095 3624 1162 fuerint,

2021 1197 2126 1254 hac
2171 1198 2415 1270 profecto
2464 1196 2940 1253 animadversione
2984 1193 3169 1266 opinio
3217 1190 3445 1249 Arnobii
3493 1189 3626 1246 satis

2022 1293 2396 1350 conﬁrmatur.

2095 1386 2261 1442 Addit
2311 1386 2450 1442 ille:
2501 1405 2518 1439 ι
2561 1385 2790 1455 Quando
2845 1383 3085 1441 siderum
3122 1390 3302 1438 motus
3349 1388 3443 1436 aut
3488 1378 3628 1435 ratio

2026 1489 2203 1550 empta
2222 1488 2306 1536 est
2337 1478 2674 1551 genethliaca
2696 1477 2866 1534 sciri?
2905 1475 3022 1533 Non
3049 1483 3171 1546 post
3189 1473 3426 1530 Theutin
3462 1471 3633 1544 Egy-

2026 1574 2216 1644 ptium,
2249 1583 2342 1628 aut
2375 1582 2498 1644 post
2519 1573 2828 1640 Atlantem,
2862 1581 2918 1627 ut
2946 1570 3164 1642 quidam
3189 1568 3404 1634 ferunt,
3441 1578 3627 1639 gesta-

2030 1677 2222 1733 torem,
2248 1665 2509 1736 bajulum,
2537 1665 2809 1722 tibicinem
2831 1665 3006 1730 illum,
3039 1678 3103 1719 ac
3119 1661 3388 1718 destinam
3411 1661 3579 1717 caeli?
3605 1680 3624 1711 ι

311 1732 458 1833 Ἆυοά
480 1731 764 1833 ³¹ί2ξ¹³¹¹ί¹⁰
790 1731 998 1785 inium“
1021 1740 1314 1833 °'_‘“'“_q_“e_
1332 1741 1450 1833 “0".
1468 1725 1758 1833 Timeri}?
1780 1724 1920 1833 5"?"
1952 1764 2000 1823 Β
2029 1724 2270 1833 (Ανηοὸ.,
2289 1724 2380 1815 lib.
2406 1777 2464 1825 ιι,
2493 1724 2621 1833 pag.
2648 1759 2766 1831 92.)
2804 1761 2878 1814 De
2899 1724 3128 1828 utroque
3156 1756 3252 1811 illo
3273 1765 3326 1810 ct
3343 1754 3539 1811 'l'heuti
3573 1761 3631 1810 et

311 1827 514 1898 Tagem
543 1826 814 1881 Thuscum
842 1840 1034 1888 nemo,
1069 1821 1243 1893 inquit
1287 1819 1588 1886 Arnobius,
1616 1825 1708 1872 aut
1754 1831 1918 1871 nove-

311 1931 434 1986 rat,
461 1929 556 1976 aut
584 1935 746 1975 nosse
787 1918 1046 1982 curabat,
1081 1935 1099 1967 (
1133 1931 1197 1968 an
1230 1913 1512 1968 fulminum
1550 1911 1764 1967 casibus
1785 1953 1799 1976 ,
1827 1917 1920 1965 aut

312 2022 563 2069 extorum
615 2010 815 2080 aliquid
852 2009 1246 2080 signiﬁcaretur
1290 2006 1342 2060 in
1384 2005 1537 2060 venis
1575 2022 1593 2055 ι
1656 2001 1914 2073 (Arnob.,

311 2106 405 2160 lib.
433 2122 502 2171 tt,
530 2121 651 2176 pag.
677 2104 795 2175 92).
819 2102 993 2174 Tages
1013 2110 1220 2165 autem,
1240 2095 1398 2165 teste,
1430 2098 1591 2154 Festo
1620 2096 1822 2169 (Fest.,
1851 2097 1918 2151 ad

309 2200 451 2254 verb.
482 2197 720 2268 Taces).
750 2194 903 2252 Genii
931 2195 1073 2268 ﬁlius
1116 2203 1173 2250 et
1219 2192 1368 2248 Jovis
1398 2206 1586 2262 nepos,
1618 2189 1916 2254 dicebatur,

315 2291 413 2363 qui
451 2290 630 2345 adhuc
674 2303 828 2358 puer,
861 2284 1145 2342 duodecim
1201 2284 1429 2340 Etruriae
1457 2281 1670 2354 populis
1699 2280 1922 2336 dederat

313 2381 569 2453 aruspicii
618 2379 978 2450 disciplinam.
1007 2377 1084 2433 De
1110 2377 1204 2431 illo
1242 2375 1506 2446 siquidem
1543 2374 1660 2429 haec
1688 2373 1920 2444 posteris

312 2475 535 2533 tradidit
560 2473 750 2530 Cicero
782 2492 796 2529 :
835 2493 854 2524 ι
890 2473 1059 2544 Tages
1083 2471 1298 2542 quidam
1331 2470 1527 2525 dicitur
1552 2469 1604 2523 in
1633 2483 1762 2539 agro
1787 2467 1920 2524 Tar-

316 2568 610 2639 quiniensi,
641 2582 764 2622 cum
793 2575 934 2621 terra
962 2573 1229 2628 araretur,
1274 2571 1329 2618 et
1377 2561 1558 2617 sulcus
1584 2561 1744 2615 altius
1779 2568 1923 2615 esset

315 2660 650 2730 impressus,
682 2657 925 2714 extitisse
973 2662 1232 2724 repente,
1275 2662 1331 2709 et
1369 2668 1491 2708 eum
1526 2651 1720 2706 affatus
1764 2667 1920 2718 esse,

311 2757 409 2828 qui
439 2757 642 2813 arabat.
677 2755 728 2812 Is
753 2764 934 2811 autem
962 2755 1152 2824 Tages.
1185 2765 1243 2809 ut
1269 2754 1322 2808 in
1353 2753 1504 2808 libris
1536 2762 1620 2808 est
1644 2753 1873 2808 Etrusco
1899 2780 1925 2791 -

315 2865 462 2915 rum,
509 2849 701 2920 puerili
750 2849 932 2918 specie
983 2846 1178 2902 dicitur
1221 2845 1517 2912 visus,sed
1547 2845 1706 2900 senili
1758 2843 1926 2899 fuisse

313 2941 627 3014 prudentia.
661 2940 791 3011 Ejus
829 2949 1051 3012 aspectu
1092 2954 1213 2994 cum
1246 2939 1610 3009 obstupuisset
1637 2938 1920 3002 bubulcus,

316 3035 725 3104 clamoremque
760 3032 1186 3103 majorem-cum
1231 3031 1584 3087 admiratione
1629 3029 1920 3096 edidisset,

316 3141 643 3184 concursum
676 3141 800 3182 esse
844 3125 1077 3192 factum,
1106 3133 1380 3194 totamque
1410 3124 1558 3180 brevi
1579 3132 1823 3193 tempore
1868 3121 1922 3176 in

316 3235 444 3276 eum
489 3219 668 3274 locum
714 3218 982 3274 Etruriam
1008 3219 1354 3273 convenisse.
1385 3217 1519 3271 Tum
1559 3216 1711 3271 illum
1764 3215 1925 3286 plane

310 3311 592 3376 locutum,
623 3311 810 3366 multis
857 3310 1232 3377 audientibus,
1263 3309 1353 3379 qui
1396 3309 1577 3366 omnia
1615 3311 1731 3380 ejus
1761 3308 1924 3365 verba

312 3403 674 3475 exceperint,
732 3403 1036 3474 litterisque
1085 3401 1458 3458 mandaverint
1499 3421 1512 3456 :
1569 3417 1782 3458 omnem
1827 3417 1926 3457 au-

312 3505 426 3553 tem
477 3495 782 3551 orationem
829 3494 999 3552 fuisse
1038 3511 1188 3561 eam,
1232 3511 1338 3566 qua
1387 3495 1709 3562 aruspicina:
1753 3494 1922 3550 disci-

320 3590 468 3662 plina
495 3588 898 3655 contineretur;
921 3604 1039 3644 eam
1095 3598 1279 3658 postea
1309 3587 1543 3644 crevisse
1569 3587 1731 3642 rebus
1775 3587 1927 3642 novis

320 3679 730 3753 cognoscendis,
758 3688 812 3735 et
838 3679 904 3736 ad
947 3679 1136 3736 eadem
1157 3679 1245 3734 illa
1277 3679 1539 3750 principia
1566 3679 1866 3736 referendis
1901 3701 1921 3733 ι

326 3771 546 3844 (Cicer.,
565 3771 653 3826 lib.
670 3788 708 3827 ιι
729 3771 792 3825 de
812 3770 1014 3839 Divin.,
1031 3788 1149 3843 pag.
1170 3771 1277 3828 285
1299 3782 1345 3827 et
1367 3769 1552 3844 seqq.)
1569 3772 1699 3841 Quae
1713 3772 1926 3845 quidem

323 3862 549 3920 Ovidius
576 3862 662 3918 his
687 3863 887 3920 cecinit
909 3863 1156 3920 versibus
1188 3883 1201 3919 :

1076 3978 1366 4043 Tyrrhenus
1386 3985 1546 4032 arator

422 4040 642 4091 Fatalem
666 4041 865 4103 glebam
889 4042 1076 4105 mediis
1089 4040 1287 4105 aspexit
1309 4044 1358 4092 in
1382 4045 1528 4103 arvis,

423 4105 613 4170 Sponte
635 4117 720 4153 sua
744 4106 981 4170 primum,
999 4104 1233 4166 nulloque
1258 4106 1496 4168 agitante,
1510 4110 1738 4168 amoveri;

423 4168 638 4230 Sumere
663 4180 774 4216 mox
801 4167 1031 4225 hominis,
1060 4167 1310 4230 terraeque
1336 4170 1568 4230 amittere
1592 4171 1812 4230 formam,

427 4228 627 4291 Oraque
651 4230 876 4279 venturis
898 4236 1096 4288 aperire
1120 4228 1341 4279 recentia
1365 4229 1492 4280 fatis.

426 4291 682 4355 indigena:
702 4291 880 4340 dixere
902 4291 1090 4353 Tagen.
1116 4294 1199 4355 qui
1226 4294 1409 4355 primus
1428 4294 1680 4344 Etruscam

431 4352 638 4402 Edocuit
659 4361 864 4416 gentem
887 4352 1028 4403 casus
1050 4352 1247 4416 aperire
1269 4354 1474 4406 futuros.

615 4434 800 4497 (Ovid,
825 4436 906 4488 tib.
933 4451 997 4487 xv
1023 4437 1361 4504 Metttmorplu,
1384 4453 1508 4492 vers.
1531 4443 1626 4494 555
1645 4450 1692 4495 et
1709 4445 1866 4510 seqq.)

331 4545 583 4604 Lucanus
615 4558 745 4600 vero
775 4559 789 4597 :

1182 4658 1243 4708 Di
1265 4661 1367 4725 visa
1390 4663 1681 4725 secundent,

431 4723 492 4774 Et
515 4723 650 4774 ﬁbris
672 4723 738 4772 sit
758 4721 891 4772 nulla
912 4721 1053 4781 ﬁdes,
1079 4723 1170 4771 sed
1193 4724 1417 4773 conditor
1441 4725 1577 4776 artis.

429 4785 658 4849 Finxerit
682 4787 771 4835 ista
795 4783 975 4849 Tages,
1001 4785 1131 4833 ﬂexa
1155 4785 1226 4834 sic
1248 4787 1410 4837 omnia
1431 4787 1670 4849 Thuscus,

427 4847 705 4909 Involvens,
725 4846 977 4910 multaque
1001 4853 1186 4910 tegens
1210 4850 1418 4911 ambage
1443 4846 1668 4901 canebat.

989 4935 1146 4998 (Lua,
1175 4933 1262 4986 lib.
1288 4949 1324 4996 1,
1353 4949 1476 4988 vers.
1501 4938 1596 4990 635
1616 4946 1662 4990 et
1681 4942 1838 5009 seqq.)

333 5041 557 5098 Servius
601 5056 735 5097 vero
783 5041 893 5098 suis
936 5042 990 5097 in
1051 5041 1329 5113 Virgilium
1377 5045 1932 5106 animadversionibus

336 5134 538 5208 (Serv.,
570 5135 625 5187 in
653 5134 742 5188 lib.
762 5150 799 5188 ιι
847 5133 1091 5202 Eneid.,
1136 5151 1256 5206 pag.
1286 5135 1414 5208 259)
1464 5139 1654 5209 probat
1696 5139 1782 5196 his
1826 5141 1934 5196 Lu-

336 5227 492 5282 cretii
519 5223 764 5281 versibus
790 5227 1146 5295 aruspicinam
1177 5242 1205 5281 a
1233 5225 1378 5298 Tage
1414 5229 1465 5283 in
1506 5230 1717 5286 Etruria
1749 5247 1933 5302 reper-

334 5327 472 5374 tam.
503 5317 668 5373 Vides
697 5316 875 5386 itaque
902 5317 1097 5389 Tagem
1129 5318 1302 5386 illum,
1333 5337 1492 5391 quem
1525 5325 1767 5381 nonnulli
1803 5325 1931 5382 obs-

334 5426 528 5467 curum
571 5409 769 5476 virum,
816 5409 905 5464 alii
952 5422 1220 5469 aratorem
1278 5414 1442 5471 fuisse
1494 5417 1740 5485 tradunt,
1792 5418 1933 5474 haud

338 5501 614 5559 immerito
651 5500 756 5557 dici
800 5503 1139 5570 aruSpicinae,
1173 5505 1240 5561 de
1267 5522 1370 5576 qua
1399 5523 1496 5562 nos
1538 5509 1662 5564 alibi
1696 5509 1713 5581 (
1743 5508 1891 5568 Tom.
1914 5528 1934 5568 1

341 5597 621 5667 Apparat,
643 5594 815 5662 litht,
838 5595 1040 5653 dissert.
1063 5597 1119 5662 2,
1137 5614 1253 5670 cap.
1276 5599 1370 5667 21,
1388 5611 1488 5656 art.
1518 5603 1572 5671 1,
1596 5620 1717 5676 pag.
1746 5602 1930 5676 1187),

341 5687 397 5742 in
430 5688 640 5744 Etruria
669 5689 1021 5745 inventorem.

337 5838 351 5848 ,
411 5781 484 5839 At
521 5781 740 5856 quidam
785 5783 1019 5843 fortasse
1064 5800 1093 5841 a
1124 5785 1298 5861 :nobis
1342 5789 1708 5850 sciscitabitur
1752 5802 1933 5851 utrum

2025 1856 2243 1910 Atlante
2262 1855 2390 1910 alibi
2413 1855 2768 1910 disseruimus
2802 1853 2966 1926 (tam.
2995 1868 3012 1907 ι
3039 1852 3319 1923 Apparet,
3351 1867 3473 1922 pag.
3498 1848 3626 1916 545,

2026 1949 2160 2003 1151
2199 1957 2255 2003 et
2299 1945 2501 2019 1188).
2553 1947 2630 2003 lbi
2675 1957 2854 2002 autem
2903 1944 3384 2000 animadvertimus
3430 1941 3630 2013 prioris

2023 2041 2287 2108 scientize,
2316 2057 2415 2097 seu
2456 2041 2688 2096 siderum
2714 2049 2902 2105 motus,
2934 2038 3306 2095 inventionem
3343 2052 3374 2091 a
3405 2035 3628 2108 quibus-

2025 2133 2149 2190 dam
2181 2135 2384 2190 Atlanti
2400 2177 2416 2200 ,
2445 2134 2800 2207 genethliacte
2828 2148 2959 2190 vero
2980 2132 3229 2199 rationis,
3251 2147 3347 2188 seu
3370 2130 3629 2187 natalium

2025 2228 2257 2297 dierum,
2290 2228 2517 2300 primam
2545 2227 2983 2285 observationem
3013 2226 3134 2282 aliis
3160 2225 3383 2282 ascribi.

2099 2321 2442 2393 Quapropter
2486 2322 2540 2378 id
2586 2332 2794 2377 tantum
2837 2320 3216 2377 annotabimus
3264 2319 3349 2375 his
3394 2326 3627 2391 quatuor

2027 2414 2304 2486 epithetis,
2337 2424 2666 2486 gestatorem,
2692 2415 2945 2482 baiulum,
2981 2413 3256 2481 tibicinem,
3285 2429 3346 2467 ac
3375 2411 3631 2467 destinam

2027 2509 2178 2573 caeli,
2226 2523 2390 2564 unum
2437 2507 2597 2578 plane
2634 2517 2691 2564 et
2731 2507 2874 2563 idem
2905 2507 2973 2563 ab
3027 2504 3267 2562 Arnobio
3306 2504 3627 2576 signiﬁcari.

2029 2599 2251 2656 Tibicen
2285 2599 2490 2656 etenim
2511 2641 2525 2665 ,
2557 2609 2698 2656 teste
2724 2599 2894 2655 Paulo
2923 2598 3120 2672 (Apud
3155 2596 3298 2652 Fest.
3333 2598 3402 2652 ad
3426 2596 3634 2652 verbum

2028 2693 2300 2750 TIBICINES
2329 2694 2386 2766 ),
2433 2695 2666 2749 sumitur
2702 2693 2993 2766 aliquando
3034 2707 3131 2764 pro
3175 2691 3488 2757 coiumiue,
3537 2697 3636 2745 aut

2028 2788 2418 2854 sustentaculo,
2448 2803 2558 2860 quo
2577 2787 2865 2844 aediﬁcium
2895 2786 3144 2857 aliquod,
3168 2793 3263 2840 aut
3285 2785 3509 2849 domus.
3540 2791 3638 2838 aut

2027 2883 2175 2939 aliud
2205 2882 2411 2954 aliquid
2455 2883 2694 2940 fulcitur.
2744 2882 2817 2938 Et
2854 2893 3006 2939 certe
3053 2897 3120 2938 eo
3157 2895 3322 2938 sensu
3357 2879 3638 2937 Juvenalis

2029 2976 2166 3033 dixit
2191 2993 2204 3030 :

2124 3088 2224 3139 Nos
2244 3089 2422 3140 urbem
2443 3088 2670 3153 colimus,
2691 3090 2832 3141 tenui
2856 3088 3065 3153 tibicine
3085 3087 3276 3153 fultam.

2966 3149 3148 3216 (Satir.
3172 3154 3222 3212 5,
3250 3166 3378 3205 vers.
3403 3151 3537 3214 295.)

2032 3261 2255 3318 Ovidius
2280 3279 2497 3335 quoque
2541 3282 2556 3318 :

2123 3376 2241 3428 Haec
2261 3377 2405 3428 modo
2429 3377 2662 3429 verrebat
2683 3381 2896 3429 stantem
2918 3378 3124 3428 tibicine
3145 3378 3329 3427 villam.

2669 3437 2860 3504 (Ovid,
2887 3436 2972 3490 lib.
3001 3455 3067 3501 ιν,
3090 3441 3246 3504 Fast.,
3269 3452 3382 3506 pag.
3409 3437 3544 3504 598.)

2032 3545 2237 3604 Eadem
2267 3546 2668 3619 signiﬁcatione
2697 3561 2898 3602 nomen
2925 3545 3127 3601 destina
3157 3561 3188 3600 a
3215 3544 3454 3617 Corippo
3481 3543 3630 3602 Afri-

2032 3658 2169 3700 cano
2202 3645 2463 3715 accipitur
2488 3644 2592 3700 hoc
2620 3644 2676 3700 in
2706 3643 2988 3700 carmine:

2124 3757 2188 3808 Et
2207 3757 2418 3808 Thomas
2441 3756 2637 3808 vaicte
2658 3758 2876 3807 nutantis
2896 3756 3087 3807 destina
3111 3763 3278 3807 terrae.

2497 3820 2686 3885 Corip.,
2713 3817 2798 3869 tib.
2825 3833 2843 3870 ι
2867 3817 2928 3871 de
2954 3816 3159 3870 Laudib.
3186 3824 3310 3870 Just.
3339 3818 3544 3885 Imper.)

2034 3923 2290 3980 Nonnulli
2319 3939 2450 3980 vero
2478 3939 2600 3980 eam
2634 3924 2687 3978 in
2716 3939 2831 3979 rem
2863 3923 3036 3980 citant
3074 3924 3191 3979 haec
3221 3923 3411 3979 Isidori
3443 3922 3636 3995 Hispa~

2035 4016 2204 4072 lensis
2250 4015 2461 4072 verba:
2526 4036 2545 4068 ‹
2583 4015 2760 4071 Ruina
2806 4015 3063 4072 adulterii
3111 4015 3380 4088 excipitur
3423 4015 3640 4073 destina

2035 4109 2369 4166 matrimonii
2416 4130 2436 4161 ι
2492 4108 2767 4180 (Isidor.,
2810 4109 2903 4164 lib.
2950 4126 2988 4164 ιι
3039 4109 3318 4177 Sentent.,
3374 4125 3493 4180 cap.
3539 4110 3645 4178 40,

2037 4221 2158 4274 pag.
2191 4201 2358 4275 449).
2392 4201 2500 4259 Sed
2525 4203 2580 4257 in
2603 4202 2767 4258 editis
2791 4201 3010 4274 legitur,
3039 4202 3416 4258 destinatione:
3451 4205 3506 4258 in
3527 4202 3648 4274 qui-

2036 4296 2264 4352 busdam
2308 4311 2437 4351 vero
2479 4296 2866 4368 manuscriptis
2907 4295 3188 4352 codicibus
3232 4296 3554 4363 conditione,
3587 4296 3646 4352 in

2035 4389 2158 4446 aliis
2187 4389 2423 4444 doctrina
2449 4390 2707 4460 scriptum
2734 4398 2837 4446 est.
2877 4389 3246 4456 Quamobrem
3275 4391 3421 4448 hunc
3447 4391 3642 4448 Isidori

2037 4485 2215 4543 locum
2247 4485 2410 4552 ultra,
2438 4499 2600 4556 quam
2626 4500 2726 4556 par
2745 4493 2852 4552 est,
2876 4485 3178 4556 urgendum
3197 4500 3305 4540 non
3336 4499 3645 4543 censemus.

1884 4651 1889 4666 VA
1960 4573 2014 4632 D
2110 4582 2308 4638 Verum
2337 4581 2611 4636 Arnobius
2633 4580 2751 4636 haec
2779 4597 2943 4649 parva
2968 4597 3091 4638 esse
3111 4581 3334 4646 fatetur,
3366 4597 3431 4638 ac
3456 4595 3644 4640 contra

2037 4675 2288 4731 ethnicos
2316 4672 2476 4745 longe
2501 4673 2751 4745 graviora
2782 4682 2958 4745 urget.
2987 4673 3121 4730 Nam
3153 4690 3291 4746 quos
3314 4675 3648 4734 immortales

2037 4767 2170 4824 deos
2205 4764 2407 4822 ethnici
2457 4764 2828 4836 prmdicabant
2875 4766 3133 4838 (Amob.,
3186 4767 3274 4822 lib.
3308 4785 3379 4836 ιι,
3407 4785 3530 4841 pag.
3575 4767 3646 4825 92

2041 4869 2088 4915 et
2115 4858 2235 4929 95),
2253 4859 2443 4914 Jovem
2468 4859 2775 4929 fratresque
2795 4858 2936 4928 ejus,
2969 4875 3034 4916 ac
3053 4859 3346 4928 Junonem,
3367 4861 3644 4929 Liberum,

2041 4951 2330 5017 Venerem,
2353 4950 2596 5014 Dianam,
2621 4949 2939 5017 Minervam,
2959 4951 3291 5022 Apollinem,
3309 4961 3471 5023 atque
3487 4953 3647 5021 alios,

2036 5045 2140 5102 hos
2168 5054 2348 5102 tamen
2377 5059 2566 5100 omnes
2595 5043 2886 5115 aliquando
2910 5046 3166 5114 cmpisse,
3195 5055 3357 5118 atque
3394 5049 3464 5103 ab
3499 5047 3646 5114 aliis,

2040 5149 2101 5195 ut
2140 5140 2278 5195 infra
2307 5139 2519 5194 dicetur
2550 5137 2756 5212 (Infra,
2789 5155 2907 5209 cap.
2932 5140 2986 5204 9,
3017 5151 3117 5194 art.
3150 5140 3185 5194 5
3209 5150 3256 5195 et
3282 5158 3423 5213 seqq.
3449 5141 3491 5213 ),
3526 5157 3649 5212 pro-

2037 5243 2256 5287 creatos
2275 5230 2442 5287 fuisse
2465 5230 2794 5287 fatebantur.
2828 5232 2968 5300 Quid
2999 5248 3128 5304 ergo
3157 5237 3326 5305 magis
3349 5234 3647 5291 absurdum

2041 5333 2098 5380 et
2124 5324 2394 5394 iniquum,
2427 5339 2588 5395 quam
2619 5323 2675 5380 in
2700 5323 3014 5380 christianis
3046 5327 3338 5383 novitatem
3369 5328 3650 5400 religionis

2039 5415 2110 5470 ab
2136 5415 2203 5471 iis
2234 5414 2592 5486 reprehendi,
2637 5418 2728 5488 qui
2779 5416 2925 5472 illam
2969 5418 3304 5490 cogebantur
3343 5419 3398 5474 in
3448 5419 3648 5491 seipsis

2040 5525 2340 5581 agnoscere
2365 5525 2429 5566 ac
2457 5510 2754 5565 conﬁteri?

2113 5608 2184 5660 At
2209 5604 2479 5660 instabant
2503 5604 2704 5662 ethnici
2727 5605 3159 5677 antiquissimam
3182 5621 3304 5663 esse
3325 5605 3646 5677 religionem

2037 5713 2218 5763 suam,
2267 5697 2688 5754 christianorum
2719 5714 2850 5755 vero
2881 5714 3075 5756 novam
3110 5715 3174 5756 ac
3208 5705 3504 5756 recentem.
3540 5698 3648 5756 Sed

2037 5792 2152 5854 illis
2170 5790 2388 5863 reponit
2407 5790 2686 5853 Arnobius
2707 5791 2843 5852 nihil
2863 5793 2971 5854 hoc
2989 5802 3311 5870 argmenta
3329 5806 3455 5853 esse
3469 5791 3651 5853 levius
