3990 6072
877 82 994 97 -α-τνυ-

373 190 480 247 435

1623 183 1688 239 lN
1729 181 2100 254 ARNOBIUM,
2140 186 2291 243 CAP.
2335 187 2420 244 Vl.

3558 194 3664 249 454

372 321 427 366 et
453 309 774 366 imbecillius
802 308 1049 380 (Arnob.,
1090 309 1180 364 lib.
1211 323 1268 374 ιι,
1303 322 1422 379 pag.
1462 305 1540 374 .95
1566 316 1620 362 et
1649 305 1775 380 94).
1807 305 1962 376 Quod
1990 307 2042 367 A
2066 307 2658 384 christianzereligionis
2673 305 2963 368 novitatem
2978 309 3458 382 possejurealiquo
3473 324 3668 382 expro-

375 409 518 463 enim
537 412 698 476 agunt
713 402 1011 469 christiani,
1037 403 1080 458 si
1106 400 1302 457 novum
1325 410 1428 467 est,
1457 409 1610 457 vetus
1632 400 1754 466 lict;
1780 417 1965 473 quem-

375 498 696 564 admodum,
745 497 888 569 quod
948 505 1102 551 vetus
1153 503 1237 550 est
1281 493 1544 561 ethnicis,
1592 509 1789 550 novum
1833 495 1962 550 olim

375 594 565 650 fuerat.
599 591 738 660 Quid
783 606 947 657 vero,
986 588 1128 661 quod
1157 588 1346 660 religio
1383 602 1490 642 non
1534 597 1812 657 tempore,
1858 604 1965 659 quo

368 686 559 756 coepit,
585 684 680 739 sed
714 685 820 739 Deo
846 683 984 754 ipso,
1013 696 1171 754 quem
1204 689 1511 749 veneratur,
1543 679 1857 736 aestimanda
1883 690 1967 737 est

374 776 574 850 (Ibid.,
609 794 730 848 pag.
761 775 865 846 94)
886 776 910 830 ?

446 871 563 927 Non
599 870 846 927 audiendi
879 870 1038 941 igitur
1068 870 1300 941 amplius
1326 867 1527 925 ethnici
1556 883 1773 924 rursum
1812 867 1963 924 voci-

376 962 612 1019 ferantes
642 973 767 1018 ante
815 961 920 1017 100
968 977 1144 1017 annos
1175 961 1374 1016 nullam
1421 960 1586 1017 fuisse
1615 961 1963 1016 christianum

375 1057 790 1130 professionem.
822 1055 938 1113 Jam
965 1057 1107 1112 enim
1134 1055 1261 1111 illud
1281 1071 1352 1111 ex
1378 1057 1535 1111 dictis
1556 1056 1796 1112 funditus
1815 1071 1966 1112 ever-

377 1165 496 1206 sum
517 1165 639 1206 esse
663 1150 783 1221 quis
812 1165 915 1204 non
938 1149 1120 1205 videat
1140 1150 1163 1203 ?
1183 1149 1545 1217 Quamobrem
1572 1158 1759 1206 auctor
1782 1159 1968 1206 noster

377 1258 444 1298 ex
474 1242 766 1298 abundanti
798 1250 1004 1296 tantum
1038 1241 1331 1312 respondet
1355 1249 1482 1296 ante
1511 1241 1678 1296 millia
1715 1258 1967 1296 annorum

377 1336 499 1402 duo,
524 1335 597 1390 uti
620 1334 847 1406 probatu
872 1332 1164 1390 facilimum
1187 1342 1322 1403 erat,
1354 1333 1530 1390 nullos
1550 1349 1774 1406 prorsus
1803 1334 1969 1390 fuisse

377 1427 688 1484 corumdem
740 1426 1015 1500 gentilium
1058 1427 1458 1496 Romanorum,
1504 1442 1600 1484 seu
1650 1427 1965 1484 Latinorum

377 1523 528 1578 deos.

2067 400 2232 458 brari.

2141 497 2277 566 Quid
2319 513 2485 567 vero,
2534 503 2677 570 quod
2721 501 2952 556 maxima
2994 500 3331 556 ethnicorum
3380 501 3666 574 mysteria,

2072 590 2243 660 pergit
2280 591 2552 646 Arnobius
2582 591 2842 664 (Arnob.,
2873 593 2960 646 lib.
2997 609 3055 657 ll,
3082 610 3205 664 pag.
3238 591 3370 664 95),
3417 593 3469 648 in
3501 593 3668 648 Sera-

2069 681 2233 752 pidis,
2265 683 2442 750 Isidis,
2474 683 2659 739 Matris
2688 683 2870 750 deum,
2914 685 3255 756 aliorumque
3291 685 3553 740 honorem
3581 699 3674 739 ce-

2073 773 2268 830 lebrari
2305 775 2496 844 solita,
2543 776 2611 832 de
2655 777 2851 847 quibus
2898 791 2997 832 nos
3035 778 3160 832 alibi
3205 780 3412 848 egimus
3459 777 3619 848 (tom.
3653 795 3676 833 ι

2071 869 2349 939 Apparat.,
2369 886 2490 941 pag.
2519 868 2621 923 758
2646 879 2696 923 et
2718 885 2848 941 seq.,
2871 868 3084 925 Dissert.
3109 871 3164 924 in
3188 869 3414 934 Minuta,
3435 887 3549 938 cap.
3578 871 3674 936 17,

2072 974 2172 1018 art.
2195 965 2246 1031 1,
2268 974 2316 1019 el
2343 982 2459 1037 cap.
2482 963 2574 1029 20,
2599 975 2698 1017 art.
2721 965 2746 1016 1
2779 974 2824 1017 et
2843 964 2925 1034 2),
2948 972 3002 1018 et
3023 963 3158 1018 infra
3181 963 3357 1018 adhuc
3377 963 3672 1034 agendum,

2071 1071 2256 1111 eorum
2297 1056 2400 1112 diis
2446 1057 2604 1128 longe
2633 1057 2936 1112 recentoria
2978 1065 3124 1111 sunt.
3170 1055 3251 1110 Ab
3297 1055 3492 1112 iisdem
3537 1069 3672 1125 ergo

2072 1147 2321 1218 ethnicis,
2347 1149 2391 1203 si
2420 1148 2531 1204 suis
2558 1149 2832 1218 principiis
2856 1155 3001 1203 stare
3027 1147 3344 1215 voluissent,
3391 1161 3671 1218 nunquam

2069 1240 2299 1310 admitti,
2332 1252 2388 1297 et
2413 1256 2626 1312 semper
2654 1242 2806 1312 rejici
2835 1240 3126 1296 debebant.

2140 1337 2211 1390 At
2233 1335 2426 1391 saltem
2447 1351 2515 1390 ex
2544 1335 2842 1402 concessis,
2876 1334 3196 1405 inquiebant
3224 1333 3478 1404 gentiles,
3511 1348 3673 1403 aper-

2069 1429 2272 1486 tissime
2301 1429 2569 1500 colligitur
2587 1429 2810 1484 deorum
2834 1439 3144 1484 nostrorum
3187 1427 3502 1498 religionem
3523 1427 3673 1483 chri-

2067 1525 2239 1580 stiana
2259 1539 2380 1580 esse
2403 1523 2560 1594 longe
2579 1522 2960 1593 antiquiorem,
2980 1531 3142 1590 atque
3159 1520 3361 1576 idcirco
3378 1522 3668 1576 veriorem.

449 1617 714 1672 Saturnus
743 1616 889 1673 enim
934 1614 1069 1674 Coeli
1094 1627 1148 1673 et
1177 1616 1392 1672 Hecata:
1437 1615 1607 1685 lilius,
1639 1615 1827 1671 Jovem
1850 1656 1865 1681 ,
1903 1631 1968 1672 ac
1998 1643 2046 1703 Β
2071 1617 2242 1689 Negat
2271 1618 2449 1687 primo
2475 1617 2916 1688 consequentiam
2947 1615 3237 1671 Arnobius.
3271 1612 3487 1670 Sufﬁcit
3521 1615 3671 1672 enim

379 1711 583 1778 Picum,
603 1710 761 1767 Picus
775 1710 1040 1774 Faunum,
1060 1710 1278 1767 Faunus
1298 1710 1546 1767 Latinum
1568 1712 1753 1782 genuit
1770 1710 1964 1783 (ibid.).

376 1805 546 1874 Quam
576 1814 755 1861 autem
785 1804 838 1860 id
867 1821 1055 1861 verum
1085 1805 1154 1860 sit
1176 1821 1241 1860 ex
1267 1805 1428 1860 variis
1452 1804 1825 1874 scriptoribus,
1858 1805 1970 1862 his-

379 1913 483 1970 que
511 1898 848 1970 potissimum
881 1897 1084 1969 Virgilii
1109 1897 1434 1954 carminibus
1461 1897 1729 1968 colligitur
1762 1916 1774 1951 :

993 2035 1102 2087 Rex
1127 2049 1242 2087 arva
1266 2037 1486 2094 Latinus,
1512 2042 1565 2085 et
1585 2037 1740 2085 nrbes

477 2100 582 2149 Jam
607 2102 770 2163 senior
793 2099 939 2161 longa
966 2100 1176 2163 placidas
1193 2100 1240 2148 in
1269 2114 1398 2163 pace_
1412 2099 1641 2161 regebat.

469 2163 608 2213 Hunc
632 2160 1110 2226 Faunoet'Nympha
1133 2160 1357 2224 genitum
1381 2160 1628 2211 Laurente
1653 2160 1832 2210 Marica

468 2227 761 2288 Accipimus,
788 2225 957 2277 Fauno
981 2226 1126 2275 Picus
1150 2233 1306 2288 pater.
1329 2226 1473 2288 isque
1497 2232 1751 2286 parentem

472 2290 562 2350 'l‘e,
587 2287 818 2350 Saturne,
836 2288 1025 2339 refert:
1049 2295 1102 2338 tu
1125 2287 1378 2351 sanguinis
1402 2287 1601 2337 ultimus
1623 2292 1810 2336 auctor.

775 2393 1003 2462 (Virgil.,
1026 2390 1112 2445 lib.
1130 2408 1209 2454 vu,
1233 2390 1450 2452 Aineid.,
1478 2403 1601 2441 vers.
1628 2389 1691 2440 45
1710 2395 1757 2440 et
1776 2389 1901 2456 seq.)

379 2527 541 2600 Atqui
562 2526 649 2582 his
680 2524 850 2582 tribus
875 2523 1007 2579 viris
1035 2523 1185 2589 Pico,
1223 2521 1412 2576 Fauno
1438 2527 1493 2575 et
1519 2518 1732 2584 Latino,
1764 2516 1844 2571 uti
1875 2531 1966 2572 ar-

375 2628 489 2699 guit
529 2625 828 2693 Arnobius,
883 2638 990 2678 non
1039 2622 1278 2693 longius,
1324 2635 1482 2692 quam
1515 2617 1622 2674 560
1669 2631 1965 2685 annorum,

373 2722 607 2793 Spatium
639 2718 900 2790 temporis
925 2727 979 2773 et
1005 2716 1129 2772 vitae
1163 2714 1388 2771 concedi
1416 2721 1610 2784 potest.
1653 2711 1840 2766 Nullus
1866 2726 1965 2765 au-

377 2826 484 2870 tem
516 2812 794 2869 dubitandi
826 2812 974 2867 locus
1013 2819 1135 2873 est;
1169 2809 1296 2878 quin
1336 2808 1426 2862 ille
1465 2807 1627 2869 ultra,
1677 2820 1836 2874 quam
1870 2819 1967 2860 ne-

375 2922 529 2963 cesse
555 2915 704 2971 erat,
756 2920 825 2961 ne
855 2903 982 2976 quid
1026 2902 1226 2958 ethnici
1271 2901 1480 2957 hiscere
1526 2900 1820 2965 auderent,
1863 2897 1967 2952 hoc

375 3001 634 3071 temporis
678 2997 1019 3054 intervallum
1079 2994 1411 3065 produxerit.
1474 2991 1606 3048 Nam
1649 2993 1703 3046 in
1748 2988 1966 3045 Eusebii

374 3094 634 3151 chronico
663 3095 833 3148 multo
859 3092 1029 3162 magis
1051 3092 1134 3146 his
1161 3091 1340 3146 verbis
1367 3088 1708 3144 contrahitur
1725 3084 1964 3160 (Euseb.,

375 3188 552 3242 chron.
575 3229 590 3255 ,
623 3186 710 3241 lib.
743 3203 760 3241 ι
804 3195 850 3240 et
882 3185 969 3240 lib.
998 3201 1073 3252 ιι,
1107 3184 1176 3238 ad
1205 3200 1327 3237 ann.
1361 3181 1548 3254 838):
1584 3198 1604 3233 ‹
1641 3179 1851 3235 Primus
1873 3194 1970 3234 rex

375 3287 686 3343 Latinorum
725 3293 847 3355 post
893 3290 1104 3352 captam
1145 3280 1361 3349 Trojam
1398 3277 1620 3333 1Eneas.
1668 3276 1808 3332 Ante
1847 3289 1969 3331 eum

374 3381 577 3444 Janus,
623 3379 920 3445 Saturnus,
966 3376 1154 3443 Picus,
1183 3375 1400 3430 Faunus
1425 3381 1788 3443 regnaverunt
1814 3369 1973 3426 annis

375 3479 594 3533 circiter
622 3477 756 3542 15ος
796 3497 815 3529 ι
847 3477 1101 3531 nimirum
1142 3475 1297 3528 annis
1324 3482 1382 3527 ut
1414 3473 1590 3527 minus
1615 3470 1839 3527 totidem
1864 3470 1968 3527 150

379 3585 539 3641 quam
587 3569 858 3626 Arnobius
902 3565 1193 3639 gentilibus
1231 3566 1399 3636 gratis
1440 3565 1730 3620 concessit.
1781 3564 1856 3619 De
1885 3562 1970 3617 his

379 3663 569 3733 primis
614 3661 922 3716 Latinorum
967 3659 1187 3730 regibus
1232 3656 1430 3713 videsis
1471 3656 1787 3727 Dionysium
1822 3653 1969 3709 Hali-

379 3773 724 3813 carnasseum
746 3798 761 3822 ,
807 3757 1094 3810 Auctorem
1123 3752 1326 3823 Origin.
1371 3759 1518 3821 gent.
1548 3764 1710 3813 rom.,
1742 3748 1971 3802 Lactan-

382 3853 540 3916 tium,
576 3850 927 3919 Augustinum
948 3891 962 3914 ,
992 3856 1046 3900 et
1073 3845 1208 3899 alios
1236 3841 1514 3916 (Diongs.,
1549 3841 1638 3896 lib.
1669 3857 1687 3896 ι
1715 3840 1963 3909 Antiquit.

376 3961 544 4006 rom.,
574 3960 694 4014 pag.
725 3941 796 3997 24
821 3953 866 3994 et
891 3941 991 4004 5i;
1035 3939 1186 3991 Auct.
1224 3935 1367 4006 Orig.
1390 3978 1405 4001 ,
1450 3951 1571 4005 pag.
1602 3931 1744 3999 596;
1779 3930 1925 3985 Lact.
1949 3971 1968 3998 ,

379 4037 469 4092 lib.
506 4053 542 4103 ι,
574 4052 688 4106 cap.
717 4034 810 4100 22,
835 4051 952 4104 pag.
983 4031 1086 4088 127
1109 4049 1122 4098 ;
1149 4031 1387 4101 August.,
1419 4028 1506 4081 lib.
1536 4042 1664 4081 xvut
1705 4027 1769 4080 de
1791 4023 1962 4089 Cieit.,

379 4146 496 4200 rap.
533 4130 620 4196 15,
651 4145 769 4199 pag.
804 4126 906 4183 499
934 4127 975 4198 ).

453 4243 602 4299 Albae
623 4253 820 4308 autem,
848 4243 1022 4314 pergit
1043 4241 1334 4307 Arnobius,
1357 4237 1616 4294 Ascanius
1636 4236 1833 4306 aliique
1853 4236 1968 4307 ejus

381 4349 728 4391 successores
755 4336 909 4389 annis
947 4348 1114 4404 pr0pe
1151 4332 1256 4388 420
1297 4337 1659 4402 regnaverunt
1701 4327 1968 4402 (Arnob,

382 4431 469 4483 lib.
503 4445 573 4494 ιι,
606 4443 727 4498 pag.
763 4427 864 4494 95;
902 4436 1022 4479 tant.
1057 4442 1073 4479 ι
1106 4425 1382 4495 Apparal.,
1415 4423 1467 4476 in
1496 4421 1638 4492 βω).
1663 4418 1720 4474 In
1750 4418 1967 4475 Eusebii

382 4533 558 4578 autem
596 4521 855 4576 chronico
897 4520 1021 4573 anni
1072 4517 1212 4582 452,
1260 4527 1314 4572 et
1349 4531 1378 4568 a
1421 4513 1697 4569 Clemente
1738 4513 1969 4568 Alexan-

385 4616 540 4670 drino
568 4612 704 4678 422,
733 4618 1131 4681 computantur.
1167 4608 1411 4676 Denique
1450 4620 1479 4658 a
1509 4605 1679 4660 Roma
1719 4603 1965 4671 condita,

384 4712 449 4766 ad
478 4727 631 4765 suam
662 4726 829 4780 usque
871 4716 1084 4763 aetatem
1124 4707 1332 4760 Auctor
1361 4712 1544 4759 noster
1581 4715 1749 4756 annos
1775 4714 1971 4770 prope.

383 4805 600 4861 modum
631 4801 792 4858 1050.
826 4800 1116 4855 Eusebiani
1156 4812 1288 4852 vero
1327 4794 1566 4852 chronici
1606 4799 1792 4846 auctor
1829 4789 1970 4845 1146

384 4900 601 4954 ﬂuxisse
630 4896 934 4964 perhibent.
967 4895 1039 4949 De
1070 4893 1153 4948 his
1178 4893 1338 4948 etiam
1370 4889 1617 4946 omnibus
1645 4885 1844 4956 aliquid
1869 4900 1970 4940 no-

387 4993 614 5047 tavimus
659 4992 710 5045 in
744 4987 1040 5044 Clementis
1079 4984 1424 5042 Alexandrini
1451 4979 1821 5050 chronologia.
1864 4977 1972 5035 Sed

381 5087 498 5141 haec
528 5087 745 5141 uberius
766 5083 1041 5154 prosequi,
1071 5097 1133 5137 ac
1160 5081 1344 5152 plures
1369 5079 1505 5134 alios
1529 5073 1969 5146 chronographos

379 5177 689 5233 nominibus
710 5179 819 5231 suis
845 5176 1114 5247 appellare
1142 5171 1277 5228 nihil
1299 5185 1522 5226 necesse
1551 5179 1650 5224 est.
1684 5167 1798 5223 Non
1825 5167 1969 5222 enim

382 5271 634 5326 omnibus
676 5269 911 5324 numeris
956 5265 1259 5321 absolutam
1289 5279 1552 5319 annorum
1577 5260 1970 5332 computando-

384 5383 498 5423 rum
521 5365 786 5421 rationem
811 5361 1052 5433 sequitur
1069 5359 1361 5425 Arnobius,
1386 5359 1481 5414 sed
1503 5359 1761 5425 ipsosmet
1781 5369 1971 5425 recep—

381 5471 465 5514 tos
489 5460 556 5515 ab
579 5457 808 5512 ethnicis
830 5456 1098 5510 annalium
1123 5454 1416 5524 scriptores
1435 5452 1629 5506 citasse
1660 5457 1966 5516 contentus,

377 5552 488 5606 illis
515 5553 669 5622 plura
702 5551 860 5606 etiam
891 5550 1136 5620 largitur,
1171 5563 1332 5619 quam
1353 5545 1664 5601 desiderare
1695 5553 1969 5614 poterant.

383 5643 801 5700 Evidentissimc
831 5642 994 5714 igitur
1016 5657 1080 5696 ex
1113 5639 1196 5694 his
1234 5640 1566 5694 demonstrat
1595 5637 1811 5692 illorum
1841 5636 1974 5692 deos

381 5753 488 5794 non
524 5749 646 5791 ante
688 5753 949 5791 annorum
997 5735 1103 5788 duo
1135 5733 1300 5788 millia
1330 5731 1602 5798 extitisse,
1633 5747 1732 5786 nec
1761 5731 1830 5788 ab
1867 5732 1976 5789 illis

2072 1722 2357 1780 utramque
2378 1709 2668 1780 aliquando
2687 1709 2939 1779 ccepisse,
2969 1718 3026 1763 ut
3056 1723 3151 1778 par
3178 1708 3249 1762 sit
3278 1709 3560 1780 utrobique
3580 1725 3673 1764 ra-

2075 1803 2170 1858 tio.
2192 1801 2328 1870 Quid
2350 1803 2494 1856 enim
2518 1800 2625 1856 duo
2654 1816 2921 1855 annorum
2945 1801 3134 1867 millia,
3164 1814 3286 1856 cum
3313 1801 3528 1856 caeteris
3548 1817 3672 1856 om-

2072 1894 2229 1950 nibus
2253 1904 2412 1948 autea
2443 1893 2642 1964 elapsis
2662 1902 2999 1964 comparata,
3024 1908 3121 1964 pro
3142 1892 3370 1963 alicujus
3396 1893 3671 1966 religionis

2072 1988 2300 2043 veritate
2325 1986 2506 2042 facere
2536 1987 2808 2058 possunt?

2148 2081 2349 2136 Deinde
2376 2095 2508 2136 vero
2535 2080 2624 2136 ille
2653 2079 2831 2135 adhuc
2863 2090 3120 2152 pernegat
3156 2096 3188 2135 a
3218 2079 3532 2137 christianis
3561 2081 3672 2136 coli

2071 2175 2272 2246 aliquid
2335 2189 2534 2229 novum
2583 2184 2638 2229 et
2687 2175 3028 2230 ethnicorum
3076 2173 3336 2246 religione
3397 2175 3670 2231 recentius

2071 2269 2294 2337 (Arnob.
2320 2309 2335 2334 ,
2373 2267 2461 2321 lib.
2511 2283 2589 2336 ιι,
2631 2285 2751 2339 pag.
2792 2268 2920 2342 95).
2970 2268 3136 2323 Deum
3177 2269 3453 2324 enimvero
3481 2267 3671 2323 colunt;

2072 2362 2521 2433 omnipotentem,
2546 2378 2652 2416 non
2675 2362 2836 2417 modo
2853 2361 3308 2433 antiquissimum,
3335 2361 3428 2417 sed
3455 2361 3669 2431 ingeni-

2072 2464 2182 2509 tum
2211 2454 2391 2516 etiam,
2425 2463 2782 2520 etaeteruum,
2816 2468 2881 2508 ac
2906 2469 3086 2509 rerum
3113 2454 3351 2509 omnium
3381 2452 3580 2507 fontem
3610 2462 3671 2509 et

2071 2545 2351 2616 originem.
2379 2545 2518 2600 Nihil
2547 2561 2677 2616 ergo
2705 2561 2901 2600 novum
2925 2545 3200 2601 christiani
3221 2545 3274 2600 in
3297 2544 3553 2600 mundum
3580 2545 3669 2598 in-

2073 2640 2450 2704 troduxerunt,
2483 2638 2577 2694 sed
2609 2639 2752 2710 quod
2778 2654 2901 2694 sero
2928 2637 3232 2693 didicerant
3261 2653 3290 2692 a
3310 2634 3548 2702 Christo,
3573 2639 3668 2708 qui

2071 2735 2323 2791 miseram
2355 2735 2631 2789 hominum
2659 2733 2827 2788 falsos
2855 2733 2989 2788 deos
3012 2732 3338 2798 colentium,
3369 2745 3669 2801 verumque

2071 2829 2243 2884 Deum
2273 2829 2637 2899 ignorantium
2666 2828 2966 2882 cmcitalem
2997 2827 3269 2881 discussit.

2142 2923 2302 2977 Plura
2350 2921 2565 2992 quidem
2603 2920 2880 2976 Arnobius
2920 2920 2988 2976 de
3027 2919 3168 2973 alliis
3213 2916 3522 2973 christiana:
3568 2932 3662 2972 rc-

2073 3015 2282 3086 ligionis
2299 3015 2636 3085 dogmatibus
2654 3015 2725 3070 ibi
2741 3031 2848 3069 non
2868 3013 3108 3084 protulit,
3129 3022 3242 3066 tum
3259 3012 3384 3082 quia
3398 3011 3464 3066 ad
3482 3010 3670 3081 depel-

2074 3112 2286 3168 lendam
2316 3127 2468 3165 nova:
2497 3110 2776 3180 religionis
2805 3108 3252 3163 obtrectationem
3282 3121 3401 3176 quae
3431 3103 3664 3172 dixerat,

2074 3207 2232 3278 plane
2278 3205 2616 3261 sufficiebant
2645 3223 2658 3258 :
2704 3213 2816 3258 tum
2859 3201 2983 3273 quia
3014 3201 3170 3272 paulo
3199 3209 3324 3254 ante
3357 3213 3670 3268 supremam

2074 3299 2274 3356 Christi
2303 3299 2658 3364 divinitatem,
2690 3296 2902 3366 aliaque
2938 3291 3184 3366 ejusdem
3226 3292 3534 3349 christiana:
3580 3307 3667 3347 re-

2074 3392 2289 3464 ligionis
2315 3392 2511 3464 placita
2547 3391 2678 3447 alibi
2703 3389 3066 3455 demonstrat,
3096 3388 3237 3445 sicut
3273 3395 3460 3458 postea
3487 3385 3670 3442 o'sten-

2071 3488 2281 3546 demus.

2687 3625 2917 3683 CAPUT
2957 3625 3045 3682 VI.

2075 3749 2233 3804 Aliud
2259 3747 2525 3819 gentilium
2550 3747 2791 3801 adversus
2820 3744 3153 3799 christianum
3189 3743 3485 3814 religionem
3513 3756 3670 3812 arguo

2146 3851 2385 3906 utentum,
2412 3857 2474 3896 ea:
2490 3839 2703 3912 publicis
2721 3838 3094 3894 calamitatibus
3114 3837 3348 3908 petitum,
3361 3835 3595 3891 solvitur.

2601 3991 2891 4034 ABTICULUS
2928 3991 3142 4031 PRIIIUS.

2075 4117 2388 4169 Ethnicorum
2430 4117 2667 4166 adversus
2702 4114 2982 4165 christiante
3019 4109 3282 4169 religionis
3305 4111 3566 4159 veritatem
3591 4121 3674 4157 ar-

2137 4192 2450 4243 gumentum,
2476 4192 2538 4229 ex
2567 4180 2716 4243 variis
2737 4176 2958 4243 cladibus
2990 4181 3042 4224 et
3073 4172 3434 4243 calamitatibus
3452 4210 3466 4233 ,
3491 4172 3678 4243 quibus

2138 4235 2300 4306 genus
2322 4235 2584 4291 humanum
2607 4239 2720 4306 olim
2741 4239 3086 4306 divenabatur,
3112 4235 3339 4306 petitum,
3366 4236 3675 4306 proponitur,

2138 4295 2511 4367 Estenditurque
2537 4316 2564 4352 a
2589 4303 2768 4367 quibus
2789 4295 3246 4365 scriptoribtts'olim
3268 4295 3473 4349 dilutuui
3509 4295 3678 4347 confu-

2139 4378 2392 4430 tatumque
2412 4367 2579 4417 fuerit.

2148 4519 2309 4577 Aliud
2346 4528 2533 4575 contra
2561 4517 2872 4574 christiana;
2918 4515 3194 4586 religionis
3230 4512 3517 4568 veritatem
3578 4523 3671 4564 ar-

2075 4624 2413 4688 gumentum,
2433 4613 2727 4683 saepissime
2739 4620 2794 4666 et
2812 4609 2876 4664 ad
2894 4623 3146 4664 nauseam
3164 4621 3334 4675 usque
3354 4604 3423 4659 ab
3442 4601 3673 4659 ethnicis

2076 4715 2432 4770 recantatum,
2484 4703 2706 4773 insignis
2733 4711 2786 4756 et
2817 4699 3199 4755 absurdissima
3241 4695 3341 4750 fuit
3376 4693 3671 4761 calumnia,

2075 4817 2179 4872 qua
2229 4797 2588 4863 christianos,
2640 4793 2798 4849 sicuti
2849 4792 3036 4848 scribit
3083 4787 3354 4844 Arnobius
3401 4784 3672 4858 (Arnob.,

2077 4895 2166 4950 lib.
2200 4909 2253 4956 ι,
2282 4907 2400 4961 pag.
2435 4891 2462 4944 1
2493 4898 2540 4943 el
2566 4905 2704 4960 seqq.
2729 4887 2774 4957 ),
2823 4886 2893 4940 ob
2921 4884 3179 4952 rejectum
3221 4879 3674 4950 repudiatumque

2075 4986 2298 5041 deorum
2337 4983 2562 5041 cultum.
2594 4979 2835 5037 omnium
2865 4976 3199 5047 publicarum
3227 4972 3459 5027 cladium
3490 4983 3546 5026 et
3573 4986 3670 5026 ca-

2076 5079 2395 5144 lamitatum,
2437 5075 2632 5146 quibus
2658 5087 2828 5146 genus
2854 5070 3145 5125 humanum
3179 5066 3496 5130 vexabatur,
3541 5079 3672 5118 cau-

2076 5187 2190 5228 sam
2239 5179 2498 5226 essetam
2548 5167 2715 5232 falso,
2763 5179 2924 5234 quam
2971 5160 3229 5216 audacter
3276 5157 3672 5230 praedicabant.

2078 5264 2354 5320 Summam
2394 5263 2669 5316 enimvero
2698 5266 2919 5328 propter
2963 5255 3378 5332 christiauorum
3422 5251 3673 5322 impieta-

2078 5365 2209 5422 tem,
2227 5355 2303 5409 uti
2327 5353 2402 5408 illi
2424 5349 2762 5423 jaCtitabant,
2785 5347 2853 5402 ab
2879 5347 2982 5403 diis
3003 5347 3195 5402 merito
3226 5345 3376 5400 iratis
3405 5343 3674 5413 abjectam

2079 5465 2260 5504 rerum
2291 5457 2622 5503 terrenarum
2645 5457 2850 5509 curam,
2878 5451 2931 5498 et
2954 5441 3093 5496 mala
3113 5440 3314 5501 omnia,
3338 5437 3532 5506 quibus
3553 5434 3672 5488 ubi-

2078 5556 2182 5612 que
2213 5540 2459 5595 homines
2487 5535 2732 5591 solebant
2756 5533 2950 5592 conlici
2977 5542 3034 5590 et
3061 5528 3278 5600 oprimi,
3303 5528 3357 5581 in
3389 5537 3562 5581 totum
3590 5526 3675 5580 itt-

2081 5642 2231 5690 vecta
2260 5632 2425 5686 fuisse
2452 5639 2714 5685 terrarum
2748 5629 2957 5684 orbem.

2149 5726 2317 5791 Quam
2347 5730 2527 5778 autem
2559 5721 2812 5792 frequens
2852 5720 3020 5778 fuerit
3047 5713 3200 5789 haec
3240 5709 3527 5782 gemmum
3561 5719 3703 5779 ψιε-
