3990 6072
336 261 447 318 455

1520 259 1970 321 DISSERTATIO
2009 258 2290 323 PREVIA

3524 265 3631 325 456

338 378 573 435 rimonia
619 386 675 433 et
711 379 1012 446 accusatio,
1055 378 1101 435 si
1143 377 1283 434 scire
1306 375 1468 446 velis,
1496 378 1651 447 audi,
1684 380 1739 435 si
1758 379 1935 453 lubet,
1965 378 2020 442 Α
2116 378 2310 434 Postea
2353 375 2529 433 adhuc
2554 375 2911 450 Symmachus
2954 376 3291 437 sterilitatem
3336 387 3518 447 terrai,
3550 380 3631 436 fa-

338 468 783 526 Tertullianum:
834 488 854 522 ‹
892 470 948 525 ln
1002 469 1183 526 odium
1230 470 1491 527 bonorum
1536 479 1591 528 et
1638 471 1929 543 proborum

339 565 675 634 conspirant,
711 582 732 617 ι
761 563 983 630 ethnici,
1024 583 1043 615 ε
1081 565 1171 636 qui
1202 564 1464 623 adversus
1492 567 1802 639 sanguinem
1844 566 1931 625 in-

340 663 631 713 nocentem
657 655 1018 719 conclamant,
1046 666 1406 728 praetexentes
1425 671 1565 724 sane
1600 658 1665 715 ad
1698 658 1807 713 odii
1833 657 1932 715 de-

340 748 643 805 fensionem
675 746 819 803 illam
850 762 1063 821 quoque
1092 748 1409 813 vanitatem,
1440 749 1583 820 quod
1626 749 1936 806 existiment

337 841 520 899 omnis
562 838 788 911 publicai
831 841 1031 909 cladis,
1068 842 1245 898 omnis
1285 842 1559 917 popularis
1606 840 1934 898 incommodi

339 931 668 988 christianos
718 946 842 988 esse
905 947 1144 989 causam.
1200 933 1256 989 Si
1303 931 1516 991 Tiberis
1582 932 1825 989 ascendit
1868 932 1934 988 ad

339 1024 578 1091 moenia,
627 1023 674 1080 si
705 1023 855 1080 Nilus
894 1041 1002 1081 non
1044 1026 1319 1083 descendit
1367 1026 1435 1082 ad
1469 1040 1628 1095 arva,
1660 1027 1705 1082 si
1740 1025 1937 1084 caelum

339 1118 523 1183 stetit,
557 1118 603 1173 si
634 1126 777 1174 terra
805 1120 1006 1187 movit,
1039 1120 1083 1176 si
1114 1119 1304 1187 fames,
1337 1122 1382 1176 si
1414 1120 1551 1185 lues,
1582 1121 1760 1175 statim
1795 1121 1942 1179 chri-

334 1213 546 1269 stianos
576 1211 643 1269 ad
678 1211 909 1270 leonem.
951 1212 1152 1271 Tantos
1204 1214 1271 1269 ad
1301 1229 1464 1270 unum
1496 1233 1515 1270 i
1554 1211 1575 1287 (
1595 1212 1935 1282 Tertullian.,

339 1304 592 1376 Apolag.,
619 1321 736 1375 cap.
764 1304 859 1370 40,
889 1323 1003 1378 pag.
1042 1305 1111 1361 36
1129 1305 1172 1380 ).
1211 1306 1411 1363 Eadem
1444 1308 1637 1379 repetit
1664 1308 1716 1362 in
1746 1323 1847 1363 suo
1871 1307 1941 1364 ad

337 1395 600 1452 Nationes
660 1395 803 1451 libro
848 1395 1069 1469 (Idem,
1104 1398 1193 1455 lib.
1251 1416 1268 1455 ι
1307 1399 1376 1454 ad
1419 1397 1667 1468 Nation.,
1719 1417 1837 1471 cap.
1873 1400 1937 1467 9,

338 1507 465 1567 pag.
497 1489 566 1546 54
591 1489 636 1562 ).
683 1490 791 1547 Sed
811 1489 882 1549 de
908 1491 1001 1549 illo
1030 1491 1180 1563 plura
1201 1509 1231 1549 a
1260 1492 1416 1555 nobis
1441 1508 1541 1551 suo
1572 1494 1689 1551 loco
1717 1495 1941 1552 dicenda

338 1593 488 1638 SUDI.

2037 486 2286 544 memque
2312 469 2579 542 publicam
2611 469 2818 543 negatis
2851 468 3153 528 Vestalium
3180 469 3636 544 sacerdotumqne

2035 562 2371 620 ethnicorum
2437 561 2730 634 privilegiis
2782 562 3056 627 ascribere
3118 578 3226 619 non
3298 563 3562 621 dubitavit
3624 584 3637 620 :

2042 675 2061 710 ι
2097 655 2271 711 Nemo
2300 670 2387 711 nte
2419 663 2571 725 putet
2601 655 2776 709 solum
2822 670 3041 710 causam
3092 653 3413 727 religionum
3463 656 3639 717 tueri:

2035 762 2102 805 ex
2140 744 2446 819 hujusmodi
2486 742 2816 801 facinoribus
2857 755 2976 803 orta
3019 754 3146 802 sunt
3185 753 3383 802 cuncta
3415 745 3641 805 Romani

2037 839 2248 911 generis
2288 838 2723 893 incommodam.
2766 837 2963 893 Secuta
2994 848 3078 894 est
3105 838 3210 894 hoc
3244 837 3441 899 factum
3469 838 3641 897 fames

2037 932 2274 1004 publica,
2301 943 2356 988 et
2384 948 2538 1004 spem
2568 934 2970 1005 provinciarum
3010 937 3250 991 omnium
3280 934 3472 991 messis
3498 950 3642 1005 egra

2040 1023 2290 1096 decepit:
2321 1024 2438 1081 Non
2468 1034 2594 1080 sunt
2630 1026 2747 1081 haec
2796 1028 2925 1082 vitia
2961 1036 3322 1084 terrarum....
3353 1028 3642 1100 sacrilegio

2040 1133 2211 1175 annus
2236 1116 2414 1184 aruit;
2446 1132 2667 1174 necesse
2688 1119 2832 1174 enim
2864 1116 2967 1174 fuit
2988 1118 3167 1187 perire
3188 1118 3464 1183 omnibus,
3496 1120 3641 1195 quod

2041 1211 2412 1281 religionibus.
2464 1211 2762 1281 negabatur
2789 1229 2809 1264 ι
2862 1208 3050 1285 (Apud
3089 1211 3354 1279 Ambros.,
3403 1219 3529 1267 tom.
3572 1226 3641 1279 ti,

2043 1319 2164 1373 pag.
2196 1301 2294 1361 851
2330 1310 2377 1357 et
2400 1318 2537 1373 seqq.
2557 1303 2600 1374 ).

2114 1396 2283 1466 Quam
2307 1398 2515 1460 crebra,
2553 1410 2616 1451 ac
2642 1410 2781 1467 pene
2796 1393 3133 1466 quotidiana,
3163 1403 3217 1451 et
3246 1394 3506 1451 diuturna
3530 1394 3644 1451 fue-

2043 1491 2115 1547 rit
2140 1489 2334 1547 stolida
2361 1489 2449 1546 illa
2478 1487 2761 1560 gentilium
2787 1487 3029 1560 querela,
3055 1486 3181 1545 inde
3200 1487 3379 1544 adhuc
3404 1487 3643 1560 conjice,

2046 1584 2187 1656 quod
2214 1582 2417 1639 ethnici
2442 1596 2561 1638 eam
2596 1596 2625 1633 a
2652 1579 2963 1635 chrisdanaa
3005 1580 3287 1651 religionis
3322 1581 3547 1636 exordio
3574 1583 3641 1636 ad

412 1674 674 1746 Origenes
726 1690 856 1730 vero
918 1684 1171 1732 testatum
1223 1677 1349 1734 facit
1380 1679 1609 1752 gentiles
1648 1679 1836 1737 eadem
1889 1692 1946 1739 et
2048 1675 2330 1748 Augustini
2353 1690 2523 1748 usque
2570 1683 2811 1745 tempora
2861 1673 2913 1730 in
2946 1689 3040 1730 ore
3078 1689 3295 1746 semper
3333 1675 3640 1733 habuerint.

340 1766 471 1822 olim
494 1774 549 1822 et
573 1782 671 1824 suo
692 1768 867 1823 adhuc
890 1781 1131 1842 tempore
1154 1768 1289 1827 falsa
1311 1771 1398 1827 illa
1416 1772 1790 1829 criminatione
1809 1775 1933 1831 abn-
1961 1776 2010 1838 B
2035 1770 2205 1837 Audi.
2247 1782 2459 1839 (Ιητεεθν
2495 1767 2781 1835 ίβδυιηηιθί
2825 1776 3071 1821 5300mm
3104 1765 3254 1821 illum
3305 1766 3589 1823 ἀθειοτθῐη
3622 1786 3636 1821 ³

341 1874 433 1916 sos
454 1859 621 1917 fuisse
650 1881 663 1916 :
695 1881 715 1914 ι
748 1859 881 1919 Cum
906 1863 1020 1920 lucc
1049 1884 1068 1916 ι
1099 1866 1287 1935 inquit,
1316 1885 1335 1919 ι
1364 1867 1687 1937 contigerint
1710 1869 1931 1936 mundo,

340 1968 711 2028 consequens,
745 1957 898 2028 quasi
939 1958 1440 2030 derelinquentibus
1470 1958 1777 2018 hominibus
1804 1961 1935 2017 deo-

340 2060 463 2102 rum
492 2045 692 2103 cultum
713 2089 727 2115 ,
764 2056 821 2103 ut
850 2057 1066 2119 propter
1096 2048 1488 2107 multitudinem
1517 2050 1932 2108 Christianorum

342 2139 526 2196 dicant
551 2138 669 2194 fieri
704 2139 877 2208 bella,
907 2139 1095 2208 fames,
1138 2150 1193 2197 et
1219 2143 1570 2211 pestilentias.
1604 2142 1936 2216 Frequenter

341 2228 487 2286 enim
519 2228 678 2286 famis
705 2245 865 2287 causa
909 2230 1233 2288 christianos
1272 2233 1557 2303 culparunt
1592 2236 1849 2307 gentiles,
1883 2245 1938 2292 et

340 2322 667 2398 quicumque
737 2323 1017 2394 sepiebant
1060 2340 1179 2396 quae
1224 2326 1460 2397 gentium
1519 2339 1685 2394 sunt,
1738 2329 1832 2384 sed
1884 2337 1939 2385 et

340 2415 776 2489 pestilentiarum
796 2433 987 2474 causas
1005 2418 1068 2474 ad
1084 2416 1285 2474 Christi
1304 2420 1597 2476 Ecclesiam
1614 2422 1934 2478 retulerunt.

341 2508 561 2566 Scimus
587 2520 767 2595 autem
795 2519 850 2566 ct
878 2510 1018 2583 apud
1057 2527 1156 2567 nos
1201 2522 1360 2569 terrai
1389 2524 1594 2570 motum
1639 2514 1837 2573 factum
1883 2518 1936 2574 in

340 2600 479 2658 locis
500 2603 842 2674 quibusdam,
872 2613 929 2660 et
952 2604 1118 2661 factas
1146 2606 1310 2664 fuisse
1336 2608 1592 2680 quasdam
1618 2611 1835 2680 ruinas;
1864 2613 1938 2669 ita

342 2704 406 2749 ut
434 2695 526 2767 qui
568 2704 724 2752 erant
762 2694 908 2768 impii
938 2707 1091 2753 extra
1118 2698 1298 2766 fidem,
1331 2715 1547 2756 causam
1580 2712 1737 2760 terrai
1762 2714 1939 2763 motus

344 2787 594 2855 dicerent
635 2788 961 2847 christianos
986 2809 1001 2860 ;
1034 2802 1252 2867 propter
1279 2795 1421 2865 quod
1450 2803 1507 2851 et
1537 2800 1940 2867 persecutiones

342 2898 517 2955 passa.-
530 2890 656 2938 sunt
671 2882 1007 2947 Ecclesiae.et
1022 2885 1256 2943 incensae
1274 2899 1417 2944 sunt.
1431 2888 1549 2946 Non
1568 2891 1737 2949 solum
1755 2904 1936 2952 autem

343 2978 446 3045 illi,
480 2977 574 3033 sed
602 2986 656 3032 et
676 2978 766 3049 qui
799 2978 1115 3034 videbantur
1144 2980 1458 3053 prudentes,
1490 2982 1616 3039 talia
1647 2984 1698 3038 in
1725 2986 1938 3057 publico

345 3072 625 3135 dicerent;
676 3072 799 3143 quia
847 3085 1066 3144 propter
1110 3074 1432 3131 christianos
1463 3076 1597 3133 [lunt
1636 3079 1935 3150 gravissimi

2043 1882 2063 1915 ι
2100 1860 2324 1929 Quando
2358 1858 2572 1922 auditis,
2604 1875 2624 1911 ι
2656 1858 2727 1912 ait
2769 1856 3009 1932 (August.
3040 1858 3095 1911 in
3134 1857 3268 1912 titul.
3302 1860 3438 1929 psal.
3472 1875 3637 1925 Lux,

2040 1954 2069 2027 §
2097 1954 2150 2021 1,
2174 1970 2293 2024 pag.
2316 1950 2477 2022 857),
2514 1967 2534 2002 ι
2555 1951 2757 2023 garrire
2782 1948 3151 2019 blasphemas,
3179 1959 3234 2007 et
3261 1950 3441 2007 dicere
3470 1951 3643 2007 abun-

2036 2047 2166 2103 dare
2191 2058 2470 2116 pressnras
2505 2043 2838 2112 temporibus
2883 2041 3235 2109 cliristianis;
3285 2045 3438 2100 scitis
3480 2046 3631 2101 enim

2038 2140 2159 2212 quia
2193 2140 2293 2194 hoc
2318 2146 2502 2193 amant
2529 2137 2711 2192 dicere
2736 2154 2751 2191 :
2780 2144 3015 2192 etvetus
3049 2137 3293 2209 quidem,
3322 2140 3418 2193 sed
3444 2153 3473 2191 a
3504 2147 3639 2194 tem-

2036 2232 2257 2302 poribus
2307 2228 2612 2286 ehristianis
2658 2228 2823 2299 erepit
2877 2228 3217 2299 proverbium
3274 2249 3288 2286 :
3341 2228 3465 2286 Non
3505 2230 3637 2301 pluit

2039 2325 2180 2380 Deus
2231 2339 2249 2378 :
2289 2323 2390 2378 duc
2432 2321 2503 2377 ad
2530 2322 2857 2378 christianos.
2904 2324 3239 2396 Quamquam
3286 2325 3494 2397 priores
3539 2327 3640 2380 ista

2040 2416 2310 2482 dixerunt,
2342 2415 2427 2470 isti
2460 2422 2640 2470 autem
2669 2414 2830 2470 modo
2853 2415 3067 2483 dicunt,
3092 2427 3139 2469 et
3165 2416 3282 2487 quia
3313 2416 3440 2486 pluit
3466 2415 3639 2482 Deus,

2040 2510 2140 2564 duc
2167 2510 2235 2563 ad
2261 2508 2581 2564 christianos.
2619 2528 2639 2561 ι
2688 2507 2817 2577 Quas
2843 2507 3058 2580 quidem
3089 2500 3183 2565 ille
3214 2525 3322 2565 non
3358 2510 3532 2566 solum
3567 2510 3638 2567 ibi

2039 2602 2262 2660 uberius
2289 2601 2653 2673 prosequitur,
2686 2601 2781 2658 sed
2811 2602 2918 2659 alio
2944 2601 3123 2660 adhuc
3150 2603 3204 2660 in
3231 2602 3369 2661 libro
3390 2602 3531 2663 ltunc
3556 2620 3643 2662 re-

2040 2698 2176 2771 petit
2194 2699 2246 2757 in
2288 2694 2549 2753 modum:
2586 2714 2607 2747 ‹
2641 2695 2912 2751 Memento
2943 2706 3123 2755 autem
3153 2711 3240 2755 me
3276 2697 3376 2755 ista
3404 2711 3642 2754 comme-

2040 2799 2363 2856 morantem,
2393 2788 2569 2844 adhuc
2596 2797 2783 2844 contra
2816 2789 3096 2860 imperitos
3114 2804 3296 2860 agere,
3321 2804 3389 2847 ex
3412 2806 3640 2862 quorum

2043 2882 2311 2954 imperitia
2333 2882 2461 2937 illud
2484 2896 2698 2952 quoque
2716 2889 2893 2939 ortum
2916 2891 2999 2937 est
3018 2883 3242 2953 vulgare
3264 2885 3605 2954 proverbium
3628 2903 3643 2941 :

2061 2977 2236 3048 pluvia
2252 2975 2415 3040 desit,
2432 2992 2593 3033 causa
2615 2977 2913 3035 christiani.
2933 2978 3335 3051 Sttntnantque,
3352 2980 3441 3051 qui
3454 2996 3638 3037 eorum

2039 3070 2228 3127 studiis
2290 3069 2598 3127 liberalibus
2642 3070 2899 3137 instituti,
2950 3080 3133 3127 amant
3179 3072 3485 3141 historiam,
3535 3090 3641 3146 qua

347 3173 508 3220 terra:
529 3172 707 3221 motus
734 3184 752 3217 ι
790 3164 1054 3238 (0rigen.,
1089 3165 1265 3222 Tract.
1291 3168 1383 3235 ~28,
1413 3170 1465 3224 in
1490 3168 1704 3237 Matth,
1730 3183 1852 3228 tom.
1886 3191 1942 3240 ιι,
1975 3176 2020 3238 C
2052 3164 2311 3227 facillime
2355 3164 2455 3220 ista
2498 3175 2805 3220 noverunt:
2836 3163 2931 3221 sed
2965 3173 3021 3221 ut
3049 3165 3205 3223 nobis
3252 3166 3638 3225 ineruditorum

346 3274 469 3330 pag.
502 3255 634 3330 88).
665 3254 843 3313 Testis
875 3259 1030 3314 nobis
1058 3258 1234 3315 adhuc
1260 3261 1671 3319 cstLactantins
1698 3267 1941 3322 ethnicos

347 3353 595 3411 eamdem
622 3368 721 3407 suo
746 3355 907 3410 etiam
930 3367 1175 3428 tempore
1198 3356 1461 3414 cecinisse
1483 3361 1827 3427 cantilenam,
1853 3362 1939 3417 ubi

345 3449 442 3504 ille
481 3448 815 3520 objectarum
867 3450 1201 3523 publicarum
1242 3450 1474 3507 cladium
1517 3463 1571 3509 et
1600 3455 1939 3511 miseriarum

344 3546 746 3599 accusationem
796 3545 847 3597 in
880 3545 1027 3614 ipsos
1074 3545 1150 3599 sic
1188 3543 1431 3599 refundit
1465 3564 1478 3599 :
1517 3566 1535 3597 ε
1587 3546 1782 3603 Discite
1821 3546 1942 3603 ideo

345 3635 490 3689 mala
539 3635 718 3689 omnia
765 3633 928 3689 rebus
958 3634 1208 3688 humanis
1249 3635 1487 3705 quotidie
1528 3638 1937 3708 ingravescere,

347 3728 475 3798 quia
505 3727 679 3794 Deus,
726 3726 883 3797 hujus
910 3728 1092 3782 mundi
1126 3726 1347 3784 effector
1376 3742 1429 3784 et
1457 3730 1816 3802 gubernator,
1848 3734 1940 3789 de-

345 3821 570 3878 relictus
603 3830 723 3889 est;
766 3822 892 3892 quia
930 3831 1195 3893 suscepta:
1229 3831 1387 3888 sunt,
1420 3834 1609 3883 contra
1657 3841 1818 3895 quam
1862 3827 1941 3885 fas

348 3922 454 3977 est,
488 3913 671 3985 impias
693 3913 1017 3983 religiones;
1042 3924 1324 3986 postremo
1349 3916 1475 3988 quia
1500 3932 1566 3973 ne
1596 3918 1702 3975 coli
1721 3919 1939 3990 quidem

346 4006 436 4062 vel
465 4022 496 4061 a
519 4007 702 4076 paucis
742 4006 913 4063 Deum
956 4008 1131 4063 sinitis
1165 4029 1184 4062 ι
1220 4007 1503 4077 (Laetam,
1532 4011 1619 4066 lib.
1649 4029 1705 4080 v,
1738 4031 1855 4085 cap.
1885 4016 1938 4083 8,

348 4116 472 4171 pag.
496 4099 602 4156 479
627 4109 673 4154 et
700 4116 840 4171 seqq.
867 4101 905 4171 ).
938 4099 995 4157 Si
1026 4104 1170 4157 enim
1201 4102 1292 4158 ille
1314 4104 1481 4170 solus,
1506 4107 1804 4163 observatis
1825 4111 1942 4181 ejus

345 4191 577 4263 legibus,
608 4191 766 4249 sicuti
794 4208 891 4263 par
917 4202 1022 4258 est,
1048 4195 1340 4264 coleretur,
1380 4212 1487 4257 non
1510 4209 1716 4266 essent,
1746 4201 1938 4273 inquit,

348 4282 734 4351 dissensiones,
778 4284 939 4351 bella,
972 4284 1210 4353 fraudes,
1242 4290 1465 4362 rapiam,
1496 4291 1779 4363 adulteria,
1807 4295 1943 4350 alia-

346 4391 455 4449 que
479 4377 649 4444 mala,
675 4378 871 4447 quibus
899 4378 1188 4445 humanum
1224 4395 1396 4451 genus
1433 4384 1671 4455 seipsum
1701 4388 1939 4445 coniicit.

420 4467 531 4523 Nos
559 4482 688 4523 vero
714 4470 1093 4524 annotavimns
1118 4471 1245 4541 quid
1275 4472 1595 4531 Maximinus
1624 4476 1940 4548 imperator,

2046 3258 2230 3315 turbas
2258 3256 2634 3319 infestissimas
2678 3256 2939 3322 reddant,
2970 3273 3030 3316 sc
3070 3274 3235 3317 nosse
3259 3260 3635 3328 dissimulant,

2041 3359 2201 3420 atque
2233 3349 2335 3405 hoc
2360 3349 2500 3419 apud
2544 3348 2736 3420 vulgus
2762 3349 3087 3407 confirmare
3121 3352 3392 3419 nituntur,
3421 3354 3636 3423 clades,

2042 3443 2234 3514 quibus
2262 3458 2359 3514 per
2387 3453 2533 3498 certa
2562 3442 2843 3498 intervalla
2869 3442 3113 3498 locorum
3145 3453 3200 3501 et
3225 3454 3525 3516 temporum
3548 3463 3641 3519 ge-

2043 3552 2144 3595 nus
2172 3538 2466 3599 humanum
2489 3546 2701 3608 oportet
2726 3538 2912 3609 allligi,
2940 3554 3101 3595 causa
3125 3540 3372 3601 accidere
3405 3544 3641 3604 nominis

2042 3626 2356 3694 christiani,
2406 3630 2549 3697 quod
2594 3638 2781 3689 contra
2812 3628 2944 3686 deos
2973 3645 3103 3687 suos
3151 3632 3353 3704 ingenti
3382 3632 3555 3700 fama,
3585 3644 3642 3692 et

2044 3720 2457 3792 praeclarissima
2510 3722 2827 3778 celebritate
2875 3738 2973 3795 per
3022 3734 3213 3781 cuncta
3257 3726 3574 3785 dili'unditur
3611 3748 3631 3784 ι

2044 3812 2062 3885 (
2090 3813 2259 3882 Idem,
2292 3816 2377 3869 lib.
2409 3831 2447 3871 ll
2474 3814 2537 3869 de
2559 3816 2735 3883 Cittit.,
2765 3833 2884 3888 cap.
2914 3817 2969 3880 5.
3004 3835 3121 3893 pag.
3157 3819 3228 3877 33
3253 3819 3294 3892 ).

2112 3906 2195 3964 Ad
2221 3908 2358 3963 hanc
2382 3917 2560 3964 autem
2592 3909 2954 3980 importunam
2986 3927 3051 3968 ac
3079 3912 3266 3969 falsam
3293 3914 3635 3972 criminatio-

2044 4017 2191 4071 nem,
2211 4003 2413 4061 tamdiu
2431 4002 2696 4077 totiesque
2708 4005 2777 4058 ab
2794 4004 2872 4060 eis
2895 4006 3200 4079 repetitam,
3219 4008 3637 4079 propulsandam

2044 4106 2099 4152 et
2148 4097 2365 4168 penitus
2411 4096 2874 4169 comprimendam
2904 4139 2920 4167 ,
2967 4100 3319 4157 eruditissimi
3364 4102 3639 4175 religionis

2044 4201 2243 4246 nostrae
2278 4191 2594 4247 defensores
2641 4203 2698 4247 et
2739 4201 2997 4248 tractatus
3041 4204 3094 4247 et
3133 4194 3299 4250 libros
3341 4195 3637 4252 identidem

2045 4283 2352 4341 ediderunt.
2379 4285 2514 4341 Cum
2538 4287 2682 4343 enim
2700 4285 3073 4343 Demetrianus
3094 4288 3418 4344 christianos
3456 4291 3634 4362 publi-

2044 4393 2231 4435 carum
2261 4376 2628 4432 calamitatum
2655 4393 2872 4434 causam
2906 4394 3027 4434 esse
3057 4379 3303 4449 latraret,
3334 4381 3638 4455 Cyprianus

2044 4466 2490 4541 Carthaginensis
2544 4469 2831 4543 episcopus
2864 4511 2879 4535 ,
2928 4469 3195 4526 clamosae
3244 4472 3390 4528 illius
3437 4489 3636 4542 voces,

348 4558 661 4617 cbristianis
704 4559 1130 4627 infensissimus,
1161 4564 1357 4635 iniquis
1382 4567 1655 4621 civitatum
1686 4570 1943 4628 adversus
1970 4570 2024 4631 1)
2050 4563 2369 4632 incolasque
2399 4561 2843 4632 nbi'uraationes.
2888 4563 3121 4632 primum
3151 4566 3490 4635 spernendus
3517 4582 3639 4623 esse

349 4668 445 4712 eos
463 4652 911 4726 postulationibus
924 4657 1265 4729 responderit
1281 4666 1296 4729 (
1311 4659 1522 4717 Dissert.
1539 4661 1591 4716 in
1611 4661 1740 4720 Luc.
1760 4663 1940 4739 Cecil.,

348 4763 467 4821 cap.
504 4749 591 4817 15,
620 4756 722 4803 art.
753 4748 808 4815 ὅ,
833 4766 951 4823 pag.
986 4749 1149 4825 546).
1192 4752 1259 4806 At
1292 4752 1345 4807 in
1387 4770 1483 4821 ea,
1513 4770 1670 4823 quam
1712 4756 1779 4812 ad
1824 4756 1943 4815 illas

348 4838 599 4897 civitates
642 4839 857 4913 scripsit
886 4842 1151 4911 epistola,
1189 4844 1466 4913 audacter,
1505 4855 1642 4902 teste
1674 4847 1942 4915 Eusebio,

348 4934 627 4989 asserebat
651 4935 959 4990 acerbiores
991 4935 1325 4992 calamitates
1353 4938 1643 5010 contigisse
1680 4959 1693 4994 :
1724 4945 1814 4997 Διά
1856 4947 1945 5002 τήν

348 5026 569 5106 ὀλέθριον
595 5027 781 5089 πλάνην
801 5036 893 5090 τῆς
920 5030 1165 5089 ὑποκένου
1190 5030 1521 5103 ματαιότητος
1559 5041 1659 5089 τῶν
1701 5035 1946 5107 ἀθεμίτων

350 5122 624 5194 ἀνθρώπων
653 5122 845 5177 ἐκείνων
872 5125 1088 5200 ἐγένετο,
1114 5126 1261 5183 ἡνίκα
1285 5128 1418 5181 κατά
1447 5129 1543 5189 τὰς
1569 5127 1757 5201 ψυχὰς
1783 5131 1947 5185 αὐτῶν

350 5212 632 5279 ἐπεπόλαζε
650 5254 665 5279 ,
696 5216 779 5268 καὶ
799 5214 992 5289 σχεδὸν
1037 5218 1193 5272 εἰπεῖν
1224 5219 1291 5274 τὰ
1330 5225 1610 5291 πανταχοῦ
1654 5229 1746 5284 τῆς
1776 5224 1946 5276 οἰκου-

350 5306 507 5379 μένης
536 5306 821 5378 αἰσχυναις
851 5307 1031 5373 ὲπίεξε.
1064 5309 1141 5364 0b
1168 5311 1468 5384 pestiferum
1499 5328 1721 5368 errorem
1749 5314 1949 5370 inanis-

351 5397 499 5453 sima:
511 5395 747 5450 vanitatis
768 5396 1129 5457 sceleratorum
1144 5401 1353 5457 illorum
1370 5404 1635 5459 hominum
1652 5418 1942 5476 creuerunt,

353 5504 453 5559 quo
480 5499 705 5558 tempore
728 5504 872 5544 error
904 5488 992 5545 ille
1030 5492 1084 5546 in
1104 5494 1291 5549 animis
1322 5496 1528 5550 illorum
1561 5497 1866 5569 pullulavit,
1897 5508 1946 5555 et

353 5580 646 5637 universum
662 5581 1032 5654 propemodum
1059 5594 1311 5642 terrarum
1326 5589 1497 5644 orbem
1514 5589 1671 5660 probo
1692 5606 1751 5644 ac
1769 5591 1948 5648 decore

355 5671 580 5743 opplevit
647 5672 919 5746 (Euseb,
986 5673 1074 5731 lib.
1126 5692 1165 5733 it
1206 5677 1405 5736 Eccles.
1456 5680 1672 5751 Itistor.,
1727 5700 1843 5757 cap.
1888 5683 1944 5757 7,

353 5790 477 5851 pag.
510 5774 619 5834 553
635 5775 677 5850 ).

2047 4655 2326 4711 censebat.
2367 4653 2565 4711 Verum
2601 4655 2710 4725 ille,
2735 4656 3187 4731 quemadmodum
3217 4658 3488 4715 Arnobius
3517 4676 3647 4717 nos-

2049 4736 2506 4821 ter/(Arnob.,lib.
2538 4765 2576 4815 ι,
2608 4766 2726 4821 pag.
2748 4750 2823 4820 1),
2856 4765 2925 4803 ne
2955 4765 3012 4805 se
3041 4749 3296 4817 hominis,
3334 4752 3498 4822 impie
3529 4755 3638 4809 Deo

2047 4843 2408 4916 obstrepentis
2431 4885 2447 4909 ,
2479 4843 2807 4899 clamoribus
2834 4845 2978 4899 vinci
3000 4886 3016 4909 ,
3073 4860 3134 4901 ac
3176 4861 3300 4903 cum
3330 4847 3640 4905 Christianis

2048 4952 2210 4994 Causa
2248 4937 2510 4993 cecidisse
2540 4939 2832 5004 diceretur,
2868 4939 3326 4995 demetttissiinam
3360 4942 3507 4996 illius
3556 4950 3639 4997 te-

2050 5033 2355 5093 meritatem
2382 5042 2608 5087 tractatu
2634 5032 2894 5090 adversus
2921 5049 3040 5088 cum
3064 5035 3210 5089 edito
3246 5034 3504 5091 coercuit.
3531 5035 3640 5091 lin-

2046 5130 2200 5199 jusce
2238 5137 2417 5181 autem
2466 5126 2646 5196 operis
2708 5126 2859 5183 initio
2896 5127 2975 5182 sic
3017 5128 3103 5182 ille
3134 5127 3369 5198 loquitur
3411 5147 3425 5183 :
3482 5150 3499 5181 ι
3530 5129 3638 5187 Sed

2050 5222 2193 5278 enim
2224 5236 2345 5275 cum
2377 5221 2522 5275 dicas
2551 5219 2812 5290 plurimos
2828 5224 3086 5293 conqueri
3108 5263 3121 5286 ,
3169 5223 3311 5292 quod
3346 5223 3486 5280 bella
3515 5240 3638 5280 crc-

2050 5312 2202 5369 brius
2229 5320 2472 5383 surgant,
2496 5312 2638 5381 quod
2663 5312 2798 5379 lues,
2830 5313 2969 5383 quod
3002 5314 3169 5368 fames
3195 5315 3439 5382 serviant,
3463 5317 3638 5388 quod-

2047 5418 2154 5476 que
2185 5403 2385 5457 imbres
2418 5410 2472 5455 ct
2504 5400 2713 5473 pluvias
2744 5418 2933 5459 serena
2965 5405 3122 5476 longa
3151 5406 3512 5477 suspendant,
3538 5423 3639 5465 no-

2048 5497 2131 5553 bis
2180 5496 2473 5567 imputari,
2533 5506 2710 5552 tacere
2746 5496 2884 5551 ultra
2934 5513 3038 5553 non
3089 5509 3343 5570 oportet;
3399 5517 3467 5557 ne
3523 5503 3637 5572 jam

2051 5605 2159 5646 non
2182 5589 2551 5657 verecundize,
2605 5589 2697 5645 sed
2726 5589 3017 5648 dilidentite
3047 5606 3169 5650 esse
3199 5593 3448 5665 incipiat,
3490 5596 3638 5666 quod

2051 5692 2295 5741 tacemus
2314 5724 2331 5751 ,
2379 5693 2434 5740 et
2472 5683 2598 5739 dum
2625 5682 3032 5741 criminationes
3060 5688 3456 5743 contemnimus
3485 5688 3637 5747 refu-

2064 5788 2183 5837 tare
2202 5820 2218 5849 ,
2249 5776 2527 5836 videamur
2553 5778 2757 5837 crimen
2787 5794 3103 5853 agnoscere.
3131 5779 3454 5856 Respondes
3478 5785 3647 5856 igitur
