3990 6072
362 178 464 236 457

1601 169 1670 226 ΙΝ
1697 167 2080 239 ARNOBIUM,
2127 170 2281 229 CAP.
2329 171 2412 229 Vl.

3560 170 3666 229 458

355 302 414 350 et
443 290 566 360 tibi,
589 288 954 358 Demea-iane,
975 296 1030 345 et
1047 289 1287 356 caeteris,
1319 301 1455 356 quos
1477 293 1532 344 tu
1564 284 1788 344 forsitan
1817 301 1948 344 eon-
1975 290 2029 350 A
2052 287 2228 358 gionis
2249 288 2556 344 christiana
2582 289 2808 345 exordio
2825 289 2890 344 ad
2909 303 3062 346 suam
3085 305 3256 362 usque
3282 297 3498 346 aetatem
3519 287 3658 344 nihil

357 385 571 453 citasti,
613 393 671 440 et
702 385 966 446 adversus
988 400 1108 451 nos.
1136 383 1258 440 odia
1289 383 1397 440 tuis
1430 382 1711 440 maledicis
1738 383 1958 438 vocibus

355 480 681 540 seminando
701 522 718 546 .
759 481 988 538 comites
1014 480 1108 534 tibi
1138 479 1345 550 plures.
1371 477 1570 536 radicis
1596 487 1756 546 atque
1785 476 1955 546 origi-

363 573 452 632 nis
489 583 598 632 tua:
641 572 998 643 pullulatioue
1035 571 1244 638 fecisti,
1285 586 1421 640 quos
1465 578 1644 628 tamen
1692 569 1957 626 sermonis

363 665 532 724 nostri
567 665 856 722 admittere
904 663 1068 724 credo
1120 665 1408 730 rationem.
1441 683 1460 716 ι
1508 661 1802 735 (Cyprias.
1835 704 1850 729 ,
1886 662 1955 716 ad

365 757 618 822 Danum,
645 774 769 829 pag.
799 757 950 830 186).

435 853 768 925 Augustinus
794 868 958 919 vero,
1003 852 1069 910 de
1111 866 1217 922 quo
1251 866 1354 908 nos
1390 851 1554 921 paulo
1584 858 1710 906 ante
1739 848 1953 906 diceba-

364 961 521 1013 mus,
561 955 748 1016 aperte
785 944 1029 1002 declarat
1053 959 1114 1000 se
1140 944 1387 1002 eamdem
1443 944 1514 998 ob
1555 957 1776 998 causam
1820 958 1952 998 con-

357 1039 644 1109 scripsisse
669 1052 798 1096 snos
826 1037 894 1095 de
923 1037 1151 1094 Civitate
1187 1037 1278 1092 Dei
1310 1037 1510 1102 libros,
1539 1051 1768 1106 quorum
1797 1036 1954 1105 quin-

357 1146 466 1201 que
487 1130 756 1200 prioribus
801 1129 944 1188 hanc
985 1129 1280 1187 inﬁdelium
1325 1127 1598 1183 hominum
1626 1128 1952 1184 Calumniam

361 1223 682 1292 expressius
711 1221 927 1278 refellit.
963 1221 1088 1276 Hteo
1110 1231 1287 1275 autem
1313 1231 1438 1276 Sunt
1467 1218 1686 1274 totidem
1719 1217 1860 1275 illius
1887 1235 1951 1276 ea

361 1321 430 1378 de
456 1335 516 1376 re
541 1319 703 1378 verba
738 1339 752 1376 :
788 1339 806 1376 α
833 1317 1040 1376 Interea
1078 1319 1244 1374 lioma
1290 1317 1591 1374 Gothorum
1618 1303 1950 1384 irruptione,

362 1414 634 1486 agentium
657 1415 760 1470 sub
784 1429 911 1484 rae
940 1414 1175 1479 Alarico,
1197 1423 1360 1483 alque
1391 1412 1592 1480 impetu
1616 1424 1818 1481 magna:
1845 1411 1956 1466 cla—

358 1510 448 1566 dis
475 1523 666 1566 eversa
697 1519 783 1565 est
813 1527 830 1563 :
868 1509 1024 1579 cujus
1059 1509 1400 1566 eversionem
1439 1507 1664 1564 deorum
1699 1507 1954 1562 lalsorum

363 1601 762 1671 multorumque
800 1601 1078 1666 cultores,
1121 1616 1257 1671 quos
1295 1601 1496 1658 usitato
1525 1601 1745 1657 nomine
1787 1615 1956 1670 paga-

2060 392 2253 436 contra
2277 389 2443 436 statas
2457 391 2662 438 naturae
2685 383 2854 453 leges,
2885 398 3061 452 neque
3085 383 3138 438 in
3155 382 3461 446 elementis,
3483 395 3658 451 neque

2061 478 2114 533 in
2145 477 2300 538 solis.
2336 476 2498 540 lunae,
2533 487 2585 531 et
2614 488 2886 533 astrorum
2915 492 3098 541 cursu,
3138 491 3314 547 neque
3339 476 3394 532 in
3426 486 3662 546 quatuor

2057 574 2183 628 anni
2213 574 2645 641 tempestatibus,
2693 588 2867 642 neque
2919 571 2970 626 in
3023 572 3186 628 solita
3237 580 3398 627 terrae
3447 571 3660 626 anima-

2060 664 2299 735 liumque
2319 665 2688 730 fmeunditate,
2711 680 2883 736 neque
2897 666 2948 718 in
2968 663 3199 734 publicis
3219 663 3471 718 humanis
3494 663 3657 718 rebus

2057 768 2112 812 et
2133 757 2436 827 disciplinis
2455 766 2716 814 mutatum
2742 758 2831 812 sit.
2856 757 3055 814 Verum
3076 757 3387 827 superiores
3416 755 3660 826 publicas

2055 849 2393 905 calamitates
2414 891 2428 914 ,
2461 850 2730 908 rhetorica
2763 848 2930 920 ﬁgura
2977 850 3137 919 paulo
3167 849 3392 904 nimium
3420 849 3658 917 amplili-

2057 956 2210 997 casse
2257 944 2502 1010 pluribus
2547 943 2776 999 fortasse
2818 941 3125 1007 videretur,
3174 942 3276 999 nisi
3331 955 3653 1010 persnaSutn

2061 1036 2200 1090 hattd
2230 1037 2390 1092 dubie
2425 1039 2499 1092 illi
2531 1036 2724 1093 fuisset
2751 1038 2934 1102 toties,
2971 1037 3050 1091 uti
3092 1035 3348 1099 diximus,
3376 1036 3658 1105 repetitam

2057 1131 2124 1186 ad
2152 1131 2384 1186 ethnicis
2403 1134 2849 1187 obtrectationem
2876 1142 2953 1186 tot
2973 1131 3236 1201 exemplis
3265 1145 3386 1186 esse
3408 1130 3660 1185 refellen-

2057 1225 2204 1288 dam,
2241 1235 2298 1280 ut
2332 1227 2398 1280 ad
2437 1227 2726 1292 silendum,
2755 1237 2845 1282 aut
2871 1226 3064 1280 saltem
3095 1224 3162 1280 ad
3189 1223 3500 1294 pudendum
3541 1223 3654 1277 adi—

2054 1332 2328 1392 gerentur.
2361 1321 2728 1390 Quamobrem
2779 1320 3146 1375 Tertullianus
3199 1320 3251 1373 in
3295 1318 3452 1387 longa
3493 1317 3655 1372 etiam

2058 1413 2408 1478 earumdem,
2461 1429 2579 1483 quae
2631 1423 2755 1468 ante
2800 1411 3001 1467 Christi
3042 1420 3221 1464 ortum
3277 1409 3656 1479 contigerant,

2065 1504 2301 1560 cladium
2343 1507 2753 1560 enumeratione
2801 1504 2892 1558 diu
2933 1511 3211 1568 versatur,
3255 1515 3356 1556 nec
3395 1513 3554 1554 secus
3597 1514 3662 1554 ac

2062 1611 2246 1654 noster
2271 1609 2458 1654 auctor
2491 1610 2673 1670 postea
2699 1597 2978 1654 concludit
3013 1617 3027 1652 :
3056 1615 3074 1649 t
3111 1597 3165 1651 Si
3196 1597 3450 1666 pristinas
3479 1594 3662 1650 clades

364 1711 464 1752 nos
491 1710 764 1759 vocamus,
799 1696 851 1750 iu
877 1696 1225 1752 cbristiaaam
1259 1696 1574 1766 religionem
1615 1694 1822 1750 relerre
1857 1709 1952 1752 co-
1986 1674 2034 1735 Β
2061 1709 2454 1763 comparemus,
2498 1695 2698 1749 leviora
2743 1709 2884 1748 nunc
2915 1692 3198 1759 accidunt,
3246 1707 3311 1748 ex
3347 1707 3455 1762 quo
3479 1690 3657 1746 chris-

365 1798 595 1856 nantes,
653 1789 814 1846 solito
863 1791 1112 1844 acerbius
1157 1799 1215 1845 et
1262 1790 1498 1844 amarius
1542 1789 1709 1844 Deum
1764 1804 1953 1844 verum

362 1881 740 1952 blasphemus
764 1894 1066 1952 cmperunt.
1121 1881 1268 1938 Unde
1318 1897 1418 1951 ego
1443 1880 1802 1938 exardesceus
1836 1881 1956 1936 zelo

361 1976 562 2032 domus
585 1975 702 2044 Dei,
729 1977 992 2031 adversus
1012 1990 1198 2030 eorum
1224 1975 1690 2046 blasphentiasvel
1715 1989 1953 2042 errores,

361 2067 530 2126 libros
569 2067 642 2124 de
687 2066 923 2124 Civitate
952 2067 1046 2124 Dei
1071 2067 1311 2124 scribere
1341 2067 1664 2124 institui.....
1711 2064 1957 2133 Quorum

357 2161 598 2232 quinque
626 2161 904 2230 primiees
961 2160 1258 2224 refellunt,
1309 2159 1401 2230 qui
1451 2174 1540 2215 res
1586 2159 1850 2214 humanas
1879 2159 1953 2214 ita

363 2255 673 2324 prosperari
711 2253 914 2319 volunt,
947 2264 1003 2308 ut
1027 2252 1095 2308 ad
1123 2252 1231 2308 hoc
1259 2252 1551 2310 multorum
1580 2251 1804 2308 deorum
1834 2253 1957 2306 cul-

360 2353 511 2413 tum,
554 2361 692 2416 quos
737 2345 926 2415 pagani
953 2345 1136 2404 colere
1173 2353 1537 2411 consuerunt,
1589 2345 1955 2404 necessarium

358 2453 483 2498 esse
519 2439 874 2505 arbitrentur,
921 2448 977 2496 et
1002 2437 1124 2506 quia
1153 2437 1493 2506 prohibetur.
1525 2436 1664 2490 mala
1696 2437 1798 2492 ista
1820 2451 1953 2491 exo-

363 2534 480 2601 riri,
517 2543 679 2604 atque
725 2533 1006 2588 abundare
1030 2531 1364 2588 contendunt
1402 2549 1422 2584 ι
1468 2529 1744 2601 (August,
1775 2529 1863 2590 tib.
1891 2545 1952 2597 tt,

360 2625 616 2690 Βαναία,
649 2642 768 2698 cap.
800 2624 916 2698 45).

430 2717 614 2789 Neque
644 2717 939 2789 Augusdno
969 2717 1069 2772 hos
1092 2759 1107 2784 ,
1147 2715 1394 2787 quamvis
1414 2715 1642 2774 eximios
1667 2714 1953 2772 excellen-

361 2823 551 2904 tesque
596 2811 764 2868 libros
809 2809 1111 2866 confecisse
1138 2815 1269 2866 satis
1295 2808 1432 2864 fuit:
1474 2809 1570 2866 sed
1611 2807 1859 2865 Orosium
1887 2807 1955 2863 ad

349 2900 667 2962 scribendos
704 2904 926 2964 exitiales
974 2903 1232 2973 impulit,
1272 2902 1469 2972 quibus
1527 2902 1701 2971 palam
1752 2900 1957 2958 laceret

2062 1789 2238 1842 tiauos
2267 1805 2294 1842 a
2342 1788 2452 1842 Deo
2480 1787 2630 1843 orbis
2674 1789 2901 1857 accepit.
2949 1788 3026 1842 Ex
3066 1802 3133 1841 eo
3162 1786 3308 1846 enim
3349 1784 3662 1840 innocentia

2061 1881 2243 1934 saeculi
2276 1880 2586 1950 iniquitates
2627 1879 2984 1952 temperavit,
3032 1889 3086 1934 et
3138 1879 3523 1948 deprecatores
3569 1877 3664 1931 Dei

2062 1989 2182 2028 esse
2216 1983 2497 2043 cmperunt
2534 1994 2552 2028 ι
2589 1972 2948 2042 (Tertullian.,
2977 1974 3223 2044 Apolog.,
3255 1989 3372 2041 cap.
3406 1971 3521 2042 40).
3554 1970 3666 2027 Sed

2063 2066 2177 2121 haec.
2206 2067 2313 2130 ille,
2359 2067 2426 2122 de
2456 2082 2562 2139 quo
2594 2082 2692 2122 nos
2735 2082 2833 2123 suo
2875 2069 3029 2134 loco,
3083 2068 3251 2123 iusius
3284 2067 3393 2122 alio
3433 2068 3487 2121 in
3524 2053 3663 2122 libro

2057 2164 2402 2232 prosequitur
2427 2161 2620 2236 (Idem,
2655 2163 2744 2218 lib.
2777 2164 2840 2216 de
2867 2161 3060 2230 Pallio,
3089 2179 3204 2236 cap.
3236 2163 3353 2232 27).

2132 2252 2334 2310 Contra
2366 2267 2546 2311 tamen
2576 2256 2903 2326 objiciebant
2932 2255 3176 2314 ethnici:
3204 2273 3226 2308 ο
3256 2254 3652 2311 Pestilentiae.»

2063 2347 2287 2402 Arnobii
2330 2348 2493 2403 verba
2538 2358 2694 2414 sunt,
2736 2368 2754 2399 ι
2805 2359 2857 2402 et
2895 2349 3198 2410 siccitates,
3247 2346 3405 2413 bella,
3445 2345 3660 2417 frugum

2063 2441 2322 2510 inopiam,
2351 2439 2607 2505 locustas,
2644 2455 2848 2505 mures,
2883 2449 2938 2494 et
2961 2439 3272 2510 grandines,
3305 2454 3504 2508 resque
3530 2439 3662 2492 alias

2063 2535 2275 2599 noxias,
2303 2533 2498 2603 quibus
2533 2533 2744 2604 negotia
2791 2533 3140 2588 incursantur
3167 2531 3425 2597 humana,
3453 2531 3526 2585 dii
3557 2530 3658 2584 im-

2060 2639 2298 2697 portant,
2341 2629 2552 2696 injuriis
2595 2629 3017 2684 christianorum
3061 2638 3224 2697 atque
3263 2623 3660 2680 offensionibus

2059 2726 2362 2796 eanperati
2387 2745 2406 2776 ι
2454 2724 2694 2795 (Arnob.,
2734 2723 2822 2777 lib.
2855 2739 2893 2791 ι,
2930 2741 3050 2793 pag.
3077 2723 3154 2792 5).
3216 2720 3322 2777 Sed
3367 2720 3481 2775 haec
3520 2718 3660 2774 ratio

2060 2827 2167 2870 tam
2219 2817 2365 2886 parvi
2420 2817 2661 2886 levisque
2701 2816 2962 2870 momenti
3009 2813 3250 2868 Arnobio
3293 2813 3408 2868 visa
3445 2820 3561 2881 est,
3593 2821 3655 2867 ut

2058 2916 2257 2982 seipsa,
2293 2912 2495 2982 absque
2516 2910 2619 2966 ulla
2651 2909 3040 2976 confutatione,
3065 2923 3321 2963 corruere
3342 2921 3660 2980 persuasum

356 2997 618 3060 mundum
682 2997 934 3059 omnibus
975 2996 1298 3054 surculorum
1375 2996 1624 3051 uitalibus
1649 3039 1666 3063 ,
1726 3006 1782 3052 et
1830 3005 1952 3052 ante
1982 3021 2026 3085 ρ
2061 3006 2285 3060 omnino
2315 3003 2580 3059 habuerit.
2614 3002 2900 3069 Quomodo
2933 3003 3100 3065 enim,
3128 3001 3322 3070 inquit,
3360 2999 3475 3054 haec
3513 2999 3656 3052 cala-

359 3100 535 3148 ortatn
575 3089 928 3150 christianam
976 3090 1291 3160 religionem
1317 3131 1332 3155 ,
1391 3090 1632 3160 publicas
1675 3090 1953 3160 accepisse

358 3184 716 3252 calamitates,
747 3182 1104 3252 hominesque
1138 3184 1517 3242 cornmunihus
1553 3183 1798 3244 cladibus
1846 3185 1951 3240 mi-

355 3277 514 3332 seriis
539 3284 700 3341 atque
727 3275 982 3334 {erumnis
1009 3275 1172 3334 fuisse
1201 3275 1452 3336 afflictos.
1490 3275 1616 3330 limo
1665 3275 1784 3346 ipse
1812 3276 1951 3332 Oro-

351 3369 467 3426 sius
497 3369 550 3422 in
576 3368 924 3428 historiarum
977 3383 1193 3424 suarum
1233 3368 1454 3424 exordio
1482 3367 1740 3438 prznfawr
1765 3409 1780 3436 ,
1829 3383 1953 3439 qua:

356 3461 571 3534 quidem
600 3465 802 3533 integra
837 3462 920 3516 hic
941 3459 1247 3518 describere
1279 3461 1399 3530 quia
1428 3460 1639 3531 longius
1667 3460 1806 3522 foret
1829 3500 1844 3526 ,
1883 3459 1952 3515 ad

357 3555 474 3626 ejus
503 3556 669 3612 libros
693 3598 709 3622 ,
762 3557 1052 3626 quemlibet
1099 3556 1373 3622 curiosum
1424 3555 1747 3612 mittendum
1779 3555 1951 3610 satius

360 3651 630 3708 duximus.
685 3653 829 3708 Ante
873 3652 1118 3706 Orosittm
1174 3659 1356 3704 autem
1419 3657 1475 3703 et
1539 3649 1948 3720 Augustinum,

359 3746 631 3803 Arnobius
653 3756 834 3802 noster
861 3745 915 3802 itt
947 3745 1110 3810 hisce,
1139 3745 1208 3800 de
1230 3745 1424 3815 quibus
1445 3744 1673 3814 agimus,
1705 3743 1857 3800 libris
1883 3742 1952 3799 ad

361 3838 607 3896 eamdem
631 3839 914 3909 gentilium
947 3839 1393 3894 obtrectationem
1438 3838 1592 3908 plane
1633 3839 1954 3908 penitusque

358 3929 783 4000 reprimendant,
829 3931 900 3986 uti
941 3931 1188 4000 superius
1233 3931 1629 3995 attootavitnus,
1661 3945 1950 4002 aggressus

357 4034 462 4082 est.
494 4025 624 4092 Quae
655 4025 832 4095 itaque
869 4033 923 4080 et
947 4040 1108 4094 quam
1139 4023 1312 4078 valida
1341 4023 1451 4080 sint
1476 4022 1594 4094 ejus
1633 4033 1951 4095 argumenta

355 4119 490 4188 jam,
515 4119 559 4172 si
585 4117 801 4185 suubet,
834 4117 1094 4172 videatns.

967 4267 1260 4308 ARTICULUS
1301 4268 1354 4306 11.

356 4389 715 4456 l-IXpenduntur
739 4389 943 4456 singula
956 4388 1170 4456 Arnobii
1184 4395 1468 4456 argumenta
1488 4431 1502 4456 ,

425 4405 715 4454 :penuuntur
739 4405 930 4451 Singula
956 4405 1158 4438 Al‘llODll
1184 4405 1468 4452 argumenta
1488 4431 1502 4456 ,
1563 4405 1710 4446 ulnus
1750 4405 1954 4445 tnsutsas

425 4453 750 4509 ethnicorum,
780 4453 1071 4500 christianos
1098 4453 1396 4515 publicarunt
1424 4405 1638 4503 omnium
1665 4454 1873 4506 i-latlium
1902 4467 1954 4508 et

417 4515 744 4580 calamitatum
779 4527 972 4580 causam
1013 4529 1127 4563 esse
1153 4524 1395 4580 nunquam
1421 4529 1514 4565 non
1555 4518 1952 4580 proclatnantium

423 4578 784 4644 criminationes
805 4576 1022 4626 funditus
1035 4579 1326 4644 _cvertit,Aac
1349 4576 1588 4644 quomodo
1611 4591 1661 4630 ct
1683 4595 1826 4643 quam
1851 4584 1955 4630 evi-

419 4642 596 4688 denter
620 4640 926 4688 demonstret
950 4645 1009 4686 ab
1035 4640 1140 4699 ipso
1163 4640 1437 4688 christiana:
1462 4640 1716 4702 religionis
1741 4645 1948 4692 exordio

422 4705 480 4751 ad
503 4714 638 4768 suam
663 4715 818 4768 usque
840 4709 1038 4768 atatem
1059 4701 1216 4768 ,rnihtl
1240 4710 1406 4752 contra
1429 4701 1579 4752 statas
1603 4712 1788 4753 natura:
1813 4706 1954 4768 leges

419 4780 514 4830 nec
539 4767 588 4830 in
612 4765 755 4818 cosio.
783 4777 875 4814 nec
901 4765 946 4812 in
973 4767 1122 4822 terris
1146 4767 1444 4830 immutatum
1463 4781 1476 4824 ;
1495 4768 1672 4830 sapius
1699 4783 1816 4818 vero
1837 4765 1952 4819 ante

421 4829 791 4878 Christianorum
819 4837 1033 4892 tetttpot‘a
1053 4833 1234 4892 gentes?
1249 4827 1396 4875 fuisse
1417 4831 1540 4875 tame
1561 4827 1820 4882 coitfcctas.
1843 4845 1952 4892 per-

422 4894 732 4955 nit-imosque
757 4890 989 4940 accidissia
1013 4889 1264 4950 grandinis
1299 4902 1440 4938 casus
1457 4927 1468 4944 ,
1494 4892 1682 4940 imbres
1722 4889 1950 4955 lapidum,

417 4957 596 5014 siccata
621 4954 838 5013 flumina,
868 4959 1037 5016 pestes
1062 4955 1430 5012 funestissimas,
1464 4954 1778 5016 consumptas
1795 4969 1821 5004 a
1845 4970 1953 5006 tnu-

419 5019 557 5066 ribus
579 5026 629 5064 et
646 5016 846 5065 locustis
865 5015 1053 5075 fruges,
1077 5015 1312 5063 maximos
1351 5022 1499 5064 terrm
1523 5015 1683 5066 hiatus
1703 5025 1753 5067 ut
1777 5027 1950 5067 motus.

429 5145 654 5201 Fatetur
682 5145 909 5216 ingenue
936 5143 1206 5206 Arnobius
1225 5143 1503 5214 gentilium
1533 5145 1955 5215 argumentatio-

359 5256 482 5304 nem
510 5240 690 5311 gravis
727 5241 884 5309 plane
916 5248 971 5301 et
993 5239 1209 5298 maximi
1238 5254 1360 5296 esse
1387 5240 1646 5302 momenti
1686 5255 1748 5296 ac
1776 5239 1953 5298 chris-

359 5334 535 5398 tiauos
573 5333 714 5394 omni
745 5331 872 5388 odio
915 5330 1214 5396 habendos,
1249 5343 1408 5401 atque
1434 5332 1572 5388 adeo
1602 5333 1948 5402 rejicieudam

361 5433 419 5482 et
443 5423 908 5480 exterminandam
951 5438 1137 5478 eorum
1184 5423 1521 5492 religionem,
1550 5426 1595 5480 si
1641 5427 1738 5495 ipsi
1779 5426 1951 5496 publi-

363 5530 546 5572 corum
571 5517 856 5580 malorum,
886 5517 1359 5587 calantitatnmque
1381 5519 1620 5574 omnium
1651 5535 1811 5574 causa
1835 5519 1950 5577 fue-

364 5611 492 5666 rint.
523 5610 626 5665 Sed
654 5611 756 5666 hoc
776 5608 1128 5672 falsissimum
1151 5625 1272 5665 esse
1303 5611 1425 5666 inde
1443 5613 1674 5682 primum
1699 5613 1950 5671 demenso

369 5713 477 5758 trat
509 5702 750 5772 (At'nob.,
780 5703 872 5756 lib.
912 5719 950 5774 t,
994 5718 1113 5772 pag.
1145 5699 1180 5762 2
1213 5711 1260 5756 et
1299 5701 1377 5770 5),
1408 5704 1549 5776 quod
1579 5705 1649 5761 ab
1679 5705 1794 5777 ipse
1819 5707 1949 5766 reii-

2057 3100 2302 3152 milatum
2319 3097 2531 3151 nomina
2552 3107 2671 3167 post
2688 3095 2994 3149 christiana:
3008 3093 3283 3164 religionis
3302 3091 3660 3162 primordium

2057 3193 2289 3249 ethnicis
2314 3191 2528 3261 cognita
2573 3205 2694 3244 esse
2728 3197 3041 3259 potuerunt,
3085 3188 3185 3240 nisi
3217 3197 3371 3241 antea
3409 3186 3655 3255 contige-

2057 3288 2203 3342 rint?
2233 3285 2298 3340 Et
2328 3294 2477 3342 certe
2503 3299 2596 3340 eas
2619 3300 2807 3340 omnes
2841 3285 2990 3355 prius
3021 3282 3286 3338 accidisse
3313 3299 3379 3337 ex
3411 3283 3655 3351 ipsismet

2056 3380 2370 3436 eorumdem
2402 3377 2744 3434 ethnicorum
2777 3377 3063 3432 annalibus
3094 3375 3499 3430 evidentissimc
3530 3386 3657 3444 pro-

2057 3471 2234 3526 batur.
2269 3471 2422 3540 Quod
2454 3471 2671 3542 quidem
2703 3471 2815 3537 ille,
2855 3469 3306 3541 quemadmodum
3335 3480 3516 3537 postea
3550 3468 3660 3520 Au-

2053 3567 2325 3636 gustinus,
2365 3567 2503 3620 facta
2549 3564 2787 3620 cladium
2838 3564 3052 3618 illarum
3085 3562 3532 3626 enumeratione,
3561 3571 3655 3613 os-

2055 3658 2228 3713 tendit
2259 3658 2528 3731 (August.,
2561 3659 2649 3711 lib.
2685 3673 2738 3710 ttt
2769 3655 2832 3709 de
2869 3655 3046 3721 (linit,
3071 3671 3187 3723 cap.
3222 3654 3311 3720 1⁸1,
3344 3669 3464 3724 pag.
3498 3653 3567 3708 73
3609 3663 3658 3706 et

2053 3752 2215 3824 seqq).
2261 3752 2342 3808 Ab
2381 3753 2576 3806 Oresio
2606 3761 2806 3816 autem,
2843 3761 2900 3804 ut
2932 3750 2983 3803 id
3025 3749 3370 3804 manifestum
3400 3747 3659 3802 omnibus

2058 3846 2229 3909 fieret,
2275 3855 2480 3915 septem
2524 3845 2872 3898 historiarum
2916 3843 3104 3907 libros,
3155 3842 3410 3896 hortante
3462 3840 3657 3896 eodem

2056 3939 2355 4008 Augustino
2380 3937 2556 3992 editos
2588 3935 2752 3989 fuisse
2785 3936 2896 4004 jam
2939 3934 3444 3989 animadvertimus.
3483 3931 3656 4000 Quam

2055 4043 2202 4086 recte
2232 4046 2391 4102 porro
2421 4031 2490 4094 id
2521 4031 2767 4093 Orosius,
2801 4028 3107 4098 probaverit
3145 4043 3172 4079 .1
3204 4027 3392 4091 nobis,
3438 4026 3548 4080 Deo
3578 4024 3655 4079 fa-

2055 4133 2231 4191 vente,
2269 4132 2453 4195 postea
2497 4138 2594 4177 suo
2623 4123 2743 4177 loco
2773 4121 3188 4176 examinabitur.
3218 4117 3437 4174 Interim
3466 4133 3596 4174 vero
3623 4135 3657 4176 a

2056 4218 2210 4273 nobis
2241 4233 2303 4273 ea
2343 4217 2543 4272 clarius
2589 4214 2922 4271 enucleanda
2961 4221 3108 4278 sunt,
3152 4227 3273 4282 qua:
3317 4211 3385 4266 ab
3413 4210 3656 4268 Arnobio

2056 4327 2162 4366 non
2192 4311 2324 4366 satis
2349 4311 2496 4365 clare
2517 4308 2878 4380 explicantur.

1563 4393 1956 4474 μᾲίριιξηῑῑιεειὲεθξ
1981 4405 2036 4466 Ι)
2131 4405 2322 4460 Narrat
2346 4414 2525 4459 autem
2571 4404 2744 4474 primo
2773 4409 2961 4474 gentes
3004 4399 3146 4456 fame
3184 4415 3330 4471 saepe
3357 4399 3653 4456 confectas.

2056 4499 2126 4554 At
2181 4511 2342 4552 nemo
2394 4506 2514 4561 est,
2566 4497 2655 4565 qui
2708 4494 2918 4550 nesciat
2969 4503 3100 4564 quot
3152 4505 3459 4564 quantaque
3509 4493 3656 4548 illius

2057 4592 2300 4660 exempla
2330 4590 2383 4644 in
2414 4590 2695 4660 gentilium
2729 4588 2968 4643 historiis
3010 4598 3318 4644 occurrant.
3370 4589 3544 4642 Pauca
3583 4603 3652 4642 ex

2058 4684 2302 4754 pluribus
2325 4683 2368 4736 si
2397 4682 2487 4736 tibi
2523 4679 2747 4749 proferri
2774 4681 2928 4742 velis,
2955 4694 3017 4733 ea
3044 4696 3162 4750 qua:
3188 4677 3404 4748 Josephi
3429 4679 3657 4747 patriar-

2057 4776 2172 4831 chce
2213 4789 2455 4842 tempore
2497 4773 2616 4836 fuit,
2662 4774 3026 4842 prreterntissa
3072 4771 3304 4843 (Genes.,
3352 4787 3467 4836 cap.
3507 4771 3571 4827 41
3606 4780 3654 4826 et

2054 4868 2212 4940 δρψ),
2245 4883 2308 4922 ex
2341 4867 2492 4922 Livio
2519 4866 2698 4922 disces
2727 4876 2926 4920 tantam
2949 4866 3134 4930 fuisse,
3160 4866 3387 4920 Proculo
3413 4864 3654 4937 Geganio

2058 4960 2348 5024 Macerino,
2381 4967 2436 5016 et
2464 4959 2528 5018 L.
2563 4959 2810 5022 Menenio
2839 4957 3044 5022 Lanato
3089 4958 3421 5024 consulibus,
3453 4959 3651 5014 famem

2055 5054 2371 5126 frugumque
2405 5056 2640 5127 inopiam
2662 5100 2676 5125 ,
2708 5068 2763 5112 ut
2794 5075 2813 5108 ‹
2843 5055 2998 5110 multi
3023 5071 3087 5109 ex
3112 5053 3271 5124 plebe
3303 5069 3398 5124 spe
3423 5055 3645 5123 amissa,

2056 5149 2232 5218 potius
2277 5164 2434 5219 quam
2469 5160 2525 5204 ιιι
2560 5151 2928 5205 cruciarentur
2970 5146 3229 5202 trahendo
3259 5149 3514 5216 animam,
3560 5163 3652 5205 ca-

2058 5243 2256 5312 pitibus
2314 5243 2614 5309 obvolutis,
2660 5259 2719 5299 se
2774 5244 2826 5298 in
2893 5240 3130 5297 Tiberim
3191 5242 3650 5312 praecipitat/crint

2056 5335 2218 5407 (ιδι,
2247 5338 2337 5394 lib.
2358 5355 2434 5406 tv,
2465 5355 2583 5410 cap.
2615 5338 2724 5407 12).
2749 5337 3109 5405 Quamobrem
3139 5340 3362 5410 pulchre
3386 5341 3647 5411 Augusti-

2057 5447 2158 5490 nus
2185 5434 2252 5488 ab
2279 5433 2511 5490 ethnicis
2543 5434 2676 5503 petit
2709 5433 2797 5492 ubi
2828 5443 2954 5494 tunc
2994 5444 3178 5494 essent
3213 5433 3310 5498 dii,
3342 5435 3433 5503 qui
3469 5433 3646 5490 benti-

2054 5525 2210 5585 nibus
2246 5527 2412 5582 cultui
2441 5541 2540 5582 suo
2569 5527 2926 5584 addictissitni
2955 5542 3113 5596 opem
3156 5525 3359 5582 nullam
3408 5527 3650 5582 tulerunt

2055 5617 2320 5689 (August.,
2351 5620 2440 5672 lib.
2474 5635 2529 5673 ιιι
2569 5619 2632 5672 de
2662 5621 2838 5687 Civit.,
2874 5638 2993 5694 cap.
3023 5620 3112 5683 17,
3143 5636 3264 5691 pag.
3305 5615 3420 5688 Ἠ).
3451 5618 3655 5673 Scribit

2053 5726 2273 5785 quoque
2331 5711 2617 5781 Dionysius
2664 5711 3123 5774 Halicarnasseus
3181 5711 3402 5768 alterum
3451 5718 3666 5778 partem
