3990 6072
371 245 471 299 459

1633 241 2096 302 DISSERTATIO
2133 241 2415 299 PRIEVIA

3571 251 3675 306 ΗΟ

371 361 657 426 Μτεοιιιιιη,
692 371 827 416 teste
857 360 1152 426 llerodoto,
1176 374 1298 414 cum
1326 357 1418 414 diu
1441 358 1578 414 fame
1601 358 1960 423 laborassem,
1992 364 2042 419 Λ
2069 366 2186 420 tur.
2220 357 2511 413 humanum
2548 374 2718 430 genus
2762 369 3012 416 usscrunt
3052 373 3114 414 ac
3152 359 3476 432 depopulata
3516 373 3661 418 sunt.

370 469 435 509 ca
481 455 700 509 tandem
729 455 950 508 nimium
981 461 1226 524 urgente,
1271 454 1510 523 paternis
1541 454 1774 509 cessisse
1803 453 1965 524 agris,

367 556 423 603 et
453 547 504 602 in
541 545 811 602 Umbriam
841 545 1054 600 venisse
1073 543 1314 614 (Dionys.
1364 543 1629 612 Halicar.,
1663 545 1752 599 lib.
1779 561 1797 599 1
1823 545 1972 598 Anti-

365 639 495 709 quit.
527 655 681 704 rom.,
716 653 838 707 pag.
876 634 992 706 21).
1032 635 1308 706 Denique,
1347 645 1404 690 ut
1443 636 1596 706 plura
1648 636 1964 703 mittamus,

370 737 426 791 in
451 736 758 791 Eusebiano
783 731 1044 789 chronico
1057 733 1122 788 ad
1146 748 1346 788 annum
1375 732 1538 798 2022,
1562 743 1616 789 et
1645 742 1764 800 post
1785 741 1963 787 ortum

369 828 572 883 Christi
611 834 860 880 octavum
891 833 1128 892 notatur,
1158 843 1176 876 ‹
1220 824 1409 898 fames,
1444 824 1614 880 Rome
1649 825 1743 890 ita,
1778 825 1967 894 ingens

373 921 534 986 facta,
567 927 625 973 ut
659 918 897 988 quinque
927 916 1092 972 modii
1126 916 1493 972 venderentur
1521 916 1760 972 denariis
1788 929 1964 982 xxvu,

371 1014 556 1068 semis.
602 1031 620 1062 1
671 1008 826 1065 Tunc
867 1019 1045 1064 autem
1087 1009 1507 1064 christianorum
1552 1023 1748 1064 nomen
1793 1023 1968 1080 neque

370 1104 467 1167 ibi,
503 1117 678 1173 neque
697 1102 826 1156 alibi
851 1100 1090 1155 auditum
1121 1099 1297 1154 adhuc
1325 1099 1521 1154 fuerat.

444 1194 940 1266 Frcquentissimos
995 1192 1189 1248 deinde
1243 1192 1521 1263 grandinis
1566 1207 1752 1257 casus,
1809 1200 1970 1262 atque

367 1291 528 1346 etiam
554 1303 745 1344 saxeos
772 1287 970 1341 imbres
993 1294 1150 1340 antea
1177 1284 1436 1340 accidisse
1463 1283 1651 1354 objicit
1675 1282 1968 1338 Arnobius.

369 1381 438 1436 Et
463 1393 608 1436 certe
635 1379 889 1434 Horatius
925 1377 1124 1432 multas
1150 1385 1522 1447 tempestates,
1559 1391 1622 1431 ac
1653 1377 1967 1432 nominatim

369 1475 500 1530 dirm
550 1489 769 1544 prorsus
808 1473 1086 1544 grandinis
1124 1488 1230 1527 non
1276 1473 1330 1527 in
1374 1473 1828 1539 christianorum,
1873 1472 1968 1529 sed

371 1567 594 1622 occisia
638 1566 930 1636 gentilibus
973 1565 1201 1620 Caesaris
1242 1565 1560 1631 vindictam,
1607 1567 1683 1620 uti
1725 1565 1966 1636 putabat,

375 1661 596 1716 obortas
627 1659 708 1714 his
733 1659 932 1716 cecinit
957 1658 1201 1714 versibus
1236 1678 1249 1714 :

584 1794 690 1842 Jam
716 1796 834 1842 satis
857 1794 1004 1842 terris
1024 1793 1151 1855 nivis
1176 1799 1324 1855 atque
1346 1793 1467 1842 dirae

589 1857 848 1905 Grandinis
869 1855 1003 1904 misit
1024 1854 1196 1913 Pater,
1224 1854 1278 1904 et
1314 1856 1529 1904 rubente

591 1918 815 1968 Dextera
838 1929 1001 1966 sacras
1017 1917 1259 1977 jaculatus
1282 1929 1422 1966 arces

863 1979 1067 2030 Terruit
1090 1981 1281 2040 orbem,
1311 1985 1410 2028 etc.

1272 2063 1493 2125 (Horat.,
1522 2062 1606 2114 lib.
1631 2080 1666 2126 ι,
1693 2063 1773 2114 od.
1799 2062 1872 2128 2.)

447 2192 656 2250 Deinde
692 2208 821 2248 vero
849 2193 1119 2248 Arnobius
1151 2211 1166 2248 :
1209 2211 1227 2244 ‹
1261 2192 1322 2247 In
1348 2192 1543 2248 litteris
1568 2193 1779 2265 priscis,
1823 2213 1841 2245 1
1887 2193 1968 2248 in-

369 2289 508 2361 quit,
548 2309 565 2340 (
599 2284 1050 2356 comprehensum
1096 2293 1150 2340 et
1176 2284 1536 2354 compositum
1578 2285 1822 2340 videmus
1863 2286 1966 2340 im-

368 2384 496 2437 bres
524 2392 715 2434 saxeos
758 2386 895 2432 totas
925 2392 1066 2446 saepe
1091 2376 1479 2432 comminuisse
1510 2377 1757 2448 regiones
1790 2397 1810 2427 1
1847 2376 1968 2446 (Ar-

368 2477 514 2540 uob.,
545 2475 635 2530 lib.
664 2491 702 2539 1,
731 2492 850 2545 pag.
883 2475 961 2544 4).
987 2475 1054 2528 At
1083 2473 1315 2544 lapidum
1350 2474 1550 2530 imbres
1573 2483 1699 2528 ante
1725 2472 1970 2528 christia-

372 2583 564 2622 norum
621 2577 866 2637 tempora
930 2576 1198 2621 memorat
1248 2565 1438 2621 Cicero
1491 2585 1504 2621 :
1563 2584 1580 2617 ‹
1658 2565 1796 2633 Quid
1844 2580 1966 2621 cum

371 2676 535 2730 saepe,
580 2680 597 2712 1
629 2660 703 2713 ait
735 2660 844 2725 ille,
880 2676 898 2709 ι
939 2658 1202 2729 lapidum,
1237 2659 1516 2729 sanguinis
1552 2673 1964 2728 nonnunquam,

369 2764 530 2808 terra:
577 2751 882 2818 interdum,
925 2752 1195 2822 quondam
1244 2752 1405 2808 etiam
1455 2752 1610 2808 lactis
1656 2751 1832 2806 imber
1871 2751 1970 2807 de-

367 2845 520 2900 ﬂuxit
558 2863 576 2896 1
609 2842 770 2915 (Cic.,
819 2843 908 2897 lib.
951 2859 987 2898 11
1027 2843 1089 2898 de
1117 2841 1379 2909 Divinat.,
1425 2861 1546 2914 pag.
1593 2841 1745 2914 271).
1788 2840 1970 2897 Livius

367 2947 547 2993 autem
576 2946 756 2990 narrat
786 2945 909 3004 post
934 2936 1271 2990 Cannensem
1301 2933 1512 2990 cladem
1543 2933 1744 3005 pluisse
1773 2931 1966 3004 lapidi-

368 3033 470 3088 bus
501 3051 513 3086 :
552 3051 570 3083 ι
604 3029 997 3100 Tempestatcs,
1031 3050 1050 3083 1
1092 3030 1283 3100 inquit,
1321 3050 1338 3081 ‹
1373 3028 1531 3086 fteda:
1573 3029 1741 3085 fuere.
1775 3028 1832 3083 In
1869 3028 1966 3083 Al-

371 3125 515 3181 bano
568 3133 752 3180 monte
803 3123 1025 3180 biduum
1067 3125 1409 3180 continenter
1463 3123 1730 3194 lapidibus
1782 3123 1964 3194 pluit:

367 3229 508 3274 tacta
545 3218 612 3273 de
645 3217 784 3274 caelo
811 3218 999 3284 multa,
1029 3217 1147 3272 duae
1187 3219 1239 3273 in
1279 3217 1539 3288 Capitolio
1567 3217 1728 3285 ardes,
1765 3218 1964 3272 vallum

367 3315 424 3368 in
455 3313 646 3368 castris
673 3311 854 3366 multis
873 3311 1005 3366 locis
1025 3327 1186 3382 supra
1208 3311 1541 3375 Suessulam,
1571 3322 1626 3366 et
1646 3311 1753 3365 duo
1776 3311 1966 3381 vigiles

368 3405 659 3460 exanimati
703 3423 718 3457 :
773 3420 960 3459 murus
1006 3413 1289 3474 turresque
1332 3403 1578 3474 quaedam
1620 3400 1805 3457 Cumis
1855 3418 1962 3456 non

366 3499 476 3554 icte
523 3498 684 3554 modo
741 3499 1082 3565 fulminibus,
1129 3497 1227 3553 sed
1287 3498 1448 3553 etiam
1497 3497 1742 3552 decussa.
1796 3496 1966 3553 Reate

367 3611 556 3652 saxum
589 3598 778 3668 ingens
817 3597 985 3651 visum
1014 3597 1274 3662 volitare;
1309 3594 1402 3651 Sol
1433 3596 1630 3650 rubere
1657 3593 1814 3650 solito
1844 3609 1962 3649 ma-

364 3693 468 3760 gis,
498 3692 898 3761 sanguineoque
953 3690 1143 3746 similis
1180 3708 1199 3740 1
1252 3687 1413 3759 (Liu.,
1444 3688 1533 3741 lib.
1561 3703 1692 3752 xxv,
1720 3705 1837 3758 cap.
1880 3685 1960 3752 7).

365 3782 645 3838 Testatum
687 3798 901 3852 quoque
941 3781 1066 3836 facit
1105 3782 1378 3850 inspectos
1402 3777 1750 3851 :Sybillarum
1794 3779 1961 3835 libros

366 3883 589 3946 pmpter
609 3875 851 3931 crebrius
873 3890 979 3929 uno
1001 3872 1301 3943 eodemque
1330 3885 1470 3926 anno
1495 3869 1562 3926 de
1587 3869 1727 3926 caelo
1755 3870 1960 3940 lapida-

363 3975 500 4022 tum.
525 3966 691 4022 Paulo
711 3975 870 4022 antea
898 3965 1115 4020 dixerat
1140 3963 1336 4018 factum
1378 3962 1697 4019 novendiale
1720 3977 1956 4030 sacrum,

365 4067 651 4130 propterea
677 4057 820 4130 quod
858 4057 926 4113 de
955 4057 1095 4112 coelo
1135 4054 1426 4125 lapidatum
1464 4054 1674 4110 fuisset.
1718 4055 1876 4110 Plura
1915 4055 1961 4110 si

363 4152 520 4220 velis,
544 4151 629 4206 adi
659 4151 950 4217 Tibullum,
977 4149 1248 4205 Valerium
1271 4148 1585 4215 Maximum,
1617 4148 1954 4213 Strabonem,

364 4245 636 4311 Solinum,
676 4255 732 4300 et
766 4246 1013 4314 Salmasii
1054 4245 1108 4300 in
1150 4244 1307 4314 hujus
1355 4244 1549 4299 librum
1582 4245 1961 4300 annotatioues

270 4357 282 4372 ·
363 4339 586 4411 (Idem,
619 4339 708 4392 lib.
739 4355 895 4403 xxix,
937 4355 1058 4408 cap:
1087 4339 1185 4402 lt);
1214 4337 1435 4402 Tibull.,
1487 4337 1575 4391 lib.
1610 4353 1678 4401 11,
1728 4337 1856 4406 eleg.
1903 4337 1956 4404 5,
1985 4323 2040 4383 1)

362 4449 496 4488 vers.
531 4433 634 4499 68;
676 4431 850 4486 Valer.
881 4431 1055 4492 Max..
1083 4432 1172 4485 lib.
1205 4448 1242 4496 1,
1269 4448 1386 4500 cap.
1410 4429 1464 4498 6,
1498 4429 1612 4502 §5;
1638 4430 1840 4495 Slrab.,
1869 4429 1956 4485 lib.

361 4541 422 4581 ιν
446 4525 662 4597 ϐεοῃτη
687 4541 808 4596 pag.
834 4523 904 4579 82
929 4535 973 4577 et
999 4539 1162 4595 seqq.;
1190 4523 1388 4590 Solim,
1417 4540 1537 4594 cap.
1563 4522 1618 4589 2,
1651 4540 1768 4594 pag.
1797 4521 1910 4596 12).

436 4620 519 4674 Ad
551 4618 666 4675 bare
694 4634 824 4674 vero
849 4617 1036 4673 scribit
1059 4627 1248 4673 auctor
1274 4627 1459 4673 noster
1491 4635 1504 4672 :
1541 4636 1559 4668 ‹
1596 4617 1842 4672 Flumina
1874 4617 1960 4672 in-

362 4718 542 4790 gentia
572 4716 997 4773 limisinaruisse
1016 4715 1260 4772 siccati51
1293 4717 1532 4786 (Aruob.,
1554 4715 1643 4770 lib.
1668 4732 1725 4782 ιι,
1743 4714 1954 4787 pag.4).

361 4811 515 4879 Quod
545 4827 673 4868 sane
705 4819 902 4884 praeter
926 4811 1062 4867 alios
1097 4809 1350 4882 Virgilius
1393 4810 1480 4866 his
1522 4808 1808 4866 conﬁrmat
1839 4824 1958 4866 car-

362 4905 601 4966 minibus
627 4925 640 4961 :

1045 5041 1229 5092 Videas
1256 5046 1309 5090 et
1330 5042 1528 5090 ﬂumina
1552 5042 1701 5100 sicca,

456 5106 579 5157 Aret
600 5117 739 5168 ager,
767 5107 888 5156 vitio
909 5106 1126 5155 moriens
1145 5105 1250 5154 sitit
1272 5105 1403 5154 aeris
1434 5103 1608 5153 herba.

889 5185 1116 5253 (Virgil.,
1143 5184 1310 5252 Eclog.
1331 5187 1381 5247 7,
1407 5198 1532 5237 vers.
1555 5187 1616 5237 56
1639 5193 1683 5236 el
1704 5189 1860 5252 seqq.)
1921 5205 1952 5232 .:

360 5315 616 5372 Nostrum
643 5323 822 5369 autem
869 5315 934 5370 ad
978 5315 1314 5387 propositum
1358 5313 1489 5369 illud
1532 5314 1766 5369 maxime
1802 5312 1951 5380 facit,

357 5408 504 5481 quod
532 5409 736 5464 Seneca
764 5422 871 5463 non
899 5407 1311 5466 cbristianorum
1356 5408 1648 5478 impietati,
1695 5409 1956 5478 quemad-

360 5503 582 5560 modum
606 5502 694 5557 alii
724 5495 1067 5572 e:hnici,”sed
1095 5504 1426 5560 naturalibus
1457 5502 1635 5559 causis
1671 5502 1954 5560 ﬂuminum

363 5596 588 5653 ascribit
631 5596 929 5653 siccitatem
989 5595 1218 5664 (Senem,
1249 5598 1341 5652 lib.
1367 5613 1425 5653 ιιι
1465 5596 1717 5652 Natural.
1743 5607 1949 5667 quassu,

359 5705 477 5760 cap.
507 5690 576 5744 10
596 5697 642 5742 et
666 5706 801 5759 seqq.
838 5706 956 5761 pag.
983 5688 1134 5758 450).

358 5811 369 5827 -
435 5783 763 5840 Pestilentiae
788 5783 949 5840 etiam
975 5782 1248 5855 contagia,
1278 5782 1436 5842 sicuti
1465 5784 1740 5843 Arnobius
1776 5784 1952 5856 loqui-

2073 450 2288 523 (Arnob.
2321 452 2420 506 loc.
2442 453 2580 524 cit.).
2613 453 2746 520 Quis
2770 463 2972 516 autem,
3015 454 3210 509 amabo
3237 464 3309 519 te,
3337 454 3389 508 id
3417 455 3666 526 ignorare

2073 551 2268 612 potest,
2294 545 2386 615 qui
2416 548 2674 601 extremis
2701 545 2881 617 digitis
2913 557 3156 603 veterum
3184 548 3478 603 Auctorum
3507 547 3664 614 Livii,

2071 636 2310 701 Eusebii,
2344 638 2540 705 Orosil,
2589 639 2926 712 aliorumque
2970 641 3169 711 scripta
3219 640 3503 712 attigerit?
3553 640 3665 697 Au-

2070 731 2318 800 gustinus
2341 746 2556 802 quoque
2581 731 2773 789 eadem
2805 732 3217 804 argumentandi
3240 733 3448 789 ratione
3474 735 3670 804 premit

2069 823 2341 892 ethnicos,
2376 825 2662 896 pluresque
2692 841 2757 882 ex
2791 827 2956 882 citato
2984 841 3016 881 a
3048 825 3205 882 nobis
3235 826 3386 882 Livio
3406 827 3665 897 pestilen-

2070 916 2174 972 tias
2206 916 2314 972 illis
2337 918 2546 988 objicit.
2573 919 2684 975 Nec
2707 920 2866 990 paulo
2897 919 3086 975 leviori
3111 920 3334 976 brachio
3359 921 3523 977 telum
3557 921 3662 978 hoc

2071 1010 2125 1064 in
2153 1025 2248 1065 eos
2277 1011 2474 1066 vibrari
2505 1021 2678 1082 potest
2705 1029 2772 1068 ex
2800 1015 3046 1084 proxime
3069 1014 3288 1069 laudato
3309 1015 3535 1081 Seneca,
3569 1017 3661 1086 qui

2070 1102 2372 1158 naturalem
2402 1119 2617 1175 quoque
2645 1106 2830 1174 'peslis
2863 1107 3128 1162 rationem
3169 1107 3396 1162 reddere
3438 1116 3666 1163 conatur

2075 1194 2236 1267 (Liu.,
2268 1197 2358 1251 lib.
2395 1214 2433 1264 1,
2468 1213 2587 1268 cap.
2621 1199 2712 1265 51,
2739 1199 2827 1253 lib.
2858 1215 2937 1266 ιιι,
2964 1217 3018 1270 ρ.
3049 1200 3118 1266 6;
3143 1199 3356 1266 Euseb.,
3378 1201 3432 1254 in
3461 1200 3667 1264 claram;

2077 1289 2274 1356 0rosi.,
2302 1290 2393 1344 lib.
2428 1293 2486 1357 ll,
2513 1308 2628 1362 cap.
2652 1293 2740 1357 12,
2768 1294 2856 1359 15,
2885 1304 3010 1359 etc.;
3033 1294 3274 1365 August.,
3293 1294 3382 1348 lib.
3411 1309 3462 1348 ιιι
3494 1294 3558 1348 de
3581 1292 3666 1348 Ci-

2041 1385 2184 1449 .vit.,
2215 1401 2331 1454 cap.
2363 1386 2450 1452 17,
2475 1402 2596 1458 pag.
2627 1387 2715 1454 7L,
2761 1399 2810 1442 et
2848 1404 2966 1460 cap.
3013 1389 3104 1451 51,
3148 1405 3271 1461 pag.
3309 1390 3410 1454 88;
3457 1387 3663 1457 Scaea,

2071 1477 2161 1532 lib.
2187 1493 2262 1531 v11
2285 1477 2533 1533 Natural.
2559 1489 2765 1550 quiest,
2784 1497 2902 1550 cap.
2929 1479 2998 1534 27
3021 1491 3069 1535 et
3096 1480 3188 1547 28,
3219 1498 3339 1553 pag.
3365 1481 3524 1551 465).

2144 1569 2415 1626 Praaterea
2444 1581 2601 1642 urget
2627 1583 2818 1628 auctor
2841 1583 3029 1630 noster
3051 1590 3082 1629 a
3113 1575 3336 1631 locustis
3351 1583 3406 1630 et
3423 1573 3662 1630 muribus

1997 1677 2232 1743 Bomne
2271 1663 2487 1734 frugum
2531 1680 2705 1736 genus
2751 1681 3032 1723 corrosum
3077 1676 3238 1738 atque
3283 1677 3663 1737 consumptum

2069 1754 2312 1827 (Arnob.,
2344 1756 2432 1810 lib.
2463 1774 2503 1824 1,
2533 1774 2654 1829 pag.
2683 1757 2763 1828 1).
2784 1758 3000 1814 ALivio
3029 1770 3206 1815 autem
3238 1761 3514 1815 memoriae
3540 1775 3667 1832 pro-

2069 1847 2242 1904 ditum
2269 1849 2496 1922 legimus
2522 1860 2698 1906 tantas
2727 1865 2756 1905 a
2786 1853 2919 1906 mari
2951 1852 3281 1908 locustarum
3310 1854 3478 1909 nubes
3499 1863 3663 1908 vento

2070 1941 2124 1996 in
2150 1943 2397 2013 Apuliam
2429 1955 2653 2015 repente
2683 1944 2862 2000 illatas
2882 1987 2898 2013 ,
2927 1954 2986 2000 ut
3012 1947 3352 2001 examinibus
3373 1945 3487 2010 suis
3502 1960 3664 2016 agros

2069 2034 2177 2090 late
2205 2037 2538 2108 operuerint,
2560 2047 2721 2109 atque
2749 2039 2816 2094 ad
2846 2053 2964 2094 eam
2997 2037 3206 2111 frugum
3232 2047 3438 2110 pestem
3465 2039 3662 2094 tollen-

2072 2130 2198 2186 dam
2232 2133 2456 2188 missum
2485 2131 2654 2189 fuisse
2681 2133 2744 2188 C.
2774 2133 3039 2190 Licinium
3080 2144 3369 2204 praetorem
3410 2131 3662 2204 designa-

2068 2237 2182 2282 tum
2216 2225 2375 2296 (Liu.,
2421 2227 2510 2282 lib.
2541 2243 2670 2294 χιιι,
2717 2245 2834 2298 cap.
2868 2229 2966 2295 l0,
3013 2237 3061 2282 et
3099 2227 3189 2282 lib.
3238 2243 3346 2282 xxx
3371 2267 3388 2294 ,
3428 2243 3545 2297 cap.
3575 2226 3658 2296 2).

2071 2321 2264 2377 Narrat
2291 2323 2507 2394 insuper
2527 2323 2670 2378 circa
2691 2322 2926 2393 Capuam
2948 2339 3162 2379 omnem
3181 2339 3366 2394 agrum
3388 2322 3660 2395 oppletum

2071 2415 2178 2470 alia
2198 2416 2401 2486 ingenti
2429 2416 2741 2472 earumdem
2762 2418 3118 2473 locustrarum
3147 2417 3509 2487 multitudine,
3533 2432 3665 2488 quas

2071 2509 2292 2580 quidem
2324 2511 2465 2565 unde
2492 2510 2838 2566 advenissent
2868 2527 3058 2582 parum
3083 2512 3384 2567 constabat.
3431 2511 3536 2568 Sed
3566 2527 3662 2567 au-

2071 2603 2303 2659 diendus
2348 2615 2432 2660 est
2473 2607 2825 2676 Augustinus,
2853 2605 2943 2676 qui
2981 2619 3047 2661 ex
3077 2605 3177 2660 hac
3213 2605 3567 2673 locustarum,
3599 2621 3662 2662 ac

2073 2698 2343 2767 superiori
2373 2699 2538 2768 pestis
2558 2700 2860 2754 calamitate
2883 2699 3074 2754 eodem
3099 2701 3274 2770 plane,
3305 2709 3468 2770 atque
3488 2702 3664 2754 Arno—

2073 2791 2214 2856 bius,
2245 2791 2408 2848 modo
2434 2801 2620 2847 contra
2663 2793 2891 2861 gentiles
2921 2801 3330 2864 argumentatur
3359 2811 3371 2846 :
3411 2811 3430 2841 σ
3463 2791 3664 2848 Locus-

2074 2895 2247 2948 tarum
2282 2887 2335 2942 in
2377 2887 2587 2951 Africa,
2623 2906 2642 2939 1
2680 2887 2872 2958 inquit,
2927 2907 2945 2938 ι
2997 2887 3394 2942 multitudinem
3429 2887 3656 2962 prpdigii

1991 3001 2037 3064 ρ
2072 2979 2302 3035 similem
2327 2979 2511 3047 fuisse,
2537 2995 2658 3034 cum
2681 2979 2792 3050 jam
2817 2989 2962 3035 esset
2983 2981 3163 3050 populi
3188 2980 3414 3036 Romani
3443 2979 3660 3051 provin-

2071 3073 2175 3136 cia,
2208 3072 2402 3128 litteris
2425 3071 2816 3129 mondaverunt
2841 3090 2857 3128 z
2882 3073 3215 3144 consumptis
3251 3074 3397 3128 enim
3419 3071 3661 3143 frugibus

2071 3166 2321 3238 foliisque
2354 3167 2622 3238 lignorum
2668 3167 2890 3238 ingenti,
2921 3177 3082 3238 atque
3124 3166 3487 3222 intestimabili
3517 3165 3660 3222 nube

2071 3262 2126 3316 in
2157 3276 2306 3316 mare
2327 3260 2516 3316 dicunt
2539 3276 2661 3317 esse
2681 3260 2964 3332 dejectam.
2987 3259 3100 3326 Qua
3115 3269 3323 3314 mortua
3344 3259 3660 3330 redditaque

2070 3353 2357 3419 littoribus,
2405 3364 2566 3426 atque
2609 3355 2732 3410 hinc
2763 3370 2888 3411 aere
2916 3363 3199 3425 corrupto,
3248 3363 3450 3408 tantam
3483 3363 3656 3408 ortam

2067 3449 2452 3518 pestilentiam,
2489 3458 2549 3503 ut
2589 3450 2641 3504 in
2674 3450 2792 3504 solo
2819 3465 2986 3520 regno
3009 3448 3325 3512 Masinissa,
3352 3449 3658 3518 octingenta

2066 3541 2342 3597 hominum
2373 3541 2536 3596 millia
2561 3543 2789 3614 periisse
2809 3543 3134 3605 referantur,
3162 3552 3215 3596 et
3238 3540 3406 3595 multo
3428 3541 3658 3610 amplius

2066 3633 2122 3688 in
2153 3633 2314 3689 terris
2344 3633 2612 3690 littoribus
2661 3633 2992 3705 proximis...
3024 3633 3174 3688 Talis
3203 3633 3383 3702 itaque
3423 3633 3654 3697 vanitas,

2064 3727 2279 3798 qualem
2302 3728 2547 3792 ferimus,
2575 3729 2732 3798 eique
2753 3728 3086 3798 respondere
3108 3727 3507 3797 compellimur,
3535 3727 3659 3797 quis

2065 3823 2258 3880 horum
2287 3838 2394 3879 non
2435 3824 2743 3879 christiana:
2773 3823 3016 3894 religioni
3047 3823 3336 3885 tribueret,
3371 3824 3413 3877 si
3454 3832 3660 3893 tempo-

2064 3916 2216 3971 ribus
2240 3915 2545 3971 chriSIianis
2576 3915 2803 3970 videret.
2834 3937 2852 3968 1
2879 3916 3147 3987 (August,
3176 3915 3268 3970 lib.
3300 3931 3359 3970 111
3389 3915 3454 3970 de
3481 3914 3657 3978 Civit.,

2065 4024 2184 4078 cap.
2213 4009 2303 4076 51,
2333 4025 2451 4080 pag.
2483 4007 2600 4080 88).
2643 4008 2845 4064 Eadem
2880 4008 3029 4063 hisce
3065 4008 3133 4064 de
3165 4009 3388 4064 locustis
3429 4008 3662 4078 prodidit

2065 4100 2313 4168 Orosius,
2344 4117 2504 4173 quem
2544 4101 2790 4169 consule,
2839 4102 2978 4156 sicut
3015 4112 3068 4156 et
3095 4102 3162 4157 de
3193 4103 3312 4156 aliis
3345 4100 3654 4156 Cornelium

2064 4196 2330 4261 Tacitum,
2375 4206 2535 4268 atque
2573 4197 2734 4252 etiam
2775 4196 3122 4263 Bocbartum,
3163 4195 3254 4265 qui
3288 4195 3435 4266 plura
3481 4194 3549 4248 de
3580 4194 3657 4248 lo—

2063 4289 2230 4344 custis
2272 4287 2512 4358 disputat
2557 4287 2757 4359 (0ros.,
2785 4286 2875 4342 lib.
2905 4305 2959 4351 v,
2990 4303 3107 4358 cap.
3141 4289 3229 4351 ll;
3267 4286 3422 4342 Corn.
3466 4285 3656 4350 Tacit.,

2065 4381 2156 4436 lib.
2187 4398 2277 4446 xv,
2304 4392 2414 4450 post
2439 4381 2666 4446 initium;
2698 4382 2964 4450 Bochart.,
2995 4381 3082 4435 lib.
3121 4397 3175 4435 tv
3201 4383 3263 4437 de
3286 4398 3422 4438 sacr.
3457 4379 3652 4452 Script.

2064 4478 2246 4541 anim.,
2275 4492 2390 4545 cap.
2423 4477 2449 4529 1
2478 4482 2528 4530 et
2555 4492 2692 4546 seqq.
2719 4476 2760 4548 ).

2135 4567 2486 4638 Prosequitur
2517 4566 2787 4623 Arnobius
2815 4568 2928 4637 (lib.
2958 4587 2998 4632 1,
3032 4585 3150 4640 pag.
3184 4569 3265 4641 4),
3292 4580 3348 4624 et
3377 4568 3528 4625 addit
3555 4585 3648 4625 ur-

2064 4659 2162 4716 bes
2209 4668 2370 4731 atque
2420 4660 2668 4716 civitates
2713 4661 3054 4717 tremefaclas
3101 4661 3448 4717 validissimis
3496 4672 3652 4718 terrae

2061 4753 2320 4817 motibus,
2345 4765 2399 4810 et
2420 4755 2669 4810 maximis
2695 4755 2811 4824 ejus
2843 4755 3076 4812 hiatibus
3101 4756 3447 4826 interceptas.
3471 4755 3652 4813 Testis

2059 4846 2256 4902 borum
2287 4847 2443 4902 nobis
2462 4858 2546 4903 est
2571 4848 2798 4914 Plinius,
2827 4849 2918 4920 qui
2951 4847 3021 4904 de
3051 4850 3285 4906 motibus
3323 4860 3483 4908 terra:
3509 4851 3653 4908 hunc

2057 4941 2250 4997 scribit
2280 4941 2332 4996 in
2357 4941 2575 4996 modum
2605 4960 2620 4996 :
2657 4960 2677 4994 ‹
2714 4941 2892 4997 Motus
2921 4951 3078 4998 terra:
3100 4943 3383 5011 sileantur,
3412 4953 3468 5000 et
3497 4944 3654 5016 quid-

2057 5033 2185 5104 quid
2225 5044 2343 5101 est,
2393 5033 2482 5089 ubi
2521 5035 2713 5090 saltem
2760 5035 2914 5090 busta
2966 5035 3176 5091 urbium
3227 5047 3442 5092 exstant
3493 5038 3652 5094 simul

2057 5141 2122 5182 ac
2152 5135 2309 5182 terra:
2337 5127 2592 5183 miracula
2623 5127 2800 5199 potius
2824 5128 3090 5191 dicamus,
3121 5145 3280 5200 quam
3311 5129 3518 5186 scelera
3549 5146 3648 5187 na-

2058 5227 2192 5275 tura:
2227 5239 2247 5272 1
2283 5218 2477 5291 (Plin.,
2503 5220 2591 5274 lib.
2627 5237 2661 5275 ιι
2687 5219 2853 5289 Hist.,
2877 5232 3072 5288 natur.,
3096 5238 3212 5292 cap.
3235 5221 3324 5284 92,
3347 5240 3465 5294 pag.
3496 5223 3649 5298 259),

2057 5311 2228 5368 multo
2249 5311 2425 5367 minus
2458 5313 2896 5380 christianorum,
2938 5323 2998 5369 ut
3043 5323 3190 5370 recte
3233 5323 3422 5370 auctor
3463 5323 3650 5373 noster

2055 5405 2248 5476 arguit.
2291 5404 2447 5460 Prius
2488 5422 2619 5462 vero
2658 5407 2800 5462 idem
2851 5407 3054 5462 Plinius
3094 5407 3163 5463 de
3213 5418 3444 5479 utroque
3488 5420 3646 5466 terra:

2054 5507 2206 5553 motu
2230 5506 2285 5554 et
2312 5497 2459 5553 hiatu
2489 5519 2501 5554 :
2534 5518 2552 5552 ι
2590 5498 2751 5555 Varie
2779 5510 2919 5555 terra
2960 5501 3222 5572 quatitur,
3260 5519 3280 5553 1
3314 5501 3506 5572 inquit,
3544 5521 3561 5552 ‹
3593 5513 3648 5558 et

2054 5592 2189 5647 mira
2228 5589 2459 5646 eduntur
2479 5607 2664 5663 opera,
2695 5593 2821 5647 alibi
2862 5595 3150 5663 prostratis
3186 5595 3475 5656 moenibus,
3514 5595 3647 5650 alibi

2055 5686 2320 5759 profunde
2351 5687 2496 5745 hiatu
2519 5688 2724 5745 haustis
2765 5710 2784 5743 1
2819 5689 3011 5761 (Idem.
3059 5693 3234 5748 eodem
3275 5693 3389 5756 lib.,
3428 5709 3545 5762 cap.
3577 5694 3648 5748 79

2054 5791 2104 5839 et
2121 5783 2212 5853 80,
2244 5799 2363 5857 pag.
2395 5783 2495 5841 251
2527 5795 2575 5842 et
2603 5787 2785 5858 δείνῳ).
2808 5786 2982 5857 Atque
3003 5788 3074 5843 ibi
3101 5787 3168 5844 de
3194 5787 3303 5844 illis
3325 5787 3501 5858 plura,
3525 5802 3647 5860 qum
