3990 6072
194 200 299 256 Ml

1407 195 1473 251 IN
1511 191 1885 264 ARNOBIUM,
1925 192 2076 248 CAP.
2119 193 2205 251 vt.

3377 192 3479 250 442

187 317 377 387 legere
406 314 632 386 poteris,
682 313 957 370 memoriae
995 312 1266 369 mandavit
1317 312 1511 383 (Idem.
1544 312 1633 366 lib.
1672 306 1786 376 cit.,
1818 316 1869 372 Α
1893 309 2137 380 exempla
2160 309 2292 364 satis
2305 321 2572 380 superque
2598 309 2974 366 demonstrant
2998 309 3132 365 nihil
3147 309 3388 380 potuisse
3411 311 3480 365 ab

194 427 316 480 cap.
342 409 436 475 84,
462 425 582 479 pag.
615 405 766 478 254).
800 407 872 462 At
905 407 1192 462 maximum
1222 414 1342 475 post
1372 405 1648 460 hominum
1680 419 1794 459 me-

203 503 437 558 moriam
471 511 628 556 terrae
655 509 884 565 motum,
912 499 1211 570 imperante
1239 498 1477 562 Tiberio,
1501 497 1794 569 contigisse

198 595 432 659 asserit,
473 593 671 665 quippe
696 607 802 663 quo
831 591 1115 648 duodecim
1157 593 1300 646 Asiae
1330 591 1492 646 urbes
1518 591 1792 646 subversa:

198 688 428 744 fuerint.
459 687 771 742 Hemimere
801 686 965 741 etiam
989 685 1147 754 hujus
1171 695 1330 740 terra:
1363 691 1564 751 motus,
1596 681 1792 737 Strabo

194 793 256 840 et
279 783 603 850 Suetonius,
655 792 817 853 atque
855 780 904 836 ei
938 779 1244 850 adjunctum
1279 788 1436 835 terrae
1465 778 1669 832 hiatum
1709 775 1793 832 bis

194 875 420 932 Tacitus
449 883 634 928 narrat
661 873 839 928 verbis
868 891 882 928 :
912 891 931 925 ι
971 871 1174 927 Eodem
1205 887 1347 926 anno
1377 869 1661 925 duodecim
1698 883 1792 924 ee-

192 970 376 1026 lebres
407 968 550 1024 Asim
583 966 743 1023 urbes
779 966 1070 1036 conlapsae,
1120 973 1386 1020 nocturno
1433 976 1592 1018 terra:
1621 971 1789 1027 motu,

202 1079 315 1134 quo
343 1061 694 1132 improvisior
721 1059 1047 1131 graviorque
1087 1059 1254 1129 pestis
1291 1057 1410 1112 fuit.
1441 1055 1626 1127 Neque
1655 1056 1789 1111 soli-

198 1167 313 1213 tum
348 1157 400 1212 in
431 1156 520 1210 tali
542 1170 670 1210 casu
698 1154 952 1225 effugium
984 1152 1336 1208 subveniebat
1361 1152 1414 1206 in
1452 1161 1636 1223 aperta
1666 1165 1792 1221 pro—

190 1249 516 1320 rumpendi;
546 1250 670 1320 quia
688 1247 922 1303 diductis
948 1247 1110 1303 terris
1138 1235 1547 1300 hauriebantur.
1575 1243 1790 1300 Sedisse

192 1345 492 1400 immensos
516 1350 750 1410 montes,
781 1341 894 1397 visa
921 1341 977 1395 in
1005 1339 1198 1403 arduo,
1229 1353 1350 1409 quae
1378 1337 1532 1408 plana
1555 1338 1787 1405 fuerant,

195 1436 472 1492 eﬂ‘ulsisse
501 1435 642 1490 inter
690 1433 901 1489 ruinam
933 1433 1085 1503 ignes
1131 1439 1436 1486 memorant
1482 1449 1501 1482 ι
1551 1429 1785 1503 (Strabo,

195 1532 289 1586 lib.
315 1547 395 1586 xu
425 1529 636 1601 Geogr.,
661 1547 715 1600 p.
745 1529 885 1594 578;
913 1527 1158 1592 Sueton.,
1185 1527 1238 1580 in
1267 1526 1370 1580 vita
1401 1523 1610 1590 Tiberii,
1639 1523 1783 1595 μὴ

1893 403 2122 458 ethnicis
2147 402 2273 473 tingi
2303 401 2611 466 absurdius,
2663 416 2824 473 quam
2865 402 2932 458 iis
2961 400 3220 457 mundum
3253 401 3304 457 in
3335 399 3484 458 chri-

1893 496 2190 550 stianorum
2223 509 2435 564 poenam
2481 495 2687 550 vexari.
2721 493 2919 550 Verum
2943 494 3213 550 Arnobius
3242 504 3302 549 ut
3326 492 3482 550 indo-

1893 588 2079 642 mitam
2105 585 2486 650 insanientium
2510 585 2788 641 hominum
2821 587 3172 656 petulantiam
3195 586 3484 643 vehemen-

1894 681 2004 733 tius
2021 689 2320 745 coerceret,
2339 678 2460 732 aliis
2489 678 2666 734 adhuc
2690 678 2952 748 exemplis
2979 679 3108 734 illud
3133 680 3346 734 censuit
3362 692 3483 735 esse

1894 771 2230 842 probandum
2264 769 2506 841 (Arnob,
2538 771 2628 825 lib.
2659 786 2699 837 ι,
2725 787 2845 842 pag.
2881 771 2914 826 4
2938 780 2985 825 et
3006 769 3084 842 5).
3109 771 3278 827 Instat
3305 771 3483 842 itaque

1865 900 1868 902 η
1893 875 2019 920 ante
2041 865 2459 920 christiauorum
2486 874 2730 934 tempora
2762 862 3021 918 mundum
3081 863 3329 918 incendio
3353 877 3483 918 con-

1891 960 2168 1032 ﬂagrasse,
2193 961 2355 1016 urbes
2383 962 2546 1016 maris
2574 960 2824 1015 ﬂuetibus
2851 968 3163 1029 coopertas,
3193 974 3364 1029 genus
3384 959 3484 1014 bu-

1893 1070 2114 1110 tnanum
2142 1055 2359 1112 diluviis
2391 1055 2730 1125 absorptum,
2764 1065 2947 1127 atque,
2977 1064 3034 1109 ut
3056 1054 3209 1110 Plato
3237 1053 3485 1126 perhibet

1891 1160 2010 1204 ante
2036 1167 2290 1204 armorum
2336 1151 2500 1204 millia
2540 1150 2731 1216 decem,
2768 1149 2837 1205 ab
2867 1148 3136 1204 Atlantica
3170 1148 3343 1204 insula
3371 1163 3481 1204 ma-

1891 1261 2049 1316 gnam
2080 1244 2325 1315 erupisse
2371 1244 2651 1300 hominum
2705 1243 3127 1306 multitudinem,
3177 1259 3296 1312 quae
3327 1243 3484 1298 innu-

1893 1354 2074 1395 meras
2102 1340 2348 1394 nationes
2375 1337 2618 1394 funditus
2634 1337 2834 1394 delevit
2861 1345 2917 1392 et
2937 1336 3215 1392 exstinxit.
3234 1336 3284 1392 Is
3303 1347 3482 1392 autem

1891 1431 2132 1487 Platonis
2160 1432 2314 1487 locus
2361 1431 2414 1485 in
2467 1431 2584 1502 ejus
2634 1429 2841 1485 Timaeo
2869 1430 3130 1496 occurrit,
3162 1427 3252 1484 ubi
3283 1428 3374 1484 ille
3415 1443 3482 1485 ex

1891 1524 2129 1596 antiquis
2167 1523 2525 1596 scriptoribus
2555 1532 2737 1580 narrat
2777 1539 2844 1578 ex
2881 1538 2946 1578 ca
2987 1522 3255 1578 Atlantica
3284 1521 3478 1590 insula,

191 1622 398 1689 Tacit.,
430 1623 518 1676 lib.
547 1639 586 1677 ιι
613 1621 831 1688 Annal.,
862 1619 982 1692 §7).
1011 1619 1068 1673 In
1086 1617 1301 1675 Eusebii
1329 1626 1508 1673 autem
1530 1617 1789 1673 chronieo
1818 1638 1866 1698 Β
1891 1635 2050 1691 quam
2074 1619 2244 1688 Lybia
2273 1629 2330 1675 et
2355 1619 2483 1675 Asia
2509 1619 2768 1689 majorem
2817 1618 2983 1674 fuisse
3029 1619 3123 1683 ait,
3176 1617 3368 1672 laetam
3398 1616 3485 1671 in-

166 1741 168 1743 >
194 1717 316 1771 hac
343 1715 410 1769 ad
441 1715 729 1785 septimum
758 1712 962 1770 Tiberii
994 1727 1193 1767 annum
1218 1710 1547 1776 referuntur,
1589 1725 1653 1764 ac
1692 1718 1790 1766 tre-

191 1810 373 1865 decim
399 1809 656 1879 collapsm
680 1807 843 1863 urbes
869 1807 983 1862 suis
1012 1807 1082 1861 ibi
1105 1805 1440 1876 appellantur
1462 1804 1788 1860 nominibus.

192 1902 441 1958 Plurium
469 1909 648 1956 autem
679 1910 841 1956 terra:
868 1908 1132 1965 motuum,
1155 1898 1248 1970 qui
1267 1897 1634 1967 superioribus
1659 1905 1789 1950 teta-

196 1997 343 2052 tibus
371 1997 683 2052 acciderant
712 1995 772 2051 ﬂt
794 1994 990 2050 ibidem
1011 1995 1237 2050 mentio.
1268 1993 1507 2064 Denique
1535 2001 1592 2046 ut
1621 1990 1788 2046 multa

190 2101 491 2156 taceamus,
521 2089 730 2157 Cicero,
753 2087 923 2144 Coelio
953 2095 1088 2143 teste
1116 2087 1300 2151 citato,
1326 2094 1513 2168 narrat
1537 2104 1555 2136 ς
1590 2084 1790 2155 eoipso

195 2194 465 2255 tempore,
506 2201 525 2236 ι
583 2195 690 2254 quo
718 2181 1021 2237 Flaminius
1059 2189 1246 2236 contra
1290 2179 1644 2235 Hannibalem
1691 2193 1792 2249 pu-

193 2277 421 2350 gnabat,
458 2295 477 2328 ι
511 2285 690 2330 tantos
718 2284 878 2331 terra:
917 2284 1096 2329 motus
1138 2275 1193 2329 in
1234 2272 1554 2344 Liguribus,
1592 2270 1786 2338 Gallia,

189 2371 672 2444 compluribusque
698 2371 905 2437 insulis,
936 2380 1153 2441 telaque
1174 2368 1325 2424 Italia
1347 2369 1516 2423 factos
1543 2381 1697 2431 esse,
1729 2373 1790 2420 ut

192 2468 367 2522 multa
397 2466 592 2537 oppida
621 2465 947 2533 corruerint,
979 2463 1162 2520 multis
1187 2463 1322 2518 locis
1349 2463 1498 2518 Iabes
1528 2462 1666 2516 facta
1695 2461 1785 2528 sit,

193 2559 532 2631 ﬂuminaque
562 2560 613 2614 in
653 2561 952 2616 contrarias
992 2566 1173 2629 partes
1220 2557 1498 2622 ﬂuxerint,
1533 2566 1695 2627 atque
1733 2557 1785 2610 in

188 2667 387 2710 omnes
411 2667 559 2709 mare
585 2652 858 2708 inﬂuxerit
878 2672 898 2705 ›
943 2653 1103 2723 (Cia,
1134 2651 1225 2706 lib.
1251 2669 1264 2706 ι
1289 2651 1354 2706 de
1379 2651 1634 2717 Divinat.,
1669 2668 1789 2722 pag.

188 2750 326 2816 268,
352 2751 448 2805 lin.
484 2749 557 2805 40
581 2761 626 2804 et
653 2748 838 2823 καφ).
879 2748 986 2806 Sed
1021 2745 1157 2804 alias
1185 2763 1286 2804 nec
1313 2749 1550 2804 minores
1579 2747 1791 2819 quidem

192 2843 536 2898 calamitates
567 2843 657 2898 ille
679 2852 864 2913 postea
893 2850 1142 2898 recenset
1169 2840 1358 2915 (Ibid.,
1384 2859 1504 2913 pag.
1534 2841 1664 2903 ΞΠ,
1695 2841 1790 2896 lin.

1892 1713 2133 1785 gentium
2163 1713 2440 1783 c0piarum
2475 1713 2852 1784 irruptionem,
2885 1726 2988 1782 qua
3027 1711 3194 1766 varia:
3237 1711 3486 1766 nationes

1894 1804 1946 1860 in
1979 1805 2296 1860 servitutem
2325 1804 2558 1860 redacta:
2587 1815 2712 1859 sunt
2744 1804 2945 1878 (Plato,
2981 1813 3103 1858 tam.
3148 1819 3225 1870 Ill,
3275 1801 3479 1870 Titum,

1895 1915 2015 1970 pag.
2038 1899 2111 1953 24
2134 1909 2180 1953 et
2209 1898 2328 1970 ‘25).
2354 1897 2459 1954 Sed
2485 1908 2670 1969 postea
2692 1897 3038 1964 diluviorum,
3077 1908 3344 1968 terretque
3369 1911 3486 1952 mo-

1893 2003 2044 2049 tuum
2087 2002 2224 2049 :estu
2273 2008 2491 2050 omnem
2541 1993 2856 2051 bellicosam
2886 1993 3033 2048 illam
3061 2001 3296 2064 gentem,
3325 2001 3486 2064 atque

1891 2089 2060 2159 ipsam
2097 2087 2327 2143 insulam
2361 2103 2458 2158 per
2485 2088 2642 2143 unius
2681 2096 2887 2142 tantum
2920 2087 3097 2142 noctis
3124 2095 3180 2142 et
3219 2085 3330 2142 diei
3359 2101 3484 2156 spa-

1892 2183 2022 2238 tium
2048 2182 2304 2239 ﬂuetibus
2354 2183 2521 2238 maris
2564 2183 2903 2252 absorptam,
2951 2191 3007 2237 et
3058 2180 3192 2236 nihil
3235 2181 3392 2251 plane
3418 2195 3484 2237 ex

1873 2275 2022 2341 illis,
2051 2277 2154 2332 nisi
2182 2277 2277 2331 luti
2308 2274 2568 2346 reliquias
2627 2276 2999 2346 comparuisse
3044 2274 3297 2344 amplius.
3341 2272 3485 2329 Idem

1893 2384 2057 2440 porro
2085 2370 2329 2428 Platonis
2357 2371 2508 2425 locus
2535 2385 2644 2425 non
2673 2371 2847 2426 solum
2877 2385 2906 2424 a
2938 2369 3116 2425 Plinio
3144 2378 3200 2425 et
3223 2369 3487 2425 Strabone

1893 2464 2111 2526 citatur,
2143 2479 2330 2519 verum
2369 2464 2531 2519 etiam
2560 2477 2590 2518 a
2617 2463 2976 2531 Tertulliano,
3010 2464 3099 2535 qui
3123 2462 3249 2519 inde
3299 2462 3487 2518 absur-

1893 2557 2016 2613 dam
2047 2558 2392 2614 ethnicorum
2440 2559 2986 2629 argumentationem,
3034 2556 3486 2629 quemadmodum

1895 2651 2190 2713 Arnobius.
2222 2651 2423 2706 refellit
2471 2660 2527 2706 et
2570 2652 2786 2707 evertit.
2834 2650 3052 2707 Scimus
3100 2650 3320 2721 quidem
3372 2651 3488 2705 haec

1895 2745 2171 2800 nonnullis
2215 2744 2393 2799 minus
2444 2745 2680 2810 veritati,
2726 2758 2889 2814 quam
2932 2743 3130 2798 fabulis
3168 2740 3340 2798 videri
3367 2756 3490 2812 pro-

1894 2838 2047 2909 piora
2079 2837 2273 2910 (Plin.,
2319 2839 2409 2893 lib.
2437 2855 2473 2893 ll
2517 2837 2658 2893 Hist.
2687 2846 2884 2905 natur.,
2926 2853 3045 2907 cap.
3083 2837 3173 2902 90,
3205 2851 3325 2907 pag.
3349 2833 3484 2902 258;

189 2936 264 2991 27
304 2945 352 2990 et
391 2935 581 3006 seqq.).
619 2935 982 3005 Quamobrem
1029 2935 1283 3007 Apuleius
1311 2952 1324 2989 :
1351 2953 1370 2987 ι
1401 2934 1729 3001 lmmodicis,
1762 2950 1781 2987 ι
1813 2960 1859 3024 C
1897 2930 2101 2998 Strab.,
2127 2931 2217 2987 lib.
2235 2947 2272 2986 II
2307 2930 2519 3002 (ἕρσῃ,
2550 2948 2673 3002 pag.
2703 2931 2797 2987 101
2825 2947 2840 2997 ;
2873 2927 3208 2996 Tertullian.,
3241 2928 3484 3000 Apolog.,

186 3030 284 3097 ait,
321 3048 341 3080 ε
377 3028 702 3085 tremoribus
730 3037 996 3084 terrarum
1023 3028 1328 3085 dissiluisse
1350 3027 1594 3092 humum,
1619 3037 1674 3083 et
1703 3027 1788 3082 in-

189 3132 470 3193 terceptas
519 3121 680 3179 urbes
720 3136 844 3178 cum
891 3123 1104 3193 populis
1150 3137 1296 3193 saepe
1339 3123 1710 3193 cognovimus.
1764 3141 1784 3174 ›

188 3217 564 3273 Tertullianus
585 3225 786 3282 autem,
806 3215 999 3272 eodem
1021 3216 1181 3287 plane
1200 3225 1519 3286 argumento
1545 3214 1790 3270 ethnicos

191 3309 522 3376 refellendo,
552 3310 636 3364 his
664 3309 898 3381 objectat
923 3308 1258 3364 Corinthium
1285 3323 1433 3363 mare
1454 3315 1601 3363 motu
1635 3315 1791 3364 terrae

191 3404 516 3460 exhaustum
544 3402 753 3477 (Aput,
805 3403 894 3458 lib.
919 3403 982 3457 de
1005 3401 1224 3470 Mundo,
1250 3418 1372 3474 pag.
1406 3403 1541 3468 408;
1585 3400 1790 3456 Tertul-
1808 3449 1824 3460 .

191 3498 349 3562 liam,
384 3497 625 3566 Apolog.,
651 3513 767 3568 cap.
796 3495 912 3568 40).

266 3590 500 3645 Tantum
529 3603 692 3660 porro
712 3588 888 3656 abest,
917 3597 974 3644 ut
996 3589 1082 3644 his
1105 3597 1162 3643 et
1212 3588 1480 3643 similibus
1509 3587 1790 3643 inordina-

195 3687 266 3740 tis
316 3683 529 3738 casibus
588 3691 777 3738 contra
836 3682 1117 3752 religionis
1159 3681 1472 3737 ehristianae
1513 3683 1791 3738 veritatem

192 3776 404 3849 aliquid
458 3774 654 3831 conllci
703 3775 905 3846 possit;
957 3777 1088 3846 quin
1118 3775 1299 3844 potius
1334 3773 1626 3831 Cleanthes
1650 3775 1792 3844 apud

191 3870 519 3926 Ciceronem
550 3885 614 3923 ex
646 3867 754 3923 illis
779 3866 1057 3924 concludit
1084 3867 1138 3922 in
1165 3867 1355 3922 animis
1398 3866 1672 3922 hominum
1704 3867 1789 3922 in-

197 3963 460 4018 formatas
484 3976 604 4017 esse
631 3961 879 4026 deorum,
910 3969 964 4015 et
1007 3961 1087 4013 vis
1129 3959 1409 4029 cujusdam
1464 3962 1702 4016 coalestis
1728 3976 1793 4016 ac

197 4057 397 4112 divina:
438 4060 686 4111 notiones
733 4054 946 4127 (Cicer.,
980 4054 1068 4108 lib.
1114 4069 1150 4108 ιι
1191 4053 1254 4108 de
1289 4051 1417 4107 Nat.
1473 4055 1637 4121 deor.,
1671 4071 1789 4126 pag.

193 4150 350 4220 9.15).
383 4149 572 4203 Melius
602 4146 959 4218 proculdubio
987 4147 1144 4201 unius
1181 4146 1474 4216 aequissimi
1523 4158 1578 4201 et
1609 4147 1788 4200 omni-

197 4242 436 4315 potentis
466 4241 562 4296 Dei
589 4239 838 4294 notiones
865 4238 1113 4294 dixisset.
1147 4238 1252 4294 Sed
1275 4239 1326 4292 in
1347 4239 1489 4293 hunc
1513 4239 1788 4294 Ciceronis

197 4339 377 4392 locum
419 4337 641 4392 consule
692 4336 1062 4407 Lescalopicri
1121 4337 1560 4401 observationes,
1611 4352 1674 4391 ac
1722 4335 1791 4392 de

202 4440 363 4484 terra:
409 4429 645 4484 motibus
695 4439 748 4484 et
799 4429 1053 4495 hiatibus,
1102 4444 1396 4500 eorumque
1435 4429 1715 4486 eﬂectibus
1739 4440 1795 4486 et

199 4526 381 4580 causis
409 4523 633 4579 Senecae
679 4523 872 4589 libros,
915 4532 1076 4594 atque
1132 4526 1292 4578 etiam
1343 4523 1664 4581 Strabonem
1700 4525 1794 4596 qui

192 4615 426 4688 plurima
475 4629 686 4682 eorum,
735 4632 856 4686 qua:
898 4615 1042 4671 dicta
1092 4626 1220 4671 sunt
1270 4617 1518 4686 exempla
1573 4617 1795 4687 protulit

195 4707 442 4783 (Scaea,
472 4709 564 4767 lib.
597 4724 654 4763 νι
692 4709 883 4762 Natur.
925 4720 1132 4778 autem,
1174 4726 1293 4780 pag.
1336 4709 1446 4765 454
1491 4719 1537 4763 et
1580 4725 1712 4778 ηιμ,
1742 4719 1792 4762 et

187 4819 317 4873 cap.
353 4800 420 4858 21
453 4813 502 4857 et
537 4817 702 4872 seqq,
751 4818 870 4872 pag.
914 4801 1016 4856 451
1051 4811 1098 4855 et
1154 4817 1333 4872 δεψιά
1387 4799 1596 4865 Strabo,
1638 4800 1730 4855 lib.
1773 4817 1792 4856 ι

195 4895 418 4966 Geogr.,
447 4912 568 4967 pag.
597 4896 687 4962 58,
709 4904 759 4950 et
783 4911 948 4965 seqq.,
972 4905 1019 4950 et
1043 4895 1211 4964 alibi).

789 5049 1082 5090 ABTICUIJIS
1119 5049 1198 5090 Ill.

189 5175 384 5235 Quibus
406 5174 518 5222 aliis
539 5173 782 5236 exemplis
812 5176 1060 5225 Arnobius
1099 5176 1329 5228 ostendat
1364 5184 1480 5228 ante
1515 5178 1789 5228 christiana:

254 5237 516 5303 religionis
535 5244 758 5303 exortum
787 5239 954 5303 plures
999 5241 1234 5290 accidisse
1278 5240 1495 5303 publicas
1539 5240 1787 5289 calamita-

256 5309 355 5353 tes,
383 5299 623 5354 incendia,
643 5297 844 5356 diluvia,
872 5302 954 5350 ubi
980 5303 1042 5350 tle
1063 5304 1216 5352 insula
1245 5297 1501 5360 Atlantica,
1525 5312 1575 5352 et
1597 5315 1788 5360 compu-

260 5364 379 5410 tatis
402 5375 438 5425 a_
453 5361 617 5410 mundi
653 5364 858 5412 exordio
891 5366 1058 5416 annis:
1087 5367 1203 5415 item
1228 5379 1337 5415 cum
1385 5365 1564 5413 bellnis
1605 5361 1786 5425 prtelia,

257 5439 318 5490 ac
344 5423 471 5472 bella
497 5425 701 5490 magima
741 5427 868 5475 inter
893 5427 1116 5490 Assyrios
1157 5435 1209 5476 et
1250 5428 1574 5490 Bactrianost
1587 5423 1710 5481 N100
1735 5437 1788 5477 ct

257 5487 520 5552 Zoroastre
560 5485 782 5544 ducibus,
825 5485 1019 5552 aliaque
1067 5490 1350 5551 Alexandri,
1377 5497 1525 5552 atque
1551 5489 1788 5540 Romano—

258 5562 390 5618 rum.
413 5547 553 5604 bella,
591 5561 648 5596 ac
677 5561 784 5609 post
807 5547 970 5602 natum
1010 5552 1253 5602 Christum
1299 5547 1382 5602 res
1413 5547 1616 5603 ﬂuxisse
1643 5551 1787 5618 longe

255 5622 421 5672 magis
440 5623 711 5674 prosperas.

267 5742 408 5808 Quae
432 5737 686 5798 hactenus
713 5743 991 5800 retulimus
1047 5742 1380 5815 publicarum
1425 5744 1788 5801 calamitatum

1893 3040 2009 3094 cap.
2044 3024 2134 3090 40,
2162 3035 2210 3078 et
2235 3023 2324 3078 lib.
2355 3024 2463 3078 tad
2505 3022 2661 3090 Nat.,
2691 3039 2808 3095 cap.
2845 3024 2900 3090 9,
2930 3040 3049 3093 pag.
3090 3022 3182 3087 54,
3222 3031 3269 3076 et
3307 3023 3394 3077 lib.
3426 3022 3490 3076 de

1894 3115 2093 3180 Pallio,
2128 3133 2244 3186 cap.
2271 3115 2350 3187 2).
2369 3115 2473 3172 Sed
2502 3115 2679 3171 valere
2696 3130 2912 3185 semper
2935 3115 3165 3171 debebat
3191 3113 3329 3186 apud
3356 3129 3488 3185 gen-

1894 3210 2016 3266 tiles
2047 3209 2281 3266 Platonis
2299 3212 2610 3277 auctoritas,
2658 3226 2758 3266 nec
2783 3211 2942 3282 plane
2972 3210 3244 3266 immerito
3285 3211 3364 3266 eis
3385 3225 3484 3279 op-

1895 3303 2132 3374 ponitur.
2177 3303 2382 3358 Deinde
2435 3319 2566 3360 vero
2615 3303 2992 3376 Theucydides
3020 3320 3050 3359 a
3079 3304 3286 3361 Seneca
3335 3305 3486 3359 testis

1893 3396 2189 3452 submersae
2229 3396 2476 3467 ejusdem
2508 3397 2697 3452 insulae
2740 3397 3042 3469 appellatur
3075 3398 3190 3452 haec
3218 3397 3270 3452 in
3299 3397 3482 3452 verba.

1897 3507 1917 3540 ι
1953 3487 2328 3561 Theucydides
2385 3492 2459 3544 ait
2521 3490 2665 3544 circa
2691 3489 3097 3560 Pel0ponesiaci
3119 3489 3243 3545 belli
3276 3501 3486 3561 tempus

1892 3582 2198 3637 Atalantam
2234 3581 2462 3637 insulam
2490 3592 2584 3636 aut
2611 3591 2802 3649 totam,
2851 3589 2944 3636 aut
2989 3591 3135 3637 certe
3159 3581 3391 3637 maxima
3420 3597 3486 3636 ex

1896 3685 2049 3748 parte
2069 3675 2351 3732 sulfusam.
2389 3698 2408 3730 ι
2453 3676 2595 3744 Quin
2641 3676 2806 3732 etiam
2851 3676 2977 3730 huic
3002 3674 3326 3747 suffragatur
3353 3677 3486 3730 Am-

1897 3771 2106 3825 mianus
2126 3770 2467 3826 Marcellinus
2486 3770 2717 3842 (Senec.,
2740 3771 2829 3825 lib.
2856 3785 2910 3825 Vt
2931 3769 3123 3825 Natur.
3141 3779 3345 3840 qnmt.,
3365 3787 3482 3844 cap.

1892 3863 1984 3929 24,
2014 3879 2135 3933 pag.
2178 3861 2316 3927 894;
2359 3863 2476 3916 Am.
2521 3862 2782 3928 Marcell.,
2817 3861 2905 3915 lib.
2944 3878 3077 3929 xvu,
3106 3878 3221 3933 cap.
3257 3863 3310 3928 7,
3362 3879 3480 3936 pag.

1898 3954 2048 4027 I69).
2081 3953 2186 4010 Sed
2217 3955 2263 4010 si
2286 3956 2498 4026 utrique
2522 3955 2685 4011 tidem
2717 3957 2919 4012 habere
2947 3955 3122 4011 adhuc
3149 3956 3313 4023 nolis,
3334 3957 3482 4024 audi,

1897 4051 1942 4106 si
1974 4049 2142 4117 lubet,
2177 4051 2439 4105 Senecam
2469 4051 2608 4105 alios
2638 4051 2845 4106 similes
2895 4065 3051 4105 casus
3088 4059 3432 4106 enarrantem
3467 4070 3481 4106 :

1899 4163 1918 4194 ι
1960 4143 2101 4199 Idem
2156 4143 2364 4209 Sidoni,
2412 4164 2432 4196 ι
2469 4146 2545 4198 uti
2602 4144 2898 4230 inquiebat,
2935 4162 2952 4194 ι
2987 4143 3250 4199 accidisse
3300 4145 3482 4201 crede.

1893 4237 2003 4294 Nec
2034 4238 2099 4293 ad
2131 4239 2233 4292 hoc
2263 4237 2490 4294 testibus
2511 4251 2646 4308 opus
2667 4247 2769 4292 est.
2827 4235 3169 4292 Meminimus
3193 4237 3338 4292 enim
3367 4249 3481 4294 ter-

1894 4333 1969 4388 ris
1999 4331 2216 4387 interno
2242 4341 2390 4386 motu
2421 4330 2667 4395 divulsis,
2715 4331 2831 4386 loca
2886 4329 3116 4401 disjeeta
3160 4340 3216 4387 et
3264 4347 3486 4404 campos

1896 4426 2170 4482 interiisse
2199 4445 2219 4478 ι
2257 4424 2492 4498 (Scaea,
2526 4424 2614 4480 lib.
2656 4440 2706 4479 tv
2748 4423 2946 4480 Natur.
2999 4435 3203 4497 quwst.,
3238 4443 3355 4497 cap.
3392 4427 3483 4494 52,

1896 4538 2018 4592 pag.
2049 4519 2192 4586 299;
2232 4520 2349 4575 Am.
2383 4519 2647 4587 Marcell.,
2671 4519 2761 4574 liba
2790 4535 2919 4585 xvii,
2949 4536 3066 4589 cap.
3111 4521 3164 4585 7,
3193 4536 3310 4591 pag.
3333 4519 3483 4591 269).

1897 4616 1995 4684 Qui
2018 4616 2172 4688 plura
2190 4615 2444 4682 voluerit,
2465 4615 2615 4669 illum
2637 4613 2815 4670 adhuc
2832 4614 2957 4669 alibi
2981 4613 3250 4669 dicentem
3269 4614 3481 4669 audiat:

1899 4728 1920 4762 ι
1955 4709 2216 4776 Helicem,
2243 4708 2539 4778 Bnrinque,
2578 4727 2597 4760 ι
2631 4708 2714 4762 vel
2747 4717 2804 4761 ut
2829 4708 2902 4762 ait
2932 4706 3292 4770 Marcellinus,
3329 4725 3348 4757 ι
3379 4705 3483 4762 Ile-

1893 4803 1998 4859 lice
2026 4812 2082 4857 et
2111 4803 2274 4867 Bura,
2327 4810 2466 4856 totas
2523 4815 2672 4856 mare
2723 4802 3044 4871 aceepit.....
3093 4799 3263 4871 Supra
3290 4800 3481 4870 oppida

1894 4895 2001 4950 duo
2029 4893 2308 4965 navigatur
2350 4891 2500 4949 :duo
2534 4903 2735 4958 autem,
2781 4909 2902 4962 quae
2937 4893 3206 4955 novimus,
3251 4907 3372 4963 quae
3415 4892 3480 4948 ad

1896 4990 2139 5046 notitiam
2172 4996 2414 5044 nostram
2445 4987 2707 5042 memoria
2735 4987 2930 5042 litteris
2972 4995 3180 5043 servata
3213 4987 3480 5058 perduxit.

1893 5082 2065 5149 Quam
2094 5081 2259 5136 multa
2289 5081 2393 5135 alia
2411 5079 2535 5135 aliis
2558 5079 2692 5135 locis
2723 5095 2898 5136 mersa
2944 5081 3104 5134 sunt!
3145 5078 3290 5146 Quot
3311 5095 3484 5151 popu-

1891 5176 1974 5230 los
1999 5186 2089 5230 aut
2116 5184 2256 5230 terra
2287 5177 2339 5230 in
2369 5189 2451 5241 se,
2481 5183 2575 5228 aut
2600 5189 2749 5229 mare
2789 5171 3036 5228 inclusit!
3074 5191 3094 5224 ›
3124 5171 3357 5244 (Senem,
3387 5174 3458 5228 ibi

1893 5270 2028 5334 dem,
2055 5285 2171 5332 cap.
2204 5267 2297 5334 95,
2332 5285 2448 5340 pag.
2483 5266 2639 5339 894.)
2683 5268 2841 5322 Prius
2867 5280 2997 5320 vero
3028 5275 3300 5321 auctorem
3327 5281 3482 5322 suum

1891 5364 2150 5418 citaverat
2180 5361 2588 5417 Callisthenem.
2624 5358 2824 5413 Eadem
2843 5357 2911 5412 de
2933 5357 3159 5424 Sidone,
3179 5369 3338 5429 atque
3365 5360 3486 5416 aliis

1893 5457 2333 5512 inundationibus
2379 5455 2576 5512 Strabo
2599 5462 2886 5520 memorat,
2919 5471 3076 5524 quem
3105 5455 3242 5510 sicut
3272 5464 3325 5508 et
3353 5453 3484 5509 Ovi-

1893 5554 2063 5619 dium,
2097 5567 2388 5621 rursusque
2414 5550 2677 5606 Senecam
2710 5560 2764 5602 et
2795 5549 3026 5605 Plinium
3075 5549 3224 5603 adire
3252 5547 3486 5617 quilibet

1896 5647 2036 5704 haud
2067 5662 2210 5716 aegre
2256 5644 2452 5715 poterit
2500 5641 2730 5715 (Strab,
2775 5644 2914 5698 lib.|
2958 5643 3179 5711 Geogr.,
3218 5656 3339 5708 pag.
3384 5641 3489 5707 58;
3535 5673 3540 5683 ι

1897 5742 2076 5811 0vid.,
2105 5739 2195 5796 lib.
2229 5754 2294 5795 xv
2329 5735 2651 5807 Metamorph
2681 5779 2697 5806 ,
2725 5752 2900 5792 verens
2918 5735 3022 5791 261
3053 5741 3098 5786 et
3125 5749 3262 5802 seq.:,
3290 5729 3498 5798 Scaea,
