  <div class='ocr_page' id='page_1' title='image "/cluster/home/n/w/nwhite01/storage/ocr_20150623/5/hvd.32044073505083/228.png"; bbox 0 0 3990 6072; ppageno 0'>
   <div class='ocr_carea' id='block_1_1' title="bbox 153 233 265 290">
    <p class='ocr_par' dir='ltr' id='par_1_1' title="bbox 153 233 265 290">
     <span class='ocr_line' id='line_1_1' title="bbox 153 233 265 290; baseline 0 0"><span class='ocrx_word' id='word_1_1' title='bbox 153 233 265 290; x_wconf 67' lang='grc' dir='ltr'><strong>με</strong></span> 
     </span>
    </p>
   </div>
   <div class='ocr_carea' id='block_1_2' title="bbox 1385 228 2191 297">
    <p class='ocr_par' dir='ltr' id='par_1_2' title="bbox 1385 228 2191 297">
     <span class='ocr_line' id='line_1_2' title="bbox 1385 228 2191 297; baseline -0.005 -8"><span class='ocrx_word' id='word_1_2' title='bbox 1385 230 1454 289; x_wconf 79' lang='lat' dir='ltr'><strong>1N</strong></span> <span class='ocrx_word' id='word_1_3' title='bbox 1492 228 1865 297; x_wconf 69' lang='lat' dir='ltr'><strong>ARNOBIUM,</strong></span> <span class='ocrx_word' id='word_1_4' title='bbox 1902 230 2060 290; x_wconf 82' lang='lat' dir='ltr'><strong>CAP.</strong></span> <span class='ocrx_word' id='word_1_5' title='bbox 2103 231 2191 289; x_wconf 78' lang='lat' dir='ltr'><strong>Vl.</strong></span> 
     </span>
    </p>
   </div>
   <div class='ocr_carea' id='block_1_3' title="bbox 3340 230 3444 287">
    <p class='ocr_par' dir='ltr' id='par_1_3' title="bbox 3340 230 3444 287">
     <span class='ocr_line' id='line_1_3' title="bbox 3340 230 3444 287; baseline 0 0"><span class='ocrx_word' id='word_1_6' title='bbox 3340 230 3444 287; x_wconf 69' lang='lat' dir='ltr'><strong>M6</strong></span> 
     </span>
    </p>
   </div>
   <div class='ocr_carea' id='block_1_4' title="bbox 160 340 3448 424">
    <p class='ocr_par' dir='ltr' id='par_1_4' title="bbox 160 340 3448 424">
     <span class='ocr_line' id='line_1_4' title="bbox 160 340 3448 424; baseline -0.002 -17"><span class='ocrx_word' id='word_1_7' title='bbox 160 347 541 424; x_wconf 78' lang='lat' dir='ltr'><strong>posteriorem.</strong></span> <span class='ocrx_word' id='word_1_8' title='bbox 589 344 791 409; x_wconf 78' lang='lat' dir='ltr'><strong>Censet</strong></span> <span class='ocrx_word' id='word_1_9' title='bbox 832 352 1012 406; x_wconf 86' lang='lat' dir='ltr'><strong>tamen</strong></span> <span class='ocrx_word' id='word_1_10' title='bbox 1057 346 1359 407; x_wconf 78' lang='lat' dir='ltr'><strong>Cotelerius</strong></span> <span class='ocrx_word' id='word_1_11' title='bbox 1404 346 1748 404; x_wconf 84' lang='lat' dir='ltr'><strong>Zoroastrem</strong></span> <span class='ocrx_word' id='word_1_12' title='bbox 1777 345 1829 410; x_wconf 78' lang='grc' dir='ltr'><strong>Α</strong></span> <span class='ocrx_word' id='word_1_13' title='bbox 1855 345 2081 417; x_wconf 82' lang='lat' dir='ltr'><strong>populos</strong></span> <span class='ocrx_word' id='word_1_14' title='bbox 2132 345 2440 416; x_wconf 91' lang='lat' dir='ltr'><strong>captivitate</strong></span> <span class='ocrx_word' id='word_1_15' title='bbox 2467 344 2548 403; x_wconf 75' lang='lat' dir='ltr'><strong>‘ct</strong></span> <span class='ocrx_word' id='word_1_16' title='bbox 2603 345 2824 403; x_wconf 87' lang='lat' dir='ltr'><strong>servitio</strong></span> <span class='ocrx_word' id='word_1_17' title='bbox 2864 342 3215 417; x_wconf 69' lang='lat' dir='ltr'><strong>subiugavit?</strong></span> <span class='ocrx_word' id='word_1_18' title='bbox 3274 340 3448 401; x_wconf 95' lang='lat' dir='ltr'><strong>Nemo</strong></span> 
     </span>
    </p>
   </div>
   <div class='ocr_carea' id='block_1_5' title="bbox 160 439 1750 517">
    <p class='ocr_par' dir='ltr' id='par_1_5' title="bbox 160 439 1750 517">
     <span class='ocr_line' id='line_1_5' title="bbox 160 439 1750 517; baseline -0.004 -16"><span class='ocrx_word' id='word_1_19' title='bbox 160 458 378 517; x_wconf 81' lang='lat' dir='ltr'><strong>magum</strong></span> <span class='ocrx_word' id='word_1_20' title='bbox 421 456 606 506; x_wconf 89' lang='lat' dir='ltr'><strong>unum,</strong></span> <span class='ocrx_word' id='word_1_21' title='bbox 637 449 692 497; x_wconf 91' lang='lat' dir='ltr'><strong>et</strong></span> <span class='ocrx_word' id='word_1_22' title='bbox 739 442 989 499; x_wconf 89' lang='lat' dir='ltr'><strong>eumdem</strong></span> <span class='ocrx_word' id='word_1_23' title='bbox 1038 442 1244 497; x_wconf 88' lang='lat' dir='ltr'><strong>variato</strong></span> <span class='ocrx_word' id='word_1_24' title='bbox 1292 441 1512 497; x_wconf 85' lang='lat' dir='ltr'><strong>nomine</strong></span> <span class='ocrx_word' id='word_1_25' title='bbox 1557 439 1750 510; x_wconf 84' lang='lat' dir='ltr'><strong>luisse,</strong></span> 
     </span>
    </p>
   </div>
   <div class='ocr_carea' id='block_1_6' title="bbox 158 534 1750 602">
    <p class='ocr_par' dir='ltr' id='par_1_6' title="bbox 158 534 1750 602">
     <span class='ocr_line' id='line_1_6' title="bbox 158 534 1750 602; baseline -0.003 -9"><span class='ocrx_word' id='word_1_26' title='bbox 158 551 220 593; x_wconf 84' lang='lat' dir='ltr'><strong>ac</strong></span> <span class='ocrx_word' id='word_1_27' title='bbox 248 535 471 602; x_wconf 88' lang='lat' dir='ltr'><strong>Zarum,</strong></span> <span class='ocrx_word' id='word_1_28' title='bbox 504 534 842 599; x_wconf 84' lang='lat' dir='ltr'><strong>Nazaratum,</strong></span> <span class='ocrx_word' id='word_1_29' title='bbox 876 534 1184 601; x_wconf 87' lang='lat' dir='ltr'><strong>Zabratum,</strong></span> <span class='ocrx_word' id='word_1_30' title='bbox 1236 534 1509 601; x_wconf 88' lang='lat' dir='ltr'><strong>Zaralem,</strong></span> <span class='ocrx_word' id='word_1_31' title='bbox 1536 534 1750 600; x_wconf 87' lang='lat' dir='ltr'><strong>Zarem,</strong></span> 
     </span>
    </p>
   </div>
   <div class='ocr_carea' id='block_1_7' title="bbox 159 627 1751 700">
    <p class='ocr_par' dir='ltr' id='par_1_7' title="bbox 159 627 1751 700">
     <span class='ocr_line' id='line_1_7' title="bbox 159 627 1751 700; baseline -0.003 -14"><span class='ocrx_word' id='word_1_32' title='bbox 159 629 485 695; x_wconf 78' lang='lat' dir='ltr'><strong>Zoroadum,</strong></span> <span class='ocrx_word' id='word_1_33' title='bbox 515 639 568 684; x_wconf 91' lang='lat' dir='ltr'><strong>et</strong></span> <span class='ocrx_word' id='word_1_34' title='bbox 587 627 851 687; x_wconf 86' lang='lat' dir='ltr'><strong>Zaradem</strong></span> <span class='ocrx_word' id='word_1_35' title='bbox 874 627 1088 699; x_wconf 74' lang='lat' dir='ltr'><strong>(Cotrl.,</strong></span> <span class='ocrx_word' id='word_1_36' title='bbox 1111 640 1220 687; x_wconf 82' lang='lat' dir='ltr'><strong>not.</strong></span> <span class='ocrx_word' id='word_1_37' title='bbox 1246 630 1298 684; x_wconf 83' lang='lat' dir='ltr'><strong>in</strong></span> <span class='ocrx_word' id='word_1_38' title='bbox 1315 629 1405 685; x_wconf 87' lang='lat' dir='ltr'><strong>lib.</strong></span> <span class='ocrx_word' id='word_1_39' title='bbox 1436 645 1491 685; x_wconf 84' lang='lat' dir='ltr'><strong>IV</strong></span> <span class='ocrx_word' id='word_1_40' title='bbox 1525 628 1751 700; x_wconf 83' lang='lat' dir='ltr'><strong>Recogn.</strong></span> 
     </span>
    </p>
   </div>
   <div class='ocr_carea' id='block_1_8' title="bbox 160 721 1757 795">
    <p class='ocr_par' dir='ltr' id='par_1_8' title="bbox 160 721 1757 795">
     <span class='ocr_line' id='line_1_8' title="bbox 160 721 1757 795; baseline -0.001 -15"><span class='ocrx_word' id='word_1_41' title='bbox 160 721 359 788; x_wconf 81' lang='lat' dir='ltr'><strong>Clcm.,</strong></span> <span class='ocrx_word' id='word_1_42' title='bbox 391 740 509 795; x_wconf 82' lang='lat' dir='ltr'><strong>pag.</strong></span> <span class='ocrx_word' id='word_1_43' title='bbox 539 721 692 793; x_wconf 77' lang='grc'><strong>568).</strong></span> <span class='ocrx_word' id='word_1_44' title='bbox 728 722 800 776; x_wconf 88' lang='lat' dir='ltr'><strong>De</strong></span> <span class='ocrx_word' id='word_1_45' title='bbox 842 721 987 781; x_wconf 88' lang='lat' dir='ltr'><strong>illius</strong></span> <span class='ocrx_word' id='word_1_46' title='bbox 1038 737 1166 779; x_wconf 89' lang='lat' dir='ltr'><strong>vero</strong></span> <span class='ocrx_word' id='word_1_47' title='bbox 1209 731 1368 780; x_wconf 61' lang='lat' dir='ltr'><strong>aetate</strong></span> <span class='ocrx_word' id='word_1_48' title='bbox 1419 722 1585 780; x_wconf 75' lang='lat' dir='ltr'><strong>varia:</strong></span> <span class='ocrx_word' id='word_1_49' title='bbox 1633 734 1757 779; x_wconf 88' lang='lat' dir='ltr'><strong>sunt</strong></span> 
     </span>
    </p>
   </div>
   <div class='ocr_carea' id='block_1_9' title="bbox 161 815 1758 888">
    <p class='ocr_par' dir='ltr' id='par_1_9' title="bbox 161 815 1758 888">
     <span class='ocr_line' id='line_1_9' title="bbox 161 815 1758 888; baseline -0.001 -15"><span class='ocrx_word' id='word_1_50' title='bbox 161 818 471 887; x_wconf 80' lang='lat' dir='ltr'><strong>Opiniones.</strong></span> <span class='ocrx_word' id='word_1_51' title='bbox 525 815 785 871; x_wconf 76' lang='lat' dir='ltr'><strong>Eudoxus</strong></span> <span class='ocrx_word' id='word_1_52' title='bbox 832 816 1034 888; x_wconf 80' lang='lat' dir='ltr'><strong>quippe</strong></span> <span class='ocrx_word' id='word_1_53' title='bbox 1085 826 1140 873; x_wconf 88' lang='lat' dir='ltr'><strong>et</strong></span> <span class='ocrx_word' id='word_1_54' title='bbox 1186 817 1527 885; x_wconf 86' lang='lat' dir='ltr'><strong>Aristoteles,</strong></span> <span class='ocrx_word' id='word_1_55' title='bbox 1588 817 1758 872; x_wconf 83' lang='lat' dir='ltr'><strong>Plinio</strong></span> 
     </span>
    </p>
   </div>
   <div class='ocr_carea' id='block_1_10' title="bbox 160 907 1757 976">
    <p class='ocr_par' dir='ltr' id='par_1_10' title="bbox 160 907 1757 976">
     <span class='ocr_line' id='line_1_10' title="bbox 160 907 1757 976; baseline 0 -11"><span class='ocrx_word' id='word_1_56' title='bbox 160 917 474 976; x_wconf 83' lang='lat' dir='ltr'><strong>attestante,</strong></span> <span class='ocrx_word' id='word_1_57' title='bbox 503 907 656 966; x_wconf 88' lang='lat' dir='ltr'><strong>illum</strong></span> <span class='ocrx_word' id='word_1_58' title='bbox 678 908 898 964; x_wconf 82' lang='lat' dir='ltr'><strong>Platone</strong></span> <span class='ocrx_word' id='word_1_59' title='bbox 924 924 1018 965; x_wconf 79' lang='lat' dir='ltr'><strong>sex</strong></span> <span class='ocrx_word' id='word_1_60' title='bbox 1047 910 1283 965; x_wconf 79' lang='lat' dir='ltr'><strong>millibus</strong></span> <span class='ocrx_word' id='word_1_61' title='bbox 1312 926 1596 976; x_wconf 87' lang='lat' dir='ltr'><strong>annorum,</strong></span> <span class='ocrx_word' id='word_1_62' title='bbox 1626 910 1757 966; x_wconf 91' lang='lat' dir='ltr'><strong>Her-</strong></span> 
     </span>
    </p>
   </div>
   <div class='ocr_carea' id='block_1_11' title="bbox 162 1000 1757 1074">
    <p class='ocr_par' dir='ltr' id='par_1_11' title="bbox 162 1000 1757 1074">
     <span class='ocr_line' id='line_1_11' title="bbox 162 1000 1757 1074; baseline 0.001 -15"><span class='ocrx_word' id='word_1_63' title='bbox 162 1002 418 1059; x_wconf 90' lang='lat' dir='ltr'><strong>modotus</strong></span> <span class='ocrx_word' id='word_1_64' title='bbox 456 1001 596 1071; x_wconf 88' lang='lat' dir='ltr'><strong>apud</strong></span> <span class='ocrx_word' id='word_1_65' title='bbox 627 1000 922 1068; x_wconf 87' lang='lat' dir='ltr'><strong>Laertium,</strong></span> <span class='ocrx_word' id='word_1_66' title='bbox 953 1012 1005 1056; x_wconf 89' lang='lat' dir='ltr'><strong>cl</strong></span> <span class='ocrx_word' id='word_1_67' title='bbox 1029 1001 1349 1060; x_wconf 82' lang='lat' dir='ltr'><strong>Plutarchus</strong></span> <span class='ocrx_word' id='word_1_68' title='bbox 1396 1004 1633 1074; x_wconf 84' lang='lat' dir='ltr'><strong>Trojano</strong></span> <span class='ocrx_word' id='word_1_69' title='bbox 1663 1019 1757 1061; x_wconf 78' lang='lat' dir='ltr'><strong>ex—</strong></span> 
     </span>
    </p>
   </div>
   <div class='ocr_carea' id='block_1_12' title="bbox 161 1096 1758 1170">
    <p class='ocr_par' dir='ltr' id='par_1_12' title="bbox 161 1096 1758 1170">
     <span class='ocr_line' id='line_1_12' title="bbox 161 1096 1758 1170; baseline 0 -16"><span class='ocrx_word' id='word_1_70' title='bbox 161 1096 305 1154; x_wconf 89' lang='lat' dir='ltr'><strong>cidio</strong></span> <span class='ocrx_word' id='word_1_71' title='bbox 336 1096 574 1168; x_wconf 89' lang='lat' dir='ltr'><strong>quinque</strong></span> <span class='ocrx_word' id='word_1_72' title='bbox 599 1111 863 1152; x_wconf 88' lang='lat' dir='ltr'><strong>annorum</strong></span> <span class='ocrx_word' id='word_1_73' title='bbox 916 1097 1176 1167; x_wconf 87' lang='lat' dir='ltr'><strong>millibus,</strong></span> <span class='ocrx_word' id='word_1_74' title='bbox 1226 1097 1436 1157; x_wconf 84' lang='lat' dir='ltr'><strong>Xantus</strong></span> <span class='ocrx_word' id='word_1_75' title='bbox 1468 1115 1596 1155; x_wconf 90' lang='lat' dir='ltr'><strong>vero</strong></span> <span class='ocrx_word' id='word_1_76' title='bbox 1618 1098 1758 1170; x_wconf 88' lang='lat' dir='ltr'><strong>apud</strong></span> 
     </span>
    </p>
   </div>
   <div class='ocr_carea' id='block_1_13' title="bbox 161 1187 1759 1248">
    <p class='ocr_par' dir='ltr' id='par_1_13' title="bbox 161 1187 1759 1248">
     <span class='ocr_line' id='line_1_13' title="bbox 161 1187 1759 1248; baseline 0.001 -2"><span class='ocrx_word' id='word_1_77' title='bbox 161 1189 414 1246; x_wconf 88' lang='lat' dir='ltr'><strong>eumdem</strong></span> <span class='ocrx_word' id='word_1_78' title='bbox 445 1188 714 1243; x_wconf 87' lang='lat' dir='ltr'><strong>Laertium</strong></span> <span class='ocrx_word' id='word_1_79' title='bbox 744 1187 939 1246; x_wconf 81' lang='lat' dir='ltr'><strong>Xerxis</strong></span> <span class='ocrx_word' id='word_1_80' title='bbox 996 1190 1223 1246; x_wconf 88' lang='lat' dir='ltr'><strong>transitu</strong></span> <span class='ocrx_word' id='word_1_81' title='bbox 1276 1192 1432 1245; x_wconf 88' lang='lat' dir='ltr'><strong>annis</strong></span> <span class='ocrx_word' id='word_1_82' title='bbox 1488 1193 1759 1248; x_wconf 86' lang='lat' dir='ltr'><strong>sexcentis</strong></span> 
     </span>
    </p>
   </div>
   <div class='ocr_carea' id='block_1_14' title="bbox 160 1280 1752 1356">
    <p class='ocr_par' dir='ltr' id='par_1_14' title="bbox 160 1280 1752 1356">
     <span class='ocr_line' id='line_1_14' title="bbox 160 1280 1752 1356; baseline 0.004 -22"><span class='ocrx_word' id='word_1_83' title='bbox 160 1282 515 1337; x_wconf 77' lang='lat' dir='ltr'><strong>retustiorem</strong></span> <span class='ocrx_word' id='word_1_84' title='bbox 560 1280 721 1336; x_wconf 82' lang='lat' dir='ltr'><strong>fuisse</strong></span> <span class='ocrx_word' id='word_1_85' title='bbox 753 1281 1103 1351; x_wconf 87' lang='lat' dir='ltr'><strong>prodiderunt</strong></span> <span class='ocrx_word' id='word_1_86' title='bbox 1147 1282 1337 1356; x_wconf 83' lang='lat' dir='ltr'><strong>(Plin.,</strong></span> <span class='ocrx_word' id='word_1_87' title='bbox 1371 1283 1460 1340; x_wconf 86' lang='lat' dir='ltr'><strong>lib.</strong></span> <span class='ocrx_word' id='word_1_88' title='bbox 1492 1301 1594 1345; x_wconf 77' lang='lat' dir='ltr'><strong>xxx</strong></span> <span class='ocrx_word' id='word_1_89' title='bbox 1623 1283 1752 1341; x_wconf 86' lang='lat' dir='ltr'><strong>Nat.</strong></span> 
     </span>
    </p>
   </div>
   <div class='ocr_carea' id='block_1_15' title="bbox 160 1372 1758 1444">
    <p class='ocr_par' dir='ltr' id='par_1_15' title="bbox 160 1372 1758 1444">
     <span class='ocr_line' id='line_1_15' title="bbox 160 1372 1758 1444; baseline 0.003 -18"><span class='ocrx_word' id='word_1_90' title='bbox 160 1373 313 1437; x_wconf 60' lang='lat' dir='ltr'><strong>hist,</strong></span> <span class='ocrx_word' id='word_1_91' title='bbox 356 1388 472 1444; x_wconf 86' lang='lat' dir='ltr'><strong>cap.</strong></span> <span class='ocrx_word' id='word_1_92' title='bbox 515 1373 567 1436; x_wconf 84' lang='grc'><strong>1,</strong></span> <span class='ocrx_word' id='word_1_93' title='bbox 619 1388 739 1443; x_wconf 85' lang='lat' dir='ltr'><strong>pag.</strong></span> <span class='ocrx_word' id='word_1_94' title='bbox 777 1373 909 1435; x_wconf 66' lang='lat'><strong>7‘25;</strong></span> <span class='ocrx_word' id='word_1_95' title='bbox 960 1372 1260 1441; x_wconf 84' lang='lat' dir='ltr'><strong>Plutarch.,</strong></span> <span class='ocrx_word' id='word_1_96' title='bbox 1303 1374 1391 1431; x_wconf 89' lang='lat' dir='ltr'><strong>lib.</strong></span> <span class='ocrx_word' id='word_1_97' title='bbox 1436 1377 1501 1430; x_wconf 87' lang='lat' dir='ltr'><strong>de</strong></span> <span class='ocrx_word' id='word_1_98' title='bbox 1543 1375 1677 1431; x_wconf 83' lang='lat' dir='ltr'><strong>Isid.</strong></span> <span class='ocrx_word' id='word_1_99' title='bbox 1711 1387 1758 1431; x_wconf 81' lang='lat' dir='ltr'><strong>et</strong></span> 
     </span>
    </p>
   </div>
   <div class='ocr_carea' id='block_1_16' title="bbox 164 1462 1754 1541">
    <p class='ocr_par' dir='ltr' id='par_1_16' title="bbox 164 1462 1754 1541">
     <span class='ocr_line' id='line_1_16' title="bbox 164 1462 1754 1541; baseline 0.004 -23"><span class='ocrx_word' id='word_1_100' title='bbox 164 1462 391 1529; x_wconf 83' lang='lat' dir='ltr'><strong>Osiride,</strong></span> <span class='ocrx_word' id='word_1_101' title='bbox 422 1474 548 1519; x_wconf 85' lang='lat' dir='ltr'><strong>tom.</strong></span> <span class='ocrx_word' id='word_1_102' title='bbox 580 1479 639 1537; x_wconf 76' lang='grc' dir='ltr'><strong>ιι,</strong></span> <span class='ocrx_word' id='word_1_103' title='bbox 669 1481 790 1539; x_wconf 86' lang='lat' dir='ltr'><strong>pag.</strong></span> <span class='ocrx_word' id='word_1_104' title='bbox 814 1464 947 1537; x_wconf 74' lang='lat'><strong>369;</strong></span> <span class='ocrx_word' id='word_1_105' title='bbox 1001 1465 1199 1535; x_wconf 82' lang='lat' dir='ltr'><strong>Laerl.,</strong></span> <span class='ocrx_word' id='word_1_106' title='bbox 1230 1484 1448 1539; x_wconf 86' lang='lat' dir='ltr'><strong>proem.,</strong></span> <span class='ocrx_word' id='word_1_107' title='bbox 1480 1467 1507 1541; x_wconf 82' lang='lat'><strong>§</strong></span> <span class='ocrx_word' id='word_1_108' title='bbox 1534 1469 1614 1539; x_wconf 79' lang='lat'><strong>‘2).</strong></span> <span class='ocrx_word' id='word_1_109' title='bbox 1647 1468 1754 1525; x_wconf 90' lang='lat' dir='ltr'><strong>Sed</strong></span> 
     </span>
    </p>
   </div>
   <div class='ocr_carea' id='block_1_17' title="bbox 160 1556 1758 1634">
    <p class='ocr_par' dir='ltr' id='par_1_17' title="bbox 160 1556 1758 1634">
     <span class='ocr_line' id='line_1_17' title="bbox 160 1556 1758 1634; baseline 0.005 -21"><span class='ocrx_word' id='word_1_110' title='bbox 160 1556 282 1613; x_wconf 53' lang='lat' dir='ltr'><strong>hac</strong></span> <span class='ocrx_word' id='word_1_111' title='bbox 301 1557 617 1628; x_wconf 86' lang='lat' dir='ltr'><strong>opinionum</strong></span> <span class='ocrx_word' id='word_1_112' title='bbox 639 1558 927 1614; x_wconf 82' lang='lat' dir='ltr'><strong>diversitas</strong></span> <span class='ocrx_word' id='word_1_113' title='bbox 950 1560 1266 1629; x_wconf 84' lang='lat' dir='ltr'><strong>Eusebium,</strong></span> <span class='ocrx_word' id='word_1_114' title='bbox 1300 1562 1681 1634; x_wconf 73' lang='lat' dir='ltr'><strong>Augustinum,</strong></span> <span class='ocrx_word' id='word_1_115' title='bbox 1702 1574 1758 1621; x_wconf 90' lang='lat' dir='ltr'><strong>et</strong></span> 
     </span>
    </p>
   </div>
   <div class='ocr_carea' id='block_1_18' title="bbox 1854 436 3451 513">
    <p class='ocr_par' dir='ltr' id='par_1_18' title="bbox 1854 436 3451 513">
     <span class='ocr_line' id='line_1_18' title="bbox 1854 436 3451 513; baseline -0.001 -22"><span class='ocrx_word' id='word_1_116' title='bbox 1854 439 1999 501; x_wconf 85' lang='lat' dir='ltr'><strong>enim</strong></span> <span class='ocrx_word' id='word_1_117' title='bbox 2052 448 2168 507; x_wconf 86' lang='lat' dir='ltr'><strong>est,</strong></span> <span class='ocrx_word' id='word_1_118' title='bbox 2224 438 2317 511; x_wconf 88' lang='lat' dir='ltr'><strong>qui</strong></span> <span class='ocrx_word' id='word_1_119' title='bbox 2347 438 2429 493; x_wconf 78' lang='lat' dir='ltr'><strong>his</strong></span> <span class='ocrx_word' id='word_1_120' title='bbox 2480 439 2660 494; x_wconf 82' lang='lat' dir='ltr'><strong>verbis</strong></span> <span class='ocrx_word' id='word_1_121' title='bbox 2704 436 3042 507; x_wconf 82' lang='lat' dir='ltr'><strong>designatum</strong></span> <span class='ocrx_word' id='word_1_122' title='bbox 3102 451 3208 497; x_wconf 87' lang='lat' dir='ltr'><strong>non</strong></span> <span class='ocrx_word' id='word_1_123' title='bbox 3254 449 3451 513; x_wconf 76' lang='lat' dir='ltr'><strong>agnos-</strong></span> 
     </span>
    </p>
   </div>
   <div class='ocr_carea' id='block_1_19' title="bbox 1855 527 3450 602">
    <p class='ocr_par' dir='ltr' id='par_1_19' title="bbox 1855 527 3450 602">
     <span class='ocr_line' id='line_1_19' title="bbox 1855 527 3450 602; baseline -0.001 -17"><span class='ocrx_word' id='word_1_124' title='bbox 1855 541 1941 587; x_wconf 89' lang='lat' dir='ltr'><strong>cat</strong></span> <span class='ocrx_word' id='word_1_125' title='bbox 2011 531 2379 587; x_wconf 67' lang='lat' dir='ltr'><strong>AleXandrum</strong></span> <span class='ocrx_word' id='word_1_126' title='bbox 2440 546 2726 602; x_wconf 83' lang='lat' dir='ltr'><strong>magnum,</strong></span> <span class='ocrx_word' id='word_1_127' title='bbox 2794 539 2850 587; x_wconf 91' lang='lat' dir='ltr'><strong>ut</strong></span> <span class='ocrx_word' id='word_1_128' title='bbox 2915 528 3202 599; x_wconf 79' lang='lat' dir='ltr'><strong>Augustini</strong></span> <span class='ocrx_word' id='word_1_129' title='bbox 3268 527 3450 583; x_wconf 84' lang='lat' dir='ltr'><strong>verbis</strong></span> 
     </span>
    </p>
   </div>
   <div class='ocr_carea' id='block_1_20' title="bbox 1858 620 3448 694">
    <p class='ocr_par' dir='ltr' id='par_1_20' title="bbox 1858 620 3448 694">
     <span class='ocr_line' id='line_1_20' title="bbox 1858 620 3448 694; baseline -0.002 -17"><span class='ocrx_word' id='word_1_130' title='bbox 1858 630 2104 689; x_wconf 81' lang='lat' dir='ltr'><strong>utamur,</strong></span> <span class='ocrx_word' id='word_1_131' title='bbox 2158 641 2176 674; x_wconf 73' lang='grc' dir='ltr'><strong><em>ι</em></strong></span> <span class='ocrx_word' id='word_1_132' title='bbox 2230 621 2821 691; x_wconf 77' lang='lat' dir='ltr'><strong>muniﬁcentissimam,</strong></span> <span class='ocrx_word' id='word_1_133' title='bbox 2867 622 3195 694; x_wconf 85' lang='lat' dir='ltr'><strong>minimeque</strong></span> <span class='ocrx_word' id='word_1_134' title='bbox 3236 620 3448 676; x_wconf 88' lang='lat' dir='ltr'><strong>diutur-</strong></span> 
     </span>
    </p>
   </div>
   <div class='ocr_carea' id='block_1_21' title="bbox 1859 713 3449 787">
    <p class='ocr_par' dir='ltr' id='par_1_21' title="bbox 1859 713 3449 787">
     <span class='ocr_line' id='line_1_21' title="bbox 1859 713 3449 787; baseline -0.003 -17"><span class='ocrx_word' id='word_1_135' title='bbox 1859 731 2004 783; x_wconf 87' lang='lat' dir='ltr'><strong>nam,</strong></span> <span class='ocrx_word' id='word_1_136' title='bbox 2036 715 2213 787; x_wconf 63' lang='lat' dir='ltr'><strong>«ejus»</strong></span> <span class='ocrx_word' id='word_1_137' title='bbox 2244 718 2560 786; x_wconf 83' lang='lat' dir='ltr'><strong>potentiam,</strong></span> <span class='ocrx_word' id='word_1_138' title='bbox 2586 732 2686 784; x_wconf 84' lang='lat' dir='ltr'><strong>qna</strong></span> <span class='ocrx_word' id='word_1_139' title='bbox 2712 714 3018 770; x_wconf 85' lang='lat' dir='ltr'><strong>universam</strong></span> <span class='ocrx_word' id='word_1_140' title='bbox 3046 713 3255 780; x_wconf 82' lang='lat' dir='ltr'><strong>Asiam,</strong></span> <span class='ocrx_word' id='word_1_141' title='bbox 3285 714 3449 770; x_wconf 88' lang='lat' dir='ltr'><strong>immo</strong></span> 
     </span>
    </p>
   </div>
   <div class='ocr_carea' id='block_1_22' title="bbox 1858 792 3448 879">
    <p class='ocr_par' dir='ltr' id='par_1_22' title="bbox 1858 792 3448 879">
     <span class='ocr_line' id='line_1_22' title="bbox 1858 792 3448 879; baseline -0.001 -17"><span class='ocrx_word' id='word_1_142' title='bbox 1858 822 1997 878; x_wconf 90' lang='lat' dir='ltr'><strong>pene</strong></span> <span class='ocrx_word' id='word_1_143' title='bbox 2027 817 2198 863; x_wconf 91' lang='lat' dir='ltr'><strong>totum</strong></span> <span class='ocrx_word' id='word_1_144' title='bbox 2225 810 2411 869; x_wconf 84' lang='lat' dir='ltr'><strong>urbem</strong></span> <span class='ocrx_word' id='word_1_145' title='bbox 2446 809 2639 879; x_wconf 83' lang='lat' dir='ltr'><strong>partim</strong></span> <span class='ocrx_word' id='word_1_146' title='bbox 2690 792 2755 863; x_wconf 22' lang='lat' dir='ltr'><strong>vi.</strong></span> <span class='ocrx_word' id='word_1_147' title='bbox 2779 816 2833 862; x_wconf 87' lang='lat' dir='ltr'><strong>et</strong></span> <span class='ocrx_word' id='word_1_148' title='bbox 2869 809 3065 872; x_wconf 85' lang='lat' dir='ltr'><strong>armis,</strong></span> <span class='ocrx_word' id='word_1_149' title='bbox 3096 807 3291 878; x_wconf 73' lang='lat' dir='ltr'><strong>partim</strong></span> <span class='ocrx_word' id='word_1_150' title='bbox 3336 814 3448 860; x_wconf 88' lang='lat' dir='ltr'><strong>ter-</strong></span> 
     </span>
    </p>
   </div>
   <div class='ocr_carea' id='block_1_23' title="bbox 1860 900 3444 979">
    <p class='ocr_par' dir='ltr' id='par_1_23' title="bbox 1860 900 3444 979">
     <span class='ocr_line' id='line_1_23' title="bbox 1860 900 3444 979; baseline -0.002 -24"><span class='ocrx_word' id='word_1_151' title='bbox 1860 917 1984 956; x_wconf 85' lang='lat' dir='ltr'><strong>rore</strong></span> <span class='ocrx_word' id='word_1_152' title='bbox 2029 902 2315 973; x_wconf 81' lang='lat' dir='ltr'><strong>subegerat</strong></span> <span class='ocrx_word' id='word_1_153' title='bbox 2351 923 2368 954; x_wconf 75' lang='lat' dir='ltr'><strong>r</strong></span> <span class='ocrx_word' id='word_1_154' title='bbox 2406 902 2624 975; x_wconf 77' lang='lat' dir='ltr'><strong>(Arnob.</strong></span> <span class='ocrx_word' id='word_1_155' title='bbox 2651 943 2666 965; x_wconf 87' lang='lat'><strong>,</strong></span> <span class='ocrx_word' id='word_1_156' title='bbox 2707 902 2799 957; x_wconf 90' lang='lat' dir='ltr'><strong>lib.</strong></span> <span class='ocrx_word' id='word_1_157' title='bbox 2845 917 2899 966; x_wconf 84' lang='lat'><strong>1,</strong></span> <span class='ocrx_word' id='word_1_158' title='bbox 2934 917 3054 979; x_wconf 80' lang='lat' dir='ltr'><strong>pug.</strong></span> <span class='ocrx_word' id='word_1_159' title='bbox 3088 900 3151 964; x_wconf 84' lang='lat'><strong>5;</strong></span> <span class='ocrx_word' id='word_1_160' title='bbox 3188 901 3405 975; x_wconf 85' lang='lat' dir='ltr'><strong>August.</strong></span> <span class='ocrx_word' id='word_1_161' title='bbox 3429 943 3444 967; x_wconf 95' lang='lat'><strong>,</strong></span> 
     </span>
    </p>
   </div>
   <div class='ocr_carea' id='block_1_24' title="bbox 1862 991 3453 1067">
    <p class='ocr_par' dir='ltr' id='par_1_24' title="bbox 1862 991 3453 1067">
     <span class='ocr_line' id='line_1_24' title="bbox 1862 991 3453 1067; baseline -0.002 -19"><span class='ocrx_word' id='word_1_162' title='bbox 1862 994 1948 1049; x_wconf 89' lang='lat' dir='ltr'><strong>lib.</strong></span> <span class='ocrx_word' id='word_1_163' title='bbox 1997 1011 2125 1051; x_wconf 81' lang='lat' dir='ltr'><strong>xvm</strong></span> <span class='ocrx_word' id='word_1_164' title='bbox 2164 995 2226 1057; x_wconf 80' lang='lat' dir='ltr'><strong>de</strong></span> <span class='ocrx_word' id='word_1_165' title='bbox 2263 992 2412 1051; x_wconf 78' lang='lat' dir='ltr'><strong>Civil.</strong></span> <span class='ocrx_word' id='word_1_166' title='bbox 2446 1013 2563 1065; x_wconf 88' lang='lat' dir='ltr'><strong>cap.</strong></span> <span class='ocrx_word' id='word_1_167' title='bbox 2605 994 2712 1062; x_wconf 70' lang='lat'><strong>42,</strong></span> <span class='ocrx_word' id='word_1_168' title='bbox 2771 1010 2892 1067; x_wconf 89' lang='lat' dir='ltr'><strong>pag.</strong></span> <span class='ocrx_word' id='word_1_169' title='bbox 2925 991 3076 1067; x_wconf 68' lang='lat'><strong>5%).</strong></span> <span class='ocrx_word' id='word_1_170' title='bbox 3114 994 3189 1051; x_wconf 88' lang='lat' dir='ltr'><strong>De</strong></span> <span class='ocrx_word' id='word_1_171' title='bbox 3224 993 3318 1049; x_wconf 88' lang='lat' dir='ltr'><strong>illo</strong></span> <span class='ocrx_word' id='word_1_172' title='bbox 3356 1006 3453 1045; x_wconf 86' lang='lat' dir='ltr'><strong>au-</strong></span> 
     </span>
    </p>
   </div>
   <div class='ocr_carea' id='block_1_25' title="bbox 1862 1085 3449 1163">
    <p class='ocr_par' dir='ltr' id='par_1_25' title="bbox 1862 1085 3449 1163">
     <span class='ocr_line' id='line_1_25' title="bbox 1862 1085 3449 1163; baseline -0.003 -19"><span class='ocrx_word' id='word_1_173' title='bbox 1862 1099 1968 1145; x_wconf 87' lang='lat' dir='ltr'><strong>tem</strong></span> <span class='ocrx_word' id='word_1_174' title='bbox 2023 1098 2219 1162; x_wconf 60' lang='lat' dir='ltr'><strong>praeter</strong></span> <span class='ocrx_word' id='word_1_175' title='bbox 2269 1088 2406 1143; x_wconf 90' lang='lat' dir='ltr'><strong>alios</strong></span> <span class='ocrx_word' id='word_1_176' title='bbox 2452 1088 2672 1163; x_wconf 87' lang='lat' dir='ltr'><strong>plures,</strong></span> <span class='ocrx_word' id='word_1_177' title='bbox 2706 1085 2985 1142; x_wconf 88' lang='lat' dir='ltr'><strong>Plutarchi</strong></span> <span class='ocrx_word' id='word_1_178' title='bbox 3031 1085 3097 1141; x_wconf 88' lang='lat' dir='ltr'><strong>de</strong></span> <span class='ocrx_word' id='word_1_179' title='bbox 3149 1085 3292 1140; x_wconf 90' lang='lat' dir='ltr'><strong>illius</strong></span> <span class='ocrx_word' id='word_1_180' title='bbox 3337 1094 3449 1140; x_wconf 90' lang='lat' dir='ltr'><strong>tum</strong></span> 
     </span>
    </p>
   </div>
   <div class='ocr_carea' id='block_1_26' title="bbox 1793 1176 3448 1250">
    <p class='ocr_par' dir='ltr' id='par_1_26' title="bbox 1793 1176 3448 1250">
     <span class='ocr_line' id='line_1_26' title="bbox 1793 1176 3448 1250; baseline -0.003 -15"><span class='ocrx_word' id='word_1_181' title='bbox 1793 1190 1802 1201; x_wconf 88' lang='lat'>&#39;</span> <span class='ocrx_word' id='word_1_182' title='bbox 1862 1182 1967 1238; x_wconf 87' lang='lat' dir='ltr'><strong>vita</strong></span> <span class='ocrx_word' id='word_1_183' title='bbox 2021 1192 2130 1237; x_wconf 88' lang='lat' dir='ltr'><strong>tum</strong></span> <span class='ocrx_word' id='word_1_184' title='bbox 2181 1181 2432 1250; x_wconf 78' lang='lat' dir='ltr'><strong>fortuna,</strong></span> <span class='ocrx_word' id='word_1_185' title='bbox 2480 1181 2735 1245; x_wconf 82' lang='lat' dir='ltr'><strong>Arriani,</strong></span> <span class='ocrx_word' id='word_1_186' title='bbox 2788 1180 2857 1234; x_wconf 88' lang='lat' dir='ltr'><strong>de</strong></span> <span class='ocrx_word' id='word_1_187' title='bbox 2903 1178 3021 1248; x_wconf 83' lang='lat' dir='ltr'><strong>ejus</strong></span> <span class='ocrx_word' id='word_1_188' title='bbox 3070 1176 3448 1250; x_wconf 75' lang='lat' dir='ltr'><strong>expeditione,</strong></span> 
     </span>
    </p>
   </div>
   <div class='ocr_carea' id='block_1_27' title="bbox 1861 1272 3453 1345">
    <p class='ocr_par' dir='ltr' id='par_1_27' title="bbox 1861 1272 3453 1345">
     <span class='ocr_line' id='line_1_27' title="bbox 1861 1272 3453 1345; baseline -0.003 -13"><span class='ocrx_word' id='word_1_189' title='bbox 1861 1285 1917 1332; x_wconf 87' lang='lat' dir='ltr'><strong>et</strong></span> <span class='ocrx_word' id='word_1_190' title='bbox 1971 1276 2153 1345; x_wconf 87' lang='lat' dir='ltr'><strong>Quinti</strong></span> <span class='ocrx_word' id='word_1_191' title='bbox 2193 1277 2357 1332; x_wconf 89' lang='lat' dir='ltr'><strong>Curtii</strong></span> <span class='ocrx_word' id='word_1_192' title='bbox 2408 1276 2476 1329; x_wconf 91' lang='lat' dir='ltr'><strong>de</strong></span> <span class='ocrx_word' id='word_1_193' title='bbox 2520 1276 2685 1345; x_wconf 85' lang='lat' dir='ltr'><strong>ipsius</strong></span> <span class='ocrx_word' id='word_1_194' title='bbox 2722 1274 2964 1330; x_wconf 81' lang='lat' dir='ltr'><strong>bisturiis</strong></span> <span class='ocrx_word' id='word_1_195' title='bbox 3010 1272 3130 1327; x_wconf 83' lang='lat' dir='ltr'><strong>libri</strong></span> <span class='ocrx_word' id='word_1_196' title='bbox 3184 1272 3453 1342; x_wconf 65' lang='lat' dir='ltr'><strong>praecipue</strong></span> 
     </span>
    </p>
   </div>
   <div class='ocr_carea' id='block_1_28' title="bbox 1860 1366 3453 1443">
    <p class='ocr_par' dir='ltr' id='par_1_28' title="bbox 1860 1366 3453 1443">
     <span class='ocr_line' id='line_1_28' title="bbox 1860 1366 3453 1443; baseline -0.003 -20"><span class='ocrx_word' id='word_1_197' title='bbox 1860 1369 2071 1443; x_wconf 81' lang='lat' dir='ltr'><strong>legendi</strong></span> <span class='ocrx_word' id='word_1_198' title='bbox 2103 1380 2249 1428; x_wconf 90' lang='lat' dir='ltr'><strong>sunt.</strong></span> <span class='ocrx_word' id='word_1_199' title='bbox 2296 1368 2533 1438; x_wconf 52' lang='lat' dir='ltr'><strong>Denique</strong></span> <span class='ocrx_word' id='word_1_200' title='bbox 2566 1368 2830 1435; x_wconf 83' lang='lat' dir='ltr'><strong>Romani,</strong></span> <span class='ocrx_word' id='word_1_201' title='bbox 2879 1367 2949 1423; x_wconf 87' lang='lat' dir='ltr'><strong>ait</strong></span> <span class='ocrx_word' id='word_1_202' title='bbox 2992 1366 3263 1428; x_wconf 82' lang='lat' dir='ltr'><strong>Arnobius</strong></span> <span class='ocrx_word' id='word_1_203' title='bbox 3284 1407 3299 1431; x_wconf 94' lang='lat'><strong>,</strong></span> <span class='ocrx_word' id='word_1_204' title='bbox 3328 1373 3453 1420; x_wconf 86' lang='lat' dir='ltr'><strong>ante</strong></span> 
     </span>
    </p>
   </div>
   <div class='ocr_carea' id='block_1_29' title="bbox 1858 1454 3450 1525">
    <p class='ocr_par' dir='ltr' id='par_1_29' title="bbox 1858 1454 3450 1525">
     <span class='ocr_line' id='line_1_29' title="bbox 1858 1454 3450 1525; baseline -0.003 -10"><span class='ocrx_word' id='word_1_205' title='bbox 1858 1471 2041 1515; x_wconf 88' lang='lat' dir='ltr'><strong>natum</strong></span> <span class='ocrx_word' id='word_1_206' title='bbox 2085 1458 2359 1516; x_wconf 88' lang='lat' dir='ltr'><strong>Christum</strong></span> <span class='ocrx_word' id='word_1_207' title='bbox 2406 1463 2651 1514; x_wconf 78' lang='lat' dir='ltr'><strong>natioaes</strong></span> <span class='ocrx_word' id='word_1_208' title='bbox 2682 1474 2874 1515; x_wconf 84' lang='lat' dir='ltr'><strong>omnes</strong></span> <span class='ocrx_word' id='word_1_209' title='bbox 2917 1467 3228 1525; x_wconf 85' lang='lat' dir='ltr'><strong>vastarunt,</strong></span> <span class='ocrx_word' id='word_1_210' title='bbox 3277 1466 3328 1513; x_wconf 89' lang='lat' dir='ltr'><strong>et</strong></span> <span class='ocrx_word' id='word_1_211' title='bbox 3355 1454 3450 1510; x_wconf 88' lang='lat' dir='ltr'><strong>de-</strong></span> 
     </span>
    </p>
   </div>
   <div class='ocr_carea' id='block_1_30' title="bbox 1860 1551 3010 1627">
    <p class='ocr_par' dir='ltr' id='par_1_30' title="bbox 1860 1551 3010 1627">
     <span class='ocr_line' id='line_1_30' title="bbox 1860 1551 3010 1627; baseline -0.003 -19"><span class='ocrx_word' id='word_1_212' title='bbox 1860 1554 2099 1627; x_wconf 75' lang='lat' dir='ltr'><strong>populati</strong></span> <span class='ocrx_word' id='word_1_213' title='bbox 2140 1564 2265 1608; x_wconf 91' lang='lat' dir='ltr'><strong>sunt</strong></span> <span class='ocrx_word' id='word_1_214' title='bbox 2287 1554 2539 1627; x_wconf 82' lang='lat' dir='ltr'><strong>(Aruob.,</strong></span> <span class='ocrx_word' id='word_1_215' title='bbox 2574 1552 2664 1608; x_wconf 86' lang='lat' dir='ltr'><strong>lib.</strong></span> <span class='ocrx_word' id='word_1_216' title='bbox 2696 1570 2746 1618; x_wconf 83' lang='grc' dir='ltr'><strong>ι,</strong></span> <span class='ocrx_word' id='word_1_217' title='bbox 2781 1570 2900 1627; x_wconf 84' lang='lat' dir='ltr'><strong>pag.</strong></span> <span class='ocrx_word' id='word_1_218' title='bbox 2933 1551 3010 1623; x_wconf 80' lang='lat'><strong>5).</strong></span> 
     </span>
    </p>
   </div>
   <div class='ocr_carea' id='block_1_31' title="bbox 161 1641 3450 1727">
    <p class='ocr_par' dir='ltr' id='par_1_31' title="bbox 161 1641 3450 1727">
     <span class='ocr_line' id='line_1_31' title="bbox 161 1641 3450 1727; baseline -0.004 -18"><span class='ocrx_word' id='word_1_219' title='bbox 161 1649 574 1722; x_wconf 85' lang='lat' dir='ltr'><strong>HierOnymum,</strong></span> <span class='ocrx_word' id='word_1_220' title='bbox 605 1652 680 1706; x_wconf 92' lang='lat' dir='ltr'><strong>uti</strong></span> <span class='ocrx_word' id='word_1_221' title='bbox 710 1652 963 1717; x_wconf 85' lang='lat' dir='ltr'><strong>vidimus,</strong></span> <span class='ocrx_word' id='word_1_222' title='bbox 999 1669 1105 1708; x_wconf 85' lang='lat' dir='ltr'><strong>non</strong></span> <span class='ocrx_word' id='word_1_223' title='bbox 1149 1653 1439 1724; x_wconf 83' lang='lat' dir='ltr'><strong>prohibuit,</strong></span> <span class='ocrx_word' id='word_1_224' title='bbox 1466 1659 1755 1727; x_wconf 79' lang='lat' dir='ltr'><strong>quominus</strong></span> <span class='ocrx_word' id='word_1_225' title='bbox 1786 1666 1833 1725; x_wconf 82' lang='grc' dir='ltr'><strong>Β</strong></span> <span class='ocrx_word' id='word_1_226' title='bbox 1930 1649 2035 1704; x_wconf 87' lang='lat' dir='ltr'><strong>Sed</strong></span> <span class='ocrx_word' id='word_1_227' title='bbox 2062 1658 2118 1703; x_wconf 91' lang='lat' dir='ltr'><strong>ut</strong></span> <span class='ocrx_word' id='word_1_228' title='bbox 2148 1648 2393 1702; x_wconf 86' lang='lat' dir='ltr'><strong>insanam</strong></span> <span class='ocrx_word' id='word_1_229' title='bbox 2428 1648 2641 1703; x_wconf 89' lang='lat' dir='ltr'><strong>illorum</strong></span> <span class='ocrx_word' id='word_1_230' title='bbox 2676 1646 2931 1705; x_wconf 79' lang='lat' dir='ltr'><strong>ferociam</strong></span> <span class='ocrx_word' id='word_1_231' title='bbox 2962 1642 3141 1698; x_wconf 90' lang='lat' dir='ltr'><strong>adhuc</strong></span> <span class='ocrx_word' id='word_1_232' title='bbox 3184 1641 3450 1712; x_wconf 83' lang='lat' dir='ltr'><strong>reprime-</strong></span> 
     </span>
    </p>
   </div>
   <div class='ocr_carea' id='block_1_32' title="bbox 160 1745 1771 1820">
    <p class='ocr_par' dir='ltr' id='par_1_32' title="bbox 160 1745 1771 1820">
     <span class='ocr_line' id='line_1_32' title="bbox 160 1745 1771 1820; baseline 0.002 -18"><span class='ocrx_word' id='word_1_233' title='bbox 160 1746 409 1802; x_wconf 74' lang='lat' dir='ltr'><strong>Arnobio</strong></span> <span class='ocrx_word' id='word_1_234' title='bbox 439 1757 626 1801; x_wconf 73' lang='lat' dir='ltr'><strong>nosuo</strong></span> <span class='ocrx_word' id='word_1_235' title='bbox 656 1745 1097 1818; x_wconf 79' lang='lat' dir='ltr'><strong>suli&#39;ragarentur.</strong></span> <span class='ocrx_word' id='word_1_236' title='bbox 1130 1748 1324 1804; x_wconf 88' lang='lat' dir='ltr'><strong>Suidas</strong></span> <span class='ocrx_word' id='word_1_237' title='bbox 1352 1764 1512 1820; x_wconf 81' lang='lat' dir='ltr'><strong>porro</strong></span> <span class='ocrx_word' id='word_1_238' title='bbox 1563 1756 1771 1805; x_wconf 73' lang='lat' dir='ltr'><strong>secun-‘</strong></span> 
     </span>
    </p>
   </div>
   <div class='ocr_carea' id='block_1_33' title="bbox 161 1839 1760 1900">
    <p class='ocr_par' dir='ltr' id='par_1_33' title="bbox 161 1839 1760 1900">
     <span class='ocr_line' id='line_1_33' title="bbox 161 1839 1760 1900; baseline 0.004 -6"><span class='ocrx_word' id='word_1_239' title='bbox 161 1839 293 1894; x_wconf 87' lang='lat' dir='ltr'><strong>dum</strong></span> <span class='ocrx_word' id='word_1_240' title='bbox 323 1839 668 1896; x_wconf 84' lang='lat' dir='ltr'><strong>Zoroastrem</strong></span> <span class='ocrx_word' id='word_1_241' title='bbox 699 1851 1070 1897; x_wconf 86' lang='lat' dir='ltr'><strong>astronomum</strong></span> <span class='ocrx_word' id='word_1_242' title='bbox 1098 1842 1237 1897; x_wconf 84' lang='lat' dir='ltr'><strong>Nino</strong></span> <span class='ocrx_word' id='word_1_243' title='bbox 1290 1857 1527 1899; x_wconf 71' lang='lat' dir='ltr'><strong>comvum</strong></span> <span class='ocrx_word' id='word_1_244' title='bbox 1578 1846 1760 1900; x_wconf 81' lang='lat' dir='ltr'><strong>existi-</strong></span> 
     </span>
    </p>
   </div>
   <div class='ocr_carea' id='block_1_34' title="bbox 159 1931 1756 2012">
    <p class='ocr_par' dir='ltr' id='par_1_34' title="bbox 159 1931 1756 2012">
     <span class='ocr_line' id='line_1_34' title="bbox 159 1931 1756 2012; baseline 0.004 -25"><span class='ocrx_word' id='word_1_245' title='bbox 159 1940 275 1987; x_wconf 87' lang='lat' dir='ltr'><strong>mat</strong></span> <span class='ocrx_word' id='word_1_246' title='bbox 318 1931 520 2001; x_wconf 80' lang='lat' dir='ltr'><strong>(Suid.,</strong></span> <span class='ocrx_word' id='word_1_247' title='bbox 570 1932 640 1986; x_wconf 84' lang='lat' dir='ltr'><strong>ad</strong></span> <span class='ocrx_word' id='word_1_248' title='bbox 682 1932 885 1987; x_wconf 80' lang='lat' dir='ltr'><strong>verbum</strong></span> <span class='ocrx_word' id='word_1_249' title='bbox 931 1933 1316 2012; x_wconf 77' lang='grc' dir='ltr'><strong>Ζωροάστρης).</strong></span> <span class='ocrx_word' id='word_1_250' title='bbox 1375 1934 1512 2003; x_wconf 83' lang='lat' dir='ltr'><strong>Quid</strong></span> <span class='ocrx_word' id='word_1_251' title='bbox 1563 1937 1756 1993; x_wconf 91' lang='lat' dir='ltr'><strong>mirum</strong></span> 
     </span>
    </p>
   </div>
   <div class='ocr_carea' id='block_1_35' title="bbox 160 2025 1760 2098">
    <p class='ocr_par' dir='ltr' id='par_1_35' title="bbox 160 2025 1760 2098">
     <span class='ocr_line' id='line_1_35' title="bbox 160 2025 1760 2098; baseline 0.004 -21"><span class='ocrx_word' id='word_1_252' title='bbox 160 2034 347 2079; x_wconf 89' lang='lat' dir='ltr'><strong>autem</strong></span> <span class='ocrx_word' id='word_1_253' title='bbox 380 2025 426 2079; x_wconf 88' lang='lat' dir='ltr'><strong>si</strong></span> <span class='ocrx_word' id='word_1_254' title='bbox 454 2026 498 2078; x_wconf 90' lang='lat' dir='ltr'><strong>is</strong></span> <span class='ocrx_word' id='word_1_255' title='bbox 522 2027 921 2096; x_wconf 78' lang='lat' dir='ltr'><strong>magus,‘immo</strong></span> <span class='ocrx_word' id='word_1_256' title='bbox 947 2038 1000 2081; x_wconf 92' lang='lat' dir='ltr'><strong>et</strong></span> <span class='ocrx_word' id='word_1_257' title='bbox 1033 2027 1243 2098; x_wconf 67' lang='lat' dir='ltr'><strong>magian,</strong></span> <span class='ocrx_word' id='word_1_258' title='bbox 1275 2028 1347 2081; x_wconf 84' lang='lat' dir='ltr'><strong>uti</strong></span> <span class='ocrx_word' id='word_1_259' title='bbox 1372 2028 1542 2094; x_wconf 85' lang='lat' dir='ltr'><strong>aiunt,</strong></span> <span class='ocrx_word' id='word_1_260' title='bbox 1574 2029 1760 2085; x_wconf 91' lang='lat' dir='ltr'><strong>inven-</strong></span> 
     </span>
    </p>
   </div>
   <div class='ocr_carea' id='block_1_36' title="bbox 160 2117 1757 2194">
    <p class='ocr_par' dir='ltr' id='par_1_36' title="bbox 160 2117 1757 2194">
     <span class='ocr_line' id='line_1_36' title="bbox 160 2117 1757 2194; baseline 0.003 -22"><span class='ocrx_word' id='word_1_261' title='bbox 160 2126 272 2181; x_wconf 89' lang='lat' dir='ltr'><strong>tor,</strong></span> <span class='ocrx_word' id='word_1_262' title='bbox 316 2131 350 2171; x_wconf 84' lang='lat' dir='ltr'><strong>a</strong></span> <span class='ocrx_word' id='word_1_263' title='bbox 396 2117 645 2188; x_wconf 88' lang='lat' dir='ltr'><strong>plurimis</strong></span> <span class='ocrx_word' id='word_1_264' title='bbox 700 2128 817 2174; x_wconf 89' lang='lat' dir='ltr'><strong>arte</strong></span> <span class='ocrx_word' id='word_1_265' title='bbox 870 2120 1074 2192; x_wconf 82' lang='lat' dir='ltr'><strong>magica</strong></span> <span class='ocrx_word' id='word_1_266' title='bbox 1125 2121 1384 2178; x_wconf 88' lang='lat' dir='ltr'><strong>adversus</strong></span> <span class='ocrx_word' id='word_1_267' title='bbox 1426 2118 1622 2176; x_wconf 87' lang='lat' dir='ltr'><strong>Ninum</strong></span> <span class='ocrx_word' id='word_1_268' title='bbox 1660 2136 1757 2194; x_wconf 92' lang='lat' dir='ltr'><strong>pu-</strong></span> 
     </span>
    </p>
   </div>
   <div class='ocr_carea' id='block_1_37' title="bbox 158 2209 1234 2298">
    <p class='ocr_par' dir='ltr' id='par_1_37' title="bbox 158 2209 1234 2298">
     <span class='ocr_line' id='line_1_37' title="bbox 158 2209 1234 2298; baseline 0.001 -34"><span class='ocrx_word' id='word_1_269' title='bbox 158 2223 360 2282; x_wconf 83' lang='lat' dir='ltr'><strong>gnasse</strong></span> <span class='ocrx_word' id='word_1_270' title='bbox 402 2209 650 2266; x_wconf 81' lang='lat' dir='ltr'><strong>dicatur?</strong></span> <span class='ocrx_word' id='word_1_271' title='bbox 1216 2274 1234 2298; x_wconf 55' lang='lat'><em>.</em></span> 
     </span>
    </p>
   </div>
   <div class='ocr_carea' id='block_1_38' title="bbox 236 2300 1753 2380">
    <p class='ocr_par' dir='ltr' id='par_1_38' title="bbox 236 2300 1753 2380">
     <span class='ocr_line' id='line_1_38' title="bbox 236 2300 1753 2380; baseline 0.005 -23"><span class='ocrx_word' id='word_1_272' title='bbox 236 2300 307 2357; x_wconf 87' lang='lat' dir='ltr'><strong>Ut</strong></span> <span class='ocrx_word' id='word_1_273' title='bbox 333 2310 389 2356; x_wconf 85' lang='lat' dir='ltr'><strong>ut</strong></span> <span class='ocrx_word' id='word_1_274' title='bbox 424 2303 515 2368; x_wconf 89' lang='lat' dir='ltr'><strong>sit,</strong></span> <span class='ocrx_word' id='word_1_275' title='bbox 546 2302 681 2358; x_wconf 92' lang='lat' dir='ltr'><strong>nulli</strong></span> <span class='ocrx_word' id='word_1_276' title='bbox 725 2302 942 2358; x_wconf 90' lang='lat' dir='ltr'><strong>dubium</strong></span> <span class='ocrx_word' id='word_1_277' title='bbox 975 2304 1107 2360; x_wconf 89' lang='lat' dir='ltr'><strong>illud</strong></span> <span class='ocrx_word' id='word_1_278' title='bbox 1139 2320 1259 2362; x_wconf 88' lang='lat' dir='ltr'><strong>csse</strong></span> <span class='ocrx_word' id='word_1_279' title='bbox 1293 2315 1486 2377; x_wconf 89' lang='lat' dir='ltr'><strong>potest,</strong></span> <span class='ocrx_word' id='word_1_280' title='bbox 1516 2308 1658 2380; x_wconf 88' lang='lat' dir='ltr'><strong>quod</strong></span> <span class='ocrx_word' id='word_1_281' title='bbox 1685 2309 1753 2364; x_wconf 88' lang='lat' dir='ltr'><strong>ad</strong></span> 
     </span>
    </p>
   </div>
   <div class='ocr_carea' id='block_1_39' title="bbox 159 2392 1758 2468">
    <p class='ocr_par' dir='ltr' id='par_1_39' title="bbox 159 2392 1758 2468">
     <span class='ocr_line' id='line_1_39' title="bbox 159 2392 1758 2468; baseline 0.006 -19"><span class='ocrx_word' id='word_1_282' title='bbox 159 2392 523 2450; x_wconf 74' lang='lat' dir='ltr'><strong>confutandos</strong></span> <span class='ocrx_word' id='word_1_283' title='bbox 566 2395 797 2468; x_wconf 80' lang='lat' dir='ltr'><strong>gentiles</strong></span> <span class='ocrx_word' id='word_1_284' title='bbox 844 2400 1037 2453; x_wconf 86' lang='lat' dir='ltr'><strong>asserit</strong></span> <span class='ocrx_word' id='word_1_285' title='bbox 1082 2401 1386 2464; x_wconf 84' lang='lat' dir='ltr'><strong>Arnobius,</strong></span> <span class='ocrx_word' id='word_1_286' title='bbox 1415 2403 1603 2457; x_wconf 89' lang='lat' dir='ltr'><strong>multis</strong></span> <span class='ocrx_word' id='word_1_287' title='bbox 1632 2416 1758 2459; x_wconf 76' lang='lat' dir='ltr'><strong>ante</strong></span> 
     </span>
    </p>
   </div>
   <div class='ocr_carea' id='block_1_40' title="bbox 160 2485 1759 2567">
    <p class='ocr_par' dir='ltr' id='par_1_40' title="bbox 160 2485 1759 2567">
     <span class='ocr_line' id='line_1_40' title="bbox 160 2485 1759 2567; baseline 0.008 -29"><span class='ocrx_word' id='word_1_288' title='bbox 160 2485 517 2543; x_wconf 85' lang='lat' dir='ltr'><strong>christianam</strong></span> <span class='ocrx_word' id='word_1_289' title='bbox 537 2488 853 2560; x_wconf 82' lang='lat' dir='ltr'><strong>religionem</strong></span> <span class='ocrx_word' id='word_1_290' title='bbox 884 2490 1100 2546; x_wconf 68' lang='lat' dir='ltr'><strong>saaculis</strong></span> <span class='ocrx_word' id='word_1_291' title='bbox 1138 2504 1288 2563; x_wconf 86' lang='lat' dir='ltr'><strong>gesta</strong></span> <span class='ocrx_word' id='word_1_292' title='bbox 1311 2491 1480 2549; x_wconf 87' lang='lat' dir='ltr'><strong>fuisse</strong></span> <span class='ocrx_word' id='word_1_293' title='bbox 1506 2494 1759 2567; x_wconf 84' lang='lat' dir='ltr'><strong>Assyrios</strong></span> 
     </span>
    </p>
   </div>
   <div class='ocr_carea' id='block_1_41' title="bbox 165 2578 1717 2654">
    <p class='ocr_par' dir='ltr' id='par_1_41' title="bbox 165 2578 1717 2654">
     <span class='ocr_line' id='line_1_41' title="bbox 165 2578 1717 2654; baseline 0.006 -22"><span class='ocrx_word' id='word_1_294' title='bbox 165 2578 315 2634; x_wconf 88' lang='lat' dir='ltr'><strong>inter</strong></span> <span class='ocrx_word' id='word_1_295' title='bbox 342 2588 398 2635; x_wconf 89' lang='lat' dir='ltr'><strong>et</strong></span> <span class='ocrx_word' id='word_1_296' title='bbox 418 2579 737 2636; x_wconf 85' lang='lat' dir='ltr'><strong>Bactrianos</strong></span> <span class='ocrx_word' id='word_1_297' title='bbox 762 2583 898 2638; x_wconf 90' lang='lat' dir='ltr'><strong>bella</strong></span> <span class='ocrx_word' id='word_1_298' title='bbox 929 2598 993 2639; x_wconf 92' lang='lat' dir='ltr'><strong>ac</strong></span> <span class='ocrx_word' id='word_1_299' title='bbox 1026 2585 1233 2654; x_wconf 68' lang='lat' dir='ltr'><strong>prmlia.</strong></span> <span class='ocrx_word' id='word_1_300' title='bbox 1708 2630 1717 2635; x_wconf 96' lang='lat'><strong>-</strong></span> 
     </span>
    </p>
   </div>
   <div class='ocr_carea' id='block_1_42' title="bbox 237 2672 1758 2750">
    <p class='ocr_par' dir='ltr' id='par_1_42' title="bbox 237 2672 1758 2750">
     <span class='ocr_line' id='line_1_42' title="bbox 237 2672 1758 2750; baseline 0.006 -23"><span class='ocrx_word' id='word_1_301' title='bbox 237 2672 352 2728; x_wconf 88' lang='lat' dir='ltr'><strong>Nec</strong></span> <span class='ocrx_word' id='word_1_302' title='bbox 388 2675 568 2730; x_wconf 88' lang='lat' dir='ltr'><strong>minus</strong></span> <span class='ocrx_word' id='word_1_303' title='bbox 594 2685 806 2731; x_wconf 88' lang='lat' dir='ltr'><strong>constat</strong></span> <span class='ocrx_word' id='word_1_304' title='bbox 851 2676 1143 2747; x_wconf 71' lang='lat' dir='ltr'><strong>Troianum</strong></span> <span class='ocrx_word' id='word_1_305' title='bbox 1170 2678 1372 2733; x_wconf 88' lang='lat' dir='ltr'><strong>bellum</strong></span> <span class='ocrx_word' id='word_1_306' title='bbox 1402 2679 1563 2750; x_wconf 85' lang='lat' dir='ltr'><strong>longe</strong></span> <span class='ocrx_word' id='word_1_307' title='bbox 1598 2680 1758 2736; x_wconf 91' lang='lat' dir='ltr'><strong>etiam</strong></span> 
     </span>
    </p>
   </div>
   <div class='ocr_carea' id='block_1_43' title="bbox 162 2767 1758 2842">
    <p class='ocr_par' dir='ltr' id='par_1_43' title="bbox 162 2767 1758 2842">
     <span class='ocr_line' id='line_1_43' title="bbox 162 2767 1758 2842; baseline 0.006 -23"><span class='ocrx_word' id='word_1_308' title='bbox 162 2775 327 2821; x_wconf 86' lang='lat' dir='ltr'><strong>antea</strong></span> <span class='ocrx_word' id='word_1_309' title='bbox 356 2767 684 2835; x_wconf 83' lang='lat' dir='ltr'><strong>confectum,</strong></span> <span class='ocrx_word' id='word_1_310' title='bbox 718 2769 789 2824; x_wconf 90' lang='lat' dir='ltr'><strong>ob</strong></span> <span class='ocrx_word' id='word_1_311' title='bbox 812 2770 1051 2835; x_wconf 55' lang='lat' dir='ltr'><strong>Helena,</strong></span> <span class='ocrx_word' id='word_1_312' title='bbox 1098 2772 1270 2842; x_wconf 85' lang='lat' dir='ltr'><strong>inquit</strong></span> <span class='ocrx_word' id='word_1_313' title='bbox 1313 2782 1503 2827; x_wconf 86' lang='lat' dir='ltr'><strong>auctor</strong></span> <span class='ocrx_word' id='word_1_314' title='bbox 1557 2784 1758 2840; x_wconf 89' lang='lat' dir='ltr'><strong>noster,</strong></span> 
     </span>
    </p>
   </div>
   <div class='ocr_carea' id='block_1_44' title="bbox 162 2857 1758 2936">
    <p class='ocr_par' dir='ltr' id='par_1_44' title="bbox 162 2857 1758 2936">
     <span class='ocr_line' id='line_1_44' title="bbox 162 2857 1758 2936; baseline 0.008 -26"><span class='ocrx_word' id='word_1_315' title='bbox 162 2857 268 2913; x_wconf 84' lang='lat' dir='ltr'><strong>diis</strong></span> <span class='ocrx_word' id='word_1_316' title='bbox 287 2858 502 2914; x_wconf 84' lang='lat' dir='ltr'><strong>ducibus</strong></span> <span class='ocrx_word' id='word_1_317' title='bbox 530 2871 683 2929; x_wconf 82' lang='lat' dir='ltr'><strong>atque</strong></span> <span class='ocrx_word' id='word_1_318' title='bbox 708 2862 1077 2932; x_wconf 77' lang='lat' dir='ltr'><strong>impulsoribus</strong></span> <span class='ocrx_word' id='word_1_319' title='bbox 1099 2875 1307 2934; x_wconf 87' lang='lat' dir='ltr'><strong>raptum</strong></span> <span class='ocrx_word' id='word_1_320' title='bbox 1343 2865 1579 2936; x_wconf 60' lang='lat' dir='ltr'><strong>(Arnob,</strong></span> <span class='ocrx_word' id='word_1_321' title='bbox 1614 2866 1700 2921; x_wconf 91' lang='lat' dir='ltr'><strong>lib.</strong></span> <span class='ocrx_word' id='word_1_322' title='bbox 1721 2883 1758 2936; x_wconf 85' lang='grc' dir='ltr'><strong>ι,</strong></span> 
     </span>
    </p>
   </div>
   <div class='ocr_carea' id='block_1_45' title="bbox 1862 1734 3453 1812">
    <p class='ocr_par' dir='ltr' id='par_1_45' title="bbox 1862 1734 3453 1812">
     <span class='ocr_line' id='line_1_45' title="bbox 1862 1734 3453 1812; baseline -0.004 -16"><span class='ocrx_word' id='word_1_323' title='bbox 1862 1750 1977 1809; x_wconf 89' lang='lat' dir='ltr'><strong>ret,</strong></span> <span class='ocrx_word' id='word_1_324' title='bbox 2020 1740 2087 1799; x_wconf 86' lang='lat' dir='ltr'><strong>ab</strong></span> <span class='ocrx_word' id='word_1_325' title='bbox 2117 1742 2247 1812; x_wconf 85' lang='lat' dir='ltr'><strong>ipsis</strong></span> <span class='ocrx_word' id='word_1_326' title='bbox 2270 1749 2390 1811; x_wconf 87' lang='lat' dir='ltr'><strong>post</strong></span> <span class='ocrx_word' id='word_1_327' title='bbox 2416 1739 2810 1803; x_wconf 83' lang='lat' dir='ltr'><strong>Tertullianum</strong></span> <span class='ocrx_word' id='word_1_328' title='bbox 2844 1737 3115 1807; x_wconf 78' lang='lat' dir='ltr'><strong>postulat,</strong></span> <span class='ocrx_word' id='word_1_329' title='bbox 3162 1750 3287 1789; x_wconf 88' lang='lat' dir='ltr'><strong>num</strong></span> <span class='ocrx_word' id='word_1_330' title='bbox 3330 1734 3453 1805; x_wconf 89' lang='lat' dir='ltr'><strong>quis</strong></span> 
     </span>
    </p>
   </div>
   <div class='ocr_carea' id='block_1_46' title="bbox 1860 1828 3447 1907">
    <p class='ocr_par' dir='ltr' id='par_1_46' title="bbox 1860 1828 3447 1907">
     <span class='ocr_line' id='line_1_46' title="bbox 1860 1828 3447 1907; baseline -0.002 -18"><span class='ocrx_word' id='word_1_331' title='bbox 1860 1849 2058 1907; x_wconf 86' lang='lat' dir='ltr'><strong>negare</strong></span> <span class='ocrx_word' id='word_1_332' title='bbox 2087 1834 2256 1907; x_wconf 88' lang='lat' dir='ltr'><strong>possit</strong></span> <span class='ocrx_word' id='word_1_333' title='bbox 2290 1843 2408 1903; x_wconf 81' lang='lat' dir='ltr'><strong>post</strong></span> <span class='ocrx_word' id='word_1_334' title='bbox 2438 1832 2637 1888; x_wconf 85' lang='lat' dir='ltr'><strong>Christi</strong></span> <span class='ocrx_word' id='word_1_335' title='bbox 2686 1842 2914 1889; x_wconf 85' lang='lat' dir='ltr'><strong>mortem</strong></span> <span class='ocrx_word' id='word_1_336' title='bbox 2956 1830 3235 1885; x_wconf 86' lang='lat' dir='ltr'><strong>imminuta</strong></span> <span class='ocrx_word' id='word_1_337' title='bbox 3279 1828 3447 1886; x_wconf 87' lang='lat' dir='ltr'><strong>luisse</strong></span> 
     </span>
    </p>
   </div>
   <div class='ocr_carea' id='block_1_47' title="bbox 1864 1922 3453 1998">
    <p class='ocr_par' dir='ltr' id='par_1_47' title="bbox 1864 1922 3453 1998">
     <span class='ocr_line' id='line_1_47' title="bbox 1864 1922 3453 1998; baseline -0.005 -14"><span class='ocrx_word' id='word_1_338' title='bbox 1864 1930 2044 1995; x_wconf 85' lang='lat' dir='ltr'><strong>bella,</strong></span> <span class='ocrx_word' id='word_1_339' title='bbox 2093 1942 2157 1983; x_wconf 91' lang='lat' dir='ltr'><strong>ac</strong></span> <span class='ocrx_word' id='word_1_340' title='bbox 2201 1928 2395 1985; x_wconf 87' lang='lat' dir='ltr'><strong>mediis</strong></span> <span class='ocrx_word' id='word_1_341' title='bbox 2421 1943 2544 1998; x_wconf 75' lang='lat' dir='ltr'><strong>qua:</strong></span> <span class='ocrx_word' id='word_1_342' title='bbox 2585 1937 2772 1998; x_wconf 87' lang='lat' dir='ltr'><strong>postea</strong></span> <span class='ocrx_word' id='word_1_343' title='bbox 2826 1924 3034 1983; x_wconf 63' lang='lat' dir='ltr'><strong>ﬂuxere</strong></span> <span class='ocrx_word' id='word_1_344' title='bbox 3076 1922 3453 1993; x_wconf 86' lang='lat' dir='ltr'><strong>temporibus,</strong></span> 
     </span>
    </p>
   </div>
   <div class='ocr_carea' id='block_1_48' title="bbox 1865 2016 3455 2091">
    <p class='ocr_par' dir='ltr' id='par_1_48' title="bbox 1865 2016 3455 2091">
     <span class='ocr_line' id='line_1_48' title="bbox 1865 2016 3455 2091; baseline -0.003 -14"><span class='ocrx_word' id='word_1_345' title='bbox 1865 2018 2294 2078; x_wconf 90' lang='lat' dir='ltr'><strong>innumerabiles</strong></span> <span class='ocrx_word' id='word_1_346' title='bbox 2336 2029 2639 2091; x_wconf 85' lang='lat' dir='ltr'><strong>reportatas</strong></span> <span class='ocrx_word' id='word_1_347' title='bbox 2679 2019 2964 2089; x_wconf 78' lang='lat' dir='ltr'><strong>victorias,</strong></span> <span class='ocrx_word' id='word_1_348' title='bbox 3013 2016 3257 2088; x_wconf 89' lang='lat' dir='ltr'><strong>prolatos</strong></span> <span class='ocrx_word' id='word_1_349' title='bbox 3285 2016 3455 2086; x_wconf 86' lang='lat' dir='ltr'><strong>impe-</strong></span> 
     </span>
    </p>
   </div>
   <div class='ocr_carea' id='block_1_49' title="bbox 1866 2110 3450 2189">
    <p class='ocr_par' dir='ltr' id='par_1_49' title="bbox 1866 2110 3450 2189">
     <span class='ocr_line' id='line_1_49' title="bbox 1866 2110 3450 2189; baseline -0.004 -16"><span class='ocrx_word' id='word_1_350' title='bbox 1866 2118 1931 2174; x_wconf 89' lang='lat' dir='ltr'><strong>rii</strong></span> <span class='ocrx_word' id='word_1_351' title='bbox 1963 2118 2131 2183; x_wconf 83' lang='lat' dir='ltr'><strong>lines,</strong></span> <span class='ocrx_word' id='word_1_352' title='bbox 2173 2126 2484 2189; x_wconf 87' lang='lat' dir='ltr'><strong>tantamque</strong></span> <span class='ocrx_word' id='word_1_353' title='bbox 2535 2114 2702 2170; x_wconf 80' lang='lat' dir='ltr'><strong>fuisse</strong></span> <span class='ocrx_word' id='word_1_354' title='bbox 2743 2127 2977 2168; x_wconf 65' lang='lat' dir='ltr'><strong>annonae</strong></span> <span class='ocrx_word' id='word_1_355' title='bbox 3030 2110 3450 2177; x_wconf 86' lang='lat' dir='ltr'><strong>abundantiam,</strong></span> 
     </span>
    </p>
   </div>
   <div class='ocr_carea' id='block_1_50' title="bbox 1863 2202 3451 2279">
    <p class='ocr_par' dir='ltr' id='par_1_50' title="bbox 1863 2202 3451 2279">
     <span class='ocr_line' id='line_1_50' title="bbox 1863 2202 3451 2279; baseline -0.004 -14"><span class='ocrx_word' id='word_1_356' title='bbox 1863 2219 1920 2266; x_wconf 93' lang='lat' dir='ltr'><strong>ut</strong></span> <span class='ocrx_word' id='word_1_357' title='bbox 1966 2225 2084 2267; x_wconf 89' lang='lat' dir='ltr'><strong>eam</strong></span> <span class='ocrx_word' id='word_1_358' title='bbox 2138 2223 2330 2264; x_wconf 91' lang='lat' dir='ltr'><strong>omnes</strong></span> <span class='ocrx_word' id='word_1_359' title='bbox 2381 2206 2627 2263; x_wconf 86' lang='lat' dir='ltr'><strong>admirati</strong></span> <span class='ocrx_word' id='word_1_360' title='bbox 2672 2204 3053 2279; x_wconf 88' lang='lat' dir='ltr'><strong>obstupuerint</strong></span> <span class='ocrx_word' id='word_1_361' title='bbox 3108 2202 3451 2276; x_wconf 82' lang='lat' dir='ltr'><strong>(Tertullian.</strong></span> 
     </span>
    </p>
   </div>
   <div class='ocr_carea' id='block_1_51' title="bbox 1862 2296 3452 2375">
    <p class='ocr_par' dir='ltr' id='par_1_51' title="bbox 1862 2296 3452 2375">
     <span class='ocr_line' id='line_1_51' title="bbox 1862 2296 3452 2375; baseline -0.004 -18"><span class='ocrx_word' id='word_1_362' title='bbox 1862 2303 2104 2375; x_wconf 81' lang='lat' dir='ltr'><strong>Apolog.,</strong></span> <span class='ocrx_word' id='word_1_363' title='bbox 2135 2318 2252 2373; x_wconf 84' lang='lat' dir='ltr'><strong>cap.</strong></span> <span class='ocrx_word' id='word_1_364' title='bbox 2275 2300 2310 2357; x_wconf 74' lang='grc'><strong>4</strong></span> <span class='ocrx_word' id='word_1_365' title='bbox 2331 2342 2344 2366; x_wconf 92' lang='grc'><em>,</em></span> <span class='ocrx_word' id='word_1_366' title='bbox 2377 2310 2424 2355; x_wconf 85' lang='lat' dir='ltr'><strong>et</strong></span> <span class='ocrx_word' id='word_1_367' title='bbox 2450 2300 2513 2353; x_wconf 77' lang='lat' dir='ltr'><strong>de</strong></span> <span class='ocrx_word' id='word_1_368' title='bbox 2538 2298 2743 2363; x_wconf 87' lang='lat' dir='ltr'><strong>Pallio,</strong></span> <span class='ocrx_word' id='word_1_369' title='bbox 2773 2314 2890 2373; x_wconf 85' lang='lat' dir='ltr'><strong>cap.</strong></span> <span class='ocrx_word' id='word_1_370' title='bbox 2929 2296 2996 2367; x_wconf 70' lang='lat'><strong>2;</strong></span> <span class='ocrx_word' id='word_1_371' title='bbox 3018 2297 3234 2361; x_wconf 80' lang='lat' dir='ltr'><strong>Arnob.,</strong></span> <span class='ocrx_word' id='word_1_372' title='bbox 3280 2296 3369 2350; x_wconf 85' lang='lat' dir='ltr'><strong>lib.</strong></span> <span class='ocrx_word' id='word_1_373' title='bbox 3404 2311 3452 2361; x_wconf 83' lang='grc' dir='ltr'><strong>ι,</strong></span> 
     </span>
    </p>
   </div>
   <div class='ocr_carea' id='block_1_52' title="bbox 1861 2389 3452 2472">
    <p class='ocr_par' dir='ltr' id='par_1_52' title="bbox 1861 2389 3452 2472">
     <span class='ocr_line' id='line_1_52' title="bbox 1861 2389 3452 2472; baseline -0.008 -16"><span class='ocrx_word' id='word_1_374' title='bbox 1861 2419 1914 2470; x_wconf 84' lang='lat' dir='ltr'><strong>p.</strong></span> <span class='ocrx_word' id='word_1_375' title='bbox 1947 2399 2022 2472; x_wconf 90' lang='lat'><strong>9).</strong></span> <span class='ocrx_word' id='word_1_376' title='bbox 2068 2398 2261 2455; x_wconf 87' lang='lat' dir='ltr'><strong>Nonne</strong></span> <span class='ocrx_word' id='word_1_377' title='bbox 2289 2397 2453 2452; x_wconf 87' lang='lat' dir='ltr'><strong>etiam</strong></span> <span class='ocrx_word' id='word_1_378' title='bbox 2496 2396 2629 2449; x_wconf 89' lang='lat' dir='ltr'><strong>alias</strong></span> <span class='ocrx_word' id='word_1_379' title='bbox 2669 2395 3015 2463; x_wconf 88' lang='lat' dir='ltr'><strong>innumeras,</strong></span> <span class='ocrx_word' id='word_1_380' title='bbox 3057 2392 3228 2464; x_wconf 91' lang='lat' dir='ltr'><strong>inquit</strong></span> <span class='ocrx_word' id='word_1_381' title='bbox 3251 2389 3452 2467; x_wconf 82' lang='lat' dir='ltr'><strong>(lbid.,</strong></span> 
     </span>
    </p>
   </div>
   <div class='ocr_carea' id='block_1_53' title="bbox 1861 2483 3456 2565">
    <p class='ocr_par' dir='ltr' id='par_1_53' title="bbox 1861 2483 3456 2565">
     <span class='ocr_line' id='line_1_53' title="bbox 1861 2483 3456 2565; baseline -0.008 -16"><span class='ocrx_word' id='word_1_382' title='bbox 1861 2513 1981 2565; x_wconf 86' lang='lat' dir='ltr'><strong>pag.</strong></span> <span class='ocrx_word' id='word_1_383' title='bbox 2019 2494 2113 2564; x_wconf 88' lang='lat'><strong>6),</strong></span> <span class='ocrx_word' id='word_1_384' title='bbox 2147 2490 2535 2562; x_wconf 85' lang='lat' dir='ltr'><strong>prosperitates</strong></span> <span class='ocrx_word' id='word_1_385' title='bbox 2572 2487 2948 2558; x_wconf 86' lang='lat' dir='ltr'><strong>secundosque</strong></span> <span class='ocrx_word' id='word_1_386' title='bbox 2988 2494 3215 2540; x_wconf 88' lang='lat' dir='ltr'><strong>eventus</strong></span> <span class='ocrx_word' id='word_1_387' title='bbox 3256 2483 3456 2538; x_wconf 85' lang='lat' dir='ltr'><strong>Christi</strong></span> 
     </span>
    </p>
   </div>
   <div class='ocr_carea' id='block_1_54' title="bbox 1862 2566 3458 2656">
    <p class='ocr_par' dir='ltr' id='par_1_54' title="bbox 1862 2566 3458 2656">
     <span class='ocr_line' id='line_1_54' title="bbox 1862 2566 3458 2656; baseline -0.008 -16"><span class='ocrx_word' id='word_1_388' title='bbox 1862 2586 2073 2656; x_wconf 84' lang='lat' dir='ltr'><strong>legibus</strong></span> <span class='ocrx_word' id='word_1_389' title='bbox 2111 2582 2478 2651; x_wconf 89' lang='lat' dir='ltr'><strong>institutisque</strong></span> <span class='ocrx_word' id='word_1_390' title='bbox 2518 2580 2813 2645; x_wconf 87' lang='lat' dir='ltr'><strong>debemus,</strong></span> <span class='ocrx_word' id='word_1_391' title='bbox 2862 2566 3063 2648; x_wconf 81' lang='lat' dir='ltr'><strong>quibus</strong></span> <span class='ocrx_word' id='word_1_392' title='bbox 3112 2576 3315 2630; x_wconf 89' lang='lat' dir='ltr'><strong>malum</strong></span> <span class='ocrx_word' id='word_1_393' title='bbox 3358 2589 3458 2643; x_wconf 89' lang='lat' dir='ltr'><strong>pro</strong></span> 
     </span>
    </p>
   </div>
   <div class='ocr_carea' id='block_1_55' title="bbox 1863 2666 3455 2747">
    <p class='ocr_par' dir='ltr' id='par_1_55' title="bbox 1863 2666 3455 2747">
     <span class='ocr_line' id='line_1_55' title="bbox 1863 2666 3455 2747; baseline -0.009 -13"><span class='ocrx_word' id='word_1_394' title='bbox 1863 2679 2007 2734; x_wconf 89' lang='lat' dir='ltr'><strong>malo</strong></span> <span class='ocrx_word' id='word_1_395' title='bbox 2033 2676 2253 2747; x_wconf 89' lang='lat' dir='ltr'><strong>rependi</strong></span> <span class='ocrx_word' id='word_1_396' title='bbox 2291 2673 2635 2746; x_wconf 88' lang='lat' dir='ltr'><strong>prohibetur,</strong></span> <span class='ocrx_word' id='word_1_397' title='bbox 2680 2686 2743 2726; x_wconf 92' lang='lat' dir='ltr'><strong>ac</strong></span> <span class='ocrx_word' id='word_1_398' title='bbox 2787 2669 3099 2740; x_wconf 67' lang='lat' dir='ltr'><strong>praecipitur</strong></span> <span class='ocrx_word' id='word_1_399' title='bbox 3148 2667 3327 2721; x_wconf 77' lang='lat' dir='ltr'><strong>illatas</strong></span> <span class='ocrx_word' id='word_1_400' title='bbox 3372 2666 3455 2720; x_wconf 88' lang='lat' dir='ltr'><strong>in-</strong></span> 
     </span>
    </p>
   </div>
   <div class='ocr_carea' id='block_1_56' title="bbox 1860 2755 3449 2843">
    <p class='ocr_par' dir='ltr' id='par_1_56' title="bbox 1860 2755 3449 2843">
     <span class='ocr_line' id='line_1_56' title="bbox 1860 2755 3449 2843; baseline -0.009 -18"><span class='ocrx_word' id='word_1_401' title='bbox 1860 2770 2032 2842; x_wconf 87' lang='lat' dir='ltr'><strong>jurias</strong></span> <span class='ocrx_word' id='word_1_402' title='bbox 2078 2769 2343 2843; x_wconf 80' lang='lat' dir='ltr'><strong>patienter</strong></span> <span class='ocrx_word' id='word_1_403' title='bbox 2370 2766 2546 2830; x_wconf 78' lang='lat' dir='ltr'><strong>ferri,</strong></span> <span class='ocrx_word' id='word_1_404' title='bbox 2589 2777 2856 2830; x_wconf 83' lang='lat' dir='ltr'><strong>suumque</strong></span> <span class='ocrx_word' id='word_1_405' title='bbox 2888 2762 3092 2830; x_wconf 85' lang='lat' dir='ltr'><strong>potius.</strong></span> <span class='ocrx_word' id='word_1_406' title='bbox 3126 2773 3285 2827; x_wconf 83' lang='lat' dir='ltr'><strong>quam</strong></span> <span class='ocrx_word' id='word_1_407' title='bbox 3313 2755 3449 2810; x_wconf 84' lang='lat' dir='ltr'><strong>alie-</strong></span> 
     </span>
    </p>
   </div>
   <div class='ocr_carea' id='block_1_57' title="bbox 1866 2852 3458 2929">
    <p class='ocr_par' dir='ltr' id='par_1_57' title="bbox 1866 2852 3458 2929">
     <span class='ocr_line' id='line_1_57' title="bbox 1866 2852 3458 2929; baseline -0.009 -10"><span class='ocrx_word' id='word_1_408' title='bbox 1866 2879 1995 2919; x_wconf 89' lang='lat' dir='ltr'><strong>num</strong></span> <span class='ocrx_word' id='word_1_409' title='bbox 2054 2861 2281 2918; x_wconf 76' lang='lat' dir='ltr'><strong>fundere</strong></span> <span class='ocrx_word' id='word_1_410' title='bbox 2348 2858 2706 2929; x_wconf 81' lang='lat' dir='ltr'><strong>sanguinem?</strong></span> <span class='ocrx_word' id='word_1_411' title='bbox 2762 2854 2895 2909; x_wconf 87' lang='lat' dir='ltr'><strong>Tam</strong></span> <span class='ocrx_word' id='word_1_412' title='bbox 2950 2852 3143 2907; x_wconf 81' lang='lat' dir='ltr'><strong>falsum</strong></span> <span class='ocrx_word' id='word_1_413' title='bbox 3196 2864 3325 2920; x_wconf 84' lang='lat' dir='ltr'><strong>ergo</strong></span> <span class='ocrx_word' id='word_1_414' title='bbox 3375 2857 3458 2904; x_wconf 91' lang='lat' dir='ltr'><strong>est</strong></span> 
     </span>
    </p>
   </div>
   <div class='ocr_carea' id='block_1_58' title="bbox 161 2950 3456 3044">
    <p class='ocr_par' dir='ltr' id='par_1_58' title="bbox 161 2950 3456 3044">
     <span class='ocr_line' id='line_1_58' title="bbox 161 2950 3456 3044; baseline -0.003 -38"><span class='ocrx_word' id='word_1_415' title='bbox 161 2966 290 3023; x_wconf 82' lang='lat' dir='ltr'><strong>pag.</strong></span> <span class='ocrx_word' id='word_1_416' title='bbox 323 2951 406 3023; x_wconf 77' lang='lat'><strong>5).</strong></span> <span class='ocrx_word' id='word_1_417' title='bbox 429 2950 537 3009; x_wconf 89' lang='lat' dir='ltr'><strong>Sed</strong></span> <span class='ocrx_word' id='word_1_418' title='bbox 560 2953 691 3008; x_wconf 88' lang='lat' dir='ltr'><strong>illud</strong></span> <span class='ocrx_word' id='word_1_419' title='bbox 744 2953 960 3010; x_wconf 90' lang='lat' dir='ltr'><strong>uberius</strong></span> <span class='ocrx_word' id='word_1_420' title='bbox 990 2956 1059 3010; x_wconf 89' lang='lat' dir='ltr'><strong>ab</strong></span> <span class='ocrx_word' id='word_1_421' title='bbox 1102 2958 1404 3028; x_wconf 84' lang='lat' dir='ltr'><strong>Augustino</strong></span> <span class='ocrx_word' id='word_1_422' title='bbox 1427 2962 1754 3029; x_wconf 76' lang='lat' dir='ltr'><strong>eXpositum,</strong></span> <span class='ocrx_word' id='word_1_423' title='bbox 1790 2980 1835 3044; x_wconf 71' lang='grc' dir='ltr'><strong>ρ</strong></span> <span class='ocrx_word' id='word_1_424' title='bbox 1867 2958 2191 3013; x_wconf 88' lang='lat' dir='ltr'><strong>christianos</strong></span> <span class='ocrx_word' id='word_1_425' title='bbox 2244 2955 2575 3024; x_wconf 88' lang='lat' dir='ltr'><strong>publicarum</strong></span> <span class='ocrx_word' id='word_1_426' title='bbox 2625 2951 3016 3044; x_wconf 6' lang='lat' dir='ltr'><strong>calamitatum,</strong></span> <span class='ocrx_word' id='word_1_427' title='bbox 3054 2960 3177 3001; x_wconf 85' lang='lat' dir='ltr'><strong>esse</strong></span> <span class='ocrx_word' id='word_1_428' title='bbox 3232 2957 3456 2999; x_wconf 82' lang='lat' dir='ltr'><strong>causam</strong></span> 
     </span>
    </p>
   </div>
   <div class='ocr_carea' id='block_1_59' title="bbox 163 3053 1764 3128">
    <p class='ocr_par' dir='ltr' id='par_1_59' title="bbox 163 3053 1764 3128">
     <span class='ocr_line' id='line_1_59' title="bbox 163 3053 1764 3128; baseline 0.005 -22"><span class='ocrx_word' id='word_1_429' title='bbox 163 3060 356 3106; x_wconf 85' lang='lat' dir='ltr'><strong>contra</strong></span> <span class='ocrx_word' id='word_1_430' title='bbox 400 3054 621 3109; x_wconf 79' lang='lat' dir='ltr'><strong>eosdem</strong></span> <span class='ocrx_word' id='word_1_431' title='bbox 674 3053 918 3109; x_wconf 85' lang='lat' dir='ltr'><strong>ethnicos</strong></span> <span class='ocrx_word' id='word_1_432' title='bbox 974 3056 1086 3125; x_wconf 87' lang='lat' dir='ltr'><strong>pari</strong></span> <span class='ocrx_word' id='word_1_433' title='bbox 1136 3066 1295 3128; x_wconf 89' lang='lat' dir='ltr'><strong>atque</strong></span> <span class='ocrx_word' id='word_1_434' title='bbox 1323 3058 1506 3112; x_wconf 90' lang='lat' dir='ltr'><strong>abillo</strong></span> <span class='ocrx_word' id='word_1_435' title='bbox 1556 3058 1764 3115; x_wconf 84' lang='lat' dir='ltr'><strong>ratione</strong></span> 
     </span>
    </p>
   </div>
   <div class='ocr_carea' id='block_1_60' title="bbox 163 3143 1759 3225">
    <p class='ocr_par' dir='ltr' id='par_1_60' title="bbox 163 3143 1759 3225">
     <span class='ocr_line' id='line_1_60' title="bbox 163 3143 1759 3225; baseline 0.008 -29"><span class='ocrx_word' id='word_1_436' title='bbox 163 3152 391 3213; x_wconf 82' lang='lat' dir='ltr'><strong>urgetur</strong></span> <span class='ocrx_word' id='word_1_437' title='bbox 439 3143 703 3216; x_wconf 78' lang='lat' dir='ltr'><strong>(August.,</strong></span> <span class='ocrx_word' id='word_1_438' title='bbox 738 3144 826 3198; x_wconf 86' lang='lat' dir='ltr'><strong>lib.</strong></span> <span class='ocrx_word' id='word_1_439' title='bbox 858 3161 914 3200; x_wconf 76' lang='lat' dir='ltr'><strong>ru</strong></span> <span class='ocrx_word' id='word_1_440' title='bbox 943 3147 1007 3201; x_wconf 85' lang='lat' dir='ltr'><strong>de</strong></span> <span class='ocrx_word' id='word_1_441' title='bbox 1043 3146 1216 3215; x_wconf 80' lang='lat' dir='ltr'><strong>Civil.,</strong></span> <span class='ocrx_word' id='word_1_442' title='bbox 1249 3167 1366 3221; x_wconf 84' lang='lat' dir='ltr'><strong>cap.</strong></span> <span class='ocrx_word' id='word_1_443' title='bbox 1399 3149 1435 3203; x_wconf 76' lang='lat'><strong>‘2</strong></span> <span class='ocrx_word' id='word_1_444' title='bbox 1466 3162 1512 3203; x_wconf 83' lang='lat' dir='ltr'><strong>et</strong></span> <span class='ocrx_word' id='word_1_445' title='bbox 1551 3152 1603 3218; x_wconf 87' lang='grc'><strong>5,</strong></span> <span class='ocrx_word' id='word_1_446' title='bbox 1639 3169 1759 3225; x_wconf 88' lang='lat' dir='ltr'><strong>pag.</strong></span> 
     </span>
    </p>
   </div>
   <div class='ocr_carea' id='block_1_61' title="bbox 168 3235 1758 3315">
    <p class='ocr_par' dir='ltr' id='par_1_61' title="bbox 168 3235 1758 3315">
     <span class='ocr_line' id='line_1_61' title="bbox 168 3235 1758 3315; baseline 0.004 -24"><span class='ocrx_word' id='word_1_447' title='bbox 168 3235 242 3291; x_wconf 88' lang='lat'><strong>60</strong></span> <span class='ocrx_word' id='word_1_448' title='bbox 269 3246 317 3289; x_wconf 85' lang='lat' dir='ltr'><strong>et</strong></span> <span class='ocrx_word' id='word_1_449' title='bbox 339 3235 450 3308; x_wconf 83' lang='lat' dir='ltr'><strong>6i).</strong></span> <span class='ocrx_word' id='word_1_450' title='bbox 481 3235 691 3292; x_wconf 89' lang='lat' dir='ltr'><strong>Nemini</strong></span> <span class='ocrx_word' id='word_1_451' title='bbox 717 3254 877 3310; x_wconf 83' lang='lat' dir='ltr'><strong>porro</strong></span> <span class='ocrx_word' id='word_1_452' title='bbox 898 3255 1017 3294; x_wconf 89' lang='lat' dir='ltr'><strong>cum</strong></span> <span class='ocrx_word' id='word_1_453' title='bbox 1046 3240 1161 3297; x_wconf 60' lang='lat' dir='ltr'><strong>hinc</strong></span> <span class='ocrx_word' id='word_1_454' title='bbox 1184 3242 1359 3313; x_wconf 89' lang='lat' dir='ltr'><strong>ignota</strong></span> <span class='ocrx_word' id='word_1_455' title='bbox 1388 3256 1509 3297; x_wconf 81' lang='lat' dir='ltr'><strong>esse</strong></span> <span class='ocrx_word' id='word_1_456' title='bbox 1541 3255 1758 3315; x_wconf 85' lang='lat' dir='ltr'><strong>queant,</strong></span> 
     </span>
    </p>
   </div>
   <div class='ocr_carea' id='block_1_62' title="bbox 162 3330 1762 3407">
    <p class='ocr_par' dir='ltr' id='par_1_62' title="bbox 162 3330 1762 3407">
     <span class='ocr_line' id='line_1_62' title="bbox 162 3330 1762 3407; baseline 0.006 -24"><span class='ocrx_word' id='word_1_457' title='bbox 162 3338 332 3400; x_wconf 87' lang='lat' dir='ltr'><strong>atque</strong></span> <span class='ocrx_word' id='word_1_458' title='bbox 358 3330 427 3386; x_wconf 86' lang='lat' dir='ltr'><strong>ab</strong></span> <span class='ocrx_word' id='word_1_459' title='bbox 444 3331 677 3387; x_wconf 89' lang='lat' dir='ltr'><strong>Homero</strong></span> <span class='ocrx_word' id='word_1_460' title='bbox 706 3333 931 3404; x_wconf 84' lang='lat' dir='ltr'><strong>aliisque</strong></span> <span class='ocrx_word' id='word_1_461' title='bbox 954 3350 1112 3407; x_wconf 90' lang='lat' dir='ltr'><strong>quam</strong></span> <span class='ocrx_word' id='word_1_462' title='bbox 1136 3336 1381 3405; x_wconf 88' lang='lat' dir='ltr'><strong>plurimis</strong></span> <span class='ocrx_word' id='word_1_463' title='bbox 1410 3338 1762 3405; x_wconf 84' lang='lat' dir='ltr'><strong>scriptoribus</strong></span> 
     </span>
    </p>
   </div>
   <div class='ocr_carea' id='block_1_63' title="bbox 163 3422 1600 3499">
    <p class='ocr_par' dir='ltr' id='par_1_63' title="bbox 163 3422 1600 3499">
     <span class='ocr_line' id='line_1_63' title="bbox 163 3422 1600 3499; baseline 0.006 -24"><span class='ocrx_word' id='word_1_464' title='bbox 163 3422 474 3489; x_wconf 78' lang='lat' dir='ltr'><strong>tradantur,</strong></span> <span class='ocrx_word' id='word_1_465' title='bbox 510 3425 678 3480; x_wconf 85' lang='lat' dir='ltr'><strong>iusius</strong></span> <span class='ocrx_word' id='word_1_466' title='bbox 701 3426 975 3499; x_wconf 87' lang='lat' dir='ltr'><strong>prosequi,</strong></span> <span class='ocrx_word' id='word_1_467' title='bbox 1007 3442 1467 3499; x_wconf 87' lang='lat' dir='ltr'><strong>supervacaneum</strong></span> <span class='ocrx_word' id='word_1_468' title='bbox 1498 3440 1600 3485; x_wconf 87' lang='lat' dir='ltr'><strong>est.</strong></span> 
     </span>
    </p>
   </div>
   <div class='ocr_carea' id='block_1_64' title="bbox 240 3514 1764 3589">
    <p class='ocr_par' dir='ltr' id='par_1_64' title="bbox 240 3514 1764 3589">
     <span class='ocr_line' id='line_1_64' title="bbox 240 3514 1764 3589; baseline 0.005 -19"><span class='ocrx_word' id='word_1_469' title='bbox 240 3514 388 3570; x_wconf 86' lang='lat' dir='ltr'><strong>Nulli</strong></span> <span class='ocrx_word' id='word_1_470' title='bbox 439 3532 654 3589; x_wconf 89' lang='lat' dir='ltr'><strong>quoque</strong></span> <span class='ocrx_word' id='word_1_471' title='bbox 708 3520 1102 3589; x_wconf 88' lang='lat' dir='ltr'><strong>incompertum</strong></span> <span class='ocrx_word' id='word_1_472' title='bbox 1160 3529 1243 3574; x_wconf 91' lang='lat' dir='ltr'><strong>est</strong></span> <span class='ocrx_word' id='word_1_473' title='bbox 1283 3521 1481 3577; x_wconf 78' lang='lat' dir='ltr'><strong>Xerxis</strong></span> <span class='ocrx_word' id='word_1_474' title='bbox 1506 3521 1764 3579; x_wconf 87' lang='lat' dir='ltr'><strong>adversus</strong></span> 
     </span>
    </p>
   </div>
   <div class='ocr_carea' id='block_1_65' title="bbox 163 3608 1763 3683">
    <p class='ocr_par' dir='ltr' id='par_1_65' title="bbox 163 3608 1763 3683">
     <span class='ocr_line' id='line_1_65' title="bbox 163 3608 1763 3683; baseline 0.003 -19"><span class='ocrx_word' id='word_1_475' title='bbox 163 3608 392 3665; x_wconf 79' lang='lat' dir='ltr'><strong>Graecos</strong></span> <span class='ocrx_word' id='word_1_476' title='bbox 419 3608 639 3679; x_wconf 89' lang='lat' dir='ltr'><strong>bellum,</strong></span> <span class='ocrx_word' id='word_1_477' title='bbox 672 3611 813 3681; x_wconf 92' lang='lat' dir='ltr'><strong>quod</strong></span> <span class='ocrx_word' id='word_1_478' title='bbox 839 3612 1111 3667; x_wconf 82' lang='lat' dir='ltr'><strong>Arnobius</strong></span> <span class='ocrx_word' id='word_1_479' title='bbox 1158 3612 1399 3683; x_wconf 60' lang='lat' dir='ltr'><strong>posthaec</strong></span> <span class='ocrx_word' id='word_1_480' title='bbox 1429 3613 1616 3669; x_wconf 84' lang='lat' dir='ltr'><strong>iisdem</strong></span> <span class='ocrx_word' id='word_1_481' title='bbox 1646 3614 1763 3669; x_wconf 86' lang='lat' dir='ltr'><strong>eth-</strong></span> 
     </span>
    </p>
   </div>
   <div class='ocr_carea' id='block_1_66' title="bbox 166 3701 1767 3771">
    <p class='ocr_par' dir='ltr' id='par_1_66' title="bbox 166 3701 1767 3771">
     <span class='ocr_line' id='line_1_66' title="bbox 166 3701 1767 3771; baseline 0.003 -14"><span class='ocrx_word' id='word_1_482' title='bbox 166 3701 311 3757; x_wconf 82' lang='lat' dir='ltr'><strong>uicis</strong></span> <span class='ocrx_word' id='word_1_483' title='bbox 340 3702 533 3756; x_wconf 87' lang='lat' dir='ltr'><strong>merito</strong></span> <span class='ocrx_word' id='word_1_484' title='bbox 560 3701 813 3771; x_wconf 82' lang='lat' dir='ltr'><strong>objectat.</strong></span> <span class='ocrx_word' id='word_1_485' title='bbox 845 3701 980 3758; x_wconf 86' lang='lat' dir='ltr'><strong>Cum</strong></span> <span class='ocrx_word' id='word_1_486' title='bbox 1010 3719 1140 3759; x_wconf 85' lang='lat' dir='ltr'><strong>vero</strong></span> <span class='ocrx_word' id='word_1_487' title='bbox 1189 3705 1318 3758; x_wconf 92' lang='lat' dir='ltr'><strong>illud</strong></span> <span class='ocrx_word' id='word_1_488' title='bbox 1357 3703 1564 3761; x_wconf 80' lang='lat' dir='ltr'><strong>Xerxes</strong></span> <span class='ocrx_word' id='word_1_489' title='bbox 1600 3705 1767 3762; x_wconf 85' lang='lat' dir='ltr'><strong>illatu-</strong></span> 
     </span>
    </p>
   </div>
   <div class='ocr_carea' id='block_1_67' title="bbox 164 3793 1768 3862">
    <p class='ocr_par' dir='ltr' id='par_1_67' title="bbox 164 3793 1768 3862">
     <span class='ocr_line' id='line_1_67' title="bbox 164 3793 1768 3862; baseline 0.001 -13"><span class='ocrx_word' id='word_1_490' title='bbox 164 3809 262 3849; x_wconf 87' lang='lat' dir='ltr'><strong>rus</strong></span> <span class='ocrx_word' id='word_1_491' title='bbox 284 3802 450 3862; x_wconf 84' lang='lat' dir='ltr'><strong>esset,</strong></span> <span class='ocrx_word' id='word_1_492' title='bbox 478 3793 545 3850; x_wconf 88' lang='lat' dir='ltr'><strong>ab</strong></span> <span class='ocrx_word' id='word_1_493' title='bbox 572 3794 765 3850; x_wconf 87' lang='lat' dir='ltr'><strong>eodem</strong></span> <span class='ocrx_word' id='word_1_494' title='bbox 800 3796 1041 3851; x_wconf 86' lang='lat' dir='ltr'><strong>Arnobio</strong></span> <span class='ocrx_word' id='word_1_495' title='bbox 1066 3796 1263 3851; x_wconf 91' lang='lat' dir='ltr'><strong>dicitur</strong></span> <span class='ocrx_word' id='word_1_496' title='bbox 1295 3814 1433 3851; x_wconf 85' lang='lat' dir='ltr'><strong>mare</strong></span> <span class='ocrx_word' id='word_1_497' title='bbox 1480 3798 1626 3852; x_wconf 80' lang='lat' dir='ltr'><strong>terris</strong></span> <span class='ocrx_word' id='word_1_498' title='bbox 1669 3799 1768 3853; x_wconf 76' lang='grc' dir='ltr'><strong><em>ἰηι-</em></strong></span> 
     </span>
    </p>
   </div>
   <div class='ocr_carea' id='block_1_68' title="bbox 166 3884 1767 3961">
    <p class='ocr_par' dir='ltr' id='par_1_68' title="bbox 166 3884 1767 3961">
     <span class='ocr_line' id='line_1_68' title="bbox 166 3884 1767 3961; baseline 0.004 -21"><span class='ocrx_word' id='word_1_499' title='bbox 166 3885 390 3947; x_wconf 83' lang='lat' dir='ltr'><strong>misisse,</strong></span> <span class='ocrx_word' id='word_1_500' title='bbox 435 3884 681 3956; x_wconf 80' lang='lat' dir='ltr'><strong>perfosso</strong></span> <span class='ocrx_word' id='word_1_501' title='bbox 729 3888 979 3942; x_wconf 88' lang='lat' dir='ltr'><strong>nimirum</strong></span> <span class='ocrx_word' id='word_1_502' title='bbox 1012 3900 1194 3943; x_wconf 88' lang='lat' dir='ltr'><strong>monte</strong></span> <span class='ocrx_word' id='word_1_503' title='bbox 1243 3889 1403 3952; x_wconf 79' lang='lat' dir='ltr'><strong>Atlio,</strong></span> <span class='ocrx_word' id='word_1_504' title='bbox 1433 3900 1478 3943; x_wconf 84' lang='lat' dir='ltr'><strong>et</strong></span> <span class='ocrx_word' id='word_1_505' title='bbox 1516 3890 1767 3961; x_wconf 79' lang='lat' dir='ltr'><strong>gressibus</strong></span> 
     </span>
    </p>
   </div>
   <div class='ocr_carea' id='block_1_69' title="bbox 166 3980 1765 4059">
    <p class='ocr_par' dir='ltr' id='par_1_69' title="bbox 166 3980 1765 4059">
     <span class='ocr_line' id='line_1_69' title="bbox 166 3980 1765 4059; baseline 0.004 -25"><span class='ocrx_word' id='word_1_506' title='bbox 166 3980 466 4035; x_wconf 67' lang='lat' dir='ltr'><strong>tramisisse</strong></span> <span class='ocrx_word' id='word_1_507' title='bbox 492 3982 657 4036; x_wconf 88' lang='lat' dir='ltr'><strong>maria</strong></span> <span class='ocrx_word' id='word_1_508' title='bbox 700 3982 945 4052; x_wconf 78' lang='lat' dir='ltr'><strong>(Arnob.,</strong></span> <span class='ocrx_word' id='word_1_509' title='bbox 991 3984 1078 4039; x_wconf 90' lang='lat' dir='ltr'><strong>lib.</strong></span> <span class='ocrx_word' id='word_1_510' title='bbox 1109 4000 1147 4051; x_wconf 85' lang='grc' dir='ltr'><strong>ι,</strong></span> <span class='ocrx_word' id='word_1_511' title='bbox 1181 4002 1301 4058; x_wconf 90' lang='lat' dir='ltr'><strong>pag.</strong></span> <span class='ocrx_word' id='word_1_512' title='bbox 1334 3984 1411 4059; x_wconf 82' lang='lat'><strong>5).</strong></span> <span class='ocrx_word' id='word_1_513' title='bbox 1443 3985 1573 4055; x_wconf 57' lang='lat' dir='ltr'><strong>Quae</strong></span> <span class='ocrx_word' id='word_1_514' title='bbox 1596 3984 1765 4040; x_wconf 89' lang='lat' dir='ltr'><strong>Luca-</strong></span> 
     </span>
    </p>
   </div>
   <div class='ocr_carea' id='block_1_70' title="bbox 165 4072 909 4131">
    <p class='ocr_par' dir='ltr' id='par_1_70' title="bbox 165 4072 909 4131">
     <span class='ocr_line' id='line_1_70' title="bbox 165 4072 909 4131; baseline 0.001 -4"><span class='ocrx_word' id='word_1_515' title='bbox 165 4086 272 4127; x_wconf 88' lang='lat' dir='ltr'><strong>nus</strong></span> <span class='ocrx_word' id='word_1_516' title='bbox 297 4072 381 4126; x_wconf 89' lang='lat' dir='ltr'><strong>his</strong></span> <span class='ocrx_word' id='word_1_517' title='bbox 402 4074 646 4128; x_wconf 88' lang='lat' dir='ltr'><strong>versibus</strong></span> <span class='ocrx_word' id='word_1_518' title='bbox 674 4075 909 4131; x_wconf 90' lang='lat' dir='ltr'><strong>cecinit:</strong></span> 
     </span>
    </p>
   </div>
   <div class='ocr_carea' id='block_1_71' title="bbox 261 4187 1606 4256">
    <p class='ocr_par' dir='ltr' id='par_1_71' title="bbox 261 4187 1606 4256">
     <span class='ocr_line' id='line_1_71' title="bbox 261 4187 1606 4256; baseline 0.006 -18"><span class='ocrx_word' id='word_1_519' title='bbox 261 4187 410 4256; x_wconf 61' lang='lat' dir='ltr'><strong>Tales</strong></span> <span class='ocrx_word' id='word_1_520' title='bbox 431 4188 556 4240; x_wconf 78' lang='lat' dir='ltr'><strong>fama</strong></span> <span class='ocrx_word' id='word_1_521' title='bbox 580 4195 708 4243; x_wconf 87' lang='lat' dir='ltr'><strong>canit</strong></span> <span class='ocrx_word' id='word_1_522' title='bbox 734 4194 968 4243; x_wconf 87' lang='lat' dir='ltr'><strong>tumidum</strong></span> <span class='ocrx_word' id='word_1_523' title='bbox 993 4206 1142 4255; x_wconf 86' lang='lat' dir='ltr'><strong>super</strong></span> <span class='ocrx_word' id='word_1_524' title='bbox 1167 4205 1361 4256; x_wconf 84' lang='lat' dir='ltr'><strong>aequora</strong></span> <span class='ocrx_word' id='word_1_525' title='bbox 1386 4191 1606 4249; x_wconf 78' lang='lat' dir='ltr'><strong>Xerxem</strong></span> 
     </span>
    </p>
   </div>
   <div class='ocr_carea' id='block_1_72' title="bbox 261 4253 1515 4318">
    <p class='ocr_par' dir='ltr' id='par_1_72' title="bbox 261 4253 1515 4318">
     <span class='ocr_line' id='line_1_72' title="bbox 261 4253 1515 4318; baseline 0.003 -17"><span class='ocrx_word' id='word_1_526' title='bbox 261 4253 609 4318; x_wconf 77' lang='lat' dir='ltr'><strong>(_&#39;.onstruxisse</strong></span> <span class='ocrx_word' id='word_1_527' title='bbox 630 4257 745 4311; x_wconf 84' lang='lat' dir='ltr'><strong>vias,</strong></span> <span class='ocrx_word' id='word_1_528' title='bbox 763 4256 967 4305; x_wconf 87' lang='lat' dir='ltr'><strong>multum</strong></span> <span class='ocrx_word' id='word_1_529' title='bbox 992 4253 1101 4304; x_wconf 85' lang='lat' dir='ltr'><strong>cuin</strong></span> <span class='ocrx_word' id='word_1_530' title='bbox 1121 4253 1351 4318; x_wconf 79' lang='lat' dir='ltr'><strong>pontibus</strong></span> <span class='ocrx_word' id='word_1_531' title='bbox 1368 4268 1515 4306; x_wconf 85' lang='lat' dir='ltr'><strong>ausus</strong></span> 
     </span>
    </p>
   </div>
   <div class='ocr_carea' id='block_1_73' title="bbox 262 4314 1547 4382">
    <p class='ocr_par' dir='ltr' id='par_1_73' title="bbox 262 4314 1547 4382">
     <span class='ocr_line' id='line_1_73' title="bbox 262 4314 1547 4382; baseline 0.006 -20"><span class='ocrx_word' id='word_1_532' title='bbox 262 4314 623 4382; x_wconf 61' lang='lat' dir='ltr'><strong>Europamque</strong></span> <span class='ocrx_word' id='word_1_533' title='bbox 641 4320 791 4377; x_wconf 72' lang='lat' dir='ltr'><strong>Asiae,</strong></span> <span class='ocrx_word' id='word_1_534' title='bbox 816 4320 1094 4382; x_wconf 74' lang='lat' dir='ltr'><strong>Sestonque</strong></span> <span class='ocrx_word' id='word_1_535' title='bbox 1117 4314 1334 4382; x_wconf 62' lang='lat' dir='ltr'><strong>adgnovit</strong></span> <span class='ocrx_word' id='word_1_536' title='bbox 1356 4317 1547 4382; x_wconf 72' lang='lat' dir='ltr'><strong>Abydo,</strong></span> 
     </span>
    </p>
   </div>
   <div class='ocr_carea' id='block_1_74' title="bbox 264 4377 1487 4444">
    <p class='ocr_par' dir='ltr' id='par_1_74' title="bbox 264 4377 1487 4444">
     <span class='ocr_line' id='line_1_74' title="bbox 264 4377 1487 4444; baseline 0.002 -16"><span class='ocrx_word' id='word_1_537' title='bbox 264 4377 574 4444; x_wconf 42' lang='lat' dir='ltr'><strong>meum</strong></span> <span class='ocrx_word' id='word_1_538' title='bbox 601 4379 779 4444; x_wconf 62' lang='lat' dir='ltr'><strong>fretum</strong></span> <span class='ocrx_word' id='word_1_539' title='bbox 804 4380 957 4443; x_wconf 89' lang='lat' dir='ltr'><strong>rapidi</strong></span> <span class='ocrx_word' id='word_1_540' title='bbox 982 4377 1132 4444; x_wconf 83' lang='lat' dir='ltr'><strong>super</strong></span> <span class='ocrx_word' id='word_1_541' title='bbox 1159 4377 1487 4444; x_wconf 69' lang='lat' dir='ltr'><strong>Hellespouii,</strong></span> 
     </span>
    </p>
   </div>
   <div class='ocr_carea' id='block_1_75' title="bbox 267 4440 1738 4511">
    <p class='ocr_par' dir='ltr' id='par_1_75' title="bbox 267 4440 1738 4511">
     <span class='ocr_line' id='line_1_75' title="bbox 267 4440 1738 4511; baseline 0.003 -21"><span class='ocrx_word' id='word_1_542' title='bbox 267 4440 375 4511; x_wconf 59' lang='lat' dir='ltr'><strong>Non</strong></span> <span class='ocrx_word' id='word_1_543' title='bbox 396 4441 609 4511; x_wconf 82' lang='lat' dir='ltr'><strong>Eu_rtuu._</strong></span> <span class='ocrx_word' id='word_1_544' title='bbox 619 4440 996 4511; x_wconf 65' lang='lat' dir='ltr'><strong>zephyrumque</strong></span> <span class='ocrx_word' id='word_1_545' title='bbox 1022 4440 1217 4500; x_wconf 85' lang='lat' dir='ltr'><strong>timens,</strong></span> <span class='ocrx_word' id='word_1_546' title='bbox 1242 4440 1352 4491; x_wconf 82' lang='lat' dir='ltr'><strong>cum</strong></span> <span class='ocrx_word' id='word_1_547' title='bbox 1373 4443 1481 4492; x_wconf 84' lang='lat' dir='ltr'><strong>vela</strong></span> <span class='ocrx_word' id='word_1_548' title='bbox 1502 4450 1738 4511; x_wconf 86' lang='lat' dir='ltr'><strong>ratesque</strong></span> 
     </span>
    </p>
   </div>
   <div class='ocr_carea' id='block_1_76' title="bbox 267 4501 1006 4557">
    <p class='ocr_par' dir='ltr' id='par_1_76' title="bbox 267 4501 1006 4557">
     <span class='ocr_line' id='line_1_76' title="bbox 267 4501 1006 4557; baseline 0.005 -5"><span class='ocrx_word' id='word_1_549' title='bbox 267 4501 327 4553; x_wconf 85' lang='lat' dir='ltr'><strong>In</strong></span> <span class='ocrx_word' id='word_1_550' title='bbox 348 4505 565 4557; x_wconf 85' lang='lat' dir='ltr'><strong>medium</strong></span> <span class='ocrx_word' id='word_1_551' title='bbox 580 4501 805 4557; x_wconf 72' lang='lat' dir='ltr'><strong>deferret</strong></span> <span class='ocrx_word' id='word_1_552' title='bbox 828 4501 1006 4556; x_wconf 84' lang='lat' dir='ltr'><strong>Athon.</strong></span> 
     </span>
    </p>
   </div>
   <div class='ocr_carea' id='block_1_77' title="bbox 639 4586 1642 4656">
    <p class='ocr_par' dir='ltr' id='par_1_77' title="bbox 639 4586 1642 4656">
     <span class='ocr_line' id='line_1_77' title="bbox 639 4586 1642 4656; baseline 0.006 -17"><span class='ocrx_word' id='word_1_553' title='bbox 639 4586 867 4653; x_wconf 63' lang='lat' dir='ltr'><strong>(Lucam,</strong></span> <span class='ocrx_word' id='word_1_554' title='bbox 892 4587 974 4642; x_wconf 80' lang='lat' dir='ltr'><strong>lib.</strong></span> <span class='ocrx_word' id='word_1_555' title='bbox 991 4605 1024 4639; x_wconf 85' lang='grc' dir='ltr'>ιι</span> <span class='ocrx_word' id='word_1_556' title='bbox 1048 4587 1304 4651; x_wconf 67' lang='grc' dir='ltr'><strong>Ρηωωι..</strong></span> <span class='ocrx_word' id='word_1_557' title='bbox 1320 4596 1430 4641; x_wconf 74' lang='lat' dir='ltr'><strong>artic</strong></span> <span class='ocrx_word' id='word_1_558' title='bbox 1450 4589 1642 4656; x_wconf 79' lang='lat' dir='ltr'><strong>ﬁnem).</strong></span> 
     </span>
    </p>
   </div>
   <div class='ocr_carea' id='block_1_78' title="bbox 241 4719 1768 4790">
    <p class='ocr_par' dir='ltr' id='par_1_78' title="bbox 241 4719 1768 4790">
     <span class='ocr_line' id='line_1_78' title="bbox 241 4719 1768 4790; baseline 0.001 -14"><span class='ocrx_word' id='word_1_559' title='bbox 241 4719 471 4777; x_wconf 81' lang='lat' dir='ltr'><strong>Brevius</strong></span> <span class='ocrx_word' id='word_1_560' title='bbox 502 4719 860 4790; x_wconf 81' lang='lat' dir='ltr'><strong>Hieronymus</strong></span> <span class='ocrx_word' id='word_1_561' title='bbox 892 4738 904 4774; x_wconf 91' lang='lat'><strong>:</strong></span> <span class='ocrx_word' id='word_1_562' title='bbox 938 4739 959 4772; x_wconf 83' lang='grc'><strong><em>‹</em></strong></span> <span class='ocrx_word' id='word_1_563' title='bbox 996 4720 1206 4777; x_wconf 81' lang='lat' dir='ltr'><strong>Xerxes</strong></span> <span class='ocrx_word' id='word_1_564' title='bbox 1232 4723 1322 4778; x_wconf 88' lang='lat' dir='ltr'><strong>ille</strong></span> <span class='ocrx_word' id='word_1_565' title='bbox 1361 4737 1458 4777; x_wconf 80' lang='lat' dir='ltr'><strong>rex</strong></span> <span class='ocrx_word' id='word_1_566' title='bbox 1498 4724 1768 4790; x_wconf 88' lang='lat' dir='ltr'><strong>potentis-</strong></span> 
     </span>
    </p>
   </div>
   <div class='ocr_carea' id='block_1_79' title="bbox 167 4813 1763 4885">
    <p class='ocr_par' dir='ltr' id='par_1_79' title="bbox 167 4813 1763 4885">
     <span class='ocr_line' id='line_1_79' title="bbox 167 4813 1763 4885; baseline 0.002 -15"><span class='ocrx_word' id='word_1_567' title='bbox 167 4814 341 4870; x_wconf 85' lang='lat' dir='ltr'><strong>simus</strong></span> <span class='ocrx_word' id='word_1_568' title='bbox 362 4855 377 4877; x_wconf 92' lang='lat'><strong>,</strong></span> <span class='ocrx_word' id='word_1_569' title='bbox 416 4814 507 4885; x_wconf 90' lang='lat' dir='ltr'><strong>qui</strong></span> <span class='ocrx_word' id='word_1_570' title='bbox 529 4813 791 4869; x_wconf 86' lang='lat' dir='ltr'><strong>subvertit</strong></span> <span class='ocrx_word' id='word_1_571' title='bbox 811 4824 1042 4877; x_wconf 90' lang='lat' dir='ltr'><strong>montes.</strong></span> <span class='ocrx_word' id='word_1_572' title='bbox 1070 4820 1233 4871; x_wconf 89' lang='lat' dir='ltr'><strong>maria</strong></span> <span class='ocrx_word' id='word_1_573' title='bbox 1257 4817 1570 4871; x_wconf 87' lang='lat' dir='ltr'><strong>constravit.</strong></span> <span class='ocrx_word' id='word_1_574' title='bbox 1604 4836 1623 4869; x_wconf 73' lang='grc' dir='ltr'><strong><em>ι</em></strong></span> <span class='ocrx_word' id='word_1_575' title='bbox 1654 4816 1763 4885; x_wconf 81' lang='lat' dir='ltr'><strong>Sed</strong></span> 
     </span>
    </p>
   </div>
   <div class='ocr_carea' id='block_1_80' title="bbox 169 4900 1761 4979">
    <p class='ocr_par' dir='ltr' id='par_1_80' title="bbox 169 4900 1761 4979">
     <span class='ocr_line' id='line_1_80' title="bbox 169 4900 1761 4979; baseline 0.003 -17"><span class='ocrx_word' id='word_1_576' title='bbox 169 4906 241 4962; x_wconf 91' lang='lat' dir='ltr'><strong>de</strong></span> <span class='ocrx_word' id='word_1_577' title='bbox 268 4906 355 4962; x_wconf 88' lang='lat' dir='ltr'><strong>bis</strong></span> <span class='ocrx_word' id='word_1_578' title='bbox 387 4907 537 4978; x_wconf 90' lang='lat' dir='ltr'><strong>plura</strong></span> <span class='ocrx_word' id='word_1_579' title='bbox 579 4900 914 4973; x_wconf 78' lang='lat' dir='ltr'><strong>Herodotus,</strong></span> <span class='ocrx_word' id='word_1_580' title='bbox 952 4909 1215 4965; x_wconf 74' lang='lat' dir='ltr'><strong>Diodorus</strong></span> <span class='ocrx_word' id='word_1_581' title='bbox 1240 4910 1453 4965; x_wconf 89' lang='lat' dir='ltr'><strong>Siculus</strong></span> <span class='ocrx_word' id='word_1_582' title='bbox 1473 4953 1488 4976; x_wconf 93' lang='lat'><strong>,</strong></span> <span class='ocrx_word' id='word_1_583' title='bbox 1519 4910 1725 4966; x_wconf 87' lang='lat' dir='ltr'><strong>Plinius</strong></span> <span class='ocrx_word' id='word_1_584' title='bbox 1745 4953 1761 4979; x_wconf 97' lang='lat'><strong>,</strong></span> 
     </span>
    </p>
   </div>
   <div class='ocr_carea' id='block_1_81' title="bbox 163 4998 1761 5076">
    <p class='ocr_par' dir='ltr' id='par_1_81' title="bbox 163 4998 1761 5076">
     <span class='ocr_line' id='line_1_81' title="bbox 163 4998 1761 5076; baseline 0.002 -21"><span class='ocrx_word' id='word_1_585' title='bbox 163 4998 410 5055; x_wconf 77' lang='lat' dir='ltr'><strong>Justinus</strong></span> <span class='ocrx_word' id='word_1_586' title='bbox 462 4999 788 5065; x_wconf 81' lang='lat' dir='ltr'><strong>hiStoricus,</strong></span> <span class='ocrx_word' id='word_1_587' title='bbox 839 4998 1152 5066; x_wconf 71' lang='lat' dir='ltr'><strong>Iuvenalis,</strong></span> <span class='ocrx_word' id='word_1_588' title='bbox 1192 5010 1247 5056; x_wconf 87' lang='lat' dir='ltr'><strong>et</strong></span> <span class='ocrx_word' id='word_1_589' title='bbox 1295 5001 1383 5055; x_wconf 87' lang='lat' dir='ltr'><strong>alii</strong></span> <span class='ocrx_word' id='word_1_590' title='bbox 1435 5001 1761 5076; x_wconf 84' lang='lat' dir='ltr'><strong>(Hieroym.,</strong></span> 
     </span>
    </p>
   </div>
   <div class='ocr_carea' id='block_1_82' title="bbox 169 5092 1759 5165">
    <p class='ocr_par' dir='ltr' id='par_1_82' title="bbox 169 5092 1759 5165">
     <span class='ocr_line' id='line_1_82' title="bbox 169 5092 1759 5165; baseline 0.003 -18"><span class='ocrx_word' id='word_1_591' title='bbox 169 5094 318 5165; x_wconf 82' lang='lat' dir='ltr'><strong>epist.</strong></span> <span class='ocrx_word' id='word_1_592' title='bbox 362 5092 432 5147; x_wconf 81' lang='lat' dir='ltr'><strong>ad</strong></span> <span class='ocrx_word' id='word_1_593' title='bbox 488 5092 799 5157; x_wconf 86' lang='lat' dir='ltr'><strong>Heliodor.,</strong></span> <span class='ocrx_word' id='word_1_594' title='bbox 855 5111 977 5165; x_wconf 82' lang='lat' dir='ltr'><strong>pag.</strong></span> <span class='ocrx_word' id='word_1_595' title='bbox 1027 5094 1163 5159; x_wconf 69' lang='lat'><strong>275;</strong></span> <span class='ocrx_word' id='word_1_596' title='bbox 1202 5093 1485 5164; x_wconf 83' lang='lat' dir='ltr'><strong>llerodot.,</strong></span> <span class='ocrx_word' id='word_1_597' title='bbox 1522 5095 1610 5151; x_wconf 82' lang='lat' dir='ltr'><strong>lib.</strong></span> <span class='ocrx_word' id='word_1_598' title='bbox 1655 5114 1759 5164; x_wconf 84' lang='lat' dir='ltr'><strong>vn,</strong></span> 
     </span>
    </p>
   </div>
   <div class='ocr_carea' id='block_1_83' title="bbox 172 5184 1764 5260">
    <p class='ocr_par' dir='ltr' id='par_1_83' title="bbox 172 5184 1764 5260">
     <span class='ocr_line' id='line_1_83' title="bbox 172 5184 1764 5260; baseline 0.003 -19"><span class='ocrx_word' id='word_1_599' title='bbox 172 5184 338 5257; x_wconf 80' lang='lat'><strong>§|9,</strong></span> <span class='ocrx_word' id='word_1_600' title='bbox 399 5194 449 5241; x_wconf 85' lang='lat' dir='ltr'><strong>et</strong></span> <span class='ocrx_word' id='word_1_601' title='bbox 489 5202 665 5256; x_wconf 63' lang='grc' dir='ltr'><strong>σαιᾳά</strong></span> <span class='ocrx_word' id='word_1_602' title='bbox 716 5185 970 5253; x_wconf 86' lang='lat' dir='ltr'><strong>Diodor.,</strong></span> <span class='ocrx_word' id='word_1_603' title='bbox 1014 5187 1102 5242; x_wconf 82' lang='lat' dir='ltr'><strong>lib.</strong></span> <span class='ocrx_word' id='word_1_604' title='bbox 1122 5202 1173 5241; x_wconf 66' lang='grc' dir='ltr'><strong>τιι</strong></span> <span class='ocrx_word' id='word_1_605' title='bbox 1214 5185 1500 5256; x_wconf 86' lang='lat' dir='ltr'><strong>Biblioth.,</strong></span> <span class='ocrx_word' id='word_1_606' title='bbox 1553 5208 1605 5260; x_wconf 90' lang='lat' dir='ltr'><strong>p.</strong></span> <span class='ocrx_word' id='word_1_607' title='bbox 1656 5189 1764 5247; x_wconf 72' lang='lat'><strong>245</strong></span> 
     </span>
    </p>
   </div>
   <div class='ocr_carea' id='block_1_84' title="bbox 170 5279 1762 5357">
    <p class='ocr_par' dir='ltr' id='par_1_84' title="bbox 170 5279 1762 5357">
     <span class='ocr_line' id='line_1_84' title="bbox 170 5279 1762 5357; baseline 0.005 -22"><span class='ocrx_word' id='word_1_608' title='bbox 170 5290 219 5335; x_wconf 82' lang='lat' dir='ltr'><strong>et</strong></span> <span class='ocrx_word' id='word_1_609' title='bbox 264 5295 452 5352; x_wconf 82' lang='lat' dir='ltr'><strong>scqq.;</strong></span> <span class='ocrx_word' id='word_1_610' title='bbox 520 5279 695 5348; x_wconf 87' lang='lat' dir='ltr'><strong>Plin.,</strong></span> <span class='ocrx_word' id='word_1_611' title='bbox 753 5280 842 5337; x_wconf 88' lang='lat' dir='ltr'><strong>lib.</strong></span> <span class='ocrx_word' id='word_1_612' title='bbox 890 5298 942 5336; x_wconf 86' lang='lat' dir='ltr'><strong>tv</strong></span> <span class='ocrx_word' id='word_1_613' title='bbox 1005 5281 1146 5337; x_wconf 83' lang='lat' dir='ltr'><strong>Hist.</strong></span> <span class='ocrx_word' id='word_1_614' title='bbox 1204 5294 1420 5349; x_wconf 63' lang='lat' dir='ltr'><strong>natura,</strong></span> <span class='ocrx_word' id='word_1_615' title='bbox 1481 5302 1598 5357; x_wconf 87' lang='lat' dir='ltr'><strong>cap.</strong></span> <span class='ocrx_word' id='word_1_616' title='bbox 1672 5286 1762 5352; x_wconf 80' lang='grc'><strong>10,</strong></span> 
     </span>
    </p>
   </div>
   <div class='ocr_carea' id='block_1_85' title="bbox 170 5375 1760 5451">
    <p class='ocr_par' dir='ltr' id='par_1_85' title="bbox 170 5375 1760 5451">
     <span class='ocr_line' id='line_1_85' title="bbox 170 5375 1760 5451; baseline 0.004 -22"><span class='ocrx_word' id='word_1_617' title='bbox 170 5392 294 5448; x_wconf 85' lang='lat' dir='ltr'><strong>pag.</strong></span> <span class='ocrx_word' id='word_1_618' title='bbox 360 5375 493 5440; x_wconf 69' lang='lat'><strong>435;</strong></span> <span class='ocrx_word' id='word_1_619' title='bbox 546 5375 788 5444; x_wconf 79' lang='lat' dir='ltr'><strong>Justin.,</strong></span> <span class='ocrx_word' id='word_1_620' title='bbox 865 5375 954 5431; x_wconf 76' lang='lat' dir='ltr'><strong>lib.</strong></span> <span class='ocrx_word' id='word_1_621' title='bbox 1010 5393 1085 5444; x_wconf 87' lang='lat' dir='ltr'><strong>n;</strong></span> <span class='ocrx_word' id='word_1_622' title='bbox 1130 5375 1415 5446; x_wconf 83' lang='lat' dir='ltr'><strong>Juvenal.,</strong></span> <span class='ocrx_word' id='word_1_623' title='bbox 1460 5380 1608 5434; x_wconf 84' lang='lat' dir='ltr'><strong>satir.</strong></span> <span class='ocrx_word' id='word_1_624' title='bbox 1660 5379 1760 5451; x_wconf 76' lang='lat' dir='ltr'><strong>l0,</strong></span> 
     </span>
    </p>
   </div>
   <div class='ocr_carea' id='block_1_86' title="bbox 167 5470 755 5543">
    <p class='ocr_par' dir='ltr' id='par_1_86' title="bbox 167 5470 755 5543">
     <span class='ocr_line' id='line_1_86' title="bbox 167 5470 755 5543; baseline 0.002 -18"><span class='ocrx_word' id='word_1_625' title='bbox 167 5487 304 5526; x_wconf 78' lang='lat' dir='ltr'><strong>vers.</strong></span> <span class='ocrx_word' id='word_1_626' title='bbox 339 5470 443 5526; x_wconf 74' lang='grc'><strong>175</strong></span> <span class='ocrx_word' id='word_1_627' title='bbox 476 5481 521 5526; x_wconf 87' lang='lat' dir='ltr'><strong>et</strong></span> <span class='ocrx_word' id='word_1_628' title='bbox 549 5487 690 5542; x_wconf 85' lang='lat' dir='ltr'><strong>seqq.</strong></span> <span class='ocrx_word' id='word_1_629' title='bbox 711 5470 755 5543; x_wconf 91' lang='lat'><strong>).</strong></span> 
     </span>
    </p>
   </div>
   <div class='ocr_carea' id='block_1_87' title="bbox 240 5564 1767 5641">
    <p class='ocr_par' dir='ltr' id='par_1_87' title="bbox 240 5564 1767 5641">
     <span class='ocr_line' id='line_1_87' title="bbox 240 5564 1767 5641; baseline 0.007 -23"><span class='ocrx_word' id='word_1_630' title='bbox 240 5564 349 5619; x_wconf 88' lang='lat' dir='ltr'><strong>Cui</strong></span> <span class='ocrx_word' id='word_1_631' title='bbox 375 5566 536 5620; x_wconf 88' lang='lat' dir='ltr'><strong>ctiam</strong></span> <span class='ocrx_word' id='word_1_632' title='bbox 587 5575 775 5622; x_wconf 89' lang='lat' dir='ltr'><strong>notum</strong></span> <span class='ocrx_word' id='word_1_633' title='bbox 822 5568 1279 5641; x_wconf 76' lang='lat' dir='ltr'><strong>manifestumque</strong></span> <span class='ocrx_word' id='word_1_634' title='bbox 1315 5569 1445 5626; x_wconf 90' lang='lat' dir='ltr'><strong>illud</strong></span> <span class='ocrx_word' id='word_1_635' title='bbox 1493 5585 1598 5627; x_wconf 93' lang='lat' dir='ltr'><strong>non</strong></span> <span class='ocrx_word' id='word_1_636' title='bbox 1644 5581 1767 5641; x_wconf 83' lang='lat' dir='ltr'><strong>est,</strong></span> 
     </span>
    </p>
   </div>
   <div class='ocr_carea' id='block_1_88' title="bbox 167 5655 1768 5734">
    <p class='ocr_par' dir='ltr' id='par_1_88' title="bbox 167 5655 1768 5734">
     <span class='ocr_line' id='line_1_88' title="bbox 167 5655 1768 5734; baseline 0.005 -22"><span class='ocrx_word' id='word_1_637' title='bbox 167 5656 313 5731; x_wconf 89' lang='lat' dir='ltr'><strong>quod</strong></span> <span class='ocrx_word' id='word_1_638' title='bbox 369 5655 634 5716; x_wconf 80' lang='lat' dir='ltr'><strong>Arnobius</strong></span> <span class='ocrx_word' id='word_1_639' title='bbox 674 5661 950 5734; x_wconf 71' lang='lat' dir='ltr'><strong>subiungit</strong></span> <span class='ocrx_word' id='word_1_640' title='bbox 999 5680 1011 5717; x_wconf 93' lang='lat'>:</span> <span class='ocrx_word' id='word_1_641' title='bbox 1066 5682 1085 5716; x_wconf 84' lang='grc'><strong><em>‹</em></strong></span> <span class='ocrx_word' id='word_1_642' title='bbox 1144 5663 1217 5717; x_wconf 76' lang='lat' dir='ltr'><strong>Ex</strong></span> <span class='ocrx_word' id='word_1_643' title='bbox 1266 5663 1591 5720; x_wconf 69' lang='lat' dir='ltr'><strong>Macedoniae</strong></span> <span class='ocrx_word' id='word_1_644' title='bbox 1644 5664 1768 5720; x_wconf 84' lang='lat' dir='ltr'><strong>lini-</strong></span> 
     </span>
    </p>
   </div>
   <div class='ocr_carea' id='block_1_89' title="bbox 171 5751 1772 5833">
    <p class='ocr_par' dir='ltr' id='par_1_89' title="bbox 171 5751 1772 5833">
     <span class='ocr_line' id='line_1_89' title="bbox 171 5751 1772 5833; baseline 0.005 -26"><span class='ocrx_word' id='word_1_645' title='bbox 171 5751 275 5807; x_wconf 62' lang='grc' dir='ltr'><strong>δικ</strong></span> <span class='ocrx_word' id='word_1_646' title='bbox 343 5763 483 5804; x_wconf 85' lang='lat' dir='ltr'><strong>unus</strong></span> <span class='ocrx_word' id='word_1_647' title='bbox 534 5762 753 5811; x_wconf 78' lang='lat' dir='ltr'><strong>exortus</strong></span> <span class='ocrx_word' id='word_1_648' title='bbox 830 5754 1187 5821; x_wconf 84' lang='lat' dir='ltr'><strong>adolescens,</strong></span> <span class='ocrx_word' id='word_1_649' title='bbox 1224 5753 1455 5815; x_wconf 84' lang='lat' dir='ltr'><strong>Orientis</strong></span> <span class='ocrx_word' id='word_1_650' title='bbox 1493 5771 1678 5833; x_wconf 16' lang='lat' dir='ltr'><strong>regna,</strong></span> <span class='ocrx_word' id='word_1_651' title='bbox 1713 5767 1772 5819; x_wconf 85' lang='lat' dir='ltr'><strong>et</strong></span> 
     </span>
    </p>
   </div>
   <div class='ocr_carea' id='block_1_90' title="bbox 1790 4290 1844 4350">
    <p class='ocr_par' dir='ltr' id='par_1_90' title="bbox 1790 4290 1844 4350">
     <span class='ocr_line' id='line_1_90' title="bbox 1790 4290 1844 4350; baseline 0 0"><span class='ocrx_word' id='word_1_652' title='bbox 1790 4290 1844 4350; x_wconf 91' lang='lat' dir='ltr'><strong>D</strong></span> 
     </span>
    </p>
   </div>
   <div class='ocr_carea' id='block_1_91' title="bbox 1867 3042 3456 3125">
    <p class='ocr_par' dir='ltr' id='par_1_91' title="bbox 1867 3042 3456 3125">
     <span class='ocr_line' id='line_1_91' title="bbox 1867 3042 3456 3125; baseline -0.011 -18"><span class='ocrx_word' id='word_1_653' title='bbox 1867 3069 2025 3125; x_wconf 87' lang='lat' dir='ltr'><strong>quam</strong></span> <span class='ocrx_word' id='word_1_654' title='bbox 2090 3051 2390 3109; x_wconf 81' lang='lat' dir='ltr'><strong>certissime</strong></span> <span class='ocrx_word' id='word_1_655' title='bbox 2461 3054 2677 3103; x_wconf 82' lang='lat' dir='ltr'><strong>constat</strong></span> <span class='ocrx_word' id='word_1_656' title='bbox 2732 3059 2825 3100; x_wconf 84' lang='lat' dir='ltr'><strong>eas</strong></span> <span class='ocrx_word' id='word_1_657' title='bbox 2870 3042 3247 3103; x_wconf 84' lang='lat' dir='ltr'><strong>ethnicorum,</strong></span> <span class='ocrx_word' id='word_1_658' title='bbox 3300 3053 3456 3096; x_wconf 80' lang='lat' dir='ltr'><strong>com—</strong></span> 
     </span>
    </p>
   </div>
   <div class='ocr_carea' id='block_1_92' title="bbox 1867 3134 3457 3219">
    <p class='ocr_par' dir='ltr' id='par_1_92' title="bbox 1867 3134 3457 3219">
     <span class='ocr_line' id='line_1_92' title="bbox 1867 3134 3457 3219; baseline -0.009 -18"><span class='ocrx_word' id='word_1_659' title='bbox 1867 3146 2137 3202; x_wconf 87' lang='lat' dir='ltr'><strong>mentitios</strong></span> <span class='ocrx_word' id='word_1_660' title='bbox 2185 3144 2319 3200; x_wconf 86' lang='lat' dir='ltr'><strong>deos</strong></span> <span class='ocrx_word' id='word_1_661' title='bbox 2353 3142 2645 3197; x_wconf 85' lang='lat' dir='ltr'><strong>colentium</strong></span> <span class='ocrx_word' id='word_1_662' title='bbox 2674 3182 2689 3207; x_wconf 94' lang='lat'><strong>,</strong></span> <span class='ocrx_word' id='word_1_663' title='bbox 2740 3137 3001 3209; x_wconf 86' lang='lat' dir='ltr'><strong>impietati</strong></span> <span class='ocrx_word' id='word_1_664' title='bbox 3050 3143 3303 3211; x_wconf 84' lang='lat' dir='ltr'><strong>acceptas</strong></span> <span class='ocrx_word' id='word_1_665' title='bbox 3336 3134 3457 3219; x_wconf 75' lang='lat' dir='ltr'><strong>)urc</strong></span> 
     </span>
    </p>
   </div>
   <div class='ocr_carea' id='block_1_93' title="bbox 1866 3235 2454 3295">
    <p class='ocr_par' dir='ltr' id='par_1_93' title="bbox 1866 3235 2454 3295">
     <span class='ocr_line' id='line_1_93' title="bbox 1866 3235 2454 3295; baseline -0.01 -1"><span class='ocrx_word' id='word_1_666' title='bbox 1866 3237 2213 3295; x_wconf 84' lang='lat' dir='ltr'><strong>meritissimo</strong></span> <span class='ocrx_word' id='word_1_667' title='bbox 2242 3235 2454 3293; x_wconf 79' lang='lat' dir='ltr'><strong>referri.</strong></span> 
     </span>
    </p>
   </div>
   <div class='ocr_carea' id='block_1_94' title="bbox 1938 3321 3458 3402">
    <p class='ocr_par' dir='ltr' id='par_1_94' title="bbox 1938 3321 3458 3402">
     <span class='ocr_line' id='line_1_94' title="bbox 1938 3321 3458 3402; baseline -0.007 -14"><span class='ocrx_word' id='word_1_668' title='bbox 1938 3330 2089 3401; x_wconf 79' lang='lat' dir='ltr'><strong>Quod</strong></span> <span class='ocrx_word' id='word_1_669' title='bbox 2124 3328 2342 3402; x_wconf 87' lang='lat' dir='ltr'><strong>quidem</strong></span> <span class='ocrx_word' id='word_1_670' title='bbox 2376 3338 2432 3385; x_wconf 87' lang='lat' dir='ltr'><strong>et</strong></span> <span class='ocrx_word' id='word_1_671' title='bbox 2459 3326 2584 3383; x_wconf 84' lang='lat' dir='ltr'><strong>inde</strong></span> <span class='ocrx_word' id='word_1_672' title='bbox 2608 3325 2788 3387; x_wconf 80' lang='lat' dir='ltr'><strong>adhuc</strong></span> <span class='ocrx_word' id='word_1_673' title='bbox 2812 3323 3092 3383; x_wconf 82' lang='lat' dir='ltr'><strong>evidenter</strong></span> <span class='ocrx_word' id='word_1_674' title='bbox 3113 3321 3458 3379; x_wconf 72' lang='lat' dir='ltr'><strong>demonstra-</strong></span> 
     </span>
    </p>
   </div>
   <div class='ocr_carea' id='block_1_95' title="bbox 1870 3414 3457 3495">
    <p class='ocr_par' dir='ltr' id='par_1_95' title="bbox 1870 3414 3457 3495">
     <span class='ocr_line' id='line_1_95' title="bbox 1870 3414 3457 3495; baseline -0.009 -14"><span class='ocrx_word' id='word_1_675' title='bbox 1870 3437 1977 3493; x_wconf 90' lang='lat' dir='ltr'><strong>tur,</strong></span> <span class='ocrx_word' id='word_1_676' title='bbox 2022 3425 2144 3495; x_wconf 89' lang='lat' dir='ltr'><strong>quia</strong></span> <span class='ocrx_word' id='word_1_677' title='bbox 2186 3423 2379 3479; x_wconf 86' lang='lat' dir='ltr'><strong>iisdem</strong></span> <span class='ocrx_word' id='word_1_678' title='bbox 2408 3420 2641 3483; x_wconf 87' lang='lat' dir='ltr'><strong>etbnicis</strong></span> <span class='ocrx_word' id='word_1_679' title='bbox 2682 3434 2792 3479; x_wconf 90' lang='lat' dir='ltr'><strong>non</strong></span> <span class='ocrx_word' id='word_1_680' title='bbox 2837 3419 3013 3479; x_wconf 79' lang='lat' dir='ltr'><strong>solum</strong></span> <span class='ocrx_word' id='word_1_681' title='bbox 3059 3429 3222 3473; x_wconf 85' lang='lat' dir='ltr'><strong>verus</strong></span> <span class='ocrx_word' id='word_1_682' title='bbox 3276 3414 3457 3481; x_wconf 86' lang='lat' dir='ltr'><strong>Deus,</strong></span> 
     </span>
    </p>
   </div>
   <div class='ocr_carea' id='block_1_96' title="bbox 1866 3506 3463 3589">
    <p class='ocr_par' dir='ltr' id='par_1_96' title="bbox 1866 3506 3463 3589">
     <span class='ocr_line' id='line_1_96' title="bbox 1866 3506 3463 3589; baseline -0.013 -12"><span class='ocrx_word' id='word_1_683' title='bbox 1866 3520 1964 3577; x_wconf 88' lang='lat' dir='ltr'><strong>sed</strong></span> <span class='ocrx_word' id='word_1_684' title='bbox 2012 3519 2229 3589; x_wconf 83' lang='lat' dir='ltr'><strong>ipsimet</strong></span> <span class='ocrx_word' id='word_1_685' title='bbox 2275 3517 2487 3579; x_wconf 82' lang='lat' dir='ltr'><strong>illorum</strong></span> <span class='ocrx_word' id='word_1_686' title='bbox 2525 3514 2599 3573; x_wconf 91' lang='lat' dir='ltr'><strong>dii</strong></span> <span class='ocrx_word' id='word_1_687' title='bbox 2642 3511 2925 3585; x_wconf 69' lang='lat' dir='ltr'><strong>despectui</strong></span> <span class='ocrx_word' id='word_1_688' title='bbox 2965 3522 3285 3579; x_wconf 83' lang='lat' dir='ltr'><strong>summoque</strong></span> <span class='ocrx_word' id='word_1_689' title='bbox 3325 3506 3463 3563; x_wconf 78' lang='lat' dir='ltr'><strong>ludi-</strong></span> 
     </span>
    </p>
   </div>
   <div class='ocr_carea' id='block_1_97' title="bbox 1867 3598 3463 3683">
    <p class='ocr_par' dir='ltr' id='par_1_97' title="bbox 1867 3598 3463 3683">
     <span class='ocr_line' id='line_1_97' title="bbox 1867 3598 3463 3683; baseline -0.01 -14"><span class='ocrx_word' id='word_1_690' title='bbox 1867 3612 1989 3671; x_wconf 87' lang='lat' dir='ltr'><strong>brio</strong></span> <span class='ocrx_word' id='word_1_691' title='bbox 2019 3622 2176 3669; x_wconf 85' lang='lat' dir='ltr'><strong>erant</strong></span> <span class='ocrx_word' id='word_1_692' title='bbox 2203 3609 2528 3683; x_wconf 81' lang='lat' dir='ltr'><strong>(Ibid.,pag.</strong></span> <span class='ocrx_word' id='word_1_693' title='bbox 2561 3608 2629 3665; x_wconf 73' lang='lat'><strong>15</strong></span> <span class='ocrx_word' id='word_1_694' title='bbox 2660 3615 2707 3663; x_wconf 85' lang='lat' dir='ltr'><strong>et</strong></span> <span class='ocrx_word' id='word_1_695' title='bbox 2731 3604 2921 3677; x_wconf 62' lang='grc' dir='ltr'><strong>αντιφ).</strong></span> <span class='ocrx_word' id='word_1_696' title='bbox 2954 3602 3231 3661; x_wconf 79' lang='lat' dir='ltr'><strong>Mortalem</strong></span> <span class='ocrx_word' id='word_1_697' title='bbox 3264 3598 3463 3674; x_wconf 87' lang='lat' dir='ltr'><strong>quippe</strong></span> 
     </span>
    </p>
   </div>
   <div class='ocr_carea' id='block_1_98' title="bbox 1870 3698 3462 3773">
    <p class='ocr_par' dir='ltr' id='par_1_98' title="bbox 1870 3698 3462 3773">
     <span class='ocr_line' id='line_1_98' title="bbox 1870 3698 3462 3773; baseline -0.013 -12"><span class='ocrx_word' id='word_1_698' title='bbox 1870 3706 1943 3761; x_wconf 90' lang='lat' dir='ltr'><strong>uti</strong></span> <span class='ocrx_word' id='word_1_699' title='bbox 1974 3703 2111 3763; x_wconf 85' lang='lat' dir='ltr'><strong>infra</strong></span> <span class='ocrx_word' id='word_1_700' title='bbox 2162 3710 2284 3773; x_wconf 85' lang='lat' dir='ltr'><strong>post</strong></span> <span class='ocrx_word' id='word_1_701' title='bbox 2322 3701 2619 3763; x_wconf 83' lang='lat' dir='ltr'><strong>Arnobimu</strong></span> <span class='ocrx_word' id='word_1_702' title='bbox 2662 3698 2998 3763; x_wconf 79' lang='lat' dir='ltr'><strong>videbimus,</strong></span> <span class='ocrx_word' id='word_1_703' title='bbox 3049 3707 3240 3755; x_wconf 84' lang='lat' dir='ltr'><strong>eorum</strong></span> <span class='ocrx_word' id='word_1_704' title='bbox 3286 3699 3462 3755; x_wconf 82' lang='lat' dir='ltr'><strong>ortum</strong></span> 
     </span>
    </p>
   </div>
   <div class='ocr_carea' id='block_1_99' title="bbox 1870 3782 3465 3864">
    <p class='ocr_par' dir='ltr' id='par_1_99' title="bbox 1870 3782 3465 3864">
     <span class='ocr_line' id='line_1_99' title="bbox 1870 3782 3465 3864; baseline -0.008 -12"><span class='ocrx_word' id='word_1_705' title='bbox 1870 3796 2168 3863; x_wconf 82' lang='lat' dir='ltr'><strong>adulteria,</strong></span> <span class='ocrx_word' id='word_1_706' title='bbox 2216 3795 2433 3864; x_wconf 82' lang='lat' dir='ltr'><strong>aliaque</strong></span> <span class='ocrx_word' id='word_1_707' title='bbox 2481 3792 2533 3848; x_wconf 90' lang='lat' dir='ltr'><strong>in</strong></span> <span class='ocrx_word' id='word_1_708' title='bbox 2581 3791 2889 3849; x_wconf 79' lang='lat' dir='ltr'><strong>hominibus</strong></span> <span class='ocrx_word' id='word_1_709' title='bbox 2918 3802 3024 3847; x_wconf 89' lang='lat' dir='ltr'><strong>non</strong></span> <span class='ocrx_word' id='word_1_710' title='bbox 3058 3784 3336 3847; x_wconf 81' lang='lat' dir='ltr'><strong>toleranda</strong></span> <span class='ocrx_word' id='word_1_711' title='bbox 3369 3782 3465 3843; x_wconf 79' lang='lat' dir='ltr'><strong>ﬂa-</strong></span> 
     </span>
    </p>
   </div>
   <div class='ocr_carea' id='block_1_100' title="bbox 1868 3882 3465 3965">
    <p class='ocr_par' dir='ltr' id='par_1_100' title="bbox 1868 3882 3465 3965">
     <span class='ocr_line' id='line_1_100' title="bbox 1868 3882 3465 3965; baseline -0.011 -17"><span class='ocrx_word' id='word_1_712' title='bbox 1868 3892 2001 3965; x_wconf 84' lang='lat' dir='ltr'><strong>gitia</strong></span> <span class='ocrx_word' id='word_1_713' title='bbox 2039 3905 2104 3949; x_wconf 84' lang='lat' dir='ltr'><strong>ac</strong></span> <span class='ocrx_word' id='word_1_714' title='bbox 2147 3889 2372 3947; x_wconf 86' lang='lat' dir='ltr'><strong>crimina</strong></span> <span class='ocrx_word' id='word_1_715' title='bbox 2412 3885 2750 3959; x_wconf 79' lang='lat' dir='ltr'><strong>impudenter</strong></span> <span class='ocrx_word' id='word_1_716' title='bbox 2789 3882 3147 3955; x_wconf 58' lang='lat' dir='ltr'><strong>praadicantes</strong></span> <span class='ocrx_word' id='word_1_717' title='bbox 3173 3921 3186 3943; x_wconf 93' lang='lat'><strong>,</strong></span> <span class='ocrx_word' id='word_1_718' title='bbox 3222 3894 3327 3934; x_wconf 89' lang='lat' dir='ltr'><strong>non</strong></span> <span class='ocrx_word' id='word_1_719' title='bbox 3372 3894 3465 3947; x_wconf 85' lang='lat' dir='ltr'><strong>p0—</strong></span> 
     </span>
    </p>
   </div>
   <div class='ocr_carea' id='block_1_101' title="bbox 1866 3970 3465 4053">
    <p class='ocr_par' dir='ltr' id='par_1_101' title="bbox 1866 3970 3465 4053">
     <span class='ocr_line' id='line_1_101' title="bbox 1866 3970 3465 4053; baseline -0.008 -13"><span class='ocrx_word' id='word_1_720' title='bbox 1866 3994 2044 4043; x_wconf 88' lang='lat' dir='ltr'><strong>terant</strong></span> <span class='ocrx_word' id='word_1_721' title='bbox 2089 3990 2173 4039; x_wconf 87' lang='lat' dir='ltr'><strong>sat</strong></span> <span class='ocrx_word' id='word_1_722' title='bbox 2210 3980 2463 4051; x_wconf 78' lang='lat' dir='ltr'><strong>gravibus</strong></span> <span class='ocrx_word' id='word_1_723' title='bbox 2503 3979 2713 4053; x_wconf 71' lang='lat' dir='ltr'><strong>ptenis,</strong></span> <span class='ocrx_word' id='word_1_724' title='bbox 2754 3987 2915 4049; x_wconf 81' lang='lat' dir='ltr'><strong>atque</strong></span> <span class='ocrx_word' id='word_1_725' title='bbox 2962 3972 3354 4035; x_wconf 88' lang='lat' dir='ltr'><strong>calamitatibus</strong></span> <span class='ocrx_word' id='word_1_726' title='bbox 3396 3970 3465 4027; x_wconf 85' lang='lat' dir='ltr'><strong>ab</strong></span> 
     </span>
    </p>
   </div>
   <div class='ocr_carea' id='block_1_102' title="bbox 1869 4066 3465 4148">
    <p class='ocr_par' dir='ltr' id='par_1_102' title="bbox 1869 4066 3465 4148">
     <span class='ocr_line' id='line_1_102' title="bbox 1869 4066 3465 4148; baseline -0.008 -15"><span class='ocrx_word' id='word_1_727' title='bbox 1869 4079 1935 4135; x_wconf 87' lang='lat' dir='ltr'><strong>iis</strong></span> <span class='ocrx_word' id='word_1_728' title='bbox 1982 4076 2178 4148; x_wconf 87' lang='lat' dir='ltr'><strong>puniri.</strong></span> <span class='ocrx_word' id='word_1_729' title='bbox 2229 4074 2337 4133; x_wconf 85' lang='lat' dir='ltr'><strong>Sed</strong></span> <span class='ocrx_word' id='word_1_730' title='bbox 2385 4073 2455 4131; x_wconf 87' lang='lat' dir='ltr'><strong>de</strong></span> <span class='ocrx_word' id='word_1_731' title='bbox 2507 4072 2588 4129; x_wconf 86' lang='lat' dir='ltr'><strong>bis</strong></span> <span class='ocrx_word' id='word_1_732' title='bbox 2648 4068 2950 4135; x_wconf 81' lang='lat' dir='ltr'><strong>audiendus</strong></span> <span class='ocrx_word' id='word_1_733' title='bbox 3004 4069 3167 4124; x_wconf 83' lang='lat' dir='ltr'><strong>etiam</strong></span> <span class='ocrx_word' id='word_1_734' title='bbox 3211 4066 3315 4125; x_wconf 81' lang='lat' dir='ltr'><strong>erit</strong></span> <span class='ocrx_word' id='word_1_735' title='bbox 3365 4076 3465 4129; x_wconf 81' lang='lat' dir='ltr'><strong>suo</strong></span> 
     </span>
    </p>
   </div>
   <div class='ocr_carea' id='block_1_103' title="bbox 1868 4167 2399 4233">
    <p class='ocr_par' dir='ltr' id='par_1_103' title="bbox 1868 4167 2399 4233">
     <span class='ocr_line' id='line_1_103' title="bbox 1868 4167 2399 4233; baseline -0.024 0"><span class='ocrx_word' id='word_1_736' title='bbox 1868 4172 1991 4233; x_wconf 81' lang='lat' dir='ltr'><strong>loco</strong></span> <span class='ocrx_word' id='word_1_737' title='bbox 2016 4167 2399 4231; x_wconf 78' lang='lat' dir='ltr'><strong>Tcrtullianus.</strong></span> 
     </span>
    </p>
   </div>
   <div class='ocr_carea' id='block_1_104' title="bbox 2464 4302 2897 4359">
    <p class='ocr_par' dir='ltr' id='par_1_104' title="bbox 2464 4302 2897 4359">
     <span class='ocr_line' id='line_1_104' title="bbox 2464 4302 2897 4359; baseline -0.014 0"><span class='ocrx_word' id='word_1_738' title='bbox 2464 4316 2760 4359; x_wconf 77' lang='lat' dir='ltr'><strong>ABTICULUS</strong></span> <span class='ocrx_word' id='word_1_739' title='bbox 2798 4315 2871 4356; x_wconf 82' lang='lat' dir='ltr'><strong>tv.</strong></span> <span class='ocrx_word' id='word_1_740' title='bbox 2890 4302 2897 4309; x_wconf 80' lang='grc'><em>“</em></span> 
     </span>
    </p>
   </div>
   <div class='ocr_carea' id='block_1_105' title="bbox 1869 4432 3468 4506">
    <p class='ocr_par' dir='ltr' id='par_1_105' title="bbox 1869 4432 3468 4506">
     <span class='ocr_line' id='line_1_105' title="bbox 1869 4432 3468 4506; baseline -0.01 -11"><span class='ocrx_word' id='word_1_741' title='bbox 1869 4442 2217 4506; x_wconf 81' lang='lat' dir='ltr'><strong>Respondetur</strong></span> <span class='ocrx_word' id='word_1_742' title='bbox 2240 4439 2451 4506; x_wconf 78' lang='lat' dir='ltr'><strong>ethnicis</strong></span> <span class='ocrx_word' id='word_1_743' title='bbox 2473 4437 2835 4506; x_wconf 78' lang='lat' dir='ltr'><strong>sciscitantibus</strong></span> <span class='ocrx_word' id='word_1_744' title='bbox 2851 4446 2961 4503; x_wconf 63' lang='lat' dir='ltr'><strong>qua)</strong></span> <span class='ocrx_word' id='word_1_745' title='bbox 2978 4432 3218 4506; x_wconf 68' lang='lat' dir='ltr'><strong>malorum</strong></span> <span class='ocrx_word' id='word_1_746' title='bbox 3249 4444 3353 4506; x_wconf 70' lang='lat' dir='ltr'><strong>ser</strong></span> <span class='ocrx_word' id='word_1_747' title='bbox 3379 4444 3468 4506; x_wconf 68' lang='lat' dir='ltr'><strong>pl]:-</strong></span> 
     </span>
    </p>
   </div>
   <div class='ocr_carea' id='block_1_106' title="bbox 1934 4493 3461 4568">
    <p class='ocr_par' dir='ltr' id='par_1_106' title="bbox 1934 4493 3461 4568">
     <span class='ocr_line' id='line_1_106' title="bbox 1934 4493 3461 4568; baseline -0.009 -13"><span class='ocrx_word' id='word_1_748' title='bbox 1934 4493 2167 4555; x_wconf 81' lang='lat' dir='ltr'><strong>biicarum</strong></span> <span class='ocrx_word' id='word_1_749' title='bbox 2195 4503 2522 4568; x_wconf 76' lang='lat' dir='ltr'><strong>calamitatum</strong></span> <span class='ocrx_word' id='word_1_750' title='bbox 2541 4502 2609 4568; x_wconf 73' lang='lat' dir='ltr'><strong>sit</strong></span> <span class='ocrx_word' id='word_1_751' title='bbox 2632 4511 2793 4568; x_wconf 75' lang='lat' dir='ltr'><strong>causa,</strong></span> <span class='ocrx_word' id='word_1_752' title='bbox 2814 4493 3461 4568; x_wconf 42' lang='lat' dir='ltr'><strong>adprobatur_id.quod‘uni</strong></span> 
     </span>
    </p>
   </div>
   <div class='ocr_carea' id='block_1_107' title="bbox 1934 4554 3465 4625">
    <p class='ocr_par' dir='ltr' id='par_1_107' title="bbox 1934 4554 3465 4625">
     <span class='ocr_line' id='line_1_107' title="bbox 1934 4554 3465 4625; baseline -0.01 -7"><span class='ocrx_word' id='word_1_753' title='bbox 1934 4554 2136 4625; x_wconf 84' lang='lat' dir='ltr'><strong>bonum,</strong></span> <span class='ocrx_word' id='word_1_754' title='bbox 2162 4565 2308 4615; x_wconf 87' lang='lat' dir='ltr'><strong>alteri</strong></span> <span class='ocrx_word' id='word_1_755' title='bbox 2332 4576 2443 4613; x_wconf 76' lang='lat' dir='ltr'><strong>esse</strong></span> <span class='ocrx_word' id='word_1_756' title='bbox 2463 4562 2657 4625; x_wconf 76' lang='lat' dir='ltr'><strong>malum.</strong></span> <span class='ocrx_word' id='word_1_757' title='bbox 2684 4554 2973 4625; x_wconf 42' lang='lat' dir='ltr'><strong>fruSan‘ue</strong></span> <span class='ocrx_word' id='word_1_758' title='bbox 3006 4557 3149 4625; x_wconf 81' lang='lat' dir='ltr'><strong>obiici</strong></span> <span class='ocrx_word' id='word_1_759' title='bbox 3175 4554 3330 4606; x_wconf 76' lang='lat' dir='ltr'><strong>victos</strong></span> <span class='ocrx_word' id='word_1_760' title='bbox 3344 4554 3465 4606; x_wconf 78' lang='lat' dir='ltr'><strong>Ale-</strong></span> 
     </span>
    </p>
   </div>
   <div class='ocr_carea' id='block_1_108' title="bbox 1932 4621 3463 4689">
    <p class='ocr_par' dir='ltr' id='par_1_108' title="bbox 1932 4621 3463 4689">
     <span class='ocr_line' id='line_1_108' title="bbox 1932 4621 3463 4689; baseline -0.011 -7"><span class='ocrx_word' id='word_1_761' title='bbox 1932 4621 2152 4689; x_wconf 70' lang='lat' dir='ltr'><strong>mannns,</strong></span> <span class='ocrx_word' id='word_1_762' title='bbox 2178 4628 2304 4677; x_wconf 74' lang='lat' dir='ltr'><strong>fame</strong></span> <span class='ocrx_word' id='word_1_763' title='bbox 2331 4633 2530 4674; x_wconf 86' lang='lat' dir='ltr'><strong>necatos</strong></span> <span class='ocrx_word' id='word_1_764' title='bbox 2569 4624 2792 4689; x_wconf 67' lang='lat' dir='ltr'><strong>Gi-tulos,</strong></span> <span class='ocrx_word' id='word_1_765' title='bbox 2834 4621 3222 4689; x_wconf 61' lang='lat' dir='ltr'><strong>et_&#39;,l‘ingilauos,</strong></span> <span class='ocrx_word' id='word_1_766' title='bbox 3262 4626 3463 4689; x_wconf 74' lang='lat' dir='ltr'><strong>propter</strong></span> 
     </span>
    </p>
   </div>
   <div class='ocr_carea' id='block_1_109' title="bbox 1935 4682 3462 4745">
    <p class='ocr_par' dir='ltr' id='par_1_109' title="bbox 1935 4682 3462 4745">
     <span class='ocr_line' id='line_1_109' title="bbox 1935 4682 3462 4745; baseline -0.01 -4"><span class='ocrx_word' id='word_1_767' title='bbox 1935 4682 2225 4741; x_wconf 77' lang='lat' dir='ltr'><strong>christianos</strong></span> <span class='ocrx_word' id='word_1_768' title='bbox 2247 4703 2356 4739; x_wconf 88' lang='lat' dir='ltr'><strong>cum</strong></span> <span class='ocrx_word' id='word_1_769' title='bbox 2382 4691 2457 4735; x_wconf 78' lang='lat' dir='ltr'><strong>eis</strong></span> <span class='ocrx_word' id='word_1_770' title='bbox 2478 4687 2772 4739; x_wconf 77' lang='lat' dir='ltr'><strong>habitantes.</strong></span> <span class='ocrx_word' id='word_1_771' title='bbox 2808 4682 3062 4745; x_wconf 66' lang='lat' dir='ltr'><strong>multoque</strong></span> <span class='ocrx_word' id='word_1_772' title='bbox 3101 4682 3356 4745; x_wconf 86' lang='lat' dir='ltr'><strong>absurdius</strong></span> <span class='ocrx_word' id='word_1_773' title='bbox 3381 4692 3462 4727; x_wconf 85' lang='lat' dir='ltr'><strong>as-</strong></span> 
     </span>
    </p>
   </div>
   <div class='ocr_carea' id='block_1_110' title="bbox 1932 4743 3465 4807">
    <p class='ocr_par' dir='ltr' id='par_1_110' title="bbox 1932 4743 3465 4807">
     <span class='ocr_line' id='line_1_110' title="bbox 1932 4743 3465 4807; baseline -0.012 1"><span class='ocrx_word' id='word_1_774' title='bbox 1932 4757 2033 4807; x_wconf 81' lang='lat' dir='ltr'><strong>seri</strong></span> <span class='ocrx_word' id='word_1_775' title='bbox 2064 4754 2186 4805; x_wconf 81' lang='lat' dir='ltr'><strong>deos</strong></span> <span class='ocrx_word' id='word_1_776' title='bbox 2207 4752 2383 4805; x_wconf 68' lang='lat' dir='ltr'><strong>iisdem</strong></span> <span class='ocrx_word' id='word_1_777' title='bbox 2408 4749 2690 4801; x_wconf 78' lang='lat' dir='ltr'><strong>ubristiauis</strong></span> <span class='ocrx_word' id='word_1_778' title='bbox 2723 4747 2874 4797; x_wconf 83' lang='lat' dir='ltr'><strong>tuisse</strong></span> <span class='ocrx_word' id='word_1_779' title='bbox 2912 4743 3080 4804; x_wconf 66' lang='lat' dir='ltr'><strong>iratus,</strong></span> <span class='ocrx_word' id='word_1_780' title='bbox 3114 4754 3165 4795; x_wconf 87' lang='lat' dir='ltr'><strong>et</strong></span> <span class='ocrx_word' id='word_1_781' title='bbox 3198 4743 3292 4795; x_wconf 81' lang='lat' dir='ltr'><strong>hoc</strong></span> <span class='ocrx_word' id='word_1_782' title='bbox 3323 4753 3465 4793; x_wconf 73' lang='lat' dir='ltr'><strong>men—</strong></span> 
     </span>
    </p>
   </div>
   <div class='ocr_carea' id='block_1_111' title="bbox 1934 4807 3464 4878">
    <p class='ocr_par' dir='ltr' id='par_1_111' title="bbox 1934 4807 3464 4878">
     <span class='ocr_line' id='line_1_111' title="bbox 1934 4807 3464 4878; baseline -0.01 -11"><span class='ocrx_word' id='word_1_783' title='bbox 1934 4818 2128 4867; x_wconf 86' lang='lat' dir='ltr'><strong>dacium</strong></span> <span class='ocrx_word' id='word_1_784' title='bbox 2151 4829 2179 4865; x_wconf 91' lang='lat' dir='ltr'><strong>a</strong></span> <span class='ocrx_word' id='word_1_785' title='bbox 2201 4813 2491 4878; x_wconf 85' lang='lat' dir='ltr'><strong>quibusdam</strong></span> <span class='ocrx_word' id='word_1_786' title='bbox 2530 4810 2921 4867; x_wconf 83' lang='lat' dir='ltr'><strong>mendicantibus</strong></span> <span class='ocrx_word' id='word_1_787' title='bbox 2954 4807 3166 4856; x_wconf 86' lang='lat' dir='ltr'><strong>ethnicis</strong></span> <span class='ocrx_word' id='word_1_788' title='bbox 3209 4819 3322 4863; x_wconf 85' lang='lat' dir='ltr'><strong>esse</strong></span> <span class='ocrx_word' id='word_1_789' title='bbox 3345 4816 3464 4852; x_wconf 69' lang='lat' dir='ltr'><strong>con.-</strong></span> 
     </span>
    </p>
   </div>
   <div class='ocr_carea' id='block_1_112' title="bbox 1932 4879 2112 4930">
    <p class='ocr_par' dir='ltr' id='par_1_112' title="bbox 1932 4879 2112 4930">
     <span class='ocr_line' id='line_1_112' title="bbox 1932 4879 2112 4930; baseline -0.006 -3"><span class='ocrx_word' id='word_1_790' title='bbox 1932 4879 2112 4930; x_wconf 80' lang='lat' dir='ltr'><strong>ﬁctum.</strong></span> 
     </span>
    </p>
   </div>
   <div class='ocr_carea' id='block_1_113' title="bbox 1941 4997 3465 5072">
    <p class='ocr_par' dir='ltr' id='par_1_113' title="bbox 1941 4997 3465 5072">
     <span class='ocr_line' id='line_1_113' title="bbox 1941 4997 3465 5072; baseline -0.007 -9"><span class='ocrx_word' id='word_1_791' title='bbox 1941 5009 2016 5064; x_wconf 88' lang='lat' dir='ltr'><strong>Ea</strong></span> <span class='ocrx_word' id='word_1_792' title='bbox 2045 5016 2163 5063; x_wconf 90' lang='lat' dir='ltr'><strong>erat</strong></span> <span class='ocrx_word' id='word_1_793' title='bbox 2183 5005 2520 5061; x_wconf 85' lang='lat' dir='ltr'><strong>ethnicorum</strong></span> <span class='ocrx_word' id='word_1_794' title='bbox 2542 5002 2757 5063; x_wconf 56' lang='lat' dir='ltr'><strong>eiecit“</strong></span> <span class='ocrx_word' id='word_1_795' title='bbox 2778 5044 2794 5070; x_wconf 91' lang='lat'><strong>,</strong></span> <span class='ocrx_word' id='word_1_796' title='bbox 2826 5012 2883 5057; x_wconf 90' lang='lat' dir='ltr'><strong>ut</strong></span> <span class='ocrx_word' id='word_1_797' title='bbox 2910 4999 3153 5072; x_wconf 88' lang='lat' dir='ltr'><strong>quamvis</strong></span> <span class='ocrx_word' id='word_1_798' title='bbox 3181 4997 3314 5057; x_wconf 80' lang='lat' dir='ltr'><strong>deos</strong></span> <span class='ocrx_word' id='word_1_799' title='bbox 3333 5011 3465 5057; x_wconf 70' lang='lat' dir='ltr'><strong>Suos</strong></span> 
     </span>
    </p>
   </div>
   <div class='ocr_carea' id='block_1_114' title="bbox 1870 5096 3463 5167">
    <p class='ocr_par' dir='ltr' id='par_1_114' title="bbox 1870 5096 3463 5167">
     <span class='ocr_line' id='line_1_114' title="bbox 1870 5096 3463 5167; baseline -0.01 -9"><span class='ocrx_word' id='word_1_800' title='bbox 1870 5103 2226 5167; x_wconf 78' lang='lat' dir='ltr'><strong>maximorum</strong></span> <span class='ocrx_word' id='word_1_801' title='bbox 2273 5097 2558 5157; x_wconf 79' lang='lat' dir='ltr'><strong>crituinum</strong></span> <span class='ocrx_word' id='word_1_802' title='bbox 2594 5112 2718 5153; x_wconf 77' lang='lat' dir='ltr'><strong>reos</strong></span> <span class='ocrx_word' id='word_1_803' title='bbox 2744 5096 2919 5165; x_wconf 85' lang='lat' dir='ltr'><strong>palam</strong></span> <span class='ocrx_word' id='word_1_804' title='bbox 2971 5101 3463 5159; x_wconf 76' lang='lat' dir='ltr'><strong>asseveranterquc</strong></span> 
     </span>
    </p>
   </div>
   <div class='ocr_carea' id='block_1_115' title="bbox 1867 5181 3456 5267">
    <p class='ocr_par' dir='ltr' id='par_1_115' title="bbox 1867 5181 3456 5267">
     <span class='ocr_line' id='line_1_115' title="bbox 1867 5181 3456 5267; baseline -0.011 -16"><span class='ocrx_word' id='word_1_805' title='bbox 1867 5206 2122 5267; x_wconf 85' lang='lat' dir='ltr'><strong>agerent,</strong></span> <span class='ocrx_word' id='word_1_806' title='bbox 2170 5205 2482 5261; x_wconf 78' lang='lat' dir='ltr'><strong>persuasum</strong></span> <span class='ocrx_word' id='word_1_807' title='bbox 2528 5198 2705 5243; x_wconf 86' lang='lat' dir='ltr'><strong>tamen</strong></span> <span class='ocrx_word' id='word_1_808' title='bbox 2753 5186 3041 5241; x_wconf 85' lang='lat' dir='ltr'><strong>habuerint</strong></span> <span class='ocrx_word' id='word_1_809' title='bbox 3082 5198 3186 5239; x_wconf 87' lang='lat' dir='ltr'><strong>non</strong></span> <span class='ocrx_word' id='word_1_810' title='bbox 3239 5183 3291 5237; x_wconf 92' lang='lat' dir='ltr'><strong>in</strong></span> <span class='ocrx_word' id='word_1_811' title='bbox 3339 5181 3456 5249; x_wconf 89' lang='lat' dir='ltr'><strong>sui,</strong></span> 
     </span>
    </p>
   </div>
   <div class='ocr_carea' id='block_1_116' title="bbox 1868 5271 3463 5347">
    <p class='ocr_par' dir='ltr' id='par_1_116' title="bbox 1868 5271 3463 5347">
     <span class='ocr_line' id='line_1_116' title="bbox 1868 5271 3463 5347; baseline -0.012 -3"><span class='ocrx_word' id='word_1_812' title='bbox 1868 5288 1962 5347; x_wconf 88' lang='lat' dir='ltr'><strong>sed</strong></span> <span class='ocrx_word' id='word_1_813' title='bbox 1995 5288 2046 5343; x_wconf 90' lang='lat' dir='ltr'><strong>in</strong></span> <span class='ocrx_word' id='word_1_814' title='bbox 2077 5285 2498 5342; x_wconf 72' lang='lat' dir='ltr'><strong>Christianarum</strong></span> <span class='ocrx_word' id='word_1_815' title='bbox 2532 5282 2716 5335; x_wconf 89' lang='lat' dir='ltr'><strong>odium</strong></span> <span class='ocrx_word' id='word_1_816' title='bbox 2762 5277 3007 5335; x_wconf 85' lang='lat' dir='ltr'><strong>homines</strong></span> <span class='ocrx_word' id='word_1_817' title='bbox 3040 5275 3267 5346; x_wconf 89' lang='lat' dir='ltr'><strong>publicis</strong></span> <span class='ocrx_word' id='word_1_818' title='bbox 3295 5271 3463 5329; x_wconf 83' lang='lat' dir='ltr'><strong>cladi-</strong></span> 
     </span>
    </p>
   </div>
   <div class='ocr_carea' id='block_1_117' title="bbox 1867 5366 3457 5444">
    <p class='ocr_par' dir='ltr' id='par_1_117' title="bbox 1867 5366 3457 5444">
     <span class='ocr_line' id='line_1_117' title="bbox 1867 5366 3457 5444; baseline -0.013 -6"><span class='ocrx_word' id='word_1_819' title='bbox 1867 5383 1968 5438; x_wconf 89' lang='lat' dir='ltr'><strong>bus</strong></span> <span class='ocrx_word' id='word_1_820' title='bbox 2029 5377 2533 5444; x_wconf 79' lang='lat' dir='ltr'><strong>calamitatibusque</strong></span> <span class='ocrx_word' id='word_1_821' title='bbox 2591 5373 2755 5427; x_wconf 88' lang='lat' dir='ltr'><strong>luisse</strong></span> <span class='ocrx_word' id='word_1_822' title='bbox 2827 5370 3126 5425; x_wconf 66' lang='lat' dir='ltr'><strong>divemlus.</strong></span> <span class='ocrx_word' id='word_1_823' title='bbox 3175 5366 3457 5422; x_wconf 80' lang='lat' dir='ltr'><strong>Instabattt</strong></span> 
     </span>
    </p>
   </div>
   <div class='ocr_carea' id='block_1_118' title="bbox 1869 5463 3463 5549">
    <p class='ocr_par' dir='ltr' id='par_1_118' title="bbox 1869 5463 3463 5549">
     <span class='ocr_line' id='line_1_118' title="bbox 1869 5463 3463 5549; baseline -0.012 -20"><span class='ocrx_word' id='word_1_824' title='bbox 1869 5475 2051 5549; x_wconf 87' lang='lat' dir='ltr'><strong>itaque</strong></span> <span class='ocrx_word' id='word_1_825' title='bbox 2081 5471 2504 5540; x_wconf 86' lang='lat' dir='ltr'><strong>importuneque</strong></span> <span class='ocrx_word' id='word_1_826' title='bbox 2556 5464 2815 5537; x_wconf 87' lang='lat' dir='ltr'><strong>petebant</strong></span> <span class='ocrx_word' id='word_1_827' title='bbox 2855 5463 2899 5517; x_wconf 90' lang='lat' dir='ltr'><strong>si</strong></span> <span class='ocrx_word' id='word_1_828' title='bbox 2952 5470 3034 5517; x_wconf 93' lang='lat' dir='ltr'><strong>tot</strong></span> <span class='ocrx_word' id='word_1_829' title='bbox 3080 5469 3463 5528; x_wconf 88' lang='lat' dir='ltr'><strong>tantorumque</strong></span> 
     </span>
    </p>
   </div>
   <div class='ocr_carea' id='block_1_119' title="bbox 1872 5558 3460 5625">
    <p class='ocr_par' dir='ltr' id='par_1_119' title="bbox 1872 5558 3460 5625">
     <span class='ocr_line' id='line_1_119' title="bbox 1872 5558 3460 5625; baseline -0.012 -1"><span class='ocrx_word' id='word_1_830' title='bbox 1872 5568 2140 5625; x_wconf 83' lang='lat' dir='ltr'><strong>malorum</strong></span> <span class='ocrx_word' id='word_1_831' title='bbox 2192 5561 2475 5622; x_wconf 88' lang='lat' dir='ltr'><strong>christiani</strong></span> <span class='ocrx_word' id='word_1_832' title='bbox 2532 5576 2695 5619; x_wconf 85' lang='lat' dir='ltr'><strong>causa</strong></span> <span class='ocrx_word' id='word_1_833' title='bbox 2748 5576 2853 5615; x_wconf 87' lang='lat' dir='ltr'><strong>nun</strong></span> <span class='ocrx_word' id='word_1_834' title='bbox 2918 5558 3152 5623; x_wconf 82' lang='lat' dir='ltr'><strong>fuerint,</strong></span> <span class='ocrx_word' id='word_1_835' title='bbox 3212 5566 3460 5623; x_wconf 74' lang='lat' dir='ltr'><strong>quamam</strong></span> 
     </span>
    </p>
   </div>
   <div class='ocr_carea' id='block_1_120' title="bbox 1870 5643 3465 5735">
    <p class='ocr_par' dir='ltr' id='par_1_120' title="bbox 1870 5643 3465 5735">
     <span class='ocr_line' id='line_1_120' title="bbox 1870 5643 3465 5735; baseline -0.014 -16"><span class='ocrx_word' id='word_1_836' title='bbox 1870 5661 2106 5735; x_wconf 81' lang='lat' dir='ltr'><strong>potuerit</strong></span> <span class='ocrx_word' id='word_1_837' title='bbox 2140 5673 2261 5714; x_wconf 82' lang='lat' dir='ltr'><strong>esse</strong></span> <span class='ocrx_word' id='word_1_838' title='bbox 2303 5655 2525 5710; x_wconf 84' lang='lat' dir='ltr'><strong>illorum</strong></span> <span class='ocrx_word' id='word_1_839' title='bbox 2560 5668 2723 5709; x_wconf 88' lang='lat' dir='ltr'><strong>causa</strong></span> <span class='ocrx_word' id='word_1_840' title='bbox 2757 5662 2807 5709; x_wconf 89' lang='lat' dir='ltr'><strong>et</strong></span> <span class='ocrx_word' id='word_1_841' title='bbox 2840 5653 3017 5726; x_wconf 84' lang='lat' dir='ltr'><strong>origo.</strong></span> <span class='ocrx_word' id='word_1_842' title='bbox 3049 5647 3157 5704; x_wconf 80' lang='lat' dir='ltr'><strong>Sed</strong></span> <span class='ocrx_word' id='word_1_843' title='bbox 3187 5646 3313 5717; x_wconf 87' lang='lat' dir='ltr'><strong>quid</strong></span> <span class='ocrx_word' id='word_1_844' title='bbox 3346 5643 3465 5697; x_wconf 76' lang='lat' dir='ltr'><strong>lucc</strong></span> 
     </span>
    </p>
   </div>
   <div class='ocr_carea' id='block_1_121' title="bbox 1874 5737 3479 5833">
    <p class='ocr_par' dir='ltr' id='par_1_121' title="bbox 1874 5737 3479 5833">
     <span class='ocr_line' id='line_1_121' title="bbox 1874 5737 3479 5833; baseline -0.011 -18"><span class='ocrx_word' id='word_1_845' title='bbox 1874 5756 1948 5815; x_wconf 81' lang='lat' dir='ltr'><strong>ad</strong></span> <span class='ocrx_word' id='word_1_846' title='bbox 1979 5769 2079 5813; x_wconf 82' lang='lat' dir='ltr'><strong>nos</strong></span> <span class='ocrx_word' id='word_1_847' title='bbox 2097 5751 2446 5826; x_wconf 39' lang='lat' dir='ltr'><strong>?&#39;respondet</strong></span> <span class='ocrx_word' id='word_1_848' title='bbox 2472 5748 2745 5809; x_wconf 77' lang='lat' dir='ltr'><strong>Arnobius</strong></span> <span class='ocrx_word' id='word_1_849' title='bbox 2778 5746 3030 5833; x_wconf 34' lang='lat' dir='ltr'><strong>(Anzaba,</strong></span> <span class='ocrx_word' id='word_1_850' title='bbox 3055 5744 3149 5799; x_wconf 85' lang='lat' dir='ltr'><strong>lib.</strong></span> <span class='ocrx_word' id='word_1_851' title='bbox 3192 5757 3248 5812; x_wconf 72' lang='grc' dir='ltr'><strong>ιι,</strong></span> <span class='ocrx_word' id='word_1_852' title='bbox 3274 5757 3397 5811; x_wconf 80' lang='lat' dir='ltr'><strong>pag.</strong></span> <span class='ocrx_word' id='word_1_853' title='bbox 3431 5737 3479 5797; x_wconf 73' lang='grc' dir='ltr'><strong>θ’</strong></span> 
     </span>
    </p>
   </div>
  </div>
