3990 6072
556 289 661 346 H7

1839 276 2294 339 DISSEBTATIO
2335 274 2614 332 PRIEVIA

3740 272 3856 328 HR

555 415 603 460 et
643 403 722 476 7).
755 401 920 459 Nobis
957 402 1237 458 enimvero
1285 399 1491 456 sufficit
1529 400 1746 459 illorum
1770 443 1785 467 ,
1844 397 1937 470 qui
2002 395 2139 451 mala
2171 396 2218 454 A
2244 389 2638 446 medicamento
2666 385 3011 462 (Dioscorid.,
3058 387 3148 441 lib.
3175 403 3248 452 tv,
3277 403 3395 461 cap.
3423 386 3548 453 146,
3578 395 3625 443 et
3653 387 3746 444 lib.
3769 403 3852 454 vr,

555 497 736 554 omnia
778 494 1088 554 christianis
1120 493 1442 562 attribuunt,
1491 493 1678 549 falsam
1725 492 2001 564 depulisse
2043 493 2142 548 ob-

557 590 954 646 trectationem.
987 587 1127 656 Quid
1165 597 1378 656 autem,
1419 587 1465 644 si
1507 603 1572 644 ex
1607 588 2002 644 elementorum
2032 589 2144 660 agi-

556 684 796 750 tatione,
849 682 1090 739 siderum
1143 683 1379 738 motibus
1422 723 1438 748 ,
1490 691 1653 751 atque
1696 681 1941 737 materiae
1988 681 2142 746 fece,

557 779 974 836 nocentissimos
1002 779 1395 852 pcstiferosque
1423 793 1688 847 vapores,
1731 787 1791 833 ut
1825 776 1994 833 'docet
2029 775 2144 832 Se—

557 888 687 929 neca
709 913 724 938 ,
754 872 1073 941 exhalante,
1127 871 1405 928 oriantur?
1435 869 1642 944 (Senec.
1662 911 1678 937 ,
1707 869 1797 924 lib.
1846 883 1917 927 vn
1948 867 2140 923 Nalur.

555 979 760 1042 quaest,
792 984 912 1041 pag.
946 965 1102 1037 465.)

629 1061 897 1116 Prtetcrea
947 1075 1068 1131 quae
1123 1057 1472 1122 hominibus,
1531 1057 1711 1113 omnia
1758 1057 2146 1113 commoditate

556 1170 654 1211 sua
694 1153 1072 1224 metientibus},
1123 1155 1262 1209 mala
1292 1153 1562 1215 videntur,
1587 1167 1781 1223 reapse
1811 1151 1912 1223 ipsi
1947 1151 2146 1206 mundo
2189 1217 2192 1220 ,

556 1249 698 1304 bona
746 1259 870 1304 sunt
900 1247 1117 1320 (Arnob.
1142 1291 1158 1316 ,
1188 1245 1364 1320 ibid.).
1399 1246 1610 1302 Diluvia
1634 1245 1899 1318 siquidem
1929 1245 2145 1300 mundi-

557 1355 664 1414 que
693 1339 1148 1411 conﬂagrationes
1176 1355 1206 1395 a
1239 1339 1467 1394 Platone
1493 1354 1601 1394 non
1631 1338 1818 1395 mundi
1848 1337 2143 1410 pernicies,

556 1434 652 1490 sed
675 1474 691 1498 ,
719 1434 859 1490 sicut
888 1433 957 1490 ab
981 1432 1216 1505 Origene
1236 1475 1250 1499 ,
1279 1443 1334 1489 et
1357 1448 1387 1487 a
1414 1432 1570 1488 nobis
1597 1433 1725 1487 alibi
1758 1431 2108 1488 observatum
2129 1473 2144 1499 ,

558 1527 800 1599 ejusdem
826 1526 1010 1584 mundi
1031 1526 1276 1599 purgatio
1297 1535 1592 1583 censentur
1622 1523 1897 1597 (Plato,iu
1927 1524 2140 1589 Timaeo,

558 1632 678 1676 tam.
704 1637 793 1689 ιιι,
828 1639 881 1692 p.
913 1619 1005 1686 22,
1025 1630 1070 1675 et
1101 1621 1192 1675 lib.
1217 1636 1273 1675 ιιι
1299 1621 1363 1674 de
1381 1619 1534 1692 Leg.,
1557 1628 1679 1674 tom.
1709 1635 1768 1686 ιι,
1802 1635 1922 1691 pag.
1954 1618 2080 1686 676,
2099 1629 2147 1674 et

556 1728 734 1784 δαιᾳά
786 1711 971 1784 0rig.,
1026 1712 1117 1767 lib.
1164 1727 1217 1767 tv
1257 1721 1421 1766 contr.
1468 1708 1640 1775 Cels.,
1689 1729 1809 1784 pag.
1843 1711 1986 1778 175;
2045 1711 2148 1768 Su-

2255 503 2372 556 cap.
2403 482 2517 555 33).
2547 481 2654 538 Cur
2683 490 2859 538 autem
2895 482 3374 552 venenatafcreata
3408 482 3548 546 sint,
3594 479 3721 538 alibi
3759 481 3851 536 vi-

2245 578 2519 635 debimus.

2319 672 2558 742 Denique
2582 669 2789 724 nullum
2806 709 2821 734 ,
2846 669 2922 723 ait
2949 666 3251 734 Arnobius,
3276 676 3482 722 naturae
3504 665 3688 722 vitium
3721 675 3838 732 est,

2245 770 2290 824 si
2337 765 2565 821 ovilibus
2614 773 2668 820 et
2702 763 2905 818 laniciis
2936 760 3221 818 insidietur
3271 760 3464 832 lupus,
3497 768 3552 816 et
3594 774 3830 831 serpens

2247 878 2432 920 morsu
2485 861 2760 916 hominem
2807 855 3019 914 occidat
3069 855 3328 928 (Arnob.,
3377 853 3462 909 lib.
3497 870 3552 921 ι,
3604 870 3728 926 pag.
3760 853 3846 925 8).

2245 956 2382 1013 Vide
2410 964 2586 1011 autem
2617 962 2795 1008 utrum
2837 950 2909 1006 ibi
2955 949 3046 1006 ille
3085 948 3153 1004 ad
3194 949 3294 1004 hos
3321 961 3428 1004 non
3456 945 3848 1003 collineaverit

2251 1049 2451 1121 Virgilii
2484 1062 2673 1104 versus
2707 1067 2721 1102 :

2341 1167 2411 1216 Ac
2437 1167 2590 1218 veluti
2611 1165 2757 1230 pleno
2780 1166 2922 1228 lupus
2937 1163 3194 1214 insidiatus
3216 1161 3354 1215 ovili.

2740 1245 2968 1315 (Virgil.,
2995 1246 3080 1300 lib.
3104 1262 3150 1298 vn
3170 1244 3381 1308 Αίηεὶά..
3405 1257 3514 1296 vers
3551 1243 3656 1308 59).

2249 1356 2319 1412 Et
2341 1355 2446 1412 alio
2476 1357 2529 1412 in
2558 1353 2698 1411 libro
2728 1374 2740 1410 :

2968 1468 3024 1518 Si
3049 1469 3137 1518 tibi
3161 1466 3389 1516 lauicium
3412 1476 3564 1514 curae.

2899 1529 3024 1595 (Lib.
3051 1545 3100 1581 ιιι
3126 1529 3321 1595 Georg,
3349 1541 3475 1578 vers.
3499 1526 3635 1589 584.)

2251 1641 2491 1712 Simplici
2514 1640 2778 1712 siquidem
2798 1639 2980 1695 lanicii
2997 1638 3216 1694 nomine
3234 1646 3460 1708 uterque
3475 1651 3628 1703 oves,
3644 1649 3843 1707 agnos,

2252 1747 2612 1804 vervecesque
2633 1731 3068 1801 comprehendit.
3098 1730 3330 1802 Superbi
3350 1743 3513 1800 porro
3534 1737 3589 1785 et
3610 1729 3838 1784 nimium

557 1823 649 1878 per
692 1805 951 1861 dissertat.
993 1806 1048 1860 in
1091 1804 1506 1873 Miuuc.0ctav.,
1538 1821 1655 1876 cap.
1685 1821 1740 1873 ι,
1771 1813 1870 1860 art.
1897 1806 1977 1877 4).
2007 1804 2147 1871 Quid

2257 1826 2553 1898 arrogantis
2611 1824 2844 1881 hominis
2892 1822 3165 1881 Arnobius
3227 1837 3348 1880 esse
3397 1831 3676 1878 asseverat
3727 1821 3845 1878 Deo

558 1913 712 1966 vero,
739 1897 883 1970 quod
913 1906 1245 1970 temperatus
1270 1898 1404 1954 solis
1429 1897 1613 1964 ardor,
1641 1909 1698 1953 ut
1728 1899 1804 1954 ait
1841 1897 2142 1966 Arnobius,

559 1991 747 2048 multis
802 1991 1057 2063 prodest,
1103 2007 1264 2064 quem
1291 1992 1489 2064 aliquis
1516 2002 1697 2049 tamen
1739 1993 2144 2064 voluptuarius,

556 2099 624 2141 eo
650 2087 844 2142 torreri
870 2085 1098 2155 solitus,
1131 2087 1294 2142 nimis
1325 2086 1698 2155 moderatum,
1741 2097 1833 2143 aut
1861 2088 1963 2144 sibi
1994 2089 2147 2161 peni-

556 2188 644 2234 tus
696 2179 936 2236 ablatum
982 2179 1354 2250 conqueritur.
1406 2178 1482 2236 lbi
1512 2190 1692 2237 autem
1741 2180 1811 2236 od
1856 2181 2008 2238 illum
2046 2182 2149 2236 Ar-

557 2272 751 2329 nobius
809 2272 999 2330 alludit
1053 2288 1299 2341 morem,
1361 2288 1469 2345 quo
1519 2272 1646 2329 olim
1706 2273 1899 2328 molles
1943 2257 2149 2330 ethnici

555 2375 682 2422 ante
711 2365 890 2422 cibum
916 2365 1200 2436 exerceri,
1232 2381 1295 2421 ac
1319 2375 1505 2438 postea
1531 2365 1598 2421 ad
1630 2365 1800 2422 solem
1821 2365 1909 2421 vel
1941 2365 2145 2438 ignem,

555 2460 643 2518 vel
673 2459 928 2518 balneum
973 2461 1096 2533 ungi
1121 2468 1533 2516 consueverant.
1570 2459 1720 2518 Unde
1744 2459 1962 2517 Persius
1997 2478 2010 2515 :

835 2575 1044 2628 Assidue
1065 2580 1234 2628 curata
1255 2574 1464 2627 cuticula
1485 2574 1608 2627 sole.

533 2668 538 2674 ’
625 2683 694 2742 Ει
725 2683 888 2756 paulo
920 2692 1041 2754 post
1075 2703 1090 2740 :

647 2799 710 2849 At
731 2800 776 2849 si
798 2802 978 2849 unctus
998 2810 1170 2862 cesses
1193 2803 1247 2848 et
1268 2797 1392 2862 ﬁgas
1407 2801 1465 2862 in
1487 2803 1604 2849 cute
1626 2797 1804 2849 solem.

1116 2859 1468 2926 (Pers.,'satir.
1493 2862 1544 2926 4,
1569 2875 1694 2914 vers.
1721 2863 1780 2914 18
1795 2866 1840 2913 et
1857 2862 1962 2924 55.)

626 2965 902 3035 Juvenalis
933 2981 1067 3023 vero
1099 2984 1113 3021 :

647 3079 823 3144 ﬂustra
843 3081 982 3132 bibat
1001 3093 1209 3132 vernum
1231 3084 1480 3132 contracta
1501 3082 1711 3144 cuticula
1732 3081 1908 3144 solem,

645 3141 958 3208 Effugiatque
979 3146 1272 3208 toga_m,jam
1291 3157 1422 3203 nunc
1441 3147 1494 3195 in
1511 3143 1706 3207 balnea,
1733 3147 1869 3196 salva

649 3204 852 3270 Fronte,
869 3204 993 3258 licet
1016 3204 1177 3261 vadas.

1242 3268 1465 3330 (lavem,
1484 3270 1622 3322 satir.
1649 3272 1727 3331 12,
1753 3269 1806 3320 in
1849 3269 1964 3336 ﬁn.)

556 3373 654 3430 His
683 3373 867 3444 itaque
895 3371 1029 3429 solis
1052 3374 1219 3431 ardor
1239 3383 1403 3431 tanta:
1429 3376 1693 3448 voluptati
1718 3384 1835 3431 erat
1855 3417 1869 3442 ,
1889 3382 2148 3447 quantum

553 3466 644 3523 alii
672 3480 796 3522 cum
823 3465 926 3522 sibi
953 3467 1250 3523 obnoxium
1279 3469 1682 3524 existimabant.

626 3561 807 3634 Pergit
835 3561 1111 3618 Arnobius
1142 3562 1299 3618 nobis
1319 3579 1427 3620 non
1454 3578 1577 3620 esse
1606 3573 1944 3635 compertum
1967 3574 2147 3620 utrum

552 3653 902 3726 pestilentiae,
931 3654 1141 3720 morbi,
1177 3654 1375 3721 fames,
1409 3666 1464 3711 et
1490 3656 1610 3710 aliae
1633 3657 1901 3727 ejusmodi
1927 3658 2149 3713 calami-

554 3761 696 3808 tates
719 3767 825 3807 non
856 3750 979 3806 ideo
1017 3751 1418 3818 interveniant;
1465 3761 1525 3806 ιιι
1578 3766 1699 3822 qua:
1746 3753 1798 3806 in
1838 3752 2040 3809 mundo
2069 3754 2150 3809 vi-

555 3843 756 3900 dentur
801 3843 1142 3911 redundare,
1172 3861 1238 3901 ex
1281 3859 1348 3900 eo
1377 3844 1636 3900 tollantur
1664 3845 1915 3916 (Arnob.,
1947 3846 2036 3901 lib.
2093 3864 2146 3914 ι,

553 3955 674 4011 pag.
707 3938 785 4010 8).
827 3937 1194 3994 Tertullianus
1215 3938 1478 4010 siquidem
1507 3938 1650 3993 haud
1678 3937 1990 3995 dubitanter
2014 3941 2150 3998 scri-

553 4031 634 4086 bit
684 4048 698 4085 :
763 4050 783 4082 ‹
849 4030 1058 4086 Revera
1098 4030 1252 4096 lues,
1285 4038 1341 4086 et
1379 4027 1553 4086 fames
1578 4072 1592 4095 ,
1633 4038 1688 4085 et
1723 4029 1900 4099 bella,
1949 4039 2008 4086 et
2048 4046 2148 4086 vo-

553 4123 770 4196 ragines
808 4123 1085 4178 civitatum
1110 4164 1125 4187 ,
1167 4137 1267 4193 pro
1319 4122 1564 4178 remedio
1613 4121 1960 4192 deputanda,
2007 4131 2148 4178 tam-

554 4231 716 4287 quam
759 4225 981 4270 tonsura
1018 4214 1368 4270 inolescentis
1401 4215 1620 4286 generis
1661 4213 1881 4270 humani
1915 4233 1936 4267 »
1989 4214 2145 4288 (Ter-

555 4309 786 4375 tullian.,
819 4310 910 4364 lib.
939 4309 1003 4364 de
1040 4310 1241 4378 Anim,
1271 4327 1389 4380 cap.
1421 4310 1534 4381 30).

629 4401 793 4456 Addit
816 4410 1008 4458 auctor
1033 4409 1219 4457 noster
1247 4402 1518 4456 immerito
1558 4403 1807 4457 concludi
1853 4413 2144 4471 veratrum,

556 4496 611 4552 id
632 4507 748 4565 est,
780 4504 839 4550 ut
857 4497 934 4551 ait
970 4495 1176 4551 Plinius
1196 4538 1211 4562 ,
1243 4495 1546 4552 elleborum
1579 4495 1703 4552 ideo
1736 4498 1882 4552 nasci
1912 4513 2021 4552 non
2051 4497 2146 4554 de.

558 4588 743 4645 buisse
762 4589 886 4655 quia
919 4587 1226 4643 hominibus
1252 4603 1583 4644 venenosum
1603 4596 1684 4643 est
1700 4588 1915 4659 (Arnob.
1938 4631 1954 4656 ,
1977 4589 2066 4644 tib.
2091 4573 2142 4656 ι,

556 4703 612 4758 p.
632 4685 697 4750 8;
735 4682 880 4738 Plin.
905 4725 920 4748 ,
953 4682 1043 4738 lib.
1074 4700 1176 4738 xxv
1213 4681 1354 4739 Hist.
1379 4695 1553 4739 natur.
1576 4729 1592 4750 ,
1627 4700 1745 4752 cap.
1767 4683 1819 4750 5,
1848 4699 1968 4754 pag.
1988 4683 2139 4755 591).

559 4780 776 4836 Homini
800 4779 999 4850 quippe
1015 4779 1062 4834 si
1092 4779 1392 4834 veneficum
1425 4780 1529 4844 sit,
1552 4780 1733 4851 capris
1759 4789 1813 4834 et
1852 4780 2149 4836 coturnici-

559 4875 658 4931 bus
678 4918 692 4942 ,
729 4883 788 4929 ut
815 4873 965 4930 canit
989 4874 1274 4930 Lucretius
1295 4916 1311 4942 ,
1338 4874 1560 4946 prodest
1589 4892 1603 4927 :

651 4990 905 5041 Praeterea
929 4991 1069 5040 nobis
1087 4998 1336 5041 veratrum
1361 4997 1439 5040 est
1460 5004 1574 5040 acre
1600 5002 1848 5041 venenum
1875 5008 1884 5042 :

653 5054 716 5102 At
738 5056 896 5117 capris
917 5055 1091 5117 adipes
1115 5062 1169 5105 et
1189 5055 1524 5104 ooturnicibus
1546 5061 1714 5116 auget.

1180 5135 1419 5198 (Lucret,
1439 5133 1524 5187 lib.
1551 5153 1616 5198 tv,
1638 5136 1772 5188 circa
1810 5137 1967 5201 med.)

559 5263 844 5320 Rationem
881 5264 928 5318 si
966 5280 1210 5336 quasras,
1244 5265 1384 5321 hanc
1424 5265 1613 5322 reddet
1640 5267 1735 5322 tibi
1780 5267 2102 5324 Ambrosius
2134 5288 2148 5324 :

567 5380 584 5410 ι
627 5357 973 5414 llelleborum
1019 5361 1176 5430 periti
1211 5360 1504 5431 loquuntur
1543 5375 1720 5415 escam
1761 5375 1917 5429 esse,
1958 5370 2013 5416 et
2050 5361 2154 5416 ali-

562 5452 795 5506 moniam
858 5455 1228 5519 coturnicum,
1288 5468 1355 5508 eo
1411 5452 1554 5524 quod
1627 5453 1857 5508 naturali
1912 5453 2148 5524 quodam

561 5556 992 5616 temperamento
1043 5549 1123 5600 sui
1167 5547 1410 5617 corporis
1453 5545 1560 5601 vim
1594 5546 1772 5618 pabuli
1823 5547 1996 5600 noctis
2033 5547 2148 5601 evi-

559 5651 677 5698 tent
725 5661 743 5694 ι
812 5640 1111 5714 (Ambros.,
1172 5641 1264 5694 lib.
1325 5657 1425 5696 ιιι.
1466 5639 1640 5706 liena,
1699 5657 1818 5711 cap.
1851 5639 1920 5706 9,
1970 5639 1997 5711 §
2041 5640 2147 5703 59,

559 5752 679 5805 pag.
707 5733 822 5805 48).
860 5732 1202 5789 Dioscorides
1229 5747 1394 5801 vero,
1445 5733 1698 5804 illiusque
1742 5733 2010 5803 interpres
2044 5731 2150 5786 Ma-

560 5826 761 5883 thiolus
801 5827 998 5884 docent
1027 5827 1327 5889 elleborum
1363 5827 1544 5883 album
1576 5827 1759 5885 multis
1795 5826 2000 5885 morbis
2029 5839 2152 5884 esse

2250 1935 2367 1977 eam
2399 1918 2540 1975 ferre
2569 1918 2967 1985 conditionem,
3000 1927 3060 1975 ut
3103 1916 3248 1990 quod
3300 1917 3589 1989 unicuique
3631 1916 3844 1989 placet,

2257 2013 2310 2070 id
2338 2013 2594 2069 continuo
2619 2011 2798 2068 facere
2823 2011 3042 2069 debeat.

2322 2103 2428 2160 Sed
2469 2113 2816 2159 contumaces
2839 2101 3069 2166 ethnici,
3101 2101 3238 2158 nihil
3265 2101 3440 2158 adhuc
3467 2101 3839 2166 remittentes,

2251 2195 2526 2251 instabant
2568 2210 2674 2250 non
2715 2195 2889 2251 solum
2933 2202 3088 2263 ante,
3120 2194 3216 2252 sed
3266 2204 3388 2266 post
3438 2193 3842 2251 disseminatam

2249 2289 2596 2347 christianam
2650 2289 3000 2361 religionem,
3062 2303 3125 2345 ac
3190 2297 3413 2361 propter
3476 2287 3841 2354 christianos,

2250 2397 2374 2438 cum
2412 2382 2534 2438 aliis
2582 2382 2870 2453 permistos
2895 2423 2911 2448 ,
2954 2380 3094 2435 bella
3126 2379 3418 2437 infeliciter
3462 2389 3648 2452 gesta,
3683 2394 3842 2447 agros

2250 2475 2536 2532 sterilitate
2579 2474 2852 2540 incultos,
2907 2480 3072 2542 atque
3123 2482 3345 2530 enectos
3384 2471 3526 2528 fame
3573 2471 3844 2528 homines.

2250 2568 2450 2624 Verum
2500 2576 2605 2622 tam
2663 2567 2786 2622 leve
2837 2565 3062 2621 rationis
3121 2573 3452 2621 momentum
3492 2563 3562 2619 ab
3608 2563 3843 2619 Arnohio

2251 2660 2412 2717 facile
2431 2657 2894 2715 destruitur.Nam
2914 2667 2970 2712 ut
2989 2657 3126 2712 scite
3146 2656 3238 2712 illc
3258 2656 3456 2726 arguit,
3477 2655 3523 2711 si
3538 2654 3846 2721 Alemanni,

2251 2751 2320 2806 de
2351 2753 2546 2822 quibus
2573 2750 2842 2806 Eusebius
2871 2757 2927 2806 et
2970 2750 3096 2815 alii,
3153 2757 3373 2820 propter
3411 2746 3720 2804 habitantes
3759 2761 3844 2802 sc-

2250 2860 2371 2902 cum
2420 2844 2781 2910 christianos,
2829 2858 2860 2898 a
2914 2843 3173 2899 Romanis
3221 2842 3349 2900 victi
3387 2852 3547 2909 sunt,
3598 2842 3841 2898 eamdem

2251 2935 2494 3008 profecm
2515 2936 2585 2991 ob
2617 2936 2881 2992 rationem
2903 2933 3119 3004 ipsimet
3136 2933 3364 2990 Romani
3390 2949 3510 2990 cum
3532 2933 3841 2990 christianis

2251 3029 2531 3102 permisti,
2561 3029 2701 3084 vinci
2745 3027 3053 3084 debuerunt
3101 3026 3358 3098 (Arnob.,
3389 3027 3480 3082 lib.
3527 3041 3581 3091 ι,
3635 3041 3760 3098 pag.
3808 3024 3842 3083 9

2250 3132 2296 3177 et
2338 3139 2518 3193 seqq.;
2553 3121 2738 3175 Euseb.
2763 3162 2777 3182 ,
2807 3121 2860 3174 in
2891 3119 3083 3175 Chron.
3104 3159 3120 3182 ,
3150 3120 3219 3174 ad
3244 3136 3370 3174 amt.
3399 3119 3538 3175 1277
3571 3128 3617 3174 et
3657 3120 3844 3184 1316).

2178 3249 2222 3311 Ο
2253 3213 2310 3270 Si
2342 3229 2522 3268 mures
2571 3222 2626 3268 et
2670 3212 2927 3276 locustae,
2976 3211 3161 3267 Asiam
3201 3226 3263 3266 ac
3301 3209 3514 3284 Syriam
3560 3211 3846 3282 aliquando

2254 3308 2610 3372 infestarunt,
2639 3321 2734 3360 cur
2770 3319 2877 3359 non
2906 3303 3222 3374 HiSpaniam
3247 3317 3466 3374 quoque
3496 3317 3561 3358 ac
3590 3302 3843 3366 Galliam.

2254 3399 2342 3455 ubi
2375 3399 2624 3454 similiter
2655 3399 2836 3468 plures
2859 3396 3126 3468 degebant
3151 3396 3466 3451 christiani?
3494 3395 3551 3451 Si
3581 3395 3758 3452 Getuli
3790 3409 3845 3452 et

2256 3493 2565 3565 Tangitani,
2598 3493 2689 3564 qui
2720 3493 2795 3547 uti
2825 3491 2983 3557 Mela,
3019 3489 3232 3557 Strabo,
3267 3489 3504 3555 Plinius,
3538 3488 3846 3556 Sallustius,

2252 3588 2451 3659 aliique
2475 3586 2799 3658 perhibent,
2832 3584 3029 3642 Africa:
3052 3585 3234 3657 p0puli
3263 3594 3452 3650 erant,
3484 3585 3729 3642 siccitate
3750 3628 3764 3653 ,
3793 3597 3846 3642 et

2252 3681 2502 3738 ariditate
2523 3723 2537 3748 ,
2568 3681 2653 3738 vel
2681 3680 2821 3736 fame
2841 3680 2930 3734 alii
2953 3681 3271 3751 gravissime
3297 3679 3540 3735 afflictati
3566 3691 3719 3748 sunt,
3749 3696 3843 3737 cur

2252 3774 2454 3842 Mauri,
2479 3785 2533 3830 et
2555 3773 2844 3836 Nomades,
2877 3781 2931 3829 et
2956 3773 3050 3828 alii
3075 3787 3418 3828 communem
3448 3787 3572 3828 cum
3597 3775 3843 3829 christia-

2253 3867 2338 3922 nis
2364 3867 2524 3921 vitam
2551 3873 2794 3936 agentes,
2826 3874 3172 3920 messuerunt
3194 3873 3411 3936 segetes
3441 3863 3842 3936 amplissimas?

2252 3959 2460 4016 Eodem
2485 3958 2802 4014 Ambrosius
2829 3967 3149 4028 argumento
3175 3957 3429 4028 gentilem
3457 3957 3840 4030 Symmachum

2251 4051 2439 4108 eadem
2489 4051 2848 4122 objectantem
2901 4049 3099 4106 refellit
3141 4049 3337 4121 (Mela,
3384 4050 3473 4106 lib.
3525 4067 3572 4116 t;
3623 4051 3842 4119 Strab.,

2255 4147 2347 4202 lib.
2396 4163 2509 4202 xvn
2565 4145 2790 4218 Geogr.,
2844 4161 2964 4217 pag.
2996 4144 3132 4210 899;
3193 4143 3367 4209 Plin.,
3411 4144 3500 4199 lib.
3543 4161 3610 4212 ιι,
3644 4162 3758 4217 cap.
3788 4149 3842 4211 9.,

2251 4259 2374 4314 pag.
2405 4241 2544 4309 627,
2577 4251 2623 4296 et
2653 4240 2741 4296 lib.
2777 4257 2903 4309 3m,
2933 4256 3052 4310 cap.
3089 4239 3186 4303 13,
3229 4257 3351 4310 pag.
3385 4239 3487 4304 15;
3533 4237 3738 4296 Salust.
3783 4242 3845 4293 de

2250 4335 2396 4391 Bello
2424 4336 2660 4408 Jugurt.,
2689 4335 2841 4405 longe
2885 4344 2996 4404 post
3025 4334 3140 4388 init.
3166 4350 3181 4398 ;
3214 4333 3450 4387 Ambros.
3478 4375 3492 4398 ,
3535 4333 3686 4405 epist.
3740 4334 3808 4390 18
3828 4375 3842 4398 ,

2250 4428 2278 4498 ξ
2309 4429 2374 4485 19
2405 4437 2452 4482 el
2477 4444 2614 4499 seqq.
2638 4471 2654 4495 ,
2684 4443 2805 4502 pag.
2852 4425 3013 4497 858).
3069 4435 3099 4481 ξιξ

2321 4520 2465 4576 Nihil
2513 4520 2695 4592 itaque
2734 4520 2947 4575 veritati
2990 4520 3162 4590 magis
3220 4520 3553 4575 contrarium
3585 4533 3649 4574 ac
3677 4534 3844 4590 repu-

2176 4651 2230 4711 D
2253 4629 2428 4688 gnans
2455 4613 2579 4684 fingi
2627 4622 2838 4685 poterat
2865 4612 3102 4668 absurda
3134 4612 3223 4667 illa
3271 4611 3622 4668 ethnicorum
3664 4612 3846 4668 crimi—

2255 4707 2512 4772 natione,
2562 4722 2662 4775 qua
2718 4705 2814 4759 has
2853 4704 3196 4760 calamitates
3243 4720 3273 4758 a
3324 4704 3428 4759 diis
3475 4703 3553 4759 ira
3598 4704 3650 4758 in
3707 4703 3848 4759 chri-

2254 4802 2459 4855 stianos
2498 4800 2732 4855 incensis
2759 4798 2933 4852 illatas
2957 4813 3228 4868 nunquam
3259 4812 3363 4852 non
3387 4795 3841 4853 vociferabantur.

2255 4892 2454 4948 Verum
2495 4893 2608 4948 lucc
2636 4890 2872 4946 Aruobio
2910 4891 3042 4946 satis
3091 4906 3197 4946 non
3244 4889 3498 4956 fuerunt,
3547 4906 3611 4946 ac
3641 4891 3842 4962 duplici

2258 4987 2434 5043 adhuc
2475 4996 2793 5058 argumento
2857 4985 3114 5040 insulsam
3163 4984 3301 5038 hanc
3345 4984 3713 5054 opinationem
3756 5001 3845 5040 re-

2255 5082 2391 5138 fellit
2429 5079 2681 5153 (Arnob.,
2718 5078 2806 5132 lib.
2840 5094 2890 5143 ι,
2922 5095 3042 5148 pag.
3078 5075 3160 5147 9).
3191 5077 3320 5130 Nam
3371 5077 3617 5147 quamvis
3651 5069 3844 5133 verum

2259 5185 2432 5238 esset,
2483 5171 2628 5244 quod
2683 5183 2893 5238 tamen,
2951 5172 3023 5225 uti
3075 5185 3200 5225 mox
3253 5169 3594 5236 videbimus,
3649 5170 3844 5227 falsum

2257 5283 2380 5324 esse
2406 5267 2718 5332 contendit,
2751 5266 2884 5322 deos
2927 5276 3149 5338 propter
3174 5278 3426 5334 acceptas
3457 5282 3486 5320 a
3535 5267 3847 5321 christianis

2257 5359 2480 5430 injurias
2533 5359 2612 5414 ira
2668 5358 3026 5423 inflammari,
3082 5357 3404 5429 iniquissimi
3453 5369 3601 5412 certe
3642 5359 3846 5421 forent,

2259 5453 2304 5508 si
2367 5451 2418 5506 in
2471 5466 2655 5506 earum
2695 5451 2954 5506 ultionem
2988 5465 3092 5506 non
3124 5451 3297 5506 solum
3346 5450 3708 5516 christianos,
3752 5451 3847 5505 sed

2256 5547 2417 5602 etiam
2449 5547 2696 5602 ethnicos
2716 5589 2729 5613 ,
2765 5546 2868 5600 hoc
2893 5556 2975 5602 est
2996 5589 3011 5610 ,
3059 5556 3117 5601 ut
3151 5545 3222 5600 illi
3252 5545 3633 5617 opinabantur,
3664 5554 3848 5600 sontes

2255 5649 2308 5693 ct
2338 5638 2580 5695 insontes
2606 5638 2715 5693 ullo
2741 5639 2946 5710 absque
2975 5638 3288 5694 discrimine
3314 5637 3558 5708 puniant.
3599 5637 3656 5692 Si
3701 5638 3846 5693 enim

2258 5731 2368 5785 vcri
2399 5715 2553 5786 erant
2578 5731 2650 5786 dii
2676 5775 2691 5798 ,
2729 5739 2980 5802 poterant
3021 5731 3205 5803 utique
3230 5729 3469 5785 cultores
3491 5742 3622 5784 suos
3661 5731 3845 5785 omni-

2258 5823 2357 5879 bus
2383 5825 2659 5880 cumulare
2691 5823 2846 5880 bouis
2869 5867 2883 5891 ,
2911 5840 2974 5879 ac
3013 5823 3160 5878 solos
3210 5819 3564 5885 christianos,
3608 5819 3713 5875 sibi
3764 5822 3846 5875 in-
