3990 6072
171 124 281 184 449

1450 119 1511 176 IN
1551 113 1927 185 ARNOBIUM,
1968 116 2121 176 CAP.
2161 117 2242 176 Vl.

3351 121 3454 180 150

172 242 389 303 fcnsos,
439 234 693 292 omnibus
736 233 1134 292 calamitatibus
1180 243 1234 293 et
1273 237 1506 293 miseriis
1536 254 1632 309 pro
1659 254 1768 294 me-
1796 243 1849 304 Α
1875 237 1981 291 lutn
2036 237 2260 306 publicis
2296 233 2728 302 calamitatibus,
2772 234 2868 291 sed
2919 235 2987 290 ab
3025 234 3259 292 ethnicis
3296 238 3458 296 etiam

173 329 282 384 rito
324 330 550 402 punire,
581 343 811 396 vexare,
846 344 1063 386 necare.
1094 327 1206 384 Non
1245 343 1376 400 ergo
1417 328 1485 383 ad
1520 345 1615 385 eos
1656 329 1770 400 ple-

174 419 404 476 ctendos
450 429 735 490 expectare
762 419 1030 475 debebant
1077 420 1247 474 multo
1302 419 1472 476 levius
1512 431 1566 476 et
1622 421 1771 475 infir-

171 516 316 570 mius
346 513 661 571 corutndem
713 514 995 584 gentilium
1045 513 1306 568 auxilium
1339 531 1351 568 :
1393 535 1410 568 ι
1439 515 1708 586 Numquid
1745 535 1764 568 ι

171 607 323 662 enim
362 627 380 660 ι
403 609 455 662 in
479 622 574 662 vos
605 627 624 660 ι
651 604 900 678 gentiles,
922 605 1488 678 aitArttobius(lbid.,
1513 625 1634 679 pag.
1653 608 1768 678 11),

176 718 195 751 ι
247 686 519 769 saeviunt,
564 709 623 755 ut
672 700 940 756 intestinis
997 699 1309 756 vulneribus
1375 701 1660 768 concitati,
1714 700 1770 755 in

169 795 427 852 ultionem
458 794 799 866 consurgatis
830 793 1066 848 illorum.
1093 793 1235 863 Ergo
1262 793 1494 849 humana
1537 792 1768 865 patroci-

167 889 257 942 nia
282 887 357 944 dii
395 898 671 961 quaerunt,
727 897 782 945 et
832 887 935 942 nisi
989 895 1168 943 vestra
1216 886 1420 944 fuerint
1467 889 1770 944 assertione

168 983 433 1052 protecti.
482 981 662 1038 idonei
725 996 834 1037 non
885 991 1014 1036 sunt
1068 981 1208 1051 ipsi,
1260 980 1350 1052 qui
1398 981 1757 1051 propulsare,

168 1076 467 1134 defendere
497 1092 624 1134 suas
671 1075 890 1133 valeant
927 1074 1305 1132 contumelias.
1357 1075 1496 1143 Quin
1524 1076 1689 1132 immo
1723 1075 1768 1132 si

172 1187 363 1228 verum
403 1182 488 1229 est
533 1170 725 1227 ardere
765 1171 890 1226 illos
917 1171 1030 1238 ira,
1059 1169 1352 1241 permittite
1378 1169 1484 1225 illis
1529 1178 1766 1241 potesta-

168 1273 276 1321 tem
321 1265 438 1331 sui,
470 1263 764 1320 defendant
792 1279 855 1321 se
891 1264 1029 1334 ipsi,
1060 1273 1222 1334 atque
1261 1263 1314 1319 in
1346 1262 1605 1319 ultionem
1650 1280 1768 1319 ma-

161 1357 383 1428 iestatis
436 1357 658 1415 offensa:
711 1356 995 1415 intestinas
1037 1365 1263 1413 exerant
1313 1355 1770 1428 experianturque

166 1451 418 1506 virtutes.
457 1469 476 1502 ι

242 1545 447 1602 Verum
503 1544 769 1602 Heraldus
803 1544 945 1601 hanc
993 1543 1514 1617 argumentationem
1556 1544 1768 1601 levissi-

1873 331 2196 397 excruciari,
2243 343 2296 386 et
2347 329 2575 384 interﬁci
2627 327 2943 399 patiebatur.
2999 328 3116 386 Non
3172 330 3314 386 enitn
3365 346 3460 386 ea-

1875 424 1995 480 dem
2023 433 2141 480 erat
2183 423 2600 478 christianorum
2639 435 2797 494 atque
2825 423 3107 495 gentilium
3147 424 3216 480 de
3261 424 3337 480 ira
3367 423 3462 481 Dei

1873 516 2077 588 opinio.
2132 516 2334 573 Deinde
2375 531 2506 572 vero
2535 515 2764 571 ethnicis
2813 517 2968 587 longe
3013 517 3258 590 dispares
3305 525 3463 574 erant

1871 608 2188 676 christiani,
2218 608 2306 679 qui
2338 608 2644 663 fatebantur
2671 607 2803 663 nihil
2842 609 2944 664 sibi
2991 609 3058 664 ad
3115 610 3254 666 hanc
3295 612 3460 668 vitam

1875 703 2194 774 promissum
2222 719 2235 758 ε
2272 722 2290 754 ι
2319 701 2460 757 Nihil
2481 702 2626 757 enim
2647 743 2661 770 ,
2687 722 2706 754 ι
2747 703 2918 773 inquit
2943 702 3214 759 Arnobius
3245 702 3358 776 (lib.
3389 720 3460 770 ιι,

1872 811 1993 866 pag.
2029 794 2154 868 98),
2206 813 2224 846 ‹
2265 805 2349 850 est
2379 794 2533 851 nobis
2573 794 2896 866 promissum
2935 794 3001 851 ad
3030 794 3170 853 hanc
3199 797 3362 852 vitam
3385 839 3400 864 ,
3437 815 3457 849 ι

1870 889 1965 945 sed
1993 889 2062 944 ad
2099 888 2370 956 futuram,
2416 906 2577 962 quam
2618 889 2830 946 beatam
2871 900 3241 962 expectamus.
3286 890 3462 964 Atque

1869 982 1994 1039 inde
2019 983 2290 1039 concludit
2323 1001 2336 1038 :
2373 1003 2391 1033 ‹
2428 983 2609 1056 Itaque
2648 985 2777 1051 ista,
2805 999 2964 1055 quam
2995 983 3173 1041 dicitis
3198 1027 3213 1054 ,
3263 998 3451 1057 persc-

1871 1076 2104 1134 cutionis
2125 1078 2422 1148 asperitas,
2467 1078 2716 1134 liberatio
2759 1087 2944 1134 nostra
2977 1087 3095 1144 est,
3139 1095 3246 1134 non
3279 1094 3464 1152 perse-

1869 1173 2050 1228 cutio:
2103 1187 2203 1227 nec
2248 1187 2461 1242 poenam
2514 1172 2728 1228 vexatio
2771 1171 2996 1239 inferet,
3041 1171 3137 1229 sed
3182 1171 3248 1228 ad
3290 1171 3462 1229 lucem

1870 1264 2132 1321 libertatis
2174 1263 2382 1321 educet.
2439 1283 2458 1316 ι
2507 1264 2708 1321 Eadem
2756 1281 2972 1338 quoque
3019 1276 3102 1322 est
3149 1263 3463 1322 Tertulliani

1869 1359 2191 1430 responsio,
2241 1367 2297 1413 ut
2361 1373 2461 1413 suo
2526 1358 2646 1414 loco
2711 1358 3056 1414 ostendemus
3110 1357 3362 1432 (Dissert.
3411 1358 3465 1413 in

1870 1447 2214 1520 Tertullian.,
2262 1468 2378 1522 cap.
2435 1450 2536 1518 16,
2586 1461 2688 1506 art.
2731 1451 2810 1522 5).
2841 1451 2986 1507 Nihil
3025 1467 3154 1524 ergo
3201 1451 3465 1508 adversus

1869 1544 2192 1602 christianos
2235 1545 2444 1616 objecta
2494 1544 2561 1601 ab
2602 1543 2832 1601 ethnicis
2884 1545 2960 1599 ira
3011 1544 3234 1600 deorum
3287 1544 3466 1602 facere

164 1652 310 1692 mam
339 1648 394 1694 et
423 1637 623 1693 nullius
653 1637 913 1694 momenti
939 1651 1063 1694 esse
1090 1646 1310 1706 censet,
1332 1638 1660 1710 omninoque
1688 1654 1766 1695 as-
1797 1649 1844 1709 Β
1871 1648 2104 1710 poterat.

160 1738 446 1802 peruatur.
489 1728 598 1786 Sed
625 1745 761 1800 qua,
795 1740 984 1801 putas,
1027 1731 1274 1788 ratione?
1319 1730 1452 1800 Quia
1494 1731 1636 1787 Deus
1678 1747 1764 1788 re-

163 1836 418 1892 servata,
448 1823 654 1896 ittquit,
687 1823 790 1880 sibi
819 1824 1038 1895 perjurii
1069 1839 1220 1895 paena
1245 1867 1261 1892 ,
1293 1824 1408 1879 vult
1435 1823 1764 1895 impietatem

162 1917 447 1973 hominum
474 1918 542 1974 ab
569 1918 811 1988 ipsismet
851 1917 1156 1974 hominibus
1196 1919 1396 1989 puniri.
1427 1918 1500 1974 At
1525 1919 1570 1974 si
1609 1919 1765 1990 plane

167 2013 392 2069 infirma
418 2054 432 2078 ,
462 2012 771 2084 nulliusque
798 2012 1054 2083 ponderis
1081 2013 1154 2068 sit
1183 2012 1299 2069 hzec
1328 2013 1725 2084 argumentatio
1745 2056 1760 2080 ,

162 2107 578 2180 redargueudus
608 2117 690 2163 est
721 2107 1057 2183 Qyprianus,
1106 2109 1197 2180 qui
1245 2107 1436 2164 eodem
1499 2109 1658 2180 plane
1710 2119 1766 2165 et

161 2198 366 2256 acriori
408 2199 571 2256 modo
598 2200 1001 2256 Demetrianum
1033 2201 1278 2272 aliosque
1324 2201 1554 2274 gentiles
1584 2203 1764 2257 insec-

175 2304 325 2349 tatur
354 2312 367 2347 :
403 2312 421 2346 ι
445 2294 499 2349 Si
527 2293 683 2364 quid,
724 2313 743 2346 ι
772 2293 846 2348 ait
867 2293 956 2348 ille
975 2337 990 2358 ,
1011 2312 1030 2344 ‹
1060 2293 1163 2349 diis
1194 2292 1300 2348 tuis
1328 2294 1564 2350 numinis
1593 2303 1648 2350 et
1670 2309 1766 2366 po-
1813 2331 1822 2342 ι

161 2389 380 2445 teStatis
414 2397 531 2454 est,
556 2388 657 2458 ipsi
700 2390 754 2444 in
798 2389 1058 2444 ultionem
1089 2404 1240 2444 suam
1272 2399 1527 2460 surgant,
1573 2388 1676 2460 ipsi
1705 2403 1766 2444 se

160 2501 260 2540 sua
280 2484 560 2555 majestate
581 2483 892 2540 defendant.
913 2485 1021 2539 Aut
1041 2482 1168 2554 quid
1189 2492 1447 2554 praestare
1460 2481 1764 2538 colentibus

164 2589 428 2649 possunt,
476 2577 566 2650 qui
616 2594 678 2635 se
727 2578 795 2634 de
841 2593 949 2634 non
995 2577 1306 2634 colentibus
1356 2577 1625 2634 vindicare
1656 2593 1764 2633 non

157 2670 433 2741 possunt?
459 2669 596 2726 Nam
625 2671 672 2726 si
703 2686 802 2738 eo,
847 2671 936 2741 qtti
964 2671 1286 2733 vindicatur,
1317 2671 1484 2742 pluris
1524 2682 1608 2728 est
1634 2671 1759 2737 ille,

161 2764 256 2833 qui
288 2762 554 2832 vindicat,
589 2774 644 2818 tu
676 2763 778 2819 diis
810 2763 912 2820 tuis
942 2765 1115 2834 major
1135 2779 1217 2821 es.
1244 2761 1300 2819 Si
1330 2772 1506 2818 autem
1537 2762 1601 2819 iis
1629 2779 1764 2834 quos

159 2857 341 2924 colis,
390 2857 564 2927 major
591 2873 680 2924 es,
713 2873 821 2913 non
851 2865 910 2912 tu
952 2857 1075 2915 illos
1124 2844 1340 2926 colet'e,
1373 2858 1468 2912 sed
1515 2859 1583 2914 ab
1631 2859 1763 2928 ipsis

161 2951 348 3023 potius
371 2949 476 3008 coli
502 2951 670 3008 debes
688 2961 744 3008 et
774 2951 986 3021 timeri,
1011 2961 1070 3007 ut
1097 2951 1370 3008 dominus.
1388 2952 1443 3009 Si
1466 2952 1588 3008 illos
1603 2952 1763 3010 laesos

1938 1755 2175 1826 Denique
2201 1764 2390 1812 auctor
2420 1764 2606 1813 noster
2641 1755 2816 1826 palam
2845 1765 3144 1827 aperteque
3171 1762 3455 1812 asseverat

1865 1848 2012 1904 dictu
2050 1849 2271 1904 omnino
2299 1865 2422 1906 esse
2451 1849 2747 1906 absurdum
2795 1851 2928 1907 deos
2953 1892 2968 1920 ,
3019 1852 3094 1907 uti
3135 1851 3300 1909 iidem
3345 1851 3465 1908 eth-

1865 1943 1969 1997 nici
1998 1942 2308 2013 garriebant
2329 1985 2344 2010 ,
2374 1959 2566 2000 revera
2591 1944 2750 2000 irasci
2775 1943 2991 2019 (Arnob.
3017 1987 3032 2011 ,
3061 1945 3150 1999 lib.
3184 1961 3234 2010 t,
3264 1962 3320 2013 p.
3344 1944 3460 2016 11).

1864 2035 2153 2093 lndecoros
2181 2038 2460 2095 enimvero
2491 2039 2832 2106 tribuebant,
2867 2040 2973 2096 diis
3013 2041 3126 2096 suis
3169 2041 3463 2098 iracundia:

1867 2139 2082 2197 motus,
2117 2131 2332 2202 iniquos
2359 2147 2424 2189 ac
2470 2132 2722 2189 belluinis
2753 2134 2912 2205 plane
2953 2135 3180 2191 similes.
3212 2135 3373 2208 Atqui
3415 2134 3464 2194 si

1865 2221 1937 2278 dii
1969 2223 2197 2280 fuissent
2237 2225 2377 2282 beati
2428 2234 2482 2282 et
2525 2227 2859 2284 immortales
2881 2269 2896 2295 ,
2940 2245 3047 2284 non
3078 2239 3329 2300 poterant
3353 2231 3463 2288 uti-

1866 2331 1972 2385 que
1997 2315 2082 2371 his
2109 2333 2331 2388 prorsus
2374 2318 2656 2390 culpandis
2699 2323 2796 2376 irze
2837 2321 3074 2377 motibus
3113 2323 3461 2380 inflammari.

1867 2410 1966 2478 Qui
1990 2411 2132 2466 enim
2166 2411 2474 2483 hujttsmodi
2503 2413 2785 2470 affectibus
2811 2416 3101 2486 agitantur,
3133 2417 3279 2474 leves
3305 2427 3460 2486 sunt,

1865 2518 1930 2559 ac
1967 2503 2126 2559 modo
2172 2505 2374 2576 qttieti,
2426 2505 2586 2562 modo
2635 2507 2793 2573 irati,
2838 2509 3037 2578 saepius
3094 2524 3225 2566 vero
3276 2510 3462 2582 injusti

1866 2596 2079 2666 quando
2121 2597 2258 2652 alios
2311 2597 2556 2654 insontes
2599 2599 2830 2668 lmdunt,
2884 2608 3123 2670 tuncque
3165 2601 3288 2657 aliis
3327 2618 3461 2659 son-

1869 2689 2009 2746 tibus
2052 2691 2214 2746 etiam
2263 2692 2594 2748 irascuntur.
2646 2693 2842 2749 Totum
2885 2709 3048 2764 porro
3093 2694 3253 2768 hujus
3298 2713 3460 2768 argu-

1868 2785 2212 2840 mentationis
2237 2787 2404 2842 robur
2430 2796 2486 2842 et
2515 2787 2723 2857 pondus
2749 2801 2859 2843 non
2901 2788 2954 2843 in
2983 2803 3052 2844 eo
3100 2790 3332 2858 positum
3379 2802 3464 2848 est

1866 2876 2010 2948 quod
2056 2877 2172 2948 ipse
2217 2878 2287 2933 de
2336 2878 2431 2934 Dei
2475 2879 2624 2946 veri,
2660 2879 2729 2935 de
2777 2895 2884 2952 quo
2937 2879 3074 2935 infra
3119 2881 3261 2954 (cap.
3317 2901 3459 2956 σαι..

1866 2979 1966 3025 art.
2009 2970 2064 3040 5)
2093 3011 2108 3034 ,
2153 2970 2248 3026 sed
2275 2971 2419 3043 quod
2449 2971 2652 3029 ethnici
2699 2971 2770 3028 de
2824 2972 3049 3029 deorum
3106 2990 3328 3032 suorum
3381 2979 3460 3035 ira

161 3046 308 3101 ultio
337 3055 510 3102 vestra
541 3045 820 3114 defendit,
872 3046 1144 3118 quomodo
1190 3055 1245 3102 et
1280 3045 1515 3112 clausos,
1546 3060 1613 3102 ne
1667 3060 1762 3116 pe-
1795 3042 1840 3106 C
1872 3042 2320 3134 ριιωάίοεδαηιωέ,

159 3148 354 3204 reant,
408 3138 572 3194 tutela
620 3139 876 3194 custodit.
927 3138 1131 3195 Pudeat
1197 3139 1342 3209 ipsos
1390 3139 1570 3195 colere
1632 3154 1768 3210 quos

168 3233 460 3300 defendis;
505 3233 701 3305 pttdeat
749 3233 970 3290 tutelam
1016 3233 1083 3289 de
1129 3233 1194 3289 iis
1241 3249 1500 3304 sperare,
1551 3248 1686 3304 quos
1711 3242 1766 3289 tu

156 3330 286 3398 ipse
319 3330 486 3384 tueris
536 3347 555 3380 ι
586 3327 854 3400 (Cyprium.
897 3327 965 3382 ad
1005 3327 1254 3395 Demetr.,
1285 3345 1406 3400 pag.
1449 3325 1600 3399 191).

262 3417 712 3476 Condemnandus
761 3429 846 3476 est
897 3436 1108 3492 quoque
1149 3420 1492 3489 Lactantius,
1540 3420 1765 3477 Arnobii

152 3512 465 3583 discipulus
489 3555 502 3578 ,
535 3513 628 3585 qui
653 3513 845 3570 eodem
871 3514 1034 3570 modo
1074 3514 1338 3586 arguebat
1363 3514 1558 3570 frustra
1588 3516 1763 3571 cthni-

149 3623 260 3663 cos
299 3622 330 3661 a
366 3605 608 3678 diisjsuis
649 3617 939 3678 expectare
963 3609 1218 3675 tutelam,
1245 3609 1339 3680 qui
1368 3609 1578 3680 seipsos
1621 3611 1761 3666 tueri

150 3715 271 3756 non
304 3699 505 3767 valent.
561 3698 626 3754 Et
668 3699 826 3770 paulo
875 3709 1039 3772 post:
1070 3701 1204 3756 Cum
1246 3701 1490 3768 ethnici,
1544 3702 1756 3774 inquit,

160 3812 181 3843 σ
223 3791 459 3862 puniunt
499 3790 867 3861 deprehensos
896 3792 950 3847 in
1005 3793 1324 3865 sacrilegio,
1367 3793 1468 3864 ipsi
1510 3794 1578 3850 de
1629 3794 1762 3850 deo-

153 3904 286 3946 rum
348 3903 566 3943 suorum
637 3895 904 3958 potestate
959 3885 1226 3942 diflidttnt.
1295 3886 1403 3943 Cur
1454 3889 1598 3943 enint
1653 3888 1759 3942 illis

151 3980 506 4054 potissimum
559 3995 665 4036 non
711 3981 1022 4051 relinquunt
1083 3980 1375 4037 ulciscendi
1404 3981 1485 4037 sui
1531 3983 1708 4037 locum
1736 4023 1752 4049 ,

152 4079 200 4132 si
241 4091 342 4132 eos
387 4089 546 4146 posse
585 4074 784 4146 aliquid
821 4075 1192 4130 arbitrantur?
1230 4094 1249 4126 ι
1286 4073 1492 4146 (Lact.,
1545 4075 1635 4130 lib.
1687 4076 1755 4140 4,

151 4189 288 4243 pag.
325 4168 427 4224 154
449 4178 494 4223 et
524 4168 670 4238 158.)
712 4167 978 4240 Numquid
1005 4183 1135 4239 ergo
1161 4167 1424 4224 lleraldus
1456 4167 1556 4222 hos
1594 4168 1757 4224 alios-

151 4281 270 4337 que
307 4262 651 4320 doctissintos
693 4261 950 4317 Ecclesiae
990 4261 1176 4316 Patres
1200 4303 1216 4328 ,
1264 4269 1425 4316 tanta:
1475 4261 1756 4332 imperitia:

152 4369 256 4415 aut
283 4358 536 4414 emacitatis
581 4357 880 4424 incusabit,
927 4366 988 4412 ut
1040 4357 1223 4427 quanti
1268 4355 1385 4412 haec
1413 4368 1756 4428 argumenta-

155 4453 239 4508 tio
273 4451 342 4507 sit
396 4449 684 4522 ponderis,
721 4465 826 4505 non
854 4449 1127 4506 viderint?
1167 4449 1434 4520 Numquid
1481 4466 1610 4505 vero
1660 4450 1759 4506 He-
1784 4443 1838 4504 D

153 4544 349 4602 raldus
375 4543 490 4616 ipse
520 4559 625 4599 non
668 4543 803 4599 vidit
854 4543 975 4599 illos
1026 4543 1425 4615 argumentari,
1467 4552 1524 4598 ut
1571 4545 1754 4610 aiunt,

152 4641 227 4696 ad
292 4639 602 4707 hominem,
648 4649 811 4711 atque
855 4655 919 4694 ex
970 4639 1084 4709 ipsa
1135 4638 1416 4710 gentilium
1465 4637 1756 4709 opinione,

153 4749 270 4805 qua
316 4734 585 4790 docebant
620 4733 752 4790 deos
790 4747 917 4788 suos
949 4732 1059 4796 ira,
1107 4747 1226 4802 qua:
1262 4745 1321 4785 se
1360 4729 1654 4790 ulciscendi
1697 4731 1760 4787 li-

154 4829 292 4885 bido
340 4837 458 4896 est,
484 4829 535 4883 in
567 4827 893 4884 christianos
932 4825 1012 4881 sic
1052 4839 1239 4880 revera
1269 4823 1526 4888 accendi,
1560 4834 1616 4878 ut
1664 4840 1758 4881 eo-

150 4938 283 4978 rum
316 4935 480 4977 causa
533 4920 781 4976 maximis
830 4919 1222 4974 calamitatibus
1264 4927 1320 4974 et
1353 4933 1479 4984 eos,
1512 4929 1566 4973 et
1591 4920 1758 4988 ipsosv

152 5025 276 5071 met
317 5013 547 5085 gentiles
596 5012 754 5069 simul
808 5010 1150 5083 affligerent?
1199 5009 1390 5066 Nonne
1441 5009 1568 5066 inde
1612 5019 1758 5066 recte

155 5107 440 5164 concludit
489 5106 754 5162 Arnobius
792 5105 959 5169 deos,
993 5103 1034 5158 si
1064 5103 1132 5159 ita
1171 5103 1291 5158 irati
1323 5104 1464 5168 sint,
1505 5102 1759 5159 debuisse

162 5201 277 5256 hoc
302 5201 551 5256 maxima:
589 5197 880 5255 iracundiae
920 5197 1120 5268 impetu
1147 5212 1336 5268 pennas
1361 5196 1430 5252 de
1455 5196 1582 5252 solis
1619 5195 1761 5251 chri-

155 5295 393 5362 stianis,
438 5308 532 5350 eos
559 5291 1004 5362 aspernantibus,
1035 5290 1214 5346 divina
1260 5306 1356 5346 sua
1396 5289 1628 5360 potentia
1667 5305 1759 5344 su-

154 5402 340 5452 mere,
373 5401 547 5456 neque
578 5401 698 5441 sese
741 5382 1035 5441 ulciscendi
1072 5382 1217 5439 vices
1247 5382 1473 5438 infirmis
1515 5381 1762 5438 commit-

158 5492 284 5538 tere
340 5477 680 5534 hominibus?

236 5575 354 5631 Nec
380 5573 623 5646 estquod
669 5574 789 5646 quis
830 5573 1051 5646 objiciat
1097 5571 1199 5629 hoc
1245 5580 1618 5644 argumentum
1664 5585 1760 5642 po-

157 5672 338 5729 tuisse
386 5668 680 5740 retorqueri
709 5668 763 5726 in
802 5667 1132 5727 christianos
1157 5707 1172 5736 ,
1203 5681 1337 5738 quos
1365 5666 1504 5722 Deus
1533 5681 1639 5722 non
1668 5679 1757 5721 so-

1937 3181 2277 3253 Quapropter
2295 3181 2383 3236 vix
2403 3198 2433 3236 a
2463 3197 2524 3237 se
2551 3183 2845 3254 impetrare
2888 3197 3050 3254 posse
3075 3184 3369 3258 significat,
3401 3197 3457 3244 ttt

1867 3275 2056 3332 credat
2083 3273 2225 3330 hanc
2249 3275 2418 3331 fuisse
2467 3275 2876 3346 prudentiorum
2916 3277 3256 3335 ethnicorum
3285 3279 3463 3336 homi-

1868 3386 1995 3426 num
2025 3371 2333 3440 opinionem
2363 3369 2512 3442 (ibid.
2545 3388 2600 3440 p.
2633 3370 2747 3443 15).
2773 3371 3023 3428 Putidum
3071 3373 3254 3446 itaque
3285 3377 3464 3447 potius

1865 3462 2139 3519 existimat
2158 3477 2282 3520 esse
2310 3461 2653 3519 mendacium
2680 3463 2750 3518 ab
2778 3462 3173 3536 haruspicibus,
3206 3467 3461 3537 fatidicis,

1864 3555 2070 3621 ariolis,
2102 3555 2314 3612 vatibus
2346 3566 2403 3611 et
2449 3555 2698 3612 fanaticis
2728 3555 2851 3613 ideo
2878 3558 3197 3626 confictum,
3228 3577 3298 3617 ne
3323 3571 3464 3618 tem-

1864 3653 1970 3723 plis
1995 3651 2108 3707 suis
2129 3653 2411 3722 sacrisque
2437 3650 2688 3715 desertis,
2722 3651 2891 3721 stipes
2915 3653 3248 3721 amitterent,
3275 3671 3410 3725 quas
3433 3670 3464 3710 a

1863 3744 2263 3801 consultoribus
2293 3744 2404 3800 suis
2431 3744 2517 3800 vel
2547 3743 2670 3800 aliis
2689 3759 2886 3815 cogere
2935 3747 3185 3803 solebant
3215 3747 3462 3821 (Arnob.,

1862 3837 1952 3894 lib.
1976 3853 2016 3902 t,
2044 3854 2164 3908 pag.
2198 3835 2311 3908 15).
2333 3837 2498 3892 Minui
2531 3836 2676 3892 enim
2705 3847 3010 3908 coeperant,
3037 3846 3094 3895 et
3137 3855 3168 3894 a
3215 3841 3467 3909 paucissi-

1861 3931 1966 3986 mis
1991 3929 2281 4000 gentilibus
2309 3928 2694 4000 erogabautur,
2727 3937 3012 3999 postquam
3059 3930 3112 3984 itt
3141 3931 3464 3988 immensum

1861 4024 2034 4081 crevit
2057 4023 2482 4080 christianorum
2498 4037 2775 4078 numerus.
2800 4021 2876 4078 De
2897 4021 3003 4077 hoc
3032 4033 3212 4078 autem
3229 4023 3466 4080 maximo

1859 4135 1960 4176 suo
1985 4119 2186 4174 damno
2215 4114 2690 4188 conquerebantur
2725 4115 2777 4170 in
2816 4114 3008 4186 primis
3033 4114 3282 4182 lenones,
3309 4115 3465 4173 sicuti

1860 4213 1937 4268 ait
1954 4211 2322 4270 Tertttllianus
2345 4209 2614 4280 (Tertull.,
2645 4209 2864 4280 Apolog.
2887 4224 3007 4280 cap.
3030 4206 3145 4280 43),
3174 4209 3464 4281 aquarioli,

1862 4303 2236 4376 perductores,
2291 4303 2494 4369 sicarii,
2549 4301 2851 4371 venenarii,
2903 4303 3067 4373 magi,
3126 4301 3463 4373 haruspices.

1861 4396 2037 4464 arioli,
2072 4394 2463 4462 mathematici,
2491 4393 2561 4450 de
2603 4393 2802 4467 quibus
2851 4409 2952 4450 suo
2999 4395 3122 4451 loco
3161 4395 3467 4467 disputabi-

1863 4507 2003 4548 mus.
2029 4491 2198 4547 Nemo
2225 4502 2404 4547 autem
2446 4489 2764 4546 diffitebitnr
2788 4488 3039 4545 ethnicos
3089 4491 3350 4558 majorem
3381 4489 3465 4545 his

1862 4568 2251 4656 posterioribus
2278 4584 2535 4641 habuisse
2583 4582 2767 4647 ﬁdem,
2798 4583 2887 4652 qui
2937 4581 3233 4652 praedicare
3261 4581 3459 4647 futura,

1862 4694 1953 4738 aut
1979 4697 2240 4752 responsa
2263 4680 2488 4735 deorum
2513 4693 2576 4734 se
2597 4678 2726 4733 dare
2741 4675 3084 4748 iactitabant.
3099 4674 3461 4743 Quamobrem

1860 4776 1966 4832 illis
2015 4777 2169 4832 lacile
2223 4773 2520 4830 credebant
2593 4770 2980 4828 mentientibus
3021 4767 3278 4825 mundum
3339 4766 3462 4826 ideo

1859 4869 2107 4924 maximis
2132 4866 2362 4938 opprimi
2389 4865 2802 4929 calamitatibus,
2830 4862 2953 4936 quia
2981 4861 3260 4919 christiani
3281 4863 3455 4930 novis,

1859 4960 2016 5016 sicuti
2071 4960 2443 5025 venditabant,
2493 4973 2606 5013 sua:
2656 4957 2934 5029 religionis
2987 4954 3460 5026 superstitionibus

1860 5055 1994 5110 iram
2016 5055 2426 5112 concitaverunt
2445 5051 2696 5108 deorum.

1934 5171 2103 5227 Porro
2124 5178 2305 5226 autem
2333 5169 2488 5236 satis,
2507 5170 2583 5224 uti
2615 5177 2887 5241 putamus,
2916 5179 2982 5220 ex
3014 5164 3276 5220 hactenus
3302 5162 3460 5220 dictis

1861 5263 2080 5318 cuilibet
2102 5260 2442 5316 manifestum
2472 5275 2594 5316 esse
2615 5259 2776 5314 debet
2805 5257 3090 5326 impudens
3117 5255 3250 5311 illud
3283 5256 3460 5312 ethni-

1863 5369 2049 5409 corum
2080 5353 2443 5419 mendacium,
2477 5361 2532 5407 et
2553 5350 2655 5405 alia
2686 5348 2754 5404 ab
2803 5348 2868 5402 iis
2911 5347 3171 5403 adversus
3203 5347 3459 5402 christia-

1863 5463 1985 5504 nam
2019 5446 2335 5517 religionem
2366 5443 2601 5513 objecta,
2632 5441 2700 5497 ab
2723 5439 2966 5498 Arnobio
2997 5439 3236 5495 funditus
3265 5439 3460 5505 everti,

1866 5553 1923 5600 et
1949 5541 2318 5598 invictissimis
2346 5537 2616 5594 rationum
2643 5535 2934 5592 momentis
2952 5530 3342 5603 ,demonstrari
3369 5545 3464 5604 so:

1867 5639 1972 5694 lam
2005 5635 2142 5692 hanc
2167 5631 2584 5690 christianorum
2613 5629 2933 5702 religionem
2968 5637 3098 5682 esse
3116 5635 3324 5682 veram.
3341 5621 3474 5690 Quae
