3990 6072
551 205 647 276 431

1837 221 2294 283 DlSSERTATlO
2331 226 2610 285 PRIEVIA

3730 208 3851 287 432

549 344 727 391 autem
756 333 897 392 illius
922 336 1264 400 documenta,
1293 347 1346 390 et
1368 339 1637 406 quomodo
1659 337 1812 394 abeo
1843 339 2057 408 tradita,
2081 353 2142 396 ac
2171 354 2220 413 Α
2248 359 2385 406 rum,
2425 353 2478 399 et
2520 345 2672 414 quasi
2721 356 2821 398 nos
2869 349 3090 412 cernat,
3141 344 3327 400 faciem
3375 344 3721 402 sublevamus
3775 346 3852 401 ad

551 441 881 500 propugnata
897 429 1112 496 fuerint,
1139 428 1248 498 jam
1272 417 1567 484 videamus.

1148 583 1374 640 CAPUT
1420 584 1528 640 Vll.

549 720 925 777 Examinanlur
961 732 1156 776 asserta
1191 723 1253 776 ab
1293 723 1514 776 Arnobio
1540 721 1833 777 christiana:
1880 721 2138 794 religionis

902 817 1201 872 documenta
1230 833 1290 870 ac
1317 818 1536 888 primum
1560 817 1622 872 de
1652 816 1777 873 Deo.

1073 965 1369 1005 ARTICULUS
1394 965 1602 1006 PRIIUS.

544 1091 732 1150 Quibus
755 1092 996 1139 rationum
1029 1091 1291 1138 momentis
1316 1089 1565 1138 Arnobius
1596 1088 1758 1138 Deum
1785 1089 2032 1139 exsistere
2052 1086 2142 1136 de-

604 1161 860 1208 monstret.
888 1154 1065 1216 quidvt-
1087 1155 1311 1202 statuerit
1334 1154 1399 1201 de
1418 1153 1550 1201 illius
1573 1161 1766 1210 natura,
1785 1159 1836 1200 et
1856 1165 2002 1213 quam
2025 1164 2140 1213 per-

604 1216 776 1278 Spicue
819 1229 928 1264 eam
972 1216 1113 1275 plane
1162 1218 1501 1277 incorporeum
1550 1229 1662 1264 esse
1707 1217 2033 1278 demonstret,
2087 1225 2143 1262 ac

602 1275 850 1388 ‘ijnnnerito
866 1279 1086 1341 quaedam
1104 1278 1211 1338 ejus
1228 1275 1486 1340 responsio
1504 1293 1530 1326 a
1553 1276 1842 1340 quibusdam
1868 1275 2143 1339 reprehen-

635 1350 762 1388 atur.

635 1350 762 1390 atur.

543 1487 548 1498 ι
614 1470 848 1524 Primum
884 1469 1234 1540 proculdubio
1267 1484 1330 1523 ac
1362 1469 1716 1538 praecipuum,
1751 1483 1856 1537 quo
1889 1465 2142 1522 fundatur

542 1573 649 1617 tota
678 1562 1121 1629 Christianorum,
1173 1572 1227 1617 et
1272 1563 1550 1634 gentilium
1582 1562 1772 1630 religio
1812 1560 2136 1627 destruitttr,

539 1657 916 1712 documentum
967 1667 1087 1724 est,
1150 1673 1312 1711 unum
1373 1657 1647 1710 dumtaxat
1709 1655 2137 1724 omnipotentem

2241 437 2434 491 caelum
2467 455 2485 488 ι
2524 435 2763 504 (Arnob.,
2807 435 2897 492 lib.
2947 451 3007 499 ιι,
3057 453 3177 508 pag.
3206 439 3320 510 45).
3372 440 3542 506 Quatn
3576 455 3738 509 porro
3791 441 3852 496 id

2241 546 2426 584 verum
2454 529 2542 593 sit,
2577 541 2627 586 te
2658 530 2872 586 docebit
2895 531 3005 600 jam
3030 531 3228 586 citatus
3257 548 3284 584 a
3317 534 3471 587 nobis
3493 531 3709 602 Cicero,
3747 535 3855 606 qui

2241 625 2432 678 alicubi
2483 625 2699 694 scripsit
2732 642 2744 677 :
2780 643 2799 676 ι
2835 623 3034 680 Omnes
3078 640 3198 681 esse
3241 627 3348 681 vim
3381 637 3435 682 et
3464 635 3711 683 naturam
3756 628 3855 684 di-

2241 720 2419 773 vinam
2453 720 2804 774 arbitrantur.
2833 719 2943 775 Nec
2971 735 3101 775 vero
3129 719 3182 774 id
3209 722 3503 776 coll0cutio
3532 723 3850 790 hominum,

2241 823 2332 865 aut
2376 827 2674 867 consensus
2703 812 2886 877 efficit,
2921 828 3024 866 non
3062 811 3321 868 institutis
3365 814 3548 884 opinio
3593 824 3677 870 est
3711 830 3858 869 con-

2242 904 2480 968 firmata,
2535 923 2639 958 ttutt
2683 904 2914 972 legibus.
2946 904 3103 960 Omni
3129 916 3308 961 autent
3344 908 3394 960 in
3442 921 3502 962 re
3541 908 3851 963 causensio

2241 997 2482 1051 omnium
2535 999 2772 1066 gentium
2805 999 2886 1053 lex
2925 1007 3128 1053 natura:
3167 999 3402 1070 putanda
3447 1010 3530 1055 est
3569 1019 3588 1053 ι
3626 999 3853 1074 (Cicer.,

2244 1089 2371 1144 lib.t
2412 1089 2650 1157 Tuscul.,
2687 1108 2804 1162 pag.
2843 1090 2962 1156 “9,
3001 1093 3092 1145 lin.
3127 1093 3320 1160 penult.
3353 1105 3399 1148 et
3425 1110 3587 1165 seqq,
3635 1103 3679 1148 et
3727 1095 3860 1161 lib.,

2243 1201 2277 1239 ll
2305 1184 2366 1238 de
2388 1182 2590 1254 Legib.,
2622 1201 2741 1256 pag.
2772 1185 2896 1249 525,
2931 1184 3022 1238 lin.
3056 1184 3173 1256 2‘2).
3220 1185 3404 1255 Neque
3451 1186 3501 1240 id
3531 1187 3599 1241 ab
3641 1201 3706 1242 eo
3740 1189 3855 1242 im-

2243 1278 2538 1348 prudenter
2575 1278 2777 1332 dictutn
2824 1278 3122 1344 arbitreris,
3155 1279 3300 1350 quod
3333 1279 3400 1333 ab
3440 1279 3556 1348 ipso
3583 1279 3709 1335 alibi
3751 1296 3854 1335 re-

2244 1373 2468 1442 petitum
2494 1373 2756 1428 invenies.
2790 1372 3154 1440 Quamobrem
3181 1373 3452 1429 Arnobius
3473 1373 3671 1429 alicubi
3698 1373 3852 1430 haud

2243 1467 2552 1522 dubitanter
2580 1475 2858 1522 asseverat
2890 1481 3012 1520 eum
3045 1481 3166 1522 esse
3217 1478 3486 1522 amentem
3508 1510 3524 1534 ,
3568 1481 3631 1522 ac
3675 1469 3854 1524 stulte

2242 1561 2608 1632 deSperatum,
2637 1559 2727 1630 qui
2756 1560 2924 1614 Deum
2950 1561 3213 1615 exsistere
3238 1560 3471 1630 ambigat
3502 1577 3516 1614 :
3549 1559 3683 1615 satis
3711 1575 3850 1616 vero

2243 1671 2366 1711 esse
2409 1654 2632 1716 homini,
2667 1663 2721 1710 et
2746 1655 2790 1709 si
2822 1654 2924 1708 alia
2974 1655 3183 1724 ignoret
3224 1655 3376 1708 illum
3427 1669 3759 1725 agnoscere,
3790 1665 3854 1711 et

545 1749 712 1802 Deum
767 1751 1050 1804 exsistere.
1097 1751 1366 1805 Arnobius
1397 1760 1576 1805 autem
1632 1749 1684 1802 id
1734 1749 2139 1804 evidentissime
2170 1761 2216 1820 Β
2245 1752 2382 1806 hanc
2428 1767 2690 1806 summam
2743 1765 2864 1805 esse
2892 1750 3170 1806 scientiam
3207 1769 3218 1803 :
3258 1769 3276 1802 t
3321 1751 3502 1806 Rebus
3527 1794 3542 1817 ,
3585 1771 3604 1803 ι
3644 1751 3846 1822 inquit,

538 1843 871 1898 demonstrat
907 1860 971 1899 ex
1006 1846 1172 1913 ipsius
1197 1844 1478 1900 effectibus
1509 1844 1751 1911 (Arnob.,
1788 1843 1877 1900 lib.
1906 1861 1942 1907 ι,
1967 1861 2020 1914 ρ.
2049 1844 2136 1910 16,

539 1937 699 1989 etlib.
734 1953 791 2000 tt,
850 1955 971 2008 pag.
1019 1938 1131 2008 45),
1189 1939 1367 1992 innata
1419 1938 1625 1992 cunctis
1671 1937 1979 1992 hominibus
2023 1937 2140 2007 ejus

538 2031 677 2093 idea.
712 2041 765 2084 et
800 2032 1094 2101 agnitione,
1146 2048 1208 2086 ac
1258 2031 1444 2085 intima
1495 2031 1734 2085 omnium
1785 2031 2136 2086 conscientia.

535 2121 880 2192 Singulorum
909 2124 1051 2178 enim
1084 2125 1280 2178 animis
1319 2124 1456 2179 adeo
1487 2123 1666 2187 insita,
1701 2124 1786 2178 vel
1847 2124 2023 2194 potius
2054 2123 2138 2176 in-

536 2226 659 2270 nota
685 2224 769 2270 est
797 2231 858 2271 ea
890 2219 1058 2282 notio,
1092 2229 1147 2271 ut
1177 2217 1333 2271 facile
1366 2228 1662 2288 agnoscant
1689 2231 1748 2270 se
1796 2232 1825 2270 a
1868 2219 1976 2270 Deo
2010 2230 2140 2270 vero

535 2310 810 2378 accepisse
859 2325 966 2364 non
1014 2312 1187 2364 solum
1229 2310 1372 2380 quod
1423 2309 1530 2364 sint
1572 2309 1838 2374 homines,
1897 2307 2041 2378 quod
2073 2308 2141 2362 vi-

540 2418 704 2468 vant,
764 2407 1011 2475 spirent,
1067 2416 1405 2470 moveantur,
1456 2404 1549 2459 sed
1601 2405 1742 2474 quod
1792 2413 1932 2459 totus
1977 2403 2138 2459 etiam

538 2503 790 2567 mundus,
819 2503 924 2568 sol,
961 2501 1109 2565 luna,
1153 2502 1444 2564 elementa,
1481 2511 1646 2564 terra,
1679 2509 1983 2569 ca-teraque
2027 2514 2142 2553 om-

538 2599 624 2652 nia
652 2598 718 2652 ab
749 2599 838 2652 illo
865 2609 1047 2653 creata
1077 2598 1202 2661 sint,
1247 2597 1470 2668 ejuSquc
1506 2595 1841 2666 providentia
1889 2605 2140 2666 regantur

535 2700 587 2745 et
609 2693 1073 2746 administrentur.
1125 2691 1180 2745 In
1233 2692 1390 2760 hujus
1437 2707 1564 2745 vero
1596 2690 1895 2760 argumenti
1939 2688 2140 2744 ccttfir-

537 2787 829 2840 motionem
857 2785 992 2840 scite
1023 2786 1314 2856 sultjungit,
1354 2785 1456 2840 hoc
1501 2785 1630 2839 nulli
1659 2801 1725 2840 ex
1755 2783 2140 2840 commentitiis

533 2878 810 2947 gentilium
838 2877 939 2932 diis
969 2892 1125 2946 posse
1169 2879 1408 2932 attribui.
1435 2876 1570 2932 Nam
1612 2879 1787 2932 cuncti
1831 2878 1928 2932 hos
1950 2891 2138 2931 omnes

538 2973 693 3034 deos,
726 2972 881 3026 sicuti
909 2979 965 3026 et
989 2971 1245 3025 mundum
1269 2980 1421 3026 certo
1448 2969 1682 3041 quodam
1713 2976 1958 3042 tempere
1988 2978 2137 3024 ortos

534 3079 656 3119 esse
677 3064 1090 3134 profitebantur.

2250 1863 2267 1896 t
2306 1862 2372 1898 ex
2394 1843 2667 1908 omnibus,
2700 1860 2820 1914 qua:
2865 1851 3104 1913 angustat
3145 1843 3386 1898 continet
3411 1843 3707 1898 divinitatis
3739 1843 3850 1899 ob-

2243 1938 2491 2003 scuritas,
2536 1938 2708 1992 solum
2747 1939 2913 1992 Deum
2942 1952 3061 1993 esse
3103 1937 3452 1994 indubitalem
3478 1982 3491 2004 ,
3528 1939 3700 1992 Solum
3745 1953 3847 1993 ve-

2243 2047 2385 2096 rum,
2417 2039 2470 2086 et
2500 2031 2566 2086 de
2587 2047 2693 2101 quo
2725 2033 2904 2088 nullus
2937 2033 3212 2104 ambigere
3243 2033 3345 2089 nisi
3375 2045 3561 2088 amens
3591 2032 3762 2102 possit
3790 2041 3850 2087 et

2243 2123 2634 2195 desperationis
2682 2126 2904 2192 insanze,
2950 2143 3108 2204 quem
3151 2129 3280 2182 satis
3319 2128 3386 2182 sit
3418 2128 3592 2192 scire,
3623 2136 3679 2181 ut
3707 2125 3850 2182 nihil

2243 2219 2384 2272 aliud
2419 2219 2654 2283 noveris,
2688 2221 2870 2291 sisque
2912 2237 3093 2276 veram
3136 2232 3190 2276 et
3220 2223 3505 2277 maximam
3553 2221 3841 2278 scientiam

2242 2321 2584 2377 consecutus,
2599 2314 2650 2367 in
2672 2315 2779 2369 Deo
2794 2330 2974 2369 rerum
2991 2304 3165 2386 capite
3179 2326 3230 2370 et
3248 2315 3554 2386 cognitione
3585 2315 3795 2372 deﬁxus
3817 2335 3836 2369 ι

2243 2404 2345 2460 Sed
2375 2405 2490 2458 haec
2519 2406 2769 2473 superius
2798 2424 2824 2458 a
2860 2406 3017 2461 nobis
3048 2407 3304 2477 probata,
3343 2423 3482 2462 nunc
3518 2407 3684 2462 fusius
3710 2423 3844 2479 pro-

2241 2497 2391 2566 sequi
2421 2511 2642 2552 necesse
2672 2513 2777 2551 non
2824 2497 3035 2552 videtur
3077 2498 3316 2569 (Arnob.,
3367 2498 3454 2552 lib.
3488 2515 3545 2563 ιι,
3591 2517 3711 2570 pag.
3745 2500 3837 2566 86,

2242 2601 2365 2645 tam.
2401 2606 2414 2644 ι
2461 2589 2739 2660 Apparat.,
2784 2607 2904 2662 pag.
2934 2590 3073 2658 688,
3118 2601 3165 2646 et
3209 2592 3566 2659 dissertat.,in
3610 2593 3841 2663 Minuta,

2240 2698 2358 2754 cap.
2392 2684 2445 2749 ’5,
2472 2695 2572 2737 art.
2603 2685 2682 2753 5).

2312 2777 2379 2832 Αι
2411 2777 2560 2832 vides
2585 2789 2731 2833 certe
2751 2795 2910 2850 quam
2941 2779 3218 2851 perSpicue
3243 2781 3380 2836 Deus
3404 2781 3474 2837 ibi
3503 2780 3572 2836 ab
3594 2780 3840 2837 Arnobio

2238 2870 2447 2928 dicatur
2490 2889 2669 2928 rerum
2698 2874 2934 2929 omnium
2965 2881 3142 2944 caput,
3175 2875 3323 2930 solus
3355 2889 3510 2929 verus
3537 2872 3679 2929 Deus
3713 2874 3838 2947 (Ar-

2239 2965 2383 3032 ttob.,
2428 2965 2517 3022 lib.
2553 2984 2590 3034 t,
2634 2985 2754 3038 pag.
2790 2963 2903 3040 l3).
2938 2968 3079 3023 Alibi
3115 2984 3246 3024 vero
3294 2983 3399 3023 non
3430 2969 3604 3023 minus
3631 2969 3839 3023 diserte

2238 3061 2306 3115 ab
2346 3061 2438 3116 illo
2479 3062 2780 3132 appellatur
2823 3062 3121 3135 ingenitus,
3169 3063 3520 3130 immortalis,
3574 3071 3836 3131 aeternus,

606 3156 835 3211 Tantum
861 3171 1041 3211 autem
1073 3157 1124 3211 in
1155 3157 1255 3212 hac
1276 3157 1744 3227 argumentatione
1769 3155 2000 3221 roboris,
2026 3156 2132 3210 evi-
2164 3158 2208 3221 ρ
2242 3153 2609 3225 incorporeus,
2659 3157 2933 3228 qualitatis
2981 3167 3034 3212 et
3063 3159 3377 3228 quantitatis
3421 3172 3636 3228 expers,
3667 3158 3834 3213 incir-

533 3251 752 3316 dentite,
784 3259 840 3305 et
871 3251 1272 3322 perspicuitatis
1299 3266 1421 3305 esse
1447 3261 1664 3315 censet;
1725 3258 1783 3304 ut
1831 3250 2076 3328 quamvis
2101 3265 2130 3303 a

533 3346 747 3400 cunctis
766 3345 1072 3399 hominibus
1103 3346 1384 3413 ignoretur
1413 3346 1554 3414 quis,
1576 3344 1771 3414 qualis.
1792 3351 2132 3413 quantosque

531 3440 603 3493 sit
633 3438 808 3506 Deus;
854 3436 912 3493 in
959 3437 1179 3491 dubium
1228 3447 1431 3502 tamen,
1465 3453 1532 3490 an
1580 3437 1674 3491 ille
1719 3437 1810 3512 sit,
1855 3452 1882 3489 a
1918 3436 2132 3491 nemine

531 3547 678 3587 sanae
703 3537 900 3588 mentis
928 3531 1146 3586 homine
1169 3535 1350 3585 vocari
1367 3533 1552 3602 possit.
1579 3530 1696 3585 Jam
1727 3545 1877 3594 vero,
1902 3531 1957 3585 in
1973 3546 2131 3600 supe-

533 3628 660 3680 riori
695 3636 877 3680 nostra
906 3626 972 3680 de
1023 3627 1234 3680 Minucii
1266 3625 1463 3681 Felicis
1491 3625 1719 3680 Octavio
1749 3625 2131 3681 dissertatione

535 3719 675 3790 (cap.
708 3721 763 3783 ὅ,
795 3729 896 3774 art.
924 3720 1001 3790 5),
1026 3719 1363 3774 ostendimus
1385 3736 1492 3774 non
1517 3722 1682 3775 modo
1702 3720 1876 3788 illttttt,
1903 3720 1997 3776 setl
2021 3719 2129 3791 Cy-

531 3814 777 3881 prianum
830 3815 1013 3878 etiam,
1074 3811 1500 3876 Tertullianum,
1550 3813 1910 3877 Lactantium,
1965 3814 2131 3868 immo

527 3903 800 3960 ethnicum
845 3920 1058 3976 quotpte
1114 3904 1430 3961 Ciceronem
1493 3907 1681 3961 eadem
1738 3908 1948 3962 ratione
2015 3917 2124 3962 tam

527 4008 676 4054 certo
696 4041 712 4065 ,
745 4013 906 4069 quam
931 3998 1211 4054 evidenter
1235 4000 1640 4056 demonstrasse
1671 4017 1836 4056 unum
1869 4002 2132 4057 duntaxat

527 4107 648 4148 esse
670 4092 859 4157 Deum,
879 4091 1035 4162 cujus
1060 4092 1263 4147 infinita
1290 4103 1556 4162 potestate
1575 4095 1754 4148 omnia
1774 4106 1956 4150 creata
1981 4103 2126 4162 sunt,

528 4201 591 4240 ac
617 4186 952 4256 providentia
983 4186 1215 4240 mirabili
1246 4187 1632 4256 gubernantur.
1661 4190 1731 4242 At
1759 4189 1826 4244 de
1849 4187 2131 4243 Lactantio

527 4291 582 4336 et
607 4279 948 4336 Tertulliano
975 4282 1178 4352 aliquid
1211 4280 1388 4336 adhuc
1419 4281 1557 4337 infra
1604 4283 1914 4338 dicendum.
1946 4283 2128 4352 Praep-

531 4386 674 4431 terea
707 4375 978 4429 Arnobius
1017 4374 1212 4430 alicubi
1264 4375 1403 4430 haud
1433 4376 1748 4431 dubitanter
1795 4376 2125 4446 pronuntiat,

527 4467 668 4538 quod
699 4469 743 4522 si
785 4467 901 4522 fieri
947 4476 1147 4538 posset,
1182 4477 1238 4520 ut
1290 4469 1581 4522 animantia
1654 4468 1891 4538 ipsaeque
1937 4481 2130 4522 sensus

2236 3251 2596 3319 cumscriptns
2619 3291 2634 3316 ,
2667 3251 2986 3318 innuensus,
3030 3253 3145 3308 sine
3174 3251 3298 3316 situ,
3341 3263 3513 3320 motu,
3542 3264 3595 3309 et
3625 3253 3830 3319 habitu,

2236 3344 2473 3397 utnnium
2506 3359 2685 3398 rerum
2712 3345 2863 3401 locus
2890 3355 2944 3402 et
2973 3348 3226 3416 spatium,
3273 3347 3441 3418 prima
3481 3363 3664 3416 causa,
3713 3348 3831 3404 fons

2235 3453 2437 3503 rerum,
2467 3449 2614 3493 sator
2639 3441 2963 3496 saeculorum
2991 3457 3055 3497 ac
3089 3451 3410 3513 temporum,
3456 3455 3628 3514 pater,
3659 3443 3835 3498 domi—

2235 3546 2355 3591 nus,
2387 3541 2598 3585 creator
2627 3533 2890 3598 omnium,
2936 3543 2986 3588 et
3020 3534 3384 3604 omnipotens.
3433 3535 3521 3605 qui
3549 3534 3616 3590 ab
3659 3534 3830 3590 homi-

2233 3624 2391 3678 nibus
2422 3640 2521 3679 nec
2562 3625 2727 3680 videri
2756 3633 2929 3696 potest
2961 3643 3059 3682 nec
3086 3628 3341 3697 explicari
3375 3626 3562 3701 (lbid.,
3593 3645 3714 3699 pag.
3740 3628 3826 3695 17,

2237 3717 2332 3779 19;
2365 3719 2451 3771 lib.
2482 3733 2534 3782 ιι,
2569 3735 2690 3789 pag.
2719 3717 2811 3785 45,
2840 3719 2930 3786 67,
2953 3719 3044 3786 74,
3069 3719 3157 3785 75,
3183 3720 3279 3783 95;
3305 3720 3396 3775 lib.
3426 3736 3504 3786 ιιι,
3533 3736 3654 3791 pag.
3681 3718 3830 3790 lOl).

2233 3810 2362 3879 Quis
2405 3822 2620 3878 autem,
2678 3813 2832 3868 nobis
2878 3814 3209 3880 tacentibus,
3251 3815 3376 3869 inde
3431 3831 3538 3870 non
3588 3813 3830 3886 agnOscit

2233 3919 2389 3972 quam
2437 3913 2581 3958 recte
2607 3904 2698 3960 ille
2724 3905 2954 3961 divinam
2987 3907 3332 3976 explicaverit
3361 3917 3626 3972 naturam.
3657 3924 3828 3979 quan-

2233 4003 2393 4067 taque
2421 3998 2716 4069 diligentia,
2750 4008 2805 4055 et
2835 4012 3036 4070 quanto
3063 4000 3242 4056 studio
3265 4001 3440 4057 omnia
3466 4000 3600 4068 fere,
3632 4010 3689 4057 et
3717 4000 3825 4056 sin-

2231 4089 2353 4160 gula
2387 4090 2477 4144 Dei
2501 4091 2752 4144 attributa
2780 4092 3101 4147 recenseat?

2307 4185 2379 4239 De
2409 4184 2472 4239 iis
2505 4200 2664 4253 porro
2691 4186 2812 4255 quia
2840 4186 2968 4242 alibi
2996 4187 3134 4242 haud
3181 4187 3352 4244 semel
3407 4187 3825 4258 disputavimus,

2232 4275 2456 4331 sufﬁciat
2485 4279 2720 4332 animum
2751 4277 2818 4331 ad
2847 4278 2975 4334 illud
3007 4281 3231 4335 rationis
3271 4288 3602 4336 momentum
3637 4282 3826 4337 adver-

2233 4381 2366 4438 tere,
2417 4386 2523 4441 quo
2549 4371 2754 4426 Auctor
2799 4385 2984 4428 noster
3026 4374 3341 4429 catholicam
3393 4376 3459 4431 de
3509 4375 3826 4448 incorporea

2229 4463 2346 4519 sive
2382 4463 2644 4531 Spirituali
2686 4464 2781 4519 Dei
2813 4477 2999 4520 natura
3033 4469 3353 4522 sententiam
3394 4475 3572 4522 tuetur
3610 4483 3673 4524 ac
3701 4485 3824 4539 pro-

525 4572 775 4633 expertes
800 4573 1059 4617 creaturae
1108 4563 1392 4632 quemdam
1425 4563 1651 4619 ederent
1694 4564 1842 4616 vocis
1868 4563 2124 4628 sonitum,

2239 4564 2437 4627 pugnat
2465 4574 2476 4609 :
2514 4575 2532 4608 ι
2564 4556 2812 4619 Nostra,»
2838 4559 3007 4628 inquit
3032 4558 3274 4631 (Arnob.,
3306 4559 3393 4614 lib.
3422 4574 3500 4624 ιιι,
3528 4576 3648 4631 pag.
3678 4560 3822 4630 l07),

526 4665 638 4708 tum
670 4654 812 4710 illico
834 4657 1084 4725 magistra
1111 4671 1174 4708 ac
1199 4655 1336 4711 duce
1376 4665 1566 4709 natura
1607 4670 1774 4709 unum
1807 4654 1994 4719 Deum,
2041 4668 2130 4708 so-

524 4748 742 4819 lumque
770 4764 948 4803 rerum
991 4749 1229 4802 omnium
1281 4760 1582 4804 creatorem
1615 4749 1875 4803 exsistere
1928 4747 2129 4802 clama-

525 4850 647 4896 rent
680 4841 918 4913 (Arnob..
954 4843 1043 4895 lib.
1075 4857 1113 4908 ι,
1139 4858 1258 4912 pag.
1291 4842 1401 4910 l8).
1431 4841 1568 4909 Quin
1595 4842 1758 4897 etiam
1787 4840 1833 4895 si
1863 4839 2124 4895 Clementi

526 4935 890 4990 Alexandrino
934 4934 1243 5001 credamus,
1296 4933 1634 4988 Xenocrates
1663 4943 1717 4988 et
1763 4933 2122 4999 Democritus,

523 5029 974 5099 quemadmodum
1002 5028 1130 5082 alibi
1167 5042 1195 5081 a
1227 5028 1386 5083 nobis
1411 5028 1757 5082 observatum
1789 5036 1891 5093 est,
1925 5025 2124 5080 docue-

524 5131 651 5177 runt
674 5137 795 5176 esse
823 5123 1058 5194 aliquam
1087 5124 1140 5176 itt
1173 5121 1336 5175 mutis
1359 5121 1722 5175 animantibus
1753 5119 1846 5174 Dei
1877 5119 2122 5172 notitiam

523 5233 586 5272 ac
611 5217 973 5285 COgnitionem
1010 5216 1182 5282 (Tom.
1219 5232 1252 5271 ιι
1280 5215 1560 5287 Apparat.,
1593 5215 1683 5270 lib.
1715 5231 1791 5282 ιιι,
1831 5214 2033 5269 dissert.
2065 5213 2120 5281 2,

522 5325 639 5379 cap.
670 5308 724 5374 6,
753 5318 856 5362 art.
879 5309 930 5374 l,
962 5327 1083 5382 pag.
1110 5309 1262 5380 868).

595 5401 816 5456 (iunctis
845 5411 1024 5457 autem
1055 5403 1366 5458 hominibus
1395 5403 1505 5469 illa,
1531 5403 1914 5471 aitArnobius,
1944 5403 2016 5458 ita
2042 5402 2124 5457 iu-

524 5503 648 5550 nata
677 5507 782 5562 est,
817 5506 872 5550 ut
901 5510 1091 5552 omnes
1116 5498 1435 5553 naturaliter
1464 5498 1633 5554 Deum
1663 5497 1935 5565 invocent,
1967 5512 2122 5552 eum-

522 5603 629 5659 que
651 5597 846 5644 testem
877 5587 1250 5644 constituant:
1284 5607 1302 5640 ι
1337 5590 1508 5657 Quem
1545 5605 1758 5657 omnes,
1792 5589 1986 5659 inquit,
2028 5602 2124 5642 na-

526 5681 769 5736 turaliter
815 5680 1036 5745 scimus,
1084 5679 1201 5735 sive
1246 5697 1368 5736 cum
1417 5681 1827 5738 exclamamus:
1872 5680 1917 5735 0
1945 5679 2121 5735 Deusl

526 5774 637 5829 sive
663 5787 786 5829 cum
816 5772 965 5830 illum
1000 5781 1192 5830 testem
1237 5771 1406 5829 Deum
1447 5773 1821 5832 constituimus
1850 5773 2126 5845 improbo-

2236 4666 2254 4701 t
2291 4649 2356 4702 de
2389 4647 2490 4702 hoc
2521 4649 2785 4703 sententia
2824 4650 2946 4703 talis
2977 4659 3081 4705 est.
3129 4649 3386 4705 Naturam
3426 4666 3642 4706 omnem
3684 4651 3818 4706 divi-

2231 4755 2374 4808 nam,
2407 4756 2526 4811 qua:
2551 4757 2722 4811 neque
2745 4757 2867 4796 esse
2894 4742 3120 4811 cmperit
3147 4744 3457 4814 aliquando,
3485 4760 3585 4800 nec
3607 4745 3820 4800 vitalem

2230 4835 2294 4890 ad
2325 4837 2612 4891 terminum
2645 4835 2716 4888 sit
2744 4835 3034 4905 aliquando
3066 4847 3288 4892 ventura
3314 4880 3328 4903 ,
3361 4837 3702 4893 lineamentis
3733 4853 3820 4893 ca-

2230 4945 2352 4984 rere
2378 4930 2690 5000 corporeis,
2725 4945 2900 4999 neque
2923 4930 3058 4984 ullas
3087 4929 3380 4984 formarum
3420 4930 3624 5002 efﬁgies
3655 4933 3821 5002 possi-

2227 5021 2378 5090 dere,
2399 5022 2592 5092 quibus
2610 5024 2815 5077 extima
2845 5023 3275 5094 circumscriptio
3302 5025 3666 5080 membrorum
3689 5026 3821 5082 solet

2226 5128 2542 5188 c0agmenta
2591 5116 2764 5172 ﬁnire.
2801 5118 3071 5188 Quidquid
3118 5120 3261 5174 enim
3295 5119 3402 5174 tale
3453 5130 3566 5187 est,
3601 5121 3820 5177 mortale

2227 5225 2348 5266 esse
2376 5210 2720 5275 arbitramur,
2753 5219 2806 5266 et
2835 5212 3029 5277 labile;
3080 5225 3178 5267 nec
3225 5212 3472 5268 obtinere
3511 5221 3816 5284 perpetuam

2227 5302 2500 5358 credimus
2529 5305 2821 5368 :evitatem,
2853 5305 2994 5374 quod
3021 5305 3280 5360 extremis
3310 5305 3605 5361 coercitum
3630 5303 3819 5360 finibus

2229 5397 2532 5451 necessaria
2564 5396 2940 5453 circumcludit
2977 5400 3312 5454 extremitas.
3353 5419 3374 5452 ›
3404 5398 3547 5455 Nihil
3588 5399 3819 5470 profecto

2229 5504 2291 5544 ea
2318 5490 2730 5545 ratiocinatione
2777 5490 2842 5545 ad
2888 5491 3269 5547 stabiliendant
3314 5493 3687 5563 incorporcam
3727 5491 3816 5548 Dei

2230 5592 2474 5638 naturam
2518 5583 2723 5639 ﬁrmius
2762 5593 2816 5639 et
2843 5583 3186 5641 loculentius.
3230 5585 3399 5641 Recte
3438 5585 3582 5640 enim
3610 5585 3699 5641 ille
3724 5599 3817 5656 pro

2230 5688 2381 5732 certo
2407 5687 2460 5733 et
2490 5678 2598 5734 ﬁxo
2625 5680 2797 5748 ponit,
2830 5677 3088 5750 quidquid
3112 5693 3430 5750 corporeum
3458 5687 3562 5745 est,
3592 5681 3679 5735 vel
3701 5695 3818 5736 cor-

2234 5771 2379 5842 poris
2427 5770 2769 5829 lincamentis
2805 5786 2868 5828 ac
2909 5771 3080 5829 forma
3125 5771 3490 5844 componitur,
3537 5771 3672 5828 illud
3702 5783 3818 5833 esse
