3990 6072
163 242 272 302 £53

1418 246 1485 305 ΙΝ
1526 244 1900 319 ARNOBIUM,
1940 245 2095 306 CAP.
2139 247 2249 308 VII.

3348 255 3454 314 454

162 371 470 427 extensum,
500 362 716 434 suisque
750 363 974 434 proinde
1011 362 1205 422 ﬁnibus
1232 374 1284 423 et
1313 368 1571 421 extremis
1597 371 1759 438 parti-
1789 380 1840 441 Α
1867 377 1968 431 est,
1997 369 2084 439 qui
2125 383 2230 424 non
2275 367 2530 425 facillime
2559 372 2844 442 perspiciat
2876 369 3066 428 iisdem
3095 374 3323 431 Arnobli
3366 393 3452 433 re-

162 454 262 508 bus
289 455 533 510 clausum
565 471 626 510 ac
653 457 1144 530 circumscriptum.
1171 461 1238 514 At
1266 460 1526 529 quidquid
1557 462 1626 515 ita
1651 462 1756 516 cir-

159 549 540 613 cutiicluditur,
559 564 626 605 eo
654 551 770 620 ipso
794 553 1020 607 mortale
1037 553 1127 618 sit,
1151 560 1385 622 Oportet.
1414 555 1554 609 Deus
1575 562 1753 610 autem

162 656 269 696 non
305 643 480 698 solum
511 643 832 699 immortalis
857 651 958 706 est,
985 641 1080 701 sed
1109 646 1270 701 etiam
1300 655 1566 716 :eternus,
1595 659 1756 720 atque

159 735 372 792 idcirco
401 738 772 806 incorporeus,
806 751 860 795 et
886 749 1090 795 naturm
1117 742 1430 812 spiritualis.

229 829 406 899 Quam
445 845 760 901 persuasum
789 841 965 888 autem
996 833 1236 889 Arnoblo
1264 834 1392 890 illud
1417 833 1598 900 fuerit,
1629 832 1756 890 inde

157 923 336 979 adhuc
360 924 660 989 conficitur,
692 926 832 991 quod
870 927 1102 982 ethnicis
1129 927 1260 983 deos
1300 943 1426 982 suos
1464 939 1755 998 corporeos

156 1017 340 1087 aliquo
373 1016 688 1073 Judzeorum
717 1019 1246 1090 Sadduemortnnque
1288 1021 1598 1075 testimonio
1624 1037 1755 1076 cou—

158 1110 378 1166 lirmare
421 1111 775 1178 conantibus,
822 1111 966 1167 hunc
1015 1112 1356 1182 responderit
1397 1112 1449 1166 iu
1491 1112 1750 1168 modum:

162 1222 181 1254 ‹
215 1203 404 1274 Neque
447 1201 730 1273 quiSquam
777 1201 1028 1260 Judaicas
1067 1204 1119 1259 in
1152 1205 1254 1259 hoc
1299 1204 1420 1259 loco
1465 1203 1620 1259 nobis
1659 1220 1752 1274 op-

154 1306 361 1366 ponat,
389 1307 443 1351 et
471 1297 752 1352 Saddnezei
781 1299 996 1366 generis
1025 1298 1251 1365 fabulas,
1277 1307 1528 1368 tanquam
1553 1298 1754 1354 formas

156 1393 396 1446 tribuant
425 1401 588 1462 atque
616 1406 677 1446 os
705 1392 840 1448 Deo.
886 1393 999 1448 Hoc
1041 1393 1186 1448 enim
1229 1403 1446 1462 putatur
1480 1393 1534 1447 in
1565 1408 1752 1448 eorum

154 1486 308 1541 libris
335 1485 464 1551 dici,
494 1495 548 1542 et
571 1486 724 1540 utvel
747 1503 806 1541 re
825 1497 971 1541 certa
1000 1495 1159 1558 atque
1179 1487 1500 1541 auctoritate
1528 1486 1750 1552 ﬁrmari,

154 1598 275 1652 qua:
318 1593 411 1636 aut
453 1581 581 1636 nihil
611 1581 678 1638 ad
713 1597 809 1637 nos
856 1583 1118 1649 attinent,
1153 1596 1252 1636 uec
1281 1583 1458 1652 aliqua
1503 1581 1753 1653 portione

151 1675 445 1746 quidquam
478 1675 678 1731 habent
719 1690 1008 1731 commune
1048 1676 1324 1730 nobiscum
1367 1693 1380 1730 :
1411 1686 1501 1728 aut
1529 1675 1572 1729 si
1603 1685 1749 1740 sunt,

155 1779 211 1823 ut
260 1769 532 1834 creditur,
585 1769 771 1832 sociae,
815 1768 1093 1838 quaerendi
1140 1780 1265 1824 sunt
1309 1767 1461 1823 vobis
1512 1768 1745 1833 ethnicis,
1781 1780 1829 1842 Β

154 1861 371 1916 altioris
396 1861 768 1932 intelligentia:
796 1861 1054 1918 doctores
1074 1901 1088 1924 ,
1131 1877 1229 1932 per
1254 1877 1392 1933 quos
1421 1861 1635 1929 possitis
1659 1860 1755 1914 atl—

153 1957 390 2022 discere,
427 1958 621 2025 quibus
670 1955 846 2010 modis
874 1937 1158 2010 conveniet
1205 1956 1503 2010 litterarum
1542 1955 1752 2009 illarum

151 2051 329 2106 nubes
373 2059 536 2121 atque
579 2049 855 2104 involucra
896 2049 1140 2104 relaxare
1184 2067 1202 2102 ι
1241 2046 1406 2120 (Ibid.
1440 2065 1559 2119 pag.
1604 2047 1750 2106 106).

149 2143 258 2199 Sed
287 2144 442 2212 plura
469 2141 542 2196 ibi
571 2158 599 2194 a
629 2142 1022 2197 recentioribus
1047 2140 1370 2211 quihusdam
1393 2140 1596 2196 criticis
1623 2155 1753 2196 cen-

150 2237 317 2292 soria:
371 2234 672 2291 severitatis
727 2246 854 2289 nota
904 2235 1210 2288 iuttruntur.
1253 2234 1436 2288 Primo
1485 2234 1753 2304 siquidem

151 2330 432 2386 Arnobius
455 2330 522 2383 ab
547 2329 655 2384 illis
675 2330 916 2400 arguitur
937 2329 1090 2399 quasi
1119 2329 1280 2382 nimis
1313 2328 1558 2392 confuse,
1589 2339 1753 2399 atque

151 2425 320 2480 etiam
350 2411 650 2494 periculose
689 2423 958 2492 loquatur.
989 2421 1121 2476 Nam
1150 2423 1194 2477 si
1225 2422 1292 2476 de
1328 2424 1532 2478 vetet-is
1563 2421 1752 2478 Testa-

152 2518 326 2574 menti
371 2516 520 2570 libris
551 2515 713 2584 verba
748 2517 896 2581 facit,
940 2515 1043 2570 hoc
1073 2515 1444 2584 proculdubio,
1479 2515 1749 2585 inquiunt,

151 2623 237 2668 est.
261 2613 486 2682 impium
512 2621 563 2665 et
589 2610 911 2666 horrendum
938 2627 950 2662 :
975 2609 1019 2664 si
1038 2609 1104 2664 de
1122 2609 1488 2664 Babbinorum
1511 2610 1749 2680 scriptis,

151 2706 206 2759 id
236 2720 462 2774 prorsus
503 2703 689 2758 inutile
723 2714 826 2758 est.
869 2701 1072 2757 Omnes
1115 2703 1391 2757 enimvero
1415 2701 1648 2756 fatentur
1688 2718 1750 2756 ea

150 2809 369 2854 scatere
387 2796 603 2852 fabulis.
623 2795 876 2854 Secundo
902 2811 1166 2850 summam
1187 2797 1277 2851 ille
1301 2796 1644 2866 imperitiam,
1677 2797 1753 2851 uti

147 2894 326 2956 aiunt,
361 2894 588 2962 prodere
615 2891 851 2956 videtur,
896 2906 1017 2946 cum
1047 2893 1239 2947 asserit
1271 2891 1438 2946 Detnn
1480 2906 1509 2946 a
1553 2890 1754 2946 Judaeis

149 3000 478 3054 corporeum
507 2984 653 3040 credi
677 2993 732 3039 et
757 2983 1060 3054 praedicari.
1113 2982 1275 3040 Celso
1301 2985 1498 3055 quippe
1527 3000 1753 3055 respue-

147 3079 244 3134 det
260 3079 523 3147 Origenes
539 3077 756 3133 Judreos
775 3093 806 3131 a
828 3076 1092 3132 Numenii)
1114 3077 1454 3149 Pythagoreo
1483 3079 1533 3131 iu
1561 3093 1750 3132 eorum

1859 461 2072 529 Sponsis
2101 505 2114 527 ,
2171 463 2396 533 aliisque
2425 467 2877 533 qute'rctulimus
2918 470 3247 538 argumentis
3296 472 3456 542 spiri-

1862 555 2059 610 tualetn
2091 567 2140 610 et
2170 555 2545 627 incorporeum
2587 558 2678 614 Dei
2729 568 2972 616 naturam
3008 563 3163 633 plane
3193 565 3361 620 asseri
3391 579 3456 620 ac

1859 646 2142 726 vindicari.

2447 760 2736 803 Αιιτιευωε
2753 763 2809 804 ll.

1858 854 2011 929 Quam
2031 863 2170 929 recte
2194 857 2441 929 Arnobius
2465 868 2650 929 asserat
2685 859 2886 929 formam
2931 861 3026 929 Dei
3053 877 3146 914 nou
3189 880 3335 929 posse
3361 881 3454 918 cx-

1920 917 2108 992 plicari,
2133 932 2189 992 ac
2209 922 2666 992 quomododoceat,
2693 925 2890 992 quie__sit
2915 917 3382 992 ejusuimménsitas,
3403 917 3456 981 et

1919 984 2128 1030 scientia
2163 984 2369 1042 inﬁnita,
2395 984 2612 1047 nihilque
2634 984 2911 1037 hominibus
2933 984 3095 1040 Simile
3118 991 3316 1043 habeat.

1927 1102 2119 1158 Mirum
2181 1104 2410 1161 fortasse
2467 1107 2628 1163 alicui
2705 1111 2974 1166 videbitur
3033 1127 3130 1168 cur
3181 1116 3454 1173 Arnobius

1856 1197 2108 1262 ethnicis,
2139 1200 2208 1253 ab
2240 1202 2356 1269 ipso
2379 1217 2498 1271 quae
2532 1202 2623 1256 Dei
2648 1202 2820 1257 forma
2851 1208 2918 1259 sit
2949 1208 3273 1276 petentibus,
3308 1209 3456 1281 inge-

1856 1309 1961 1347 nue
2007 1294 2337 1364 respondeat
2374 1313 2386 1347 :
2422 1314 2440 1346 t
2485 1295 2540 1351 Si
2569 1311 2751 1352 veram
2798 1299 2961 1353 vultis
3005 1301 3193 1357 audire
3237 1314 3456 1358 senten-

1856 1384 1982 1438 tiam
2008 1404 2020 1440 :
2045 1395 2136 1439 aut
2164 1387 2544 1443 nullamhahet
2570 1390 2706 1444 Deus
2730 1390 2980 1459 formam,
3009 1407 3099 1447 aut
3119 1395 3164 1450 si
3193 1395 3455 1451 informa-

1854 1485 1940 1532 tus
1955 1488 2035 1533 est
2049 1478 2248 1549 aliqua.
2265 1495 2326 1533 ea
2345 1496 2465 1549 qua:
2484 1480 2576 1545 sit,
2596 1483 3123 1551 profectonescimus
3157 1506 3178 1540 ι
3209 1488 3453 1558 (Arnob.,

1854 1571 1944 1624 lib.
1967 1587 2042 1625 nt.
2071 1589 2190 1643 pag.
2217 1573 2508 1645 “0).Qutd
2523 1591 2677 1644 ergo,
2698 1577 2903 1648 inquiet
2933 1582 3120 1635 nescio
3140 1583 3290 1652 quis?
3304 1598 3459 1638 num-

1853 1663 1977 1732 quid
2003 1663 2093 1718 ille
2112 1667 2386 1721 nesciebat
2420 1667 2510 1722 Dei
2545 1678 2791 1724 naturam
2822 1685 2928 1725 non
2957 1686 3082 1727 esse
3113 1688 3456 1744 corpoream,

1853 1758 1948 1812 sed
1967 1773 2115 1814 mere
2127 1759 2486 1828 spiritualem?
2498 1759 2713 1830 Optime
2726 1763 2965 1831 quidem,
2983 1765 3118 1820 sicut
3131 1781 3196 1822 ex
3214 1767 3460 1836 proxime
3483 1817 3506 1834 ,

1855 1851 2012 1906 dictis
2037 1861 2200 1920 patet,
2220 1852 2350 1907 illud
2369 1864 2623 1919 noverat;
2649 1857 2744 1911 sed
2769 1857 2940 1912 libere
2965 1868 3017 1912 et
3034 1859 3244 1916 sincere
3262 1865 3462 1916 fatetur
3485 1839 3487 1842 i

1855 1952 2056 1997 tantam
2069 1944 2399 2000 essedivinm
2415 1959 2642 2015 uatttrte,
2662 1949 3012 2018 omniumque
3027 1952 3143 2020 ejus
3159 1953 3461 2023 proprieta-

1855 2049 1967 2093 tum
1993 2052 2044 2095 et
2067 2043 2446 2096 attributorum
2473 2046 2860 2115 perfectionem
2879 2086 2895 2113 ,
2919 2057 2977 2100 ut
2998 2047 3084 2101 itla
3115 2064 3216 2104 nec
3243 2051 3459 2107 inﬁrmo

1855 2131 2088 2209 hominis
2121 2135 2333 2204 ingenio
2360 2137 2771 2206 comprehendi,
2803 2153 2904 2194 nec
2933 2139 3058 2194 ullis
3083 2143 3252 2212 ipsius
3278 2143 3460 2200 verbis

1853 2227 2109 2296 explicari
2163 2230 2354 2298 possit.
2403 2230 2567 2301 Cujus
2626 2233 2844 2301 quidem
2903 2233 3044 2289 hanc
3086 2235 3218 2290 dicit
3275 2251 3458 2291 veram

1853 2332 2166 2390 certamque
2191 2338 2314 2378 esse
2359 2325 2660 2389 rationem;
2700 2325 2825 2395 quia
2865 2341 2990 2381 cum
3015 2342 3080 2382 ea
3108 2331 3180 2382 sit
3206 2327 3458 2386 humana:

1854 2415 2051 2468 mentis
2079 2411 2381 2482 inﬁrmitas,
2430 2425 2488 2470 ut
2534 2417 2792 2488 quidquid
2823 2421 3086 2489 percipit,
3121 2437 3223 2478 suo
3252 2432 3458 2479 tantum

1853 2507 2170 2578 imperfecto
2198 2523 2248 2565 et
2285 2510 2438 2566 ﬁnito
2463 2510 2624 2566 modo
2651 2513 2941 2582 concipiat,
2975 2515 3176 2571 idcirco
3213 2533 3322 2573 non
3354 2534 3456 2590 po-

1856 2609 1961 2657 test
2015 2603 2304 2672 perfectam
2363 2607 2687 2676 concipere,
2735 2616 2828 2662 aut
2873 2609 3178 2678 exprimere
3238 2611 3460 2668 inﬁnitae

1856 2697 1949 2751 Dei
1991 2707 2195 2752 natura:
2250 2699 2451 2754 ideam.
2505 2700 2684 2768 Audi,
2728 2719 2948 2771 qna-so,
3002 2705 3261 2772 pra'clnra
3311 2706 3458 2762 illius

1854 2789 2015 2844 verba
2051 2808 2064 2842 :
2104 2811 2123 2843 ‹
2159 2791 2428 2862 Quidquid
2461 2794 2528 2847 de
2559 2793 2666 2849 Deo
2695 2795 2919 2861 dixeris,
2971 2798 3233 2868 quidquid
3280 2801 3457 2855 tacittc

1859 2883 2058 2938 mentis
2085 2885 2411 2954 cogitatione
2439 2889 2776 2957 conceperis,
2809 2891 2862 2943 in
2896 2891 3190 2946 humanum
3223 2893 3458 2950 transilit

1854 2985 1910 3031 et
1950 2979 2318 3049 corrumpitur
2349 2993 2603 3046 sensum;
2637 2995 2736 3037 nec
2780 2984 2941 3039 habet
2983 2986 3216 3056 propriae
3245 2988 3456 3058 signiﬁ-

1854 3070 2082 3125 cationis
2107 3083 2311 3139 notam,
2339 3073 2482 3144 quod
2513 3076 2712 3130 nostris
2738 3076 2937 3132 dicitur
2965 3079 3172 3147 verbis,
3199 3088 3360 3151 atque
3389 3081 3454 3137 ad
3497 3095 3503 3101 ‘

149 3190 318 3248 grege
343 3174 712 3238 annumerari.
897 3174 1064 3227 Deum
1105 3173 1326 3227 omnino
1369 3173 1750 3242 incorporeum
1777 3174 1826 3242 Ο
1857 3164 2065 3232 negotia
2099 3165 2330 3218 humana
2357 3167 2692 3236 COIIIPOSlli'S.
2741 3167 2892 3224 Unus
2921 3179 3006 3226 εει
3036 3170 3270 3228 hominis
3297 3174 3455 3230 intel-

150 3285 277 3326 esse
307 3268 687 3324 existimabant
713 3265 913 3339 (θήρη
937 3266 1026 3321 lib.
1056 3283 1074 3321 ι
1099 3259 1263 3320 contr.
1294 3264 1456 3330 Cela,
1483 3282 1600 3335 pay.
1637 3264 1748 3334 13).

225 3364 332 3420 Sed
357 3365 442 3419 bis
458 3363 694 3418 auctoris
712 3362 882 3416 nostri
904 3359 1387 3430 repreliensoribus
1406 3360 1567 3429 paulo
1585 3366 1754 3411 atten-

151 3458 263 3514 tius
293 3455 828 3511 animadvertendum
857 3464 974 3508 erat
1004 3453 1074 3508 ibi
1119 3467 1275 3518 eum,
1325 3451 1464 3506 sicut
1492 3449 1747 3515 diximus,

148 3552 486 3621 l’CSpOlldel'e
516 3549 766 3612 ethnicis,
796 3549 887 3619 qui
916 3563 1232 3616 corpoream
1267 3545 1490 3599 deorum
1531 3558 1749 3597 suorum

146 3655 399 3701 naturain
414 3644 729 3698 auctoritate
741 3640 1050 3696 Iudaeorum
1062 3639 1548 3694 etSadduczeorum
1561 3648 1750 3691 contra

147 3738 480 3794 christianos
520 3736 759 3791 stabilire
808 3733 1137 3790 nitebantur.
1173 3733 1339 3788 Docet
1367 3741 1544 3786 autem
1577 3731 1764 3801 dupli;

150 3833 231 3889 cis
255 3834 472 3903 generis
507 3847 630 3887 esse
661 3831 873 3886 illorum
912 3829 1112 3898 scripta
1140 3842 1191 3884 et
1218 3829 1446 3884 litteras.
1491 3826 1748 3896 Quzedam

151 3929 301 3983 enim
321 3968 334 3987 ,
373 3925 560 3996 quales
593 3924 943 3995 proculdubio
973 3931 1130 3978 erant
1159 3921 1603 3985 Sadducteorum,
1633 3920 1746 3990 qui,

152 4022 285 4075 utin
314 4019 533 4074 Actibus
572 4017 937 4088 apostolorum
966 4016 1196 4086 legimus
1227 4036 1240 4069 :
1273 4013 1463 4067 Dicunt
1499 4030 1602 4068 non
1644 4029 1752 4067 esse

150 4113 589 4176 resurrectionem,
624 4127 782 4179 neque
808 4111 1080 4180 angelum,
1116 4125 1275 4177 neque
1315 4107 1552 4176 spiritum
1583 4107 1748 4180 (Act,

155 4225 308 4268 χχιιι,
323 4208 380 4274 8)
392 4250 404 4270 ,
421 4218 583 4276 atque
601 4205 802 4261 idcirco
818 4205 1020 4267 omnia,
1052 4219 1118 4257 ne
1135 4203 1243 4256 Deo
1259 4203 1474 4271 quidem
1498 4211 1744 4269 excepto,

152 4317 277 4357 esse
301 4315 553 4370 coporea.
584 4297 689 4354 Sed
721 4299 910 4352 horum
934 4298 1133 4364 scripta
1170 4293 1302 4348 nihil
1333 4293 1599 4348 habebant
1625 4308 1748 4346 Ctllll

151 4395 569 4450 Christianorum
610 4392 815 4462 placitis
858 4405 1179 4452 commune,
1223 4403 1283 4443 ac
1331 4388 1554 4458 proinde
1599 4386 1747 4442 chri-

148 4486 341 4542 stianis
392 4485 554 4556 objici
605 4502 708 4538 non
763 4492 1031 4554 poterant.
1089 4481 1207 4536 Alia
1260 4496 1392 4535 vero
1445 4491 1602 4536 erant
1649 4479 1746 4534 .Iuo

1855 3255 2026 3312 lectus
2053 3257 2121 3311 de
2153 3259 2246 3313 Dei
2280 3268 2469 3313 natura
2503 3263 2860 3328 certissimus,
2898 3265 2942 3318 si
2979 3267 3141 3332 scias,
3173 3275 3228 3320 et
3249 3267 3454 3323 sentias

1854 3349 1985 3402 nihil
2021 3347 2089 3404 de
2126 3349 2215 3404 illo
2245 3365 2405 3420 posse
2432 3354 2644 3408 mortali
2676 3356 2924 3410 oratione
2951 3355 3197 3427 depromi
3230 3376 3251 3410 ι
3290 3357 3453 3430 (Ibid.

1855 3458 1976 3513 pag.
2007 3443 2152 3515 lll).
2185 3445 2530 3517 Quapropter
2555 3448 2698 3504 haud
2726 3448 3034 3506 dubitanter
3075 3452 3270 3508 ibidem
3301 3468 3454 3510 asse-

1852 3547 2006 3593 verat
2043 3547 2246 3594 tantum
2273 3541 2485 3606 abesse,
2515 3553 2573 3596 ut
2614 3543 2724 3598 Deo
2751 3543 2858 3598 ulla
2891 3544 3182 3614 cujuslibet
3209 3547 3456 3616 corporis

1854 3629 2176 3686 lineamenta
2204 3633 2522 3702 tribuamus,
2545 3636 2674 3705 quin
2695 3637 2874 3706 potius
2896 3637 2969 3692 illi
2997 3638 3262 3694 humanas
3287 3639 3452 3695 animi

1852 3728 2021 3780 nostri
2047 3728 2290 3795 virtutes,
2314 3729 2617 3797 scientiam,
2645 3731 3077 3802 intelligentiam,
3104 3734 3448 3804 sapientiam,

1851 3821 2222 3885 sobrietatem,
2253 3821 2610 3892 probitatem,
2635 3825 3018 3891 constantiam,
3041 3836 3098 3880 et
3118 3825 3254 3881 alias
3281 3829 3452 3883 ascri-

1851 3912 1979 3968 bere
2026 3929 2328 3970 vereamur.
2388 3916 2524 3972 Nam
2566 3916 2650 3972 Ine
2685 3919 2947 3981 virtutes.
3003 3928 3060 3976 et
3104 3919 3221 3976 haec
3275 3921 3454 3976 Inomi-

1852 4023 1980 4061 num
2005 4008 2142 4062 bona
2171 4025 2237 4063 ex
2265 4010 2532 4078 oppositis
2556 4019 2764 4065 tantum
2797 4027 2986 4067 eorum
3018 4013 3182 4078 vitiis,
3209 4015 3352 4084 quod
3382 4014 3450 4071 de

1855 4099 1965 4156 Deo
2007 4101 2112 4157 dici
2159 4105 2361 4174 nequit,
2392 4104 2460 4158 ab
2487 4104 2568 4160 eis
2600 4120 2698 4175 pro
2726 4105 3016 4164 imbecillia
3056 4110 3256 4164 mentis
3287 4119 3449 4181 captu

1851 4195 2204 4250 aestimantur.

1921 4288 2060 4342 Nihil
2092 4300 2172 4345 est
2217 4301 2394 4346 autem
2434 4294 2488 4348 in
2531 4293 2631 4348 bac
2673 4295 2899 4352 Arnobii
2943 4297 3114 4353 nostri
3163 4296 3442 4368 doctrina,

1849 4383 1950 4438 nisi
1986 4385 2142 4452 plane
2172 4399 2362 4440 sanum
2402 4395 2459 4441 et
2495 4388 2878 4445 orthodoxam.
2909 4389 3044 4445 Nam
3079 4405 3109 4446 a
3145 4391 3449 4463 TheOphilo

1849 4476 2262 4543 Anthiocheno,
2296 4482 2751 4550 quemadmodum
2793 4485 2862 4539 ab
2902 4485 3032 4550 illo,
3071 4487 3331 4558 scriptum
3372 4488 3451 4543 le-

151 4582 392 4637 dzrorum
419 4582 640 4649 scripta,
683 4595 801 4649 quae
841 4578 1041 4633 nostris
1078 4577 1224 4631 socia
1250 4574 1631 4637 credebantur,
1677 4591 1739 4628 ac
1766 4572 2016 4642 Dgimus
2069 4572 2401 4644 (Tltropltil.,
2448 4577 2538 4630 lib.
2571 4595 2587 4631 ι
2632 4580 2700 4632 ad
2727 4581 2992 4650 Autolyc.,
3038 4597 3159 4650 pag.
3195 4582 3298 4650 7|)
3333 4599 3346 4635 :
3380 4585 3449 4637 Τὸ

151 4675 291 4731 tales
324 4679 561 4742 protecto
599 4680 725 4728 sunt
756 4671 964 4727 Veteris
998 4669 1328 4725 Testamenti
1361 4669 1503 4723 libri.
1531 4670 1599 4722 At
1627 4669 1750 4738 quin

151 4766 206 4820 in
262 4767 378 4822 istis
414 4765 652 4820 membra
713 4765 822 4820 Deo
874 4766 1203 4829 tribuuntttr,
1235 4763 1360 4818 inde
1403 4763 1637 4830 ethnici,
1695 4772 1753 4818 ttt

153 4861 544 4914 continuarent
570 4858 702 4913 deos
723 4874 850 4913 suos
877 4873 998 4913 esse
1019 4871 1332 4928 corporeos,
1373 4865 1748 4926 argumentum

151 4952 442 5007 ducebant.
477 4950 584 5007 Sed
629 4952 919 5020 respondet
955 4951 1226 5006 Arnobius
1266 4949 1588 5022 qtneretidos
1627 4966 1748 5006 esse

150 5046 220 5100 ab
247 5045 376 5108 illis,
409 5046 609 5100 altioris
633 5046 981 5117 intelligentia:
1009 5046 1262 5112 doctores,
1287 5044 1536 5100 omnibus
1567 5046 1745 5100 statim

149 5139 364 5205 obvios,
409 5155 507 5195 nec
551 5141 680 5208 ipsis
719 5141 949 5196 ethnicis
1001 5140 1232 5210 ignotos,
1274 5139 1364 5210 qui
1402 5139 1492 5194 illa
1536 5139 1747 5195 Veteris

148 5230 483 5288 Testamenti
517 5233 701 5300 verba,
725 5234 904 5300 quibus
933 5233 1100 5287 modis
1127 5232 1376 5298 convenit,
1410 5231 1512 5287 hoc
1538 5241 1641 5292 est,
1670 5231 1747 5285 al-

148 5325 426 5396 legorice,
496 5325 902 5395 metaphorico,
955 5341 1018 5380 ac
1061 5325 1322 5397 mystico,
1372 5340 1477 5378 non
1529 5323 1746 5379 litterali

147 5432 313 5474 sensu
358 5419 703 5490 intelligenda
742 5432 865 5474 esse
911 5419 1067 5486 plane
1112 5417 1576 5473 demonstrabant.
1607 5416 1745 5486 Quid

147 5523 334 5568 autem
354 5512 403 5564 in
433 5510 514 5565 bis
533 5511 752 5566 Arnobii
779 5510 1054 5581 responsis
1073 5519 1128 5564 et
1145 5510 1300 5564 dictis
1323 5512 1747 5580 reprehensione

147 5604 412 5676 dignum,
459 5613 548 5660 aut
599 5619 769 5660 sacra:
808 5602 1019 5660 Veteris
1069 5602 1400 5659 Testamcuti
1440 5603 1749 5660 auctoritati

148 5707 204 5752 et
229 5696 481 5768 dignitati
517 5698 873 5767 contrarium,
905 5697 1157 5770 quodque
1177 5697 1246 5752 ab
1282 5698 1402 5754 aliis
1435 5698 1750 5755 orthodoxi:

149 5789 416 5848 Ecclesia:
440 5789 678 5860 patribus
701 5801 966 5851 assertum
987 5807 1092 5850 non
1121 5791 1317 5851 fuerit?
1333 5795 1405 5851 At
1438 5809 1601 5853 nemo
1620 5809 1752 5852 sane

1851 4669 1942 4738 μὲν
1965 4663 2096 4728 εἶδος·
2125 4675 2218 4723 τοῦ
2237 4676 2366 4724 Θεοῦ
2388 4666 2629 4745 ἄρῤητον,
2660 4678 2746 4728 καὶ
2768 4675 3135 4751 ἀνέκφραστον,
3164 4677 3250 4728 καὶ
3275 4678 3346 4745 μή
3367 4671 3450 4726 δυσ

1849 4762 2058 4831 νάμενον
2103 4762 2370 4834 ὀφθαλμοῖς
2415 4767 2678 4837 σαρκίνοις
2727 4765 3005 4838 opere-059a:
3042 4785 3055 4820 :
3102 4765 3200 4818 Dei
3242 4764 3449 4834 quidem

1849 4851 2015 4920 forma
2067 4855 2212 4908 nobis
2259 4855 2462 4908 occulta
2508 4857 2762 4927 explicari
2793 4862 3002 4928 nequit,
3050 4873 3141 4911 nec
3188 4857 3450 4926 corporeis

1850 4946 2011 5000 oculis
2051 4946 2266 4999 videtur.
2300 4947 2524 5002 Plurimi
2570 4963 2698 5004 vero
2729 4951 2934 5020 antiqui
2971 4950 3228 5005 Ecclesia!
3264 4961 3449 5021 patres

1849 5051 2035 5105 aperte
2067 5049 2264 5109 negant
2307 5042 2517 5104 σῦσίαν,
2564 5043 2680 5098 sive
2728 5054 2785 5097 ut
2831 5045 3011 5109 alunt,
3057 5045 3350 5099 essentiam
3395 5053 3451 5101 et

1847 5130 2204 5186 substantiam
2241 5133 2351 5189 Deo
2379 5136 2703 5202 convenire,
2734 5136 2828 5192 sed
2871 5137 3018 5191 illum
3058 5150 3221 5206 super
3258 5151 3450 5194 omnes

1849 5225 2126 5291 assentiar,
2155 5234 2210 5278 et
2251 5226 2636 5296 intelligendas
2675 5230 2748 5284 ita
2788 5228 3067 5294 eminere,
3099 5239 3159 5284 ut
3187 5231 3450 5303 quidquid

1849 5315 2080 5372 humana
2114 5331 2293 5374 mente
2332 5320 2680 5393 intelligitur,
2710 5324 2779 5380 ab
2807 5338 2874 5380 eo
2905 5325 2972 5382 iis
3009 5327 3264 5382 omnibus
3287 5327 3450 5399 longe

1849 5415 2228 5483 praestantiore
2273 5416 2387 5472 tolli
2427 5415 2646 5472 debeat.
2682 5417 2792 5472 Nos
2817 5433 2948 5474 vero
2991 5419 3044 5474 id
3087 5436 3117 5475 a
3158 5419 3449 5479 Clemente

1850 5510 2216 5567 Alexandrino
2245 5523 2298 5567 et
2327 5513 2446 5567 libri
2479 5513 2543 5568 de
2562 5511 2766 5569 Divinis
2793 5519 3102 5586 nominibus,
3137 5521 3225 5589 qui
3252 5520 3450 5592 Diony-

1850 5605 1934 5660 sio
1968 5605 2321 5676 Areopagitae,
2341 5605 2653 5676 ascribitur,
2683 5621 2907 5668 auctore
2937 5612 3248 5668 luculenter
3273 5615 3450 5684 arplio

1853 5707 2031 5754 catum
2062 5697 2308 5750 vidimus.
2343 5697 2501 5752 Plura
2532 5701 2752 5770 quidem
2779 5705 3012 5760 aliorum
3053 5703 3318 5760 Ecclesiae
3345 5703 3453 5760 Pa-

1854 5801 1996 5850 tru
2029 5791 2331 5849 testimonia
2383 5792 2488 5851 huc
2515 5798 2860 5857 accumulare
2889 5806 3211 5872 promptum
3257 5797 3399 5854 (oret
3441 5817 3459 5856 :
