3990 6072
494 212 598 270 455

1772 182 2218 248 DlSSERTATlO
2253 179 2530 239 PRAEVIA

3674 169 3798 225 456

495 331 594 389 sed
618 330 740 404 quia
771 326 904 383 illud
931 340 963 382 a
991 320 1243 386 Patavio,
1271 312 1634 374 Thomassino
1655 353 1669 381 ,
1708 319 1764 369 et
1789 311 1909 366 aliis
1937 309 2079 364 anti-
2109 315 2159 374 Α
2184 310 2307 369 est,
2339 317 2400 356 sc
2443 294 2820 401 cognoscendo
2849 293 3040 396 omnia.
3060 305 3144 404 ac‘
3169 289 3382 404 singula
3401 327 3416 354 ,
3463 285 3746 404 prieterita
3775 327 3796 353 ,

496 426 730 496 cipatum
759 430 862 488 est,
897 419 966 474 ab
994 417 1059 472 iis
1091 409 1430 486 proferendis
1459 407 1712 464 duximus
1745 419 1867 461 esse
1895 416 2085 472 super-

496 495 794 576 sedendum
838 515 986 582 (tom.
1011 525 1028 564 ι
1054 503 1437 580 Apparat.,lib.
1463 519 1500 566 I,
1535 501 1738 556 dissert.
1767 498 1854 562 10,
1883 513 2000 563 cap.
2031 495 2084 559 1,

497 611 525 683 §
552 613 606 674 5,
633 619 680 665 et
712 608 801 664 lib.
841 622 920 670 ιιι,
949 603 1206 658 dissertat.
1241 600 1295 665 2,
1326 615 1447 669 cap.
1475 599 1529 661 6,
1559 605 1664 650 art.
1702 594 1755 660 1,
1789 609 1908 664 pag.
1946 589 2084 654 948;

498 703 707 769 Petam,
740 700 828 756 lib.
868 716 887 755 1
927 696 1177 767 Theolog.
1210 694 1408 766 dogm.,
1449 707 1566 762 cap.
1592 689 1648 757 6,
1689 688 1718 759 §
1751 688 1819 743 10
1844 696 1892 740 ει
1923 701 2084 754 seqq,

499 815 619 869 pag.
651 795 724 851 45
748 803 796 849 ει
823 789 1011 864 seqq.).

571 892 872 948 Observare
901 898 1081 943 tamen
1112 883 1269 940 nobis
1293 880 1470 937 adhuc
1495 880 1676 943 liceat,
1717 874 1862 947 quod
1891 873 1960 929 ab
1991 874 2090 927 Ar-

502 987 664 1043 nobio
691 983 980 1047 asseritur,
1026 982 1216 1046 Deum,
1252 976 1466 1033 tametsi
1498 973 1647 1030 nullo
1678 972 1786 1027 fine
1825 979 1920 1026 aut
1965 968 2089 1024 loco

501 1080 941 1148 circumscriptus
965 1087 1018 1132 et
1044 1076 1344 1130 immensus
1369 1071 1471 1140 sit,
1499 1069 1741 1125 omnium
1769 1076 1947 1122 tamen
2001 1079 2091 1120 re-

503 1193 621 1233 rum
651 1183 708 1233 et
736 1175 912 1230 locum
949 1184 1071 1228 esse
1111 1177 1169 1224 et
1198 1167 1431 1239 spatium
1453 1206 1466 1229 ,
1507 1163 1593 1218 his
1627 1160 1852 1233 pulchre
1894 1156 2094 1214 confir—

504 1272 638 1327 mari
659 1265 980 1326 Tertulliani
1008 1263 1186 1320 verbis
1211 1281 1225 1317 :
1265 1281 1285 1314 ι
1317 1261 1413 1316 Est
1443 1259 1583 1314 Deus
1605 1256 1973 1326 omnipotens,
2000 1251 2094 1323 qui

503 1374 675 1422 totum
721 1363 909 1420 orbem
957 1373 1121 1416 manu
1160 1353 1520 1428 apprehendit
1563 1351 1712 1408 velut
1741 1349 1963 1413 nidum,
2007 1346 2096 1402 cui

504 1459 702 1526 coelum
730 1456 978 1520 thronus,
1005 1463 1060 1509 et
1089 1460 1233 1506 terra
1260 1446 1581 1512 scabellum,
1605 1445 1658 1500 in
1689 1458 1796 1514 quo
1817 1441 1995 1498 omnis
2015 1440 2096 1495 lo-

506 1567 624 1618 cus,
647 1565 754 1604 non
779 1551 893 1619 ipse
918 1547 972 1602 in
999 1545 1142 1611 loco,
1172 1542 1266 1614 qui
1293 1537 1668 1597 universitatis
1691 1545 1932 1593 extrema
1957 1534 2096 1588 linea

507 1651 591 1701 est
619 1662 638 1696 ι
672 1639 1028 1712 (Tertullian.,
1077 1636 1198 1690 adv.
1238 1633 1440 1698 Prax.,
1481 1647 1599 1703 cap.
1641 1629 1738 1694 16,
1779 1644 1899 1700 pag.
1942 1623 2092 1696 648).

509 1736 664 1793 Prius
705 1749 836 1790 vero
876 1745 979 1788 nec
1016 1729 1196 1784 minus
1222 1726 1504 1784 enucleata
1546 1719 1882 1792 Theophilus
1908 1719 2098 1775 Antio-

509 1830 755 1893 chenus,
809 1825 926 1882 haec
983 1823 1051 1879 ad
1102 1821 1425 1892 Autolycum
1474 1817 1768 1887 scripserat
1825 1813 1876 1868 in
1936 1810 2100 1866 verba

510 1922 767 1995 (Tlteoplt.
790 1961 806 1986 ,
855 1920 945 1974 lib.
989 1934 1026 1973 ιι
1063 1917 1133 1971 ad
1175 1915 1383 1980 Autol.,
1427 1929 1546 1983 pag.
1581 1908 1674 1980 81)
1706 1925 1721 1964 :
1749 1911 1880 1964 Θεοῦ
1917 1903 1971 1961 δὲ
2009 1910 2101 1961 τοῦ

512 2015 736 2088 ὑψίστου
763 2015 849 2068 καὶ
879 2011 1325 2083 παντοκράτορος,
1356 2008 1443 2061 καὶ
1470 2011 1564 2059 τοῦ
1593 1999 1736 2062 ὄντος
1765 2005 1894 2057 Θεοῦ
1914 2040 1928 2064 ,
1961 1998 2101 2053 τοῦτ’

513 2107 625 2164 i’a'rt
660 2112 730 2179 μὴ
777 2106 927 2179 μόνον
974 2105 1032 2160 τό
1079 2104 1382 2173 naut-axon
1428 2093 1586 2164 εἶναι,
1637 2095 1761 2151 ἀλλά
1805 2097 1890 2148 καὶ
1936 2097 2106 2147 πάντα

514 2204 714 2278 ἐφορᾷν,
752 2203 840 2256 καὶ
867 2201 1071 2255 πάντῶν
1100 2198 1322 2259 ἀκούειν,
1353 2191 1430 2247 ὅτι
1469 2197 1566 2264 μὴν
1610 2187 1736 2261 μηδὲ
1787 2189 1846 2243 τὸ
1875 2189 1924 2241 ἐν
1962 2186 2106 2257 τόπῳ

518 2297 818 2371 χωριῑσθαι·
866 2295 909 2348 εἰ
947 2291 1000 2347 δέ
1039 2296 1109 2363 μή
1143 2311 1222 2364 7s,
1261 2290 1445 2362 μείζων
1471 2285 1498 2340 ὁ
1524 2291 1714 2361 χωρῶν
1758 2283 1914 2342 τόπος
1943 2282 2108 2334 αὐτοῦ

517 2392 858 2465 ιύριθησετοιι,
896 2391 1070 2460 μεῖζον
1098 2405 1198 2460 γαρ
1226 2384 1338 2438 ἔστι
1373 2381 1432 2436 τὸ
1464 2386 1674 2456 χωροῦν
1710 2383 1804 2434 τοῦ
1831 2376 2108 2450 χωρουμέ-

517 2507 625 2538 νου.
656 2486 780 2545 Θεὸς
809 2485 912 2556 γὰρ
942 2483 1002 2535 οὐ
1029 2486 1302 2555 χωριίται,
1335 2475 1437 2531 ἀλλ’
1470 2475 1624 2535 αὐτός
1667 2476 1782 2528 ἔστι
1819 2472 1980 2530 τόπος
2009 2476 2110 2524 τῶν

519 2576 664 2633 ὅλων.
695 2573 794 2630 Dei
821 2572 1060 2628 altissimi
1103 2579 1152 2624 et
1185 2566 1550 2638 omnipotentis
1569 2607 1582 2629 ,
1612 2575 1659 2620 et
1698 2562 1986 2619 exsistentis
2015 2560 2112 2615 hoc

517 2669 664 2738 quasi
703 2667 968 2739 proprium
999 2673 1104 2730 est,
1147 2673 1204 2718 ut
1243 2679 1347 2717 non
1375 2661 1542 2716 solum
1564 2659 1754 2730 ubique
1797 2657 1897 2722 sit,
1940 2671 2114 2710 verum

519 2761 695 2816 omnia
732 2775 956 2832 praesens
990 2757 1227 2826 inspiciat
1263 2764 1310 2810 et
1342 2752 1544 2807 audiat.
1584 2749 1846 2806 Prwterea
1881 2763 1972 2803 nec
2002 2747 2113 2802 loco

519 2857 742 2926 capitur,
772 2853 967 2924 alioqui
994 2853 1138 2906 locus
1164 2849 1254 2920 qui
1286 2849 1459 2920 ipsum
1487 2845 1655 2916 capit,
1694 2860 1754 2899 eo
1783 2845 1949 2913 major
1974 2843 2115 2895 inve-

528 2949 742 3003 niretur.
773 2945 915 3000 Nunt
957 2945 1012 2999 id
1039 2943 1176 3014 quod
1210 2943 1351 3011 capit
1378 2957 1471 3008 eo,
1507 2937 1645 3012 quod
1671 2938 1905 3009 capitur,
1948 2936 2116 3005 majus

521 3051 616 3098 est.
649 3039 782 3096 Deus
806 3039 941 3095 enim
971 3037 1082 3094 loco
1112 3051 1433 3108 nequaquam
1461 3031 1915 3096 circumscribitur,
1943 3043 2116 3084 verum

2190 393 2475 463 prmsentia
2503 407 2568 446 ac
2591 392 2764 446 futura
2791 385 3089 459 cognoscit.
3115 387 3184 439 At
3209 382 3472 439 infinitam
3496 397 3617 437 esse
3643 381 3802 435 hanc

2189 485 2594 555 cognitionem,
2625 481 2865 548 nullique
2891 479 2979 534 alii
3006 487 3319 549 competere
3340 518 3353 542 ,
3385 476 3507 540 quis
3540 487 3796 545 negave-

2189 580 2259 634 rit
2280 580 2304 633 ἶ)
2325 578 2464 647 Quin
2496 577 2662 632 immo
2684 575 2732 631 ei
2765 576 2844 630 sic
2870 573 3084 646 propria
3110 581 3227 637 est,
3257 579 3316 625 ut
3339 567 3642 624 doctissimi
3665 563 3802 636 qui-

2189 672 2313 728 dam
2347 671 2606 726 Ecclesiae
2648 678 2830 740 patres
2867 669 3108 724 divinum
3149 665 3295 721 illius
3318 663 3559 720 Verbum
3586 677 3653 717 ex
3685 661 3804 716 hac

2189 767 2326 836 ipsa,
2360 763 2654 835 procedere
2683 762 3013 819 existiment.
3049 761 3165 829 Qua
3194 757 3409 830 quidem
3436 757 3504 812 de
3531 754 3808 826 opinione

2190 858 2328 912 alius
2355 856 2713 930 opportunior
2741 838 3062 910 disserendi.
3082 853 3235 908 locus
3264 850 3500 906 dabitur.

2789 1006 3085 1048 AB'I‘ICULUS
3122 1007 3201 1046 111.

2382 1130 2550 1182 Utrum
2578 1143 2694 1181 sana
2712 1130 2778 1180 sit
2793 1130 2999 1180 Arnobii
3021 1129 3084 1180 de
3110 1131 3182 1180 ira
3202 1127 3301 1178 Dei
3325 1127 3591 1179 sententia.

2268 1258 2402 1315 Tota
2428 1259 2653 1315 Arnobii
2691 1259 2760 1314 dc
2791 1259 2866 1314 ira
2902 1258 2998 1315 Dei
3035 1258 3334 1330 disputatio
3367 1273 3556 1329 parum
3603 1256 3814 1314 ortho-

2195 1352 2334 1409 doxa
2383 1354 2653 1411 nonnullis
2693 1354 2926 1408 videtur.
2961 1351 3158 1409 Contra
3204 1351 3435 1424 gentiles
3475 1351 3656 1415 enim,
3703 1350 3806 1420 qui

2195 1447 2326 1504 deos
2355 1463 2512 1512 suos,
2557 1447 2717 1502 sicuti
2759 1445 2994 1511 vidimus
3023 1446 3164 1516 (cap.
3209 1462 3412 1516 super.,
3445 1454 3548 1498 art.
3576 1443 3655 1514 4),
3687 1443 3808 1497 ini-

2198 1541 2446 1621 placabili
2493 1540 2546 1594 in
2593 1539 2924 1595 christianos
2963 1539 3242 1595 iracundia
3283 1537 3611 1592 inﬂammari
3660 1552 3814 1590 nun-

2197 1649 2358 1705 quam
2393 1648 2498 1689 non
2527 1633 2913 1700 clamitabant,
2957 1633 3036 1688 sic
3061 1639 3512 1704 argumentatur:
3549 1648 3568 1681 ι
3599 1628 3710 1684 Cur
3741 1637 3808 1684 ut

2127 1733 2175 1792 B
2202 1727 2362 1784 irasci
2393 1726 2610 1798 pOpulis
2635 1727 2944 1783 cliristianis
2976 1725 3390 1798 angustissimos
3416 1723 3542 1780 illos
3568 1723 3808 1780 adseve-

2201 1819 2334 1874 ratis
2364 1819 2533 1886 deos;
2578 1819 2648 1874 ita
2692 1836 2798 1875 non
2841 1818 3155 1887 advertitis,
3195 1834 3302 1875 non
3334 1817 3528 1874 videtis
3569 1816 3808 1873 allectus

2203 1929 2364 1985 quam
2399 1924 2604 1984 turpes,
2636 1929 2798 1985 quam
2831 1914 3114 1971 indecoras
3145 1913 3463 1968 numinibus
3489 1911 3810 1968 attribuatis

2206 2007 2482 2062 insanias?
2511 2005 2650 2075 Quid
2675 2017 2758 2063 eat
2787 2007 2931 2062 enim
2956 2005 3103 2062 aliud
3133 2006 3314 2072 irasci,
3342 2020 3502 2077 quam
3535 2004 3807 2069 insanire,

2207 2115 2366 2170 quam
2397 2099 2607 2165 furere,
2639 2115 2796 2170 quam
2827 2101 2880 2154 in
2912 2099 3133 2155 ultionis
3167 2097 3444 2154 libidinem
3473 2095 3633 2164 ferri,
3661 2106 3719 2153 et
3748 2096 3808 2152 in

2206 2194 2428 2249 alterius
2457 2193 2657 2249 doloris
2685 2209 2925 2258 crucem,
2963 2216 2981 2246 ι
3018 2193 3070 2248 id
3098 2204 3176 2249 est
3196 2236 3212 2260 ,
3243 2193 3545 2249 cruciatum
3565 2231 3580 2257 ,
3619 2210 3638 2243 ‹
3667 2190 3810 2246 effe—

2209 2285 2308 2339 rati
2343 2287 2574 2356 pectoris
2602 2286 2929 2342 alienatione
2971 2285 3386 2342 bacchari?.....
3416 2284 3516 2340 Ubi
3543 2285 3690 2340 enim
3721 2293 3813 2339 est

2212 2379 2374 2446 ullus,
2403 2381 2543 2436 sicut
2570 2381 2906 2451 sapientibus
2943 2380 3176 2448 videtur,
3209 2379 3456 2448 affectus,
3479 2379 3552 2435 ibi
3578 2395 3810 2436 necesse

2213 2487 2294 2532 est
2319 2493 2440 2532 esse
2472 2479 2797 2548 passionem.
2840 2479 2938 2536 Ubi
2970 2481 3149 2550 passio
3177 2480 3280 2535 sita
3306 2489 3410 2547 est,
3441 2480 3812 2549 perturbatio-

2213 2585 2336 2624 nem
2375 2579 2802 2628 consentaneum
2851 2580 2938 2627 est
2990 2573 3270 2642 consequi.
3325 2572 3429 2628 Ubi
3473 2573 3814 2644 perturbatio

2213 2671 2318 2730 est,
2349 2663 2421 2718 ibi
2447 2663 2602 2718 dolor
2631 2674 2686 2720 ct
2710 2663 2977 2736 aegritudo
3007 2673 3110 2721 est.
3148 2664 3246 2721 Ubi
3276 2665 3433 2721 dolor
3459 2675 3514 2720 et
3542 2665 3810 2737 aegritudo

2215 2766 2322 2821 est,
2353 2756 2714 2813 imminutioni
2746 2767 2801 2812 ct
2823 2757 3157 2824 corruptioni
3197 2757 3307 2828 jam
3356 2757 3506 2813 locus
3546 2770 3648 2814 est.
3673 2758 3808 2826 Quae

2217 2848 2324 2904 duo
2353 2849 2398 2904 si
2441 2859 2666 2915 vexant,
2697 2850 2850 2906 adest
2879 2850 3085 2905 vicinus
3116 2850 3398 2914 interitus,
3444 2865 3591 2906 mors
3623 2850 3808 2906 omnia

2220 2944 2409 2998 finiens
2446 2963 2465 2996 ι
2499 2945 2740 3016 {Arnob.,
2771 2945 2860 3000 lib.
2886 2962 2924 3014 ι,
2949 2963 3068 3018 pag.
3096 2945 3208 3016 10).
3238 2946 3400 3017 Atqui
3429 2945 3542 3002 haec
3562 2921 3812 3016 iﬁéa‘é'sﬁ',

2220 3038 2395 3110 inquit
2424 3038 2721 3107 l-leraldus,
2756 3039 3062 3096 Stoicorum
3093 3041 3310 3112 opinio,
3343 3039 3495 3111 cujus
3525 3039 3813 3096 falsitatem

522 3141 632 3208 ipse
680 3146 755 3192 est
797 3134 1027 3191 omnium
1071 3132 1234 3188 locus.
1281 3127 1646 3198 Quamobrem
1683 3125 1952 3196 Autolyco
1981 3121 2113 3193 obji-

2221 3135 2300 3190 sic
2325 3133 2636 3189 Lactantius
2663 3135 2936 3205 patefecit,
2963 3145 3021 3190 ut
3049 3139 3187 3190 hanc
3209 3134 3434 3190 Arnobii
3461 3134 3812 3205 praeceptoris

523 3229 687 3286 cienti
718 3228 884 3285 Deum
905 3269 921 3294 ,
959 3226 1035 3282 uti
1073 3240 1228 3282 sacra
1259 3222 1536 3294 Scriptura
1569 3217 1918 3284 testiﬁcatur,
1938 3216 1990 3271 in
2020 3230 2114 3286 pa-

525 3320 707 3378 radiso
731 3320 1058 3383 ambulasse,
1090 3317 1386 3390 respondet
1406 3315 1458 3370 id
1485 3315 1589 3370 dici
1610 3312 1680 3368 de
1709 3311 1884 3368 Verbo
1909 3309 2114 3377 divino,

525 3432 555 3471 a
602 3429 712 3486 quo
753 3424 810 3470 et
850 3427 1080 3485 persona
1131 3410 1311 3466 Patris
1354 3417 1632 3478 assumpta
1669 3414 1789 3470 est,
1841 3413 1896 3459 et
1939 3401 2120 3458 omnia

524 3520 707 3568 creata
733 3520 877 3566 sunt.
902 3510 973 3564 At
991 3509 1137 3568 Θεὸς.
1168 3505 1361 3576 inquit,
1393 3507 1480 3560 καὶ
1504 3507 1676 3574 πατὴρ
1704 3509 1804 3556 τῶν
1824 3498 1948 3554 ὅλων
1969 3500 2120 3570 ἀχὼ-

526 3607 679 3681 ρητός
717 3608 863 3671 ἐστι,
904 3605 990 3658 καὶ
1014 3603 1066 3656 ἕν
1099 3601 1244 3671 τόπῳ
1281 3600 1389 3670 οὐχ
1419 3598 1733 3674 εὑρίσκεται,
1767 3597 1827 3648 οὐ
1865 3595 1966 3666 γάρ
2006 3593 2120 3646 ἐστι

526 3700 685 3760 τόπος
724 3707 816 3760 τῆς
857 3697 1236 3756 καταπαύσεως
1266 3695 1448 3749 αὑτοῦ.
1484 3691 1622 3746 Deus
1648 3689 1998 3743 universorum
2028 3701 2120 3754 pa-

529 3801 604 3848 ter
630 3792 743 3847 loco
785 3806 876 3846 nec
903 3788 1208 3856 includitur,
1249 3802 1407 3857 neque
1445 3785 1499 3838 in
1529 3783 1640 3839 loco
1684 3780 1973 3846 inuenitur,
2019 3793 2120 3832 non

529 3887 664 3942 enim
686 3896 761 3942 est
789 3886 958 3949 locus,
982 3883 1038 3938 in
1060 3899 1161 3954 quo
1180 3881 1291 3952 ipse
1313 3878 1560 3948 quiescat.

599 3979 740 4048 Quid
762 3978 964 4035 clarius
992 3985 1048 4032 et
1091 3974 1267 4046 aptius
1294 3971 1599 4030 desiderari
1645 3974 1825 4040 potest
1851 3965 1917 4022 ad
1949 3963 2119 4021 stabi-

530 4072 768 4129 liendam
816 4085 1003 4128 veram
1045 4080 1210 4140 atque
1257 4065 1618 4124 orthodoxam
1669 4062 1894 4118 Arnobii
1949 4057 2123 4116 nostri

530 4166 855 4232 doctrinam,
877 4164 970 4235 qui
991 4163 1121 4219 alibi
1146 4160 1324 4218 adhuc
1343 4166 1658 4216 constanter
1685 4163 1984 4220 asseverat,
2009 4152 2124 4208 veri

533 4262 629 4319 Dei
661 4259 939 4331 proprium
968 4273 1122 4323 esse;
1172 4265 1233 4312 ut
1276 4256 1456 4312 omnia
1485 4253 1538 4308 vi
1569 4268 1667 4310 sua
1693 4250 1984 4321 compleat,
2021 4265 2126 4304 non

535 4353 789 4425 partiliter
816 4352 1052 4422 uspiam,
1085 4349 1293 4421 inquit,
1325 4347 1380 4404 id
1417 4356 1532 4414 est,
1565 4361 1838 4414 nunquam
1882 4342 2086 4398 divisus
2106 4383 2121 4408 ,

535 4447 620 4504 vel
641 4454 701 4502 ut
717 4445 846 4502 alibi
867 4445 1004 4500 dixit
1019 4442 1260 4518 (Arnob.,
1285 4442 1376 4498 lib.
1394 4457 1470 4507 vt,
1491 4458 1612 4512 pag.
1636 4439 1741 4496 192
1759 4449 1806 4494 et
1827 4456 1948 4511 pag.
1968 4437 2121 4510 204),

2219 3227 2302 3283 sui
2322 3229 2648 3283 sententiam
2679 3229 3064 3299 perstrinxisse
3089 3228 3358 3284 videatur.
3381 3228 3637 3294 Quamvis
3662 3227 3807 3283 enim

2223 3320 2315 3377 ille
2355 3321 2554 3377 alicubi
2599 3333 2809 3378 asserat
2851 3323 2986 3378 iram
3014 3338 3121 3378 non
3153 3322 3348 3379 decere
3384 3322 3657 3379 hominem
3685 3340 3811 3396 gra-

2220 3429 2342 3468 vem
2368 3429 2431 3470 ac
2454 3414 2778 3485 sapientem,
2803 3415 2932 3471 alibi
2963 3427 3140 3471 tamen
3165 3416 3402 3473 ostendit
3428 3415 3594 3471 Deum
3629 3432 3814 3473 revera

2221 3522 2404 3562 ll‘aSCl.

2292 3600 2399 3657 Sed
2431 3601 2520 3657 illa
2555 3602 2770 3658 Heraldi
2815 3603 3122 3660 criminatio
3169 3603 3360 3659 frivola
3403 3605 3564 3676 plane
3605 3615 3727 3673 est,
3759 3616 3814 3663 et

2221 3695 2415 3764 puerili
2456 3694 2854 3768 amphibologia
2895 3696 3128 3752 laborat.
3173 3696 3254 3751 Ira
3301 3697 3567 3768 siquidem
3609 3697 3818 3754 duobus

2222 3787 2393 3844 modis
2418 3788 2716 3859 accipitur,
2765 3805 2831 3845 ac
2873 3790 3106 3861 primum
3153 3807 3183 3844 a
3227 3789 3490 3848 Cicerone
3516 3791 3813 3847 delinitur:

2228 3900 2246 3934 ι
2276 3880 2468 3937 Libido
2495 3881 2748 3950 puniendi
2777 3881 2916 3952 ejus,
2939 3883 3030 3954 qui
3059 3882 3306 3938 videatur
3333 3883 3540 3940 laesisse
3562 3883 3757 3955 injuria
3791 3903 3809 3936 ι

2222 3973 2435 4046 (Cicer.,
2484 3973 2576 4032 lib.
2607 3991 2659 4030 tv
2705 3974 2958 4042 TuscuL,
2991 3993 3112 4048 pag.
3145 3976 3284 4044 166,
3333 3977 3428 4031 lin.
3461 3975 3540 4046 8).
3585 3975 3726 4044 Quid
3754 3975 3825 4030 sit

2222 4080 2404 4125 autem
2429 4067 2598 4126 libido
2619 4071 2666 4125 si
2687 4071 2756 4126 ab
2777 4070 2897 4141 ipso
2917 4085 3165 4146 quaeras:
3200 4089 3219 4122 ‹
3250 4069 3369 4134 Est,
3397 4089 3417 4123 ι
3453 4070 3648 4141 inquit,
3680 4088 3698 4119 ι
3726 4069 3822 4124 im—

2225 4162 2500 4218 moderata
2529 4165 2792 4235 appetitio
2818 4164 3023 4234 Opinati
3062 4164 3242 4236 magni
3271 4164 3397 4219 boni
3418 4204 3434 4230 ,
3475 4165 3669 4220 rationi
3712 4181 3816 4220 non

2224 4257 2605 4330 obtemperans
2636 4277 2655 4311 ι
2705 4257 2914 4331 (Idem,
2964 4259 3056 4314 lib.
3101 4275 3190 4326 ιιι,
3239 4276 3364 4331 pag.
3407 4259 3540 4325 151,
3574 4259 3666 4313 lin.
3705 4256 3818 4328 10).

2223 4349 2585 4416 Quamobrem
2637 4367 2666 4404 a
2712 4350 2918 4408 Seneca
2967 4351 3164 4407 dicitur
3206 4351 3432 4408 affectus
3477 4352 3711 4408 maxime
3748 4367 3816 4406 ex

2224 4442 2474 4498 omnibus
2497 4451 2632 4498 teter
2656 4459 2720 4498 ac
2747 4444 2984 4511 rabidus,
3011 4445 3102 4515 qui
3133 4452 3278 4499 totus
3306 4445 3609 4499 concitatus
3641 4446 3691 4500 in
3717 4444 3806 4499 im-

536 4540 810 4611 partiliter,
841 4548 990 4606 atque
1016 4538 1071 4592 in
1107 4535 1571 4615 membra'divisus,
1603 4533 1699 4590 sed
1724 4534 1924 4605 ubique
1959 4542 2120 4599 totus,
2152 4531 2207 4593 D
2231 4545 2356 4608 petu
2385 4535 2590 4592 doloris
2618 4549 2724 4604 est,
2750 4545 2808 4592 et
2831 4553 2991 4609 quem
3027 4558 3045 4589 ι
3077 4537 3321 4592 nonnulli
3361 4536 3637 4608 sapientes
3665 4537 3816 4594 dixe-

535 4635 609 4690 ita
637 4642 695 4690 ut
724 4647 828 4688 nec
868 4629 1038 4697 adsit,
1070 4645 1172 4686 nec
1211 4629 1343 4684 absit
1376 4645 1395 4683 :
1423 4643 1608 4684 verum
1637 4626 1961 4697 ubicumque
1992 4643 2131 4696 pra:-

536 4743 666 4785 sens
685 4768 703 4795 ,
733 4739 927 4783 omnes
952 4739 1020 4781 ex
1051 4739 1394 4796 quacumque
1425 4721 1610 4778 mundi
1651 4730 1803 4792 parte
1849 4721 2131 4792 loquentes

535 4822 740 4890 audiat,
763 4829 926 4892 atque
949 4833 1136 4874 eorum
1167 4818 1356 4873 tacitas
1377 4816 1577 4873 mentis
1603 4815 1961 4884 cogitationes
1991 4813 2132 4868 anti-

537 4917 714 4988 cipata
739 4914 1054 4987 cognitione
1081 4909 1393 4983 prOSpiciat.

610 5008 877 5064 Praeterea
904 5009 1068 5063 docet
1095 5012 1321 5066 rectam.
1353 5003 1573 5075 dignam
1607 5003 1738 5070 Deo,
1769 5011 1827 5058 et
1851 5016 1974 5072 quae
2003 5000 2132 5056 reli-

539 5102 754 5174 gionem
781 5099 1062 5156 constituit
1092 5098 1232 5155 hanc
1256 5111 1380 5154 esse
1422 5097 1748 5153 sententiam
1771 5137 1786 5161 ,
1819 5111 1923 5166 qua
1949 5093 2132 5150 credi-

540 5212 662 5253 mus
687 5195 842 5250 illum
869 5195 1006 5250 nihil
1035 5193 1241 5250 habere
1268 5191 1475 5247 homini
1505 5191 1706 5257 simile,
1739 5189 1870 5246 nihil
1902 5204 2133 5260 exspec-

542 5298 659 5346 tare
699 5287 1038 5346 extrinsecus
1077 5288 1407 5352 adveniens,
1447 5285 1598 5341 nullo
1643 5284 1774 5352 iraa,
1807 5283 2133 5355 voluptatis,

544 5385 787 5452 honoris,
817 5383 1152 5450 ambitionis,
1183 5381 1453 5440 mercedis
1475 5380 1691 5448 affectu,
1719 5380 1803 5436 vel
1824 5380 1988 5436 animi
2013 5396 2139 5452 per-

544 5477 858 5534 turbatione
883 5478 1088 5534 moveri
1115 5497 1130 5534 :
1161 5477 1380 5549 etquod
1411 5476 1487 5532 illi
1517 5477 1796 5545 praprium
1827 5485 1931 5540 est,
1961 5492 2056 5531 sua
2087 5490 2140 5530 se

543 5576 593 5634 vi
633 5590 814 5641 nosse,
861 5570 966 5628 hoc
987 5579 1106 5639 est,
1152 5573 1391 5644 seipsum
1435 5581 1670 5642 quantus
1697 5571 1982 5642 qualisque
2020 5578 2138 5639 est,

545 5672 808 5744 perfecte,
839 5683 1048 5741 suaque
1089 5667 1142 5721 vi
1168 5681 1502 5738 cognoscere
1531 5665 1650 5742 (lib.
1677 5681 1774 5734 vn,
1808 5682 1932 5737 pag.
1963 5663 2073 5720 222
2095 5671 2144 5719 et

548 5767 702 5840 212).
727 5768 795 5828 Et
819 5777 969 5827 recte
983 5762 1202 5841 quidem
1223 5779 1238 5830 ;
1261 5778 1384 5820 nam
1413 5763 1573 5829 Deus,
1603 5761 1696 5833 qui
1717 5763 1957 5820 omnium
1980 5774 2145 5817 causa

2233 4638 2360 4683 runt
2385 4629 2604 4685 brevem
2629 4629 2926 4685 insaniam»
2961 4631 3198 4702 (Senec.,
3227 4631 3316 4686 lib.
3342 4647 3359 4685 ι
3382 4631 3446 4685 de
3465 4629 3579 4696 Ira,
3629 4648 3741 4702 cap.
3767 4632 3817 4698 1,

2231 4725 2322 4779 lib.
2348 4740 2406 4792 ιι,
2439 4741 2555 4796 cap.
2577 4725 2669 4793 55,
2689 4735 2737 4780 et
2765 4726 2856 4780 lib.
2884 4741 2966 4792 ιιι,
2993 4742 3114 4796 cap.
3141 4726 3177 4781 5
3201 4735 3248 4781 et
3278 4725 3358 4796 4).
3387 4725 3497 4782 Nec
3518 4726 3687 4782 semel
3709 4726 3824 4797 qui-

2233 4819 2354 4876 dem
2389 4819 2654 4890 pessimos
2697 4819 3108 4892 horrendosque
3143 4819 3262 4890 ejus
3289 4819 3518 4876 effectus
3547 4818 3820 4874 describit.

2236 4917 2573 4985 Augustinus
2616 4930 2748 4971 vero
2794 4915 2996 4985 aliquid
3027 4914 3293 4986 superiori
3332 4913 3614 4970 Ciceronis
3646 4911 3828 4977 deﬁni-

2233 5009 2368 5066 tioni
2415 5010 2639 5080 insuper
2683 5009 2923 5080 adjecit:
2970 5028 2989 5061 ι
3025 5010 3198 5079 Ipsam
3247 5009 3403 5074 iram,
3437 5027 3456 5059 ι
3489 5008 3592 5076 ait,
3646 5027 3664 5058 ι
3693 5005 3821 5061 nihil

2237 5105 2384 5162 aliud
2421 5121 2574 5172 esse,
2622 5120 2782 5176 quam
2815 5103 3112 5161 ulciscendi
3156 5102 3437 5158 libidinem
3464 5113 3676 5158 veteres
3700 5100 3825 5157 deli-

2239 5201 2457 5257 nierunt
2478 5242 2494 5267 ,
2527 5201 2775 5271 quamvis
2812 5213 3197 5267 nonnunquam
3230 5197 3424 5264 homo,
3469 5196 3557 5250 ubi
3588 5193 3827 5250 vindicta:

2230 5293 2421 5366 pullus
2459 5301 2543 5349 est
2580 5308 2772 5348 sensus
2793 5334 2809 5357 ,
2852 5293 3014 5348 etiam
3041 5290 3205 5346 rebus
3236 5290 3488 5345 inanimis
3524 5289 3778 5343 irascatur
3803 5305 3822 5340 ι

2243 5387 2508 5460 (August.,
2543 5387 2632 5442 lib.
2670 5402 2763 5442 xtv
2790 5385 2854 5440 de
2879 5384 3056 5446 Civit.,
3083 5400 3198 5456 cap.
3226 5383 3314 5449 15,
3341 5401 3461 5456 pag.
3485 5381 3636 5451 567).

2314 5478 2471 5534 Nulla
2518 5488 2699 5536 autem
2746 5475 3028 5533 dubitandi
3077 5478 3218 5532 ratio
3265 5485 3380 5542 est,
3427 5476 3555 5545 quin
3600 5475 3710 5529 hazc
3755 5475 3824 5529 ira

2246 5572 2388 5628 mala
2416 5573 2488 5628 sit
2513 5581 2569 5629 et
2596 5569 2971 5643 improbanda.
3000 5569 3133 5626 Nam
3164 5580 3222 5624 ut
3254 5578 3400 5626 recte
3423 5567 3582 5623 docet
3605 5565 3826 5623 Ambro-

2245 5665 2398 5721 sius:
2434 5685 2454 5718 ι
2486 5664 2803 5722 Potentibus
2850 5663 2929 5720 ira
2973 5680 3069 5720 sua
3097 5663 3280 5735 gravis
3319 5670 3423 5729 est,
3454 5660 3712 5732 improbis
3737 5676 3828 5716 nc-

2247 5760 2434 5832 quitia,
2475 5758 2636 5832 jnstis
2657 5757 2982 5817 conditionis
3029 5757 3344 5813 infirmitas»
3373 5754 3660 5827 (Ambros.,
3688 5753 3770 5808 lib.
3795 5769 3829 5811 tt
