3990 6072
287 143 390 200 457

1524 156 1601 215 IN’
1631 158 2003 227 ARNOBIUM,
2044 162 2195 223 CAP.
2242 169 2352 225 Vll.

3463 190 3566 249 453

284 262 348 316 de
389 263 647 336 interpell.
699 265 849 332 Job..
895 285 1018 341 cap.
1059 270 1114 338 8,
1157 270 1186 344 ᾗ
1227 272 1327 337 l6,
1347 289 1466 346 pag.
1498 274 1648 347 6'52).
1674 277 1870 347 Quam-
1902 291 1955 348 Α
1979 297 2097 353 pag.
2123 283 2276 358 225),
2306 304 2327 338 ι
2355 303 2524 357 poenm
2545 293 3134 366 constitutionem,non
3149 311 3355 361 motum
3377 308 3565 363 animi.

283 353 468 410 obrem
500 372 530 410 a
561 356 823 430 theologis
874 360 1216 419 scholasticis
1268 374 1493 421 vocatur
1524 368 1721 436 passio,
1752 384 1874 439 qua:

279 447 486 519 aliquid
528 450 718 506 saltem
749 451 1054 523 imperfecti
1099 471 1280 512 secum
1330 472 1547 528 semper
1593 461 1867 530 itnportat.

282 540 554 598 Arnobius
596 552 774 599 autem
814 545 882 601 de
933 546 1033 604 hac
1078 548 1190 620 ipsa
1241 551 1597 619 proculdubio
1635 552 1874 622 disputat

281 630 383 700 ira,
415 648 569 704 quam
602 633 820 690 Ethnici
849 636 955 694 diis
979 640 1090 694 suis
1117 641 1358 699 tribuere
1384 659 1491 698 non
1522 646 1866 701 verebantur.

278 720 444 781 Visne
472 724 605 783 illud
646 729 741 784 tibi
770 730 891 787 aliis
919 732 1039 804 ejus
1082 736 1263 791 verbis
1308 737 1562 807 probari?
1604 737 1725 795 Cito
1755 743 1872 797 haec

274 817 655 888 proferemus:
688 840 707 873 ι
739 822 807 877 Et
853 823 898 878 si
944 825 1317 884 definitionem
1363 840 1638 887 teneamus
1684 834 1866 902 illam,

272 926 429 982 quam
470 914 822 984 pertinaciter
862 920 1177 978 meminisse
1202 925 1455 981 convenit
1494 942 1593 982 nos
1630 942 1866 1000 semper,

273 1007 554 1063 universos
592 1011 896 1067 animorum
936 1014 1158 1071 allectus
1188 1017 1400 1089 ignotos
1429 1019 1533 1076 diis
1561 1036 1704 1089 esse,
1737 1038 1869 1079 con-

270 1110 582 1157 sectaneum
626 1114 707 1159 est
737 1106 962 1164 credere
1004 1125 1294 1182 numquam
1342 1114 1472 1170 deos
1503 1115 1659 1171 irasci
1691 1134 1703 1170 :
1736 1120 1865 1189 quin

270 1195 438 1267 immo
462 1198 667 1253 nullum
690 1199 943 1257 allectum
974 1205 1142 1274 magis
1163 1220 1284 1262 esse
1305 1206 1476 1265 abhis
1501 1208 1682 1280 longe,
1706 1228 1864 1281 quam

268 1288 361 1358 qui
404 1288 532 1344 feris
562 1300 617 1346 et
659 1291 855 1349 belluis
904 1296 1199 1364 proximus,
1237 1299 1413 1354 turbat
1453 1304 1867 1372 tempestatibus

268 1379 561 1446 patientes,
586 1393 640 1437 et
669 1382 734 1439 ad
762 1385 1058 1453 periculum
1092 1388 1418 1445 interitionis
1448 1393 1669 1448 inducit.
1700 1395 1869 1463 Quid-

267 1471 398 1542 quid
444 1474 586 1529 enim
634 1486 865 1532 venatur
901 1479 1127 1549 alicujus
1165 1483 1239 1535 rei
1281 1499 1347 1538 ex
1392 1492 1560 1548 motu,
1611 1488 1866 1556 passibile

269 1574 490 1620 constat
518 1580 639 1622 esse
685 1576 740 1623 et
786 1567 1012 1641 fragile:
1046 1572 1188 1642 quod
1222 1574 1451 1644 passioni
1483 1576 1865 1651 fragilitatique

271 1658 597 1729 subjectum,
631 1658 685 1716 id
717 1677 941 1719 necesse
986 1674 1070 1720 εει
1117 1681 1240 1722 esse
1279 1670 1506 1725 mortale
1535 1688 1548 1724 :
1582 1672 1659 1725 ira
1690 1682 1867 1729 autem
1898 1680 1946 1739 B
1971 1679 2248 1736 continent
2280 1696 2543 1742 venenato
2580 1691 2633 1743 in
2663 1691 2827 1748 dente
2854 1678 3112 1763 nutrices,
3152 1722 3171 1754 ι

268 1760 451 1819 vexat,
483 1759 538 1807 et
578 1753 846 1824 patientes
887 1772 947 1811 se
987 1757 1167 1812 solvit.
1201 1757 1344 1830 Ergo
1371 1776 1491 1816 esse
1522 1764 1748 1819 mortale
1779 1764 1867 1820 di-

267 1846 500 1901 cendum
532 1857 636 1909 est,
662 1849 806 1918 quod
856 1852 1199 1920 passionibus
1229 1855 1527 1925 subjectum
1567 1868 1650 1913 est
1695 1859 1808 1915 irae.
1842 1881 1859 1911 ι

278 1938 521 2008 (Arnob.,
551 1940 640 1995 lib.
666 1958 763 2010 vn,
787 1960 906 2014 pag.
947 1944 1106 2017 214.)
1134 1946 1271 2014 Quid
1303 1959 1480 2005 autem
1512 1951 1629 2006 falsi
1659 1963 1753 2009 aut
1792 1956 1870 2010 vi—

269 2033 395 2088 tiosi
428 2030 480 2088 in
513 2033 611 2089 hac
635 2039 1123 2107 argumentatione,
1158 2056 1279 2111 quze
1307 2058 1373 2097 ex
1405 2044 1469 2099 iis
1493 2046 1718 2108 eruitur,
1747 2063 1867 2119 qua:

267 2120 487 2180 Ethnici
530 2125 596 2181 de
621 2127 847 2183 deorum
880 2147 1099 2186 suorum
1130 2133 1181 2187 in
1208 2135 1535 2192 christianos
1560 2139 1661 2204 ira,
1697 2140 1866 2197 illius-

265 2232 377 2288 que
428 2218 784 2289 iniquissimis
836 2224 1069 2279 motibus
1122 2241 1410 2298 numquam
1466 2245 1574 2285 non
1623 2233 1866 2290 vendita-

264 2307 447 2366 bant?
1125 2305 1132 2313 ’

342 2400 498 2459 Aliud
526 2418 657 2460 vero
684 2415 767 2461 est
793 2420 963 2479 genus
1008 2409 1121 2477 irae,
1153 2426 1311 2479 quam
1356 2416 1559 2486 antiqui
1607 2417 1865 2475 Ecclesiae

265 2491 485 2561 Patres,
513 2511 577 2551 ac
604 2506 787 2566 postea
816 2499 1128 2557 scholastici
1157 2503 1389 2576 theologi
1416 2508 1548 2563 nihil
1574 2510 1714 2564 aliud
1747 2526 1868 2568 esse

265 2585 496 2652 docent,
530 2588 633 2643 nisi
662 2589 883 2646 offensa:
918 2600 975 2648 et
1011 2605 1248 2665 acceptae
1277 2596 1489 2667 injuria:
1516 2616 1724 2672 mquam
1746 2643 1761 2670 ,
1803 2619 1868 2659 ac

264 2681 390 2736 sine
428 2680 589 2735 animi
634 2685 1041 2754 perturbatione
1083 2688 1378 2756 ultionem,
1420 2692 1507 2747 vel
1534 2694 1738 2763 justum
1767 2696 1867 2752 de-

263 2772 398 2830 bitaa
429 2790 601 2846 postue
630 2778 931 2849 inﬂigenda!
971 2782 1253 2851 judicium.
1299 2785 1552 2843 Libenter
1578 2801 1759 2845 autem
1790 2791 1865 2845 fa-

266 2876 454 2923 tentur
477 2869 646 2925 Deum
671 2888 737 2928 eo
760 2873 921 2929 modo
951 2876 1129 2933 irasci.
1158 2877 1289 2932 Nam
1321 2897 1340 2930 ι
1373 2880 1447 2935 ira
1474 2882 1589 2947 Dei,
1622 2902 1641 2936 ι
1669 2885 1745 2938 ait
1764 2886 1869 2939 Au-

268 2961 519 3033 gustinus
544 2963 657 3036 (lib.
685 2981 775 3032 xv,
802 2964 866 3021 de
894 2964 1067 3034 Civit.,
1093 2986 1209 3040 cap.
1236 2973 1328 3037 ‘25,
1360 2990 1479 3044 pag.
1515 2974 1670 3046 409),
1706 2996 1725 3028 ι
1758 2992 1864 3032 non

1979 374 2046 429 ad
2076 377 2333 435 ultionem
2379 384 2780 443 exardescentis
2823 391 3111 461 signiﬁcari
3136 412 3281 466 stupe
3312 402 3566 457 tractavi-

1980 484 2119 525 mus.
2154 491 2171 521 ι
2209 473 2405 531 Verum
2428 478 2698 537 Arnobius
2726 484 2960 555 loquitur
2986 488 3054 544 de
3086 490 3160 544 ira
3190 507 3297 547 non
3330 494 3430 550 hoc
3450 496 3570 566 qui-

1977 559 2129 627 dem,
2183 564 2276 621 sed
2326 568 2504 635 priore
2558 580 2760 629 tantum
2810 578 3112 648 signiﬁcatu
3161 596 3419 654 accepta,
3465 559 3570 657 qua

1974 650 2188 709 Ethnici
2230 655 2361 712 deos
2387 674 2515 717 suos
2541 663 2860 723 inﬂammari
2886 671 3211 740 garriebant.
3243 650 3415 747 Alquc
3468 650 3572 737 hoc

1972 742 2094 812 ipso
2121 762 2307 815 sensu,
2339 751 2464 806 alibi
2491 756 2683 812 asserit
2727 759 2926 826 Deum,
2960 781 2979 814 ι
3010 766 3152 833 quod
3194 770 3408 841 smpius,
3434 792 3453 823 ι
3486 774 3568 827 in-

1971 836 2107 906 quit,
2142 858 2160 892 ι
2193 842 2393 899 dictum
2422 858 2526 914 est,
2559 866 2665 905 non
2698 853 2987 912 ardescere
3018 860 3217 916 irarum
3248 863 3502 923 ﬂatumis.
3541 890 3559 921 ι

1973 929 2213 1001 (Arnob.,
2233 936 2322 990 lib.
2345 955 2439 1007 vn,
2462 959 2583 1013 pug.
2602 943 2754 1014 29.2.)
2779 947 2945 1004 Recte
2966 961 3142 1008 autem
3168 955 3303 1014 hanc
3320 959 3372 1013 in
3397 961 3566 1018 Deum

1971 1022 2107 1078 iram
2137 1026 2332 1084 cadere
2360 1047 2466 1088 non
2493 1050 2651 1103 posse
2679 1053 2979 1109 asseverat,
3008 1061 3212 1118 eosque
3235 1066 3427 1109 revera
3457 1071 3565 1114 non

1969 1134 2090 1176 esse
2120 1123 2270 1190 deos,
2303 1130 2391 1199 qui
2419 1145 2482 1185 ea
2515 1136 2911 1196 excandescere
2937 1141 3275 1202 dicebautur.

2041 1212 2145 1269 Ubi
2192 1217 2366 1286 enim,
2401 1222 2556 1278 sicuti
2599 1228 2759 1296 paulo
2785 1241 2942 1288 antea
2985 1240 3396 1306 annotavimus.
3431 1232 3570 1304 dixit

1970 1304 2150 1373 irasci,
2187 1311 2320 1366 nihil
2352 1330 2474 1371 esse
2509 1318 2652 1375 aliud
2681 1338 2841 1398 quam
2871 1326 3127 1393 insanire,
3160 1333 3361 1398 furere,
3391 1337 3442 1392 in
3483 1342 3565 1394 ul-

1970 1397 2172 1456 tionem
2208 1404 2439 1462 libidinis
2470 1409 2597 1466 l'erri
2635 1425 2692 1468 et
2718 1395 2966 1474 bacchari
2988 1463 3003 1484 .
3045 1425 3384 1483 continenter
3410 1431 3564 1500 adje-

1968 1491 2040 1546 cit
2071 1510 2084 1546 :
2121 1513 2140 1545 ι
2172 1495 2285 1552 Hoc
2325 1515 2454 1571 ergo
2479 1504 2550 1557 dii
2583 1508 2762 1577 magni
2802 1522 3030 1582 norunt,
3078 1520 3448 1587 perpetiuntur
3466 1491 3494 1591 ,'
3511 1535 3566 1581 et

1967 1588 2207 1643 sentiunt
2249 1592 2393 1661 quod
2440 1593 2596 1663 ferar,
2646 1600 2790 1668 quod
2837 1603 3056 1679 belluas,
3102 1611 3240 1679 quod
3272 1588 3567 1672 inortilerte

2860 1678 3112 1763 nutrices,
3152 1722 3171 1754 ι
3207 1704 3283 1777 (id
3315 1718 3416 1772 est,
3450 1725 3568 1766 ser-

1969 1776 2160 1838 pentes
2181 1787 2445 1830 venenum
2470 1778 2522 1833 in
2551 1796 2689 1851 aqua
2716 1784 3020 1855 fundentes,
3045 1792 3113 1847 de
3136 1796 3330 1863 quibus
3349 1797 3564 1870 Cicero,

1967 1859 2249 1935 Lucanus)
2296 1877 2349 1922 et
2390 1869 2482 1924 alii
2530 1890 2548 1922 ι
2580 1875 2720 1943 quod
2772 1877 3008 1937 levitatis
3039 1884 3092 1939 in
3139 1859 3394 1955 homine.
3422 1859 3569 1965 quod

1969 1963 2183 2013 terreno
2227 1960 2281 2015 in
2311 1963 2583 2022 animante
2608 1969 2876 2039 culpabile
2902 1986 3017 2040 est,
3052 1993 3316 2049 prmstans
3345 1987 3434 2042 illa
3465 2006 3564 2045 na-

1971 2057 2125 2114 tura,
2174 2061 2229 2106 ct
2271 2053 2324 2107 in
2373 2068 2644 2128 perpetua:
2676 2063 2886 2119 virtutis
2926 2067 3179 2127 ﬁrmitate
3227 2080 3563 2149 consistens,

1967 2139 2106 2195 scire
2140 2160 2159 2193 ι
2212 2144 2307 2214 (al.
2350 2152 2597 2221 sentire),
2650 2173 2668 2205 ι
2707 2170 3050 2217 asseveratur
3090 2179 3121 2219 a
3170 2170 3321 2224 vobis
3378 2191 3397 2224 ι
3443 2173 3569 2247 (Ar-

1968 2231 2111 2299 nob.,
2138 2233 2227 2290 lib.
2254 2253 2293 2304 ι,
2326 2258 2446 2312 pag.
2483 2260 2544 2309 x;
2577 2246 2766 2313 Cicer.,
2812 2251 2904 2305 lib.
2949 2270 2998 2308 tv
3053 2259 3297 2317 Academ.
3359 2231 3566 2341 quiest"

1969 2339 2090 2396 pag.
2109 2326 2212 2393 55;
2261 2329 2486 2401 Lucam,
2512 2335 2602 2390 lib.
2630 2354 2705 2406 lx,
2732 2356 2863 2396 vers.
2892 2344 3041 2418 τῖε),
3074 2352 3326 2412 nimirum
3350 2326 3567 2429 gentili:

1967 2416 2066 2471 bus
2096 2421 2183 2490 qui
2212 2422 2316 2478 diis
2350 2428 2544 2483 vestris
2577 2431 2830 2499 tribuitis,
2857 2416 3111 2508 quidquid
3142 2446 3217 2500 ira
3249 2451 3303 2505 in
3330 2416 3564 2512 hymnini-

1968 2506 2067 2565 bus
2095 2521 2151 2566 et
2180 2514 2373 2601 belluis
2402 2521 2526 2576 mali
2572 2521 2771 2582 habere
2815 2506 3169 2599 dignoscitur.
3200 2540 3337 2607 Quid
3382 2557 3563 2605 autem

1968 2599 2021 2655 in
2052 2611 2161 2658 tota
2186 2599 2285 2662 hac
2300 2617 2769 2697 argumentatione
2789 2623 2934 2693 carpi
2965 2636 3163 2695 potest,
3189 2634 3330 2701 quod
3361 2654 3466 2692 non
3494 2642 3569 2697 sit

1970 2706 2158 2750 sanum
2203 2709 2257 2752 et
2305 2702 2709 2763 orthodoxum‘!
2756 2708 2953 2769 Contra
2995 2716 3252 2778 Ethnieos
3295 2729 3565 2788 Arnobius

1969 2783 2147 2855 docet,
2180 2791 2408 2865 totisque
2436 2797 2635 2869 ingenii
2662 2802 2866 2860 viribus
2888 2807 3264 2874 demonstrare
3286 2825 3566 2882 contendit

1972 2876 2022 2931 in
2052 2894 2235 2936 verum
2261 2883 2427 2940 Deum
2457 2891 2651 2947 cadere
2678 2909 2785 2949 non
2810 2912 2969 2966 posse
2992 2904 3235 2962 vitiosam
3265 2911 3422 2978 iram,
3449 2933 3569 2985 pra-

1971 2984 2175 3043 vosque
2200 2975 2340 3031 illius
2368 2989 2546 3036 motus
2576 2993 2632 3039 et
2655 2984 2896 3045 eli‘ectus.
2928 2994 2995 3047 At
3033 3011 3322 3070 numquam
3353 2975 3570 3079 negavit

262 3054 606 3124 perturbatio
631 3055 797 3111 animi
823 3058 942 3129 ejus
966 3071 1069 3126 est,
1097 3062 1189 3116 sed
1212 3062 1494 3132 judicium,
1523 3082 1628 3136 quo
1658 3067 1864 3140 irroga-
1891 3077 1936 3140 ς
1969 3062 2020 3116 ill
2050 3064 2161 3119 Deo
2185 3083 2303 3121 eam
2336 3085 2456 3127 esse
2487 3073 2621 3130 iram
2645 3117 2660 3142 .
2700 3094 2821 3149 qum
2853 3083 2924 3138 sil
2953 3096 3156 3144 rectum
3207 3109 3378 3162 poena:
3418 3054 3561 3157 inulli-

264 3155 360 3200 tur
387 3160 541 3217 poena
571 3159 813 3217 peccato.
846 3169 865 3202 ι
898 3152 1070 3207 Antea
1095 3168 1223 3209 vero
1250 3153 1509 3226 Origenes
1540 3158 1701 3215 Celso
1730 3161 1864 3232 obji-

264 3236 435 3292 cieoti
458 3237 719 3296 humanos
743 3241 836 3297 irae
865 3242 1108 3315 aliosque
1135 3245 1362 3303 allectus
1388 3249 1440 3303 iu
1473 3251 1641 3306 sacris
1667 3255 1867 3309 noSIris

277 3330 578 3402 Scripturis
623 3333 735 3390 Deo
772 3336 1029 3405 attribui,
1061 3340 1353 3409 respondet
1382 3342 1588 3397 illarum
1616 3356 1866 3401 auctores

264 3439 426 3480 more
453 3425 597 3495 loqui
650 3427 948 3494 hominum,
997 3439 1052 3484 et
1096 3431 1346 3486 utilitatis
1390 3432 1630 3504 ipsorum
1678 3452 1863 3505 causa,

265 3517 368 3573 sed
406 3533 593 3574 verum
639 3518 990 3575 scribentium
1035 3536 1252 3578 sensum
1283 3524 1350 3580 ab
1376 3526 1594 3583 homine
1639 3528 1862 3598 spiritali

262 3610 428 3667 facile
470 3610 733 3682 dignosci.
786 3610 921 3667 Tum
967 3614 1310 3671 continenter
1354 3616 1550 3687 adjecit
1599 3619 1861 3693 (Urigen.,

265 3703 361 3756 lib.
388 3718 463 3768 Iv,
490 3713 623 3757 cont.
655 3703 809 3772 Cela,
845 3722 970 3776 pag.
995 3705 1126 3780 ΞΗ)
1164 3725 1177 3761 :
1204 3707 1382 3795 δοργήν
1424 3706 1510 3766 οὖν
1556 3714 1862 3787 ὀνομάζομεν
1960 3790 1965 3795 ε

262 3799 421 3852 Θεοῦ,
451 3796 510 3849 οὐ
536 3796 692 3857 πάθος
716 3794 762 3852 δ’
788 3798 948 3852 αὐτοῦ
978 3799 1135 3858 αὐτὴν
1165 3794 1290 3855 εἶναι
1329 3803 1666 3875 φάμενῼάλλά
1688 3829 1737 3861 τι
1762 3830 1867 3863 πα·

262 3885 717 3963 ραλαμϐανὸμενον
770 3890 842 3950 εἷς
891 3893 981 3948 τήν
1031 3887 1115 3945 διὰ
1171 3895 1589 3970 σκυθρωποτέρον
1651 3899 1863 3973 ἀγωγῶν

262 3979 562 4044 παίδευσιν,
593 3989 699 4042 τοῖς
723 3984 792 4038 τὰ
817 3981 1004 4038 τοσάδε
1034 3986 1121 4037 καὶ
1154 3984 1323 4042 τοιάδε
1350 3989 1693 4065 ἡμαρτηκόσι.
1725 3991 1862 4063 Ergo

264 4090 391 4128 cum
418 4075 549 4129 iram
575 4073 673 4129 Dei
709 4076 1053 4142 nominamus,
1086 4095 1186 4133 non
1214 4078 1455 4148 a/I'ectum
1484 4085 1594 4154 ejus
1623 4086 1859 4153 dicimus,

262 4169 360 4226 sed
407 4168 649 4241 quiddam
690 4174 938 4226 severiore
971 4172 1244 4242 disciplina
1290 4176 1545 4248 castigans
1601 4177 1858 4246 homines,

267 4274 343 4319 tot
374 4264 627 4337 tantisque
651 4265 871 4336 peccatis
900 4264 1162 4321 obnoxios.
1195 4266 1388 4325 Plures
1415 4270 1489 4325 uti
1519 4272 1858 4329 Ambrosium

267 4348 510 4431 aliosime
536 4358 780 4414 similiter
809 4358 1089 4430 loquentes
1119 4361 1374 4420 inducere
1405 4381 1685 4434 possemus
1712 4367 1859 4434 (Am-

267 4452 433 4517 bras.,
460 4451 547 4506 lib.
572 4450 635 4505 de
665 4448 795 4518 Noe,
823 4468 938 4525 cap.
972 4455 1027 4520 4,
1056 4453 1083 4527 §
1108 4458 1161 4522 9,
1193 4474 1314 4530 pag,
1342 4458 1492 4533 251).
1528 4460 1633 4518 Sed
1664 4464 1785 4535 quia
1807 4465 1859 4521 id
1886 4480 1940 4541 1)

267 4543 484 4615 longius
514 4543 685 4609 foret,
717 4544 829 4607 sola
871 4545 1216 4616 subjiciemus
1264 4552 1379 4606 haec
1423 4551 1608 4610 Hilarii
1654 4557 1859 4615 verba:

275 4653 300 4689 ι
328 4635 472 4693 Ultio
515 4637 803 4693 constituta
853 4639 929 4694 ira
977 4654 1099 4697 esse
1143 4640 1237 4698 Dei
1284 4645 1554 4715 creditur;
1601 4666 1707 4706 non
1737 4654 1862 4723 quia

266 4730 675 4789 indemutabilis
703 4731 792 4787 illa
820 4732 934 4797 Dei,
961 4744 1014 4789 et
1036 4735 1212 4806 quieta
1236 4747 1425 4795 natura
1457 4750 1601 4797 motu
1632 4743 1862 4815 impetus

230 4844 237 4847 ι
267 4825 468 4881 turbidi
495 4825 822 4892 incalescat;
857 4827 949 4883 sed
978 4828 1120 4898 quod
1148 4829 1261 4896 ille,
1293 4833 1384 4903 qui
1409 4848 1504 4903 per
1526 4837 1861 4896 constitutio-

255 4933 397 4976 'nem
423 4934 599 4990 pinna:
647 4929 863 4976 maneat
892 4923 945 4976 in
993 4936 1150 4993 pmna
1171 4967 1186 4990 ,
1227 4926 1421 4982 sentiat
1458 4928 1558 4983 sibi
1588 4942 1861 4991 auctorem

266 5012 433 5085 hujus
462 5013 864 5070 constitutionis
894 5016 1113 5072 iratum.
1146 5019 1311 5076 Poena
1341 5022 1482 5077 enim
1510 5025 1761 5093 patientis
1786 5029 1862 5085 ira

266 5120 394 5161 esse
420 5105 658 5162 creditur
696 5106 1056 5167 decernentis.
1087 5113 1261 5183 Atque
1298 5113 1368 5169 ita
1408 5116 1657 5174 irascitur
1690 5121 1861 5192 Deus,

266 5213 395 5255 cum
439 5213 536 5269 per
564 5214 740 5270 preme
778 5201 1020 5259 dolorem
1063 5203 1196 5260 iram
1227 5205 1428 5264 decreti
1461 5210 1513 5265 in
1544 5228 1603 5268 se
1632 5217 1866 5274 sentiant

266 5306 394 5348 esse
424 5291 633 5362 puniti,
676 5309 796 5365 qua:
835 5311 940 5350 non
982 5312 1079 5367 per
1119 5297 1542 5358 demutationem
1575 5316 1780 5364 natura:
1810 5309 1863 5366 in

267 5387 407 5445 iram
429 5405 494 5446 ex
525 5389 885 5461 placabilitate
931 5406 1199 5452 commota
1227 5408 1341 5467 est,
1379 5402 1473 5457 sed
1505 5418 1572 5460 ex
1601 5409 1866 5465 constitu-

268 5485 421 5542 tione
451 5500 622 5555 poenze
666 5488 744 5543 ira
790 5489 860 5545 sit
898 5492 1202 5561 puniendis.
1245 5514 1265 5546 ι
1324 5493 1548 5566 (Hilam,
1594 5499 1767 5559 Tracl.
1816 5506 1870 5562 in

268 5575 480 5631 Psalm.
507 5594 562 5645 ιι,
592 5577 620 5652 §
650 5579 740 5650 l7,
772 5599 890 5655 pag.
909 5583 1029 5657 55.)
1060 5584 1243 5655 Neque
1286 5586 1339 5642 id
1378 5592 1543 5646 semel
1572 5590 1743 5653 dixit‘:
1773 5601 1870 5656 sed

267 5672 326 5728 in
356 5670 437 5725 ira
462 5670 581 5741 Dei,
612 5674 784 5748 inquit
808 5677 985 5735 adhuc
1014 5677 1207 5751 (lbid.,
1232 5681 1283 5734 in
1313 5683 1497 5752 psalm.
1519 5692 1750 5765 vaut,§
1778 5694 1868 5763 l9,

715 5768 989 5834 ΡΑτιιοι..
1038 5771 1112 5833 V.

1965 3156 2155 3226 gentia:
2174 3158 2535 3249 judiciutn,‘_et
2559 3170 2704 3236 justa
2734 3173 2958 3231 oflensu:
2986 3156 3220 3252 alicujus
3241 3187 3396 3244 ultio.
3422 3193 3561 3260 Quid

1966 3259 2143 3306 autem
2186 3254 2380 3311 citatus
2417 3259 2485 3313 ab
2532 3260 2762 3320 lleraldo
2790 3266 3102 3330 Lactantius
3128 3278 3195 3333 de
3230 3279 3310 3336 ira
3342 3254 3563 3346 Deivdo-

1967 3344 2152 3410 cuerit,
2182 3361 2280 3403 suo
2309 3348 2427 3406 loco
2456 3353 2854 3426 indagabimus.

2567 3507 2863 3554 ARTICULUS
2902 3516 2973 3558 IV.

1968 3612 2141 3667 Utrum
2156 3618 2873 3719 At‘uobi'u‘sncr‘e‘didﬂeritDeum
2897 3652 3020 3719 esse.
3035 3648 3251 3700 omnium
3272 3668 3380 3705 cum
3400 3671 3560 3719 ptenaz

2341 3694 2444 3736 tum
2467 3690 2625 3754 culpa:
2648 3697 2885 3749 malorum
2915 3690 3184 3759 auctorem:

2036 3826 2302 3932 Quosdam
2322 3834 2509 3941 audire
2534 3839 2689 3896 nobis
2711 3844 2975 3916 videmur,
3001 3857 3090 3925 qui
3117 3859 3415 3923 Arnobium
3444 3887 3560 3941 gra-

1966 3916 2165 3973 vissimi
2192 3921 2246 3975 in
2270 3936 2366 3979 sua
2395 3925 2462 3982 de
2488 3930 2577 3983 Dei
2601 3936 2991 4005 omnipatentia
3017 3916 3559 4019 disputatione-ego.-

1964 4007 2039 4063 ris
2078 4011 2333 4070 audacter
2378 4018 2714 4081 insimulant.
2747 4029 2938 4088 Nonne
2967 4042 3132 4104 enim,
3164 4043 3430 4120 inquiunt,
3458 4058 3558 4113 ali-

1963 4476 2321 4532 auenlissmo
2350 4481 2441 4538 me
2468 4489 2650 4544 am'm’
2676 4498 2953 4567 θιρειιιιίι,
2975 4476 3289 4570 Persuasum
3308 4476 3552 4578 aliis;

1964 4565 2200 4625 declarat
2228 4588 2290 4629 ea
2319 4579 2455 4632 mala
2486 4597 2662 4653 neque
2695 4602 2763 4643 ex
2803 4591 3114 4667 elementis,
3148 4619 3325 4674 neque
3354 4626 3423 4667 ex
3456 4630 3551 4671 eo-

1965 4677 2082 4780 :ﬂum
2106 4664 2463 4771 inaequalitate
2484 4678 2614 4732 oriri
2640 4679 2831 4751 (Idem,
2852 4686 2944 4742 lib.
2975 4705 3034 4756 ιι,
3056 4664 3177 4766 pag.
3194 4664 3265 4754 8D
3284 4712 3332 4755 et

1964 4753 2082 4811 Non
2117 4761 2257 4815 enim
2304 4764 2421 4820 ﬁeri
2477 4784 2637 4838 posse
2665 4784 2853 4845 putat,
2906 4792 2962 4835 ut
3005 4753 3370 4855 quaevsensum

1964 4848 2212 4923 ciumque
2242 4871 2345 4912 non
2391 4858 2624 4931 habent,
2670 4872 2829 4926 noxia
2855 4875 2965 4930 sint
3001 4892 3055 4933 et
3097 4882 3382 4949 malitiosa.
3406 4848 3551 4958 bum

1964 4958 2093 5015 ergo
2120 4946 2186 5001 ad
2217 4947 2333 5006 lttec
2361 4953 2464 5009 sibi
2492 4957 2702 5028 objecta
2733 4964 2822 5021 ille
2844 4981 3031 5038 postea
3062 4946 3386 5049 respondi-tl

1964 5052 2095 5095 sane
2121 5042 2285 5111 aliud,
2313 5047 2412 5101 nisi
2441 5065 2627 5119 parum
2661 5056 2925 5119 interesse
2951 5068 3276 5146 sciamusne,
3304 5097 3371 5138 an
3401 5088 3551 5157 igno-

1965 5147 2147 5192 remus
2170 5153 2290 5208 quae
2337 5145 2459 5200 mali
2484 5162 2644 5205 causa
2672 5154 2762 5209 sit.
2793 5156 2965 5212 Unum
3002 5165 3201 5237 quippe
3227 5177 3367 5233 seire
3398 5145 3553 5242 nobis

1965 5224 2213 5285 sufficere
2238 5233 2531 5295 arbitratur
2555 5243 2688 5298 nihil
2715 5262 2742 5299 a
2777 5248 2885 5304 Deo
2912 5224 3156 5324 noxium:
3180 5268 3455 5329 exitiabile
3497 5224 3555 5336 οἵ

1970 5323 2299 5382 mortiferum
2330 5335 2628 5404 prolicisci,
2666 5339 2906 5414 nihilque
2931 5349 3000 5404 ab
3023 5368 3090 5409 eo
3115 5357 3231 5415 ﬁeri
3252 5404 3266 5424 .
3302 5368 3400 5423 nisi
3437 5386 3556 5429 om-

1971 5415 2132 5521 nibus
2156 5421 2420 5494 salutare,
2450 5428 2637 5497 dulce,
2664 5437 2922 5508 Optabile,
2949 5456 3161 5515 gratum
3206 5415 3266 5510 etv

1972 5523 2187 5568 Statum.

2044 5603 2231 5664 Nonne
2258 5618 2434 5667 autem
2478 5623 2623 5685 tota,
2658 5623 2840 5693 aiunt,
2877 5628 2977 5687 hac
3016 5634 3069 5687 in
3095 5641 3344 5700 oratione
3369 5651 3563 5725 caligat

2054 5704 2255 5725 -.-.η.-.ς.
2300 5704 2389 5725 ._,
2439 5708 2486 5725 ..
2698 5718 2709 5725 .

1975 5708 2028 5756 ct
2052 5704 2261 5759 c:t:cutit
2288 5704 2575 5782 Arnobius,
2605 5718 2807 5775 malum
2833 5724 3007 5798 culpze
3033 5743 3061 5781 a
3090 5734 3238 5791 malo
3262 5752 3435 5805 penne
3461 5704 3572 5811 1:0“

2806 5814 2880 5877 15
