3990 6072
454 242 561 309 459

1725 236 2175 301 DlSSERTATIO
2212 232 2492 297 PMVIA

3623 233 3733 293 ιδο

450 364 870 439 distinguendo?
896 363 1031 433 Quis
1054 374 1288 433 namque
1325 360 1379 416 in
1419 360 1590 417 sacris
1615 359 1819 416 nostris
1849 360 2032 429 Scrip-
2060 364 2114 430 Α
2137 354 2282 411 Deus
2324 355 2506 427 itaque
2550 353 2692 411 sicut
2728 358 2784 409 et
2817 346 3064 409 Christus
3105 349 3379 409 neminem
3420 350 3586 423 cogit,
3633 352 3732 407 sed

454 463 589 517 turis
617 476 724 516 non
759 460 915 530 plane
944 459 1158 528 hospes,
1189 471 1252 512 ac
1284 456 1599 527 peregrinus
1620 498 1634 523 ,
1666 457 1874 511 nesciat
1911 452 2040 508 mali

452 556 656 624 culpae,
689 554 799 608 Deo
828 550 1191 624 permittente,
1220 549 1517 612 diabolum,
1548 548 1675 602 mali
1710 563 1840 603 vero
1865 556 2040 618 poma:

458 640 805 713 peccantibus
832 638 1070 706 inﬂictae,
1098 638 1386 707 ipsummet
1417 637 1606 701 Deum,
1634 640 1783 690 recto
1810 648 1939 689 sane
1960 634 2041 703 ju-

450 735 590 791 dicio
618 736 747 790 esse
764 731 1077 787 auctorem?
1106 728 1296 786 Nonne
1333 727 1496 784 etiam
1538 727 1670 784 illud
1699 726 1909 784 discere
1939 741 2038 797 po-

450 826 546 881 tuit
574 842 641 881 ex
669 824 1022 891 Tertulliano,
1045 823 1136 895 qui
1161 822 1375 894 quidem
1404 822 1495 877 ubi
1523 820 1783 877 adversus
1812 820 2038 875 Marcio-

445 922 531 975 nis
558 919 628 975 de
653 919 796 975 malo
821 917 924 974 deo
951 917 1216 972 malorum
1259 924 1480 970 auctore
1503 924 1743 969 errorem
1772 912 2031 978 disputat,

443 1014 517 1070 ibi
546 1015 683 1070 scite
709 1023 996 1082 utrumque
1023 1009 1155 1065 illud
1187 1008 1386 1063 malum
1416 1006 1733 1078 distinguit:
1770 1024 1789 1057 ι
1825 1004 1935 1060 Nos
1956 1046 1970 1071 ,
2005 1022 2026 1058 ι

441 1109 647 1179 inquit,
683 1122 703 1159 ο
738 1106 974 1163 adhibita
1002 1104 1346 1161 distinctione
1376 1103 1653 1173 utriusque
1690 1100 1909 1166 format,
1940 1114 2032 1155 se-

442 1202 642 1274 paratis
672 1200 827 1256 malis
853 1199 1053 1266 delicti,
1084 1209 1139 1254 et
1170 1197 1324 1252 malis
1348 1197 1615 1269 supplicii,
1648 1194 1806 1250 malis
1828 1194 2024 1263 culpte,

439 1307 496 1352 et
534 1297 690 1351 malis
727 1309 925 1366 pinnae,
957 1307 1114 1348 suum
1144 1291 1341 1361 cuique
1368 1290 1504 1358 parti
1534 1288 1821 1344 definimus
1846 1294 2031 1342 aucto-

441 1405 559 1447 rem
592 1407 607 1443 :
638 1387 902 1443 malorum
930 1384 1147 1457 quidem
1190 1383 1392 1454 peccati
1429 1390 1484 1436 et
1509 1382 1678 1452 culpae
1714 1378 1985 1435 diabolum
2013 1396 2027 1433 :

439 1483 702 1538 malorum
742 1494 872 1537 vero
900 1477 1145 1550 supplicii
1180 1485 1236 1531 et
1275 1489 1449 1544 paenae
1495 1474 1660 1530 Deum
1691 1480 2027 1537 creatorem;

441 1585 498 1629 ut
542 1573 629 1628 illa
680 1586 805 1643 pars
850 1568 1068 1625 malitia:
1113 1568 1432 1638 deputetur,
1468 1566 1570 1621 ista
1594 1565 1844 1635 iustitiae,
1887 1563 2029 1620 mala

435 1667 718 1724 candentis
753 1664 951 1735 judicia
978 1663 1239 1719 adversus
1270 1661 1406 1716 mala
1434 1660 1638 1717 delicti.
1671 1661 1745 1715 De
1779 1661 1860 1714 his
1896 1673 2028 1729 ergo

2144 462 2334 504 omnes
2359 446 2640 519 aequaliter
2672 454 2847 515 vocat,
2881 452 2935 503 et
2960 445 3169 502 cunctis
3193 445 3260 501 ad
3286 456 3347 502 se
3373 444 3626 502 veniendi
3653 446 3735 501 fa-

2142 541 2216 595 cit
2250 546 2593 612 potestatem.
2633 538 2690 596 Si
2721 540 2840 612 quis
2870 553 2999 611 ergo
3035 554 3143 595 non
3185 538 3385 606 veniat,
3418 537 3563 594 illius
3599 548 3734 595 sane

2144 650 2251 689 non
2294 635 2389 691 Dei
2429 635 2585 705 culpa
2626 642 2729 692 est.
2766 635 2927 707 Atqui
2957 650 3024 691 ex
3050 624 3150 691 liae
3181 634 3591 690 ratiocinatione
3614 633 3732 690 evi-

2142 724 2334 785 denter
2381 727 2654 801 coliigitur
2685 729 2982 785 Arnobium
3020 727 3318 785 credidisse
3358 726 3497 783 mala
3537 726 3729 798 culpae,

2140 822 2340 887 delicti,
2373 830 2428 877 et
2457 822 2693 890 malitiae,
2724 838 2827 879 non
2859 838 2926 878 ex
2959 822 3086 888 Deo,
3122 816 3219 878 sed
3244 834 3309 878 ex
3341 819 3506 876 libera
3534 830 3733 891 prava-

2138 928 2243 986 que
2263 912 2497 972 hominis
2520 914 2798 973 voluntate
2821 915 3088 988 proficisci
3115 933 3130 972 :
3158 915 3298 971 mala
3325 924 3503 972 autem
3534 928 3733 985 utentia,

2140 1007 2212 1063 uti
2243 1006 2444 1064 dictum
2470 1018 2575 1075 est,
2602 1008 2669 1066 ab
2696 1024 2761 1065 eo
2787 1008 3003 1081 quidem
3031 1008 3219 1080 infligi,
3248 1004 3343 1065 sed
3365 1019 3587 1081 cogente
3609 1022 3736 1080 pec-

2136 1102 2369 1158 cantium
2424 1103 2656 1169 malitia,
2712 1118 2871 1174 quam
2925 1103 3241 1175 impunitam
3291 1101 3562 1159 dimittere
3619 1114 3730 1158 non

2135 1202 2329 1266 potest.

2205 1289 2405 1345 Contra
2434 1296 2610 1346 tamen
2631 1284 2849 1361 objiciet
2876 1291 3072 1363 aliquis
3095 1291 3389 1349 Arnobium
3420 1300 3734 1348 constanter

2133 1390 2361 1452 negasse
2386 1383 2549 1438 ullam
2573 1383 2895 1440 calamitatis
2924 1396 3139 1439 causam
3168 1400 3329 1455 posse
3356 1396 3606 1455 umquam
3631 1384 3729 1440 ho-

2136 1474 2372 1534 minibus
2412 1477 2480 1533 ab
2518 1478 2636 1547 ipso
2680 1478 2789 1534 Deo
2829 1474 3038 1534 inferri.
3085 1477 3296 1534 Diserte
3335 1478 3599 1550 siquidem
3639 1478 3733 1534 ille

2135 1566 2818 1643 pronutitiateruidquid
2854 1572 2998 1644 potis
3034 1584 3118 1627 est
3152 1580 3370 1628 causam
3409 1572 3736 1628 calamitatis

2133 1663 2358 1731 inferre,
2390 1662 2517 1736 quid
2546 1668 2618 1720 sit
2637 1667 2873 1735 printum
2902 1665 3193 1721 videndum
3216 1674 3317 1731 est,
3346 1675 3402 1721 et
3421 1664 3490 1720 ab
3519 1662 3613 1720 Dei
3637 1679 3735 1720 no-

434 1771 646 1817 creator
674 1758 954 1830 proﬁtetur
992 1756 1177 1820 malis,
1206 1769 1325 1824 quae
1350 1761 1658 1823 congruunt
1680 1750 1868 1822 judici.
1891 1752 2024 1820 Quae

2149 1760 2273 1814 nine
2322 1760 2632 1830 longissima
2682 1758 2846 1816 debet
2889 1754 3183 1816 diﬂeritate
3230 1749 3498 1833 seponif)
3534 1759 3733 1833 (Idem,

434 1857 650 1931 quidem
681 1854 820 1911 mala
863 1850 970 1908 illis
1008 1852 1147 1907 mala
1192 1860 1347 1915 sunt,
1377 1850 1572 1920 quibus
1615 1845 2025 1918 rependantur:

430 1961 684 2005 caeterum
706 1960 808 2002 suo
831 1946 1050 2000 nomine
1072 1943 1235 2008 bona,
1261 1956 1364 2012 qua
1382 1941 1549 2011 justa,
1577 1949 1632 1997 et
1656 1939 1923 1996 bonorum
1943 1938 2032 1995 de-

433 2049 684 2115 fensoris,
717 2054 773 2103 et
797 2045 1118 2101 delictorum
1147 2041 1387 2108 inimica,
1418 2046 1580 2109 atque
1624 2040 1675 2094 in
1706 2037 1810 2093 hoc
1837 2039 2032 2093 ordine

431 2142 544 2197 Deo
586 2139 767 2210 digna.
800 2156 819 2190 ι
851 2135 1213 2209 (Τενιιιιιὶαηη
1243 2133 1331 2188 tib.
1365 2149 1423 2200 ιι,
1452 2134 1571 2187 adv.
1601 2128 1887 2207 (faniam,
1910 2142 2029 2201 cap.

432 2235 520 2299 Μ,
552 2246 673 2305 pag.
703 2230 859 2302 464.)
887 2229 985 2286 Cui
1013 2228 1230 2300 quidem
1277 2226 1394 2281 haec
1435 2225 1654 2281 uberius
1685 2220 2031 2295 prosequenti

431 2338 486 2384 et
523 2328 786 2383 asserenti
824 2320 1184 2394 suffragantur
1229 2320 1524 2392 Origenes,
1587 2318 1918 2391 Augustinus
1977 2326 2034 2373 et

431 2421 523 2477 alii
546 2430 739 2491 magno
762 2432 989 2475 numero
1009 2424 1065 2472 et
1083 2426 1353 2472 consensu
1370 2414 1442 2468 Pa
1452 2420 1562 2468 tres
1586 2411 1866 2475 Ecclesiae.
1891 2421 2028 2482 quos

431 2516 486 2571 in
519 2528 597 2582 re,
630 2512 764 2569 nulli
793 2510 1084 2581 incognita,
1118 2509 1204 2564 hic
1233 2507 1507 2578 appellare
1534 2504 1666 2560 nihil
1696 2517 1920 2559 necesse
1944 2508 2030 2558 est

434 2611 608 2685 (Orig.
632 2653 646 2676 ,
681 2609 768 2663 lib.
813 2623 885 2675 vr,
931 2616 1095 2660 contr.
1141 2602 1312 2668 (λιιι,
1344 2616 1463 2673 pag.
1497 2599 1637 2664 324;
1664 2599 1905 2670 August.,
1935 2595 2026 2653 lib.

432 2716 600 2762 contr.
630 2704 921 2768 Adimant.,
949 2712 1063 2769 cap.
1094 2697 1197 2765 26,
1225 2694 1375 2768 etc.).
1404 2694 1673 2765 Numquid
1702 2708 1832 2763 ergo
1858 2693 2034 2748 Arno-

433 2800 555 2856 bius
582 2801 696 2853 hzec
725 2795 1009 2868 ignoravit,
1037 2798 1127 2847 aut
1150 2791 1195 2845 si
1225 2799 1501 2859 comperta
1527 2786 1733 2852 habuit,
1762 2801 1858 2840 cur
1880 2776 2032 2839 brevi

433 2890 813 2965 explicatione,
844 2888 929 2943 vel
958 2882 1187 2955 duplicis
1215 2881 1340 2936 mali
1376 2878 1745 2941 distinctione,
1777 2891 1883 2931 non
1922 2875 2031 2929 sol-

432 2989 508 3044 vit
539 2986 763 3059 hujusce
790 2979 1121 3038 diflicultatis
1146 2974 1386 3031 nodum?
1416 2971 1686 3043 Numquid
1713 2984 2031 3041 persuasum

435 3080 511 3138 illi
539 3058 674 3144 erat,
704 3075 848 3148 quod
873 3090 902 3129 a
928 3072 1174 3145 proxime
1211 3070 1376 3125 citato
1400 3066 1632 3135 Origene
1664 3063 1866 3119 dictum
1896 3058 2030 3131 legi-

2139 1851 2228 1907 fib.
2258 1868 2355 1918 vn,
2392 1869 2511 1924 pag.
2553 1852 2709 1923 228.)
2748 1848 2939 1909 Nonne
2980 1862 3157 1910 autem
3194 1844 3277 1908 his
3320 1852 3409 1910 ille
3451 1854 3633 1911 verbis
3681 1854 3737 1911 in

2137 1946 2465 2018 ipsissimum
2506 1945 2728 2004 offendit
2756 1946 3045 2003 Marcionis
3084 1963 3346 2015 errorem,
3379 1963 3487 2018 quo
3522 1948 3733 2019 garrie-

2137 2038 2229 2095 bat
2254 2032 2418 2095 Deum
2443 2038 2659 2109 quidem
2685 2040 2949 2095 bonorum
2974 2052 3094 2096 esse
3115 2052 3413 2108 anotorem,
3442 2040 3582 2096 mala
3606 2056 3737 2098 vero

2136 2133 2339 2200 omnia,
2378 2146 2732 2204 quaecumque
2767 2133 2895 2201 sint,
2937 2147 3006 2188 ex
3030 2130 3138 2188 alio
3163 2132 3395 2205 quodam
3426 2132 3568 2188 malo
3589 2133 3740 2205 prin-

2141 2229 2285 2299 cipio
2316 2225 2602 2282 manasse?

2212 2319 2411 2375 Verum
2442 2320 2537 2391 qui
2570 2321 2640 2375 ita
2675 2328 3104 2392 argumentatur,
3137 2321 3183 2377 is
3214 2319 3456 2392 profecto
3493 2320 3737 2377 animum

2137 2428 2242 2467 non
2275 2414 2408 2468 satis
2435 2413 2672 2469 advertit
2697 2414 2994 2470 Arnobium
3035 2414 3109 2469 ibi
3147 2415 3458 2485 opinionem
3489 2413 3739 2472 refellere

2134 2505 2438 2576 gentilium,
2471 2505 2563 2576 qui
2595 2505 2758 2561 stulte
2784 2505 3184 2562 contendebant
3212 2504 3348 2563 alios
3378 2507 3508 2563 deos
3544 2517 3737 2564 natura

2136 2614 2230 2655 sua
2258 2599 2430 2655 bonos
2452 2615 2576 2656 esse
2602 2608 2657 2655 et
2687 2614 2997 2672 prosperos.
3030 2599 3165 2655 alios
3199 2615 3326 2655 vero
3354 2599 3528 2656 malos
3558 2610 3613 2656 et
3641 2599 3739 2656 ad-

2132 2702 2345 2756 versos,
2374 2698 2537 2762 atque
2584 2690 2683 2747 hos
2719 2693 2984 2747 malorum
3015 2691 3255 2746 omnium
3288 2699 3343 2747 et
3370 2691 3739 2748 calamitatum

2145 2800 2265 2853 qua:
2309 2798 2435 2839 vera
2471 2784 2609 2839 mala
2653 2778 2898 2841 Ethnicis
2927 2784 3264 2852 videbantur,
3298 2800 3420 2841 esse
3456 2795 3736 2853 auctores;

2149 2885 2202 2931 ta
2234 2880 2414 2933 tamen
2438 2888 2499 2932 ut
2523 2876 2734 2944 hostiis,
2765 2877 3066 2945 sacrificiis,
3093 2877 3321 2947 aliisque
3348 2877 3740 2950 superstitiosis

2142 2971 2336 3026 ritibus
2375 2971 2595 3041 placati,
2627 2970 2696 3027 de
2727 2972 2883 3027 malis
2920 2970 3111 3028 fierent
3141 2971 3290 3040 boni,
3321 2983 3416 3028 aut
3447 2982 3595 3030 certe
3636 2973 3738 3029 ho-

2136 3066 2269 3120 mini
2301 3074 2408 3121 non
2441 3070 2721 3121 nocerent.
2765 3066 3036 3121 Arnobius
3079 3080 3206 3122 vero
3244 3067 3461 3122 tametsi
3507 3066 3740 3122 fateatur

436 3184 561 3232 tur:
589 3173 645 3231 Si
677 3173 800 3244 quis
828 3171 962 3226 alius
1001 3167 1151 3223 locus
1188 3174 1272 3220 est
1312 3164 1366 3218 in
1408 3161 1568 3217 rebus
1595 3157 1843 3214 humanis
1870 3171 2025 3212 scru-
2056 3162 2101 3227 ί]
2132 3157 2457 3215 christianos
2497 3157 2688 3215 iisdem
2718 3166 2882 3229 atque
2908 3157 3168 3215 Ethnicos
3198 3158 3431 3229 opprimi
3458 3157 3740 3214 calamita-

439 3280 550 3326 tatu
578 3267 814 3324 difficilis
843 3248 1298 3322 ttatnrae’nostrm,
1328 3256 1473 3312 inter
1497 3252 1596 3309 bos
1622 3252 1816 3308 merito
1842 3265 2031 3305 nume~

442 3362 549 3418 rari
591 3362 768 3431 potest
804 3355 1067 3411 malorum
1111 3352 1283 3421 origo.
1317 3366 1336 3400 >
1372 3346 1564 3421 (0rig.,
1610 3345 1698 3399 h'b.
1741 3358 1828 3410 IV,
1861 3348 2026 3397 contr.

440 3454 611 3518 Cels.,
655 3467 775 3523 pag.
820 3449 975 3518 207.)
1012 3446 1103 3501 Sic
1150 3451 1330 3498 autem
1377 3438 1470 3496 ille
1519 3452 1694 3510 gratce
1741 3435 2027 3507 loquitur:

440 3548 594 3624 Εἴπερ
631 3547 717 3602 οὐν
743 3541 890 3605 ἄλλος·
924 3562 1000 3602 τις
1032 3539 1191 3598 τόπος
1218 3544 1319 3592 τῶν
1354 3537 1404 3590 ἄν
1444 3535 1727 3606 ἀνθρώποις
1753 3531 2035 3597 ἐξετάσεως

440 3641 695 3714 δεόμενος,
726 3634 1041 3712 δυσθήρατός
1063 3633 1176 3686 ἐστι
1195 3637 1258 3701 τῇ
1279 3632 1428 3701 pio-ou
1456 3630 1619 3700 ἡμῶν,
1650 3629 1700 3681 ἐν
1724 3627 1927 3687 τούτοις
1948 3625 2036 3714 καὶ

442 3736 472 3792 ἡ
502 3712 603 3788 ’ἐῶν
630 3736 796 3784 κακῶν
822 3726 1035 3798 ταχθείν
1055 3716 1330 3796 avidam-rc.
1352 3718 1468 3774 Non
1493 3733 1713 3789 prorsus
1740 3716 1918 3786 inepta
1944 3712 2038 3770 tibi

445 3826 672 3883 fortasse
695 3821 963 3878 videbitur
985 3819 1102 3874 haec
1127 3818 1286 3880 ratio,
1314 3815 1357 3870 si
1392 3827 1680 3884 parumper
1700 3809 2040 3866 animadver-

450 3931 531 3977 tas
576 3918 715 3973 hanc
755 3915 825 3971 de
863 3913 991 3967 mali
1037 3910 1242 3981 origine
1288 3907 1640 3978 qmestionem
1677 3918 1838 3959 unam
1869 3912 1933 3957 cx
1974 3903 2040 3958 iis

452 4013 692 4072 Arnobio
718 4010 909 4077 videri,
929 4008 999 4063 de
1020 4014 1122 4079 qua
1146 4006 1286 4060 inter
1305 4016 1363 4059 se
1384 4000 1615 4073 digladia
1625 4007 1748 4054 ntur
1768 3997 2037 4062 homines,

456 4109 697 4180 nihilque
719 4106 851 4162 certi
878 4118 909 4159 a
937 4118 995 4157 se
1019 4100 1182 4156 statui
1207 4112 1371 4171 posse
1395 4094 1747 4151 confitentur.
1774 4094 2046 4163 Quaprop-

459 4216 543 4262 ter
582 4214 650 4259 ne
675 4201 887 4271 longius
925 4194 1303 4265 diSputationis
1338 4191 1484 4245 tilum
1517 4187 1750 4251 ducere,
1793 4196 1849 4241 et
1884 4195 2043 4240 extra

461 4298 786 4371 propositam
812 4300 842 4347 τι
866 4307 927 4348 se
952 4291 1022 4347 ibi
1049 4290 1117 4345 de
1143 4288 1319 4343 anima
1348 4285 1702 4357 quaestionem
1730 4281 1929 4371 diutius
1955 4290 2048 4335 va-

457 4366 577 4465 gari
599 4396 900 4461 cogeretur,
925 4384 1052 4438 satis
1080 4381 1181 4437 sibi
1216 4394 1335 4436 esse
1369 4378 1572 4448 putavit
1605 4375 1779 4446 palam
1807 4366 2049 4429 Ethnicis

462 4485 709 4545 Omnibus
725 4480 1001 4537 declarare
1026 4476 1131 4531 hoc
1157 4489 1319 4530 unum
1344 4488 1373 4528 a
1396 4472 1708 4527 Christianis
1728 4479 1878 4524 certo
1899 4467 2048 4531 sciri,

2136 3254 2297 3318 tibus,
2326 3270 2389 3309 ac
2426 3255 2534 3310 Deo
2563 3255 2929 3325 permittente,
2965 3256 3325 3312 atrocissimis
3354 3256 3637 3328 suppliciis
3670 3256 3743 3313 ob

2135 3338 2281 3402 illius
2317 3348 2717 3405 confessionem
2756 3348 2824 3405 ab
2854 3346 3100 3404 Ethnicis
3140 3349 3319 3405 vexari
3357 3359 3412 3406 et
3448 3350 3738 3418 trucidari;

2138 3432 2255 3494 llaec
2283 3444 2483 3506 tamen,
2509 3442 2585 3495 uti
2616 3441 2867 3511 superius
2896 3440 3150 3507 vidimus,
3178 3456 3284 3498 non
3312 3441 3449 3497 mala
3478 3441 3739 3513 profecto,

2138 3532 2235 3589 sed
2282 3534 2422 3589 bona
2464 3550 2587 3592 esse
2627 3537 2840 3602 asserit,
2882 3535 3078 3607 quibus
3107 3530 3176 3593 ad
3216 3532 3482 3594 libertatis
3523 3547 3744 3595 reterns:

2138 3626 2313 3683 lucem
2335 3628 2656 3685 educantur.
2685 3628 2733 3702 (Ι
2743 3629 2879 3697 dem,
2901 3628 3018 3684 libr.
3047 3646 3104 3698 ιι,
3134 3646 3256 3701 pag.
3284 3629 3376 3700 98,
3398 3646 3520 3702 cap.
3545 3648 3743 3703 mpm,

2140 3738 2239 3778 art.
2269 3722 2301 3778 4

2213 3805 2382 3870 Recte
2425 3813 2669 3887 quidem,
2701 3812 2935 3888 inquies,
2982 3820 3026 3874 si
3079 3819 3352 3875 Arnobius
3388 3818 3746 3880 Ethnicorttm

2144 3924 2387 3966 errorem
2413 3909 2735 3978 refellendo,
2762 3913 2899 3967 intra
2924 3914 3166 3969 veritatis
3188 3915 3450 3975 terminos
3471 3928 3595 3972 sese
3618 3930 3750 3971 con-

2146 3999 2417 4057 tittuisset.
2463 3998 2568 4058 Sed
2612 4004 2700 4059 ille
2734 4006 3045 4076 generalem
3094 4006 3231 4063 hanc
3276 4008 3533 4080 nulloque
3574 4007 3749 4073 limite

2146 4093 2605 4166 circumscriptam
2641 4096 2845 4166 profert
2867 4099 3224 4155 assertionem
3247 4117 3259 4153 :
3283 4118 3303 4151 ι
3327 4100 3595 4172 Quidquid
3616 4104 3751 4159 mite

2148 4199 2251 4257 est,
2284 4186 2661 4262 placidumque
2691 4202 2903 4259 natura,
2936 4193 3004 4248 ab
3037 4193 3267 4251 nocendi
3299 4196 3487 4265 procul
3513 4204 3597 4253 est
3620 4212 3747 4264 usu,

2146 4292 2201 4337 et
2225 4285 2552 4355 cogitatione
2572 4285 2891 4343 discretum.
2918 4306 2937 4339 ι
2963 4287 3205 4361 (Arnob.,
3231 4289 3321 4345 lib.
3345 4306 3443 4359 vn,
3469 4308 3592 4362 pag.
3615 4290 3747 4359 228,

2150 4387 2196 4431 et
2234 4380 2402 4451 seqq.)
2443 4379 2581 4448 Quin
2622 4396 2752 4436 vero
2794 4382 2990 4439 ibidem
3030 4382 3232 4453 adjecit
3274 4400 3381 4440 non
3422 4386 3594 4457 magis
3631 4385 3752 4443 fieri

2154 4487 2345 4543 posse;
2381 4476 2546 4545 utqui
2581 4486 2770 4532 natura
2801 4492 2899 4533 sua
2928 4478 3103 4534 bonus
3134 4489 3235 4545 est,
3267 4480 3421 4537 alteri
3453 4492 3669 4548 noceat,
3697 4490 3755 4537 et

466 4583 633 4639 Deum
661 4575 787 4633 mali
816 4586 915 4629 nec
939 4582 1156 4628 causam
1191 4574 1331 4633 esSe,
1371 4581 1472 4622 nec
1495 4572 1794 4620 auctorem.
1824 4556 2049 4618 Difllteri
2076 4556 2131 4623 Ι)
2155 4568 2357 4640 aliquid
2382 4566 2571 4625 afferat
2609 4570 2758 4637 mali,
2783 4588 2943 4643 quam
2968 4583 3024 4627 ut
3054 4574 3192 4644 ignis
3212 4574 3264 4628 in
3290 4574 3457 4645 frigus
3486 4584 3746 4631 mutetur.

465 4686 642 4732 tamen
673 4687 776 4727 non
821 4680 1100 4740 possumus
1128 4663 1269 4719 hanc
1294 4662 1361 4717 de
1392 4661 1517 4715 mali
1549 4662 1768 4714 auctore
1793 4655 2050 4727 disquisi-

465 4772 666 4826 tionem
693 4763 763 4819 ibi
790 4762 858 4816 ab
884 4762 1000 4831 ipso
1044 4756 1285 4828 potuisse
1321 4753 1518 4808 clarius
1558 4749 1851 4820 explicari;
1884 4756 2055 4817 quan-

469 4860 753 4933 doquidem
783 4855 874 4912 ille
902 4855 954 4908 in
983 4852 1087 4907 hoc
1121 4847 1311 4905 eodem
1337 4847 1479 4913 loco,
1501 4844 1556 4900 in
1583 4840 1685 4899 alia
1712 4845 1851 4899 scitu
1877 4842 2056 4933 minus

470 4932 647 5027 digna,
681 4964 779 5007 nec
806 4948 870 5003 ad
903 4945 1201 5011 institutum
1229 4940 1297 4995 de
1334 4939 1513 4994 anima
1541 4946 1849 4995 sermonem
1886 4932 2056 5005 magis

470 5044 843 5111 conducentia,
874 5040 1029 5109 longe
1055 5034 1312 5092 excurrit.

540 5141 722 5211 Neque
748 5146 925 5193 tamen
955 5136 1008 5190 in
1031 5132 1269 5187 animum
1296 5126 1524 5183 inducas
1556 5124 1686 5181 illud
1720 5119 1942 5180 omnino
1971 5126 2056 5180 in-

468 5250 671 5297 tactum
719 5235 787 5289 ab
824 5246 890 5288 eo
928 5227 1185 5299 relinqui.
1230 5225 1423 5280 Postea
1463 5222 1605 5277 enim
1642 5228 1828 5292 aperte
1866 5221 2060 5276 asserit

472 5335 661 5393 Deum,
697 5326 908 5383 tametsi
944 5325 1285 5392 omnipotens
1319 5319 1407 5385 sit,
1436 5317 1636 5371 nemini
1668 5324 1918 5385 umquam
1949 5313 2057 5369 vim

470 5428 537 5482 ad
568 5419 892 5479 credendum
929 5422 1020 5470 aut
1055 5413 1321 5487 agendum
1364 5410 1560 5467 inferre
1597 5406 1839 5481 (Arnob.,
1869 5406 1960 5491 lib.
1992 5418 2052 5471 ιι,

469 5535 591 5589 pag.
638 5512 731 5578 88,
774 5521 822 5566 ct
864 5504 1050 5579 srqq.).
1094 5507 1149 5562 Si
1194 5514 1353 5577 quem
1404 5503 1547 5558 enim
1589 5502 1811 5556 invitum
1855 5498 2056 5569 aliquid

467 5625 629 5684 agerc
661 5614 899 5677 cogeret,
931 5616 1037 5656 non
1067 5600 1235 5668 gratia
1273 5595 1631 5669 proculdubio
1659 5594 1819 5659 foret,
1848 5594 1944 5649 sed
1977 5593 2058 5648 vis

468 5718 519 5763 et
563 5701 845 5774 iniustitia,
883 5711 988 5767 qua
1019 5693 1276 5748 voluntati
1320 5694 1525 5760 liberte,
1559 5689 1625 5746 ad
1667 5688 1720 5746 id
1762 5690 1903 5760 quod
1947 5704 2051 5743 non

466 5801 600 5869 vult,
641 5813 704 5855 ac
744 5794 959 5868 refugit,
1002 5788 1267 5861 agendum
1317 5787 1614 5844 necessitas
1660 5782 2048 5856 imponeretur.

2155 4662 2297 4735 Ergo
2337 4663 2427 4720 ille
2462 4681 2649 4721 revera
2690 4667 2903 4722 censuit
2939 4668 3133 4734 Deum,
3173 4678 3362 4724 natura
3398 4684 3495 4724 sua
3526 4669 3750 4734 bonum,

2157 4756 2286 4810 milli
2336 4773 2496 4827 posse
2537 4759 2705 4815 ullum
2748 4774 2954 4828 pusum,
2995 4759 3339 4828 calamitatis,
3371 4770 3463 4816 aut
3503 4761 3753 4831 supplicii

2158 4846 2356 4904 malum
2393 4866 2599 4913 creare,
2630 4867 2728 4907 nec
2765 4853 2921 4922 hujus
2947 4867 3070 4909 esse
3100 4868 3313 4909 causam
3354 4863 3410 4909 et
3447 4862 3747 4911 auctorem.

2158 4940 2311 5008 Quod
2340 4957 2471 4998 sane
2500 4943 2554 4997 in
2581 4941 2870 4999 Marcionis
2898 4959 3137 5001 errorem
3171 4944 3384 5001 recidit.

2233 5035 2302 5091 At
2338 5044 2484 5090 certe
2517 5035 2910 5105 quantumlibet
2950 5036 3222 5107 generalis
3251 5036 3495 5094 videatur
3527 5038 3613 5095 illa
3644 5040 3753 5097 Ar-

2162 5127 2303 5184 nohii
2331 5122 2646 5199 propositio,
2673 5129 2739 5184 ad
2764 5126 3023 5186 Ethnicos
3046 5137 3359 5196 tantum,fet
3382 5146 3569 5209 eorum
3597 5147 3759 5204 spec-

2160 5233 2238 5277 tat
2264 5221 2427 5278 falsas
2450 5224 2753 5294 opiniones,
2787 5224 2874 5295 qui
2901 5239 2999 5295 pro
3026 5233 3178 5281 certo
3202 5225 3479 5296 ponebant
3511 5226 3642 5285 deos
3679 5229 3755 5284 ita

2160 5324 2348 5370 natura
2389 5299 2484 5370 sua
2519 5327 2613 5372 aut
2640 5316 2832 5385 bonos,
2866 5329 2959 5372 aut
2986 5318 3157 5374 malos
3195 5333 3350 5386 ease;
3384 5329 3439 5375 ut
3475 5336 3573 5390 pro
3600 5320 3755 5379 libito

2160 5425 2221 5464 ac
2249 5409 2355 5464 ulla
2379 5411 2496 5466 sine
2524 5427 2684 5467 causa
2716 5412 2834 5481 pios
2863 5410 3111 5468 homines
3139 5422 3193 5469 et
3225 5414 3442 5483 impios,
3472 5415 3672 5484 probos
3701 5425 3757 5472 et

2161 5503 2435 5575 improbos
2450 5504 2847 5561 calamitatibus
2859 5516 2912 5561 et
2930 5507 3167 5563 miseriis
3181 5507 3549 5565 indifferenter
3564 5513 3759 5568 obrue-

2158 5605 2297 5652 rent.
2332 5596 2412 5655 Ad
2444 5600 2561 5654 haec
2586 5613 2734 5667 vero,
2764 5596 2833 5655 de
2857 5601 3034 5672 pinnis
3070 5601 3233 5658 etiam
3270 5611 3327 5658 et
3360 5604 3619 5661 aerumnis
3660 5605 3759 5661 ille

2158 5691 2416 5763 loquitur,
2474 5709 2594 5764 quae
2646 5690 2804 5751 bonis
2854 5697 3065 5768 piisque
3116 5688 3428 5753 hominibus
3476 5699 3752 5766 accidunt,

2155 5796 2383 5857 quaeque
2425 5800 2533 5844 non
2562 5778 2708 5856 mali,
2743 5784 2838 5847 sed
2868 5804 3085 5861 semper
3108 5784 3237 5847 boni
3264 5788 3489 5862 aliquid,
3518 5791 3595 5848 uti
3625 5805 3755 5851 mox
