3990 6072
429 235 541 291 465

1699 225 2152 284 DlSSEllTATlO
2191 225 2468 283 PRIEVIA

3609 232 3715 288 461

428 352 583 414 stius,
609 363 712 403 non
733 363 796 404 ex
820 348 986 403 sacris
1004 346 1203 402 nostris
1226 341 1599 414 scriptoribus,
1617 341 1713 398 sed
1735 342 1804 396 ab
1828 341 2021 396 Ethni-
2049 354 2101 413 Α
2125 340 2180 395 in
2209 342 2364 424 mala,
2398 342 2524 397 dum
2557 343 2818 398 bonorum
2853 357 2919 399 ac
2942 345 3207 400 malorum
3238 345 3530 403 discrimen
3562 347 3716 418 igno-

437 441 516 497 cis
543 455 606 495 ac
630 440 943 495 nominatim
975 437 1149 493 Plinio
1175 445 1230 491 et
1257 433 1545 490 Plutarcho
1575 433 1849 499 delibavit,
1880 431 2020 501 quod

435 547 586 592 recte
609 550 640 590 a
673 533 949 590 Laetantio
983 532 1307 603 exagitatur.
1331 528 1666 585 Clementem
1699 526 2019 582 Alexandri-

434 645 562 684 num
603 628 682 684 eis
721 626 1072 698 proculdubio
1107 625 1431 696 subjungere
1468 631 1694 694 poterat,
1727 623 1816 693 qui
1853 621 2020 691 pluri-

435 739 554 779 mos
581 722 716 778 alios
741 724 1032 792 scriptores
1058 719 1322 786 ethnicos,
1353 719 1604 774 miseram
1635 715 1863 770 hominis
1891 731 2018 770 con-

430 814 688 870 ditionem
745 813 1124 883 deplorantes,
1185 813 1238 866 in
1292 811 1562 875 medium,
1621 809 1696 862 uti
1752 808 2015 873 vidimus,

421 907 1046 982 protulit(Plin.,lib.vu
1078 904 1270 959 Natur.
1304 905 1448 969 hist.,
1468 917 1704 974 prooem;
1727 901 2016 967 Pluton/1.,

424 1001 514 1056 lib.
557 1002 620 1056 de
662 999 907 1066 Furtum,
945 1016 1066 1070 pag.
1110 998 1238 1063 927,
1269 1007 1391 1051 tom.
1435 1012 1506 1061 II;
1546 995 1788 1059 Lactan.,
1817 993 1906 1048 lib.
1937 1008 2016 1060 ιιι,

421 1111 539 1164 cap.
577 1093 668 1157 28,
702 1103 750 1147 et
778 1093 842 1148 de
870 1091 1084 1162 0piﬁc.,
1124 1108 1242 1162 cap.
1274 1092 1308 1146 '5
1335 1100 1382 1144 et
1415 1091 1448 1144 4
1469 1132 1484 1156 ,
1515 1101 1635 1143 tom.
1686 1105 1702 1142 ι
1735 1088 2014 1159 Apparat.,

419 1188 509 1244 lib.
540 1204 618 1255 ttt,
649 1188 851 1253 dissert.
882 1187 938 1252 2,
978 1204 1094 1258 cap.
1139 1187 1222 1252 18,
1256 1195 1356 1240 art.
1389 1186 1443 1252 1,
1477 1201 1597 1256 pag.
1628 1184 1804 1250 “37;
1845 1199 2016 1253 supr.,

421 1283 517 1338 hoc
543 1299 684 1353 cap.,
711 1295 813 1336 art.
849 1283 924 1353 1).

493 1373 683 1431 Utrum
715 1381 894 1429 autem
923 1381 1113 1428 auctor
1138 1380 1322 1427 noster
1350 1370 1434 1426 his
1459 1369 1708 1425 absurdis
1740 1368 2019 1424 erroribus

419 1482 608 1523 revera
649 1466 844 1522 ductus
873 1465 1054 1532 fuerit,
1100 1479 1206 1520 non
1248 1465 1501 1520 minimus
1545 1462 1823 1519 dubitandi
1867 1461 2018 1517 locus

416 1570 522 1616 est.
571 1559 690 1613 Jam
742 1559 1026 1614 enimvero
1067 1557 1408 1612 manifestum
1457 1556 1680 1611 fecimus
1717 1553 2017 1608 Arnobium

412 1629 782 1708 disertissimis
824 1649 1058 1705 edixisse
1091 1649 1294 1714 verbis,
1328 1663 1433 1703 non
1475 1648 1647 1702 solum
1688 1646 1944 1701 mundum
1985 1660 2014 1700 a

2123 443 2263 488 rant.
2303 455 2322 486 ι
2351 433 2616 507 (Laetam,
2646 436 2735 492 lib.
2769 453 2821 491 vt
2860 435 3062 505 Instit.,
3099 455 3217 508 cap.
3251 442 3340 504 14,
3367 458 3487 513 pag.
3517 439 3676 512 595.)

2193 528 2264 580 At
2302 537 2478 581 utrum
2523 527 2640 583 haec
2678 528 2760 584 vel
2807 528 2913 584 alia
2968 531 3037 585 sit
3071 531 3298 586 Arnobii
3339 535 3507 588 nostri
3560 549 3715 589 mens

2121 628 2176 674 et
2204 623 2488 686 sententia,
2520 637 2586 677 eo
2608 622 2751 678 dictu
2779 622 3053 679 difﬁcilius
3077 664 3093 690 ,
3126 623 3272 695 quod
3304 624 3392 681 hic
3424 626 3576 682 locus
3606 642 3713 682 non

2121 713 2342 768 omnino
2370 713 2578 784 integer
2609 725 2712 780 est,
2743 715 2838 770 sed
2865 733 3054 786 magna
3091 716 3298 772 librarii
3323 757 3336 781 ,
3367 734 3486 788 qua:
3516 720 3715 788 passim

2122 805 2319 876 ubique
2358 807 2804 877 deprehenditur,
2843 808 3053 865 inscitia
3094 820 3381 881 corruptus
3427 828 3490 866 ac
3519 814 3715 883 depra-

2122 909 2295 955 vatus.
2345 899 2478 955 Nam
2511 917 2610 971 pro
2645 917 2735 956 seu
2783 903 3001 974 scripsit
3041 904 3131 960 sed
3145 947 3159 970 ,
3192 904 3270 959 uti
3293 905 3404 976 jam
3430 909 3714 963 annotavi-

2120 1006 2259 1046 mus.
2304 992 2500 1048 Verum
2532 993 2646 1048 haec
2677 995 2837 1050 lectio
2854 996 3173 1067 quibusdam
3202 999 3271 1053 ab
3292 997 3512 1054 Arnobii
3542 1016 3710 1056 sensu

2119 1083 2198 1138 sic
2223 1085 2518 1142 abhorrere
2553 1089 2944 1156 existimatur;
3001 1100 3058 1145 ut
3103 1091 3154 1145 in
3192 1101 3341 1146 textu
3393 1106 3577 1148 vocem
3623 1110 3715 1148 seu

2121 1180 2334 1250 propria
2358 1183 2678 1239 auctoritate
2696 1184 3029 1240 substituere
3052 1201 3158 1240 non
3175 1186 3561 1244 dubitaverint.
3580 1188 3714 1258 Qui-

2118 1271 2242 1327 dam
2271 1290 2397 1330 vero
2425 1276 2540 1332 haec
2566 1277 2675 1334 dno
2699 1279 2886 1346 verba,
2918 1280 3168 1336 naturalis
3198 1282 3493 1352 inﬁrmitas,
3524 1285 3573 1338 itt
3605 1297 3715 1342 tex-

2120 1371 2230 1419 tutn
2261 1366 2464 1422 intrusa
2503 1379 2558 1424 et
2601 1372 2929 1441 amputanda
2976 1373 3330 1430 arbitrantur.
3362 1374 3469 1432 Sed
3509 1377 3713 1434 nullam

2117 1457 2348 1513 afferunt
2375 1460 2602 1530 hujusce
2643 1465 3000 1520 correctionis
3029 1467 3317 1523 rationem.

2187 1550 2297 1606 Nos
2336 1553 2516 1624 itaque
2546 1556 2636 1626 qui
2673 1556 2806 1611 nihil
2849 1558 2902 1611 in
2945 1559 3240 1615 Auctorum
3273 1569 3417 1616 textu
3447 1562 3566 1617 sine
3594 1579 3712 1618 ma-

2118 1644 2383 1714 nuseripti
2409 1647 2638 1718 alicujus
2667 1649 2795 1713 ﬁde,
2826 1660 2916 1704 aut
2947 1664 3090 1706 certa
3121 1653 3343 1708 omnino
3363 1654 3713 1724 evidentique

417 1747 530 1801 Deo
569 1745 864 1810 conditum,
910 1743 1004 1799 sed
1044 1744 1217 1812 ipsum
1261 1744 1421 1797 etiam
1466 1742 1736 1796 hominem
1784 1741 1883 1810 ipsi
1926 1755 2013 1794 ac-
2048 1753 2093 1812 Β
2122 1737 2434 1806 probatione
2473 1744 2670 1796 mutari
2728 1744 2978 1798 volumus
3003 1786 3017 1810 ,
3068 1745 3291 1814 horum,
3319 1748 3364 1801 si
3404 1749 3717 1818 ineorrupta

415 1848 630 1910 ceptum
661 1837 889 1902 referre,
929 1837 1070 1908 quod
1111 1838 1201 1902 sit,
1233 1837 1376 1907 quod
1417 1838 1576 1890 homo
1603 1835 1836 1902 dicatur,
1868 1834 2012 1905 quod

417 1933 588 2003 spiret
611 1941 666 1986 et
686 1931 850 1986 vivat.
876 1929 1010 1984 Cum
1033 1945 1162 2000 ergo
1184 1929 1479 1984 Arnobium
1502 1928 1605 1984 sibi
1631 1930 1855 1999 turpiter
1877 1944 2008 1984 con-

411 2025 702 2081 tradixisse
742 2024 947 2080 nemini
987 2024 1248 2079 credibile
1291 2025 1403 2090 ﬁat,
1449 2040 1627 2079 nonne
1665 2025 1858 2080 merito
1905 2025 2010 2080 dici

409 2127 591 2190 potest
621 2118 771 2172 illum
799 2116 1089 2186 prioribus,
1123 2132 1241 2186 quae
1269 2115 1526 2182 citantur,
1559 2117 1739 2172 verbis
1765 2116 2011 2172 ethnicos

409 2227 520 2268 non
560 2211 688 2276 alio,
721 2226 880 2281 quam
924 2209 1279 2280 ipsorummet
1319 2208 1502 2279 gladio
1537 2209 1804 2280 jugulare,
1849 2219 2010 2278 atque

407 2321 477 2361 ex
511 2304 684 2370 falsis,
723 2303 916 2372 quibus
952 2302 1148 2357 imbuti
1191 2313 1369 2366 erant,
1399 2317 1710 2372 Oppugnare
1739 2304 2009 2372 opinioni-

412 2398 555 2454 bus?
591 2396 866 2452 Docebant
895 2395 1158 2466 siquidem
1202 2395 1413 2450 animas
1457 2407 1667 2451 nosaras
1694 2396 1859 2450 divini
1889 2411 2010 2452 esse

409 2491 652 2563 generis,
681 2505 884 2561 easque
911 2489 980 2543 ab
1007 2489 1102 2543 illo
1129 2488 1323 2543 missas
1350 2488 1400 2542 in
1436 2489 1576 2544 hunc
1606 2489 1886 2556 mundum,
1917 2490 2010 2545 ubi

412 2587 655 2658 pristina:
697 2599 1033 2654 summaeque
1071 2581 1347 2652 dignitatis
1385 2583 1598 2652 penitus
1637 2582 2005 2650 immemores,

414 2683 738 2755 quibuslibet
775 2679 1170 2736 calamitatibus
1215 2678 1526 2734 cruciantur
1577 2687 1632 2734 et
1684 2679 2004 2762 obruuntur.

412 2776 547 2845 Quis
574 2777 755 2846 itaque
784 2773 886 2829 Sibi
915 2772 1056 2828 haud
1090 2788 1233 2842 :rgre
1254 2770 1578 2842 persuadeat
1605 2770 1904 2827 Arnobium
1938 2772 2008 2827 ibi

347 2934 350 2936 γ
409 2869 671 2926 adversus
702 2867 964 2921 Ethnicos
1003 2881 1072 2921 ex
1115 2865 1244 2919 falsa
1287 2864 1503 2920 illorum
1550 2864 1805 2934 opinione
1845 2881 2006 2937 argu-

407 2965 638 3022 mentari
670 2981 684 3019 :
719 2963 814 3021 sed
845 2963 994 3027 alibi,
1038 2964 1181 3018 sicut
1219 2976 1344 3017 mox
1391 2962 1819 3026 observavimus,
1852 2977 2004 3017 suam

410 3065 713 3137 explicasse
749 3063 1097 3128 sententiam,
1129 3061 1414 3132 palamque
1443 3076 1788 3118 asseverasse
1829 3061 2006 3117 homi-

402 3173 532 3214 nem
562 3174 591 3211 a
625 3156 738 3212 Deo
767 3169 957 3210 revera
985 3153 1152 3209 fuisse
1180 3154 1461 3208 creatum?

473 3249 556 3304 Ad
589 3248 842 3303 miseram
865 3260 996 3301 vero
1027 3244 1261 3300 hominis
1286 3244 1652 3301 conditionem
1681 3246 1824 3317 quod
1877 3247 2002 3302 atti-

399 3353 519 3409 net,
547 3357 666 3396 eam
697 3354 934 3411 quoque.
991 3346 1176 3408 utpote
1207 3336 1272 3390 ad
1302 3347 1579 3406 peccatum
1613 3353 1710 3392 nos
1737 3338 2004 3393 inclinan-

403 3444 513 3505 tem
547 3474 562 3499 ,
621 3431 782 3488 deﬂet
826 3430 1138 3500 Apostolus.
1173 3428 1280 3483 Sed
1312 3427 1428 3484 [nec
1472 3434 1762 3499 propensio
1801 3447 1906 3484 non
1935 3446 2002 3486 ex

409 3529 547 3590 Deo,
579 3525 675 3582 sed
706 3541 770 3579 ex
799 3523 956 3593 primi
1005 3520 1239 3576 hominis
1271 3533 1493 3590 peccato
1525 3522 1800 3588 proﬂuxit.
1829 3523 2003 3577 Czete-

405 3638 525 3678 rum
559 3618 830 3676 Arnobius
862 3631 968 3671 non
999 3615 1128 3670 vitia
1152 3624 1206 3668 et
1236 3623 1457 3683 peccata
1484 3613 1557 3668 ibi
1586 3624 1872 3681 memorat,
1906 3615 2002 3670 sed

401 3728 672 3770 aerumnas
694 3721 748 3767 et
769 3709 1068 3772 molestias,
1091 3723 1212 3778 qua:
1241 3708 1342 3762 etsi
1370 3723 1400 3762 a
1430 3709 1605 3776 primo
1628 3707 1862 3763 hominis
1881 3724 2004 3777 pee-

405 3814 528 3863 cato
559 3802 974 3868 emanaverint;
1009 3815 1136 3856 vera
1174 3809 1373 3863 tamen,
1405 3809 1463 3854 ut
1485 3815 1646 3870 supra
1671 3816 1743 3855 ex
1772 3802 2005 3872 ipsumet

407 3899 652 3956 Arnobio
681 3894 1016 3952 ostendimus
1044 3893 1236 3965 (supra,
1266 3909 1382 3962 cap.
1406 3890 1491 3963 4),
1525 3908 1630 3946 non
1661 3901 1786 3946 sunt
1817 3893 1954 3947 tnala
1985 3933 2001 3959 ,

405 3993 502 4049 sed
521 3993 720 4049 bonum
741 3986 904 4045 etiam
925 3993 1185 4042 aeternum
1209 3983 1345 4040 bene
1368 3983 1644 4039 utentibus
1678 3999 1863 4040 creare
1882 3999 2003 4055 pos-

412 4095 556 4143 sunt.

483 4181 717 4235 Rursum
745 4185 924 4231 tamen
959 4171 1244 4241 insurgunt
1272 4168 1706 4224 Elmenltorstius
1733 4178 1788 4224 et
1816 4169 2004 4224 lleral-

410 4273 534 4338 dus,
567 4271 830 4339 nobisque
855 4265 1129 4336 objectant
1173 4262 1468 4317 Arnobium
1495 4261 1797 4317 asseruisse
1824 4261 2001 4318 homi-

409 4383 533 4425 nem
567 4361 801 4421 naturali
826 4359 1137 4414 inlirmitate
1164 4369 1412 4425 peccare,
1447 4369 1551 4410 non
1582 4370 1712 4409 vero
1739 4354 2004 4410 electione

409 4456 725 4518 voluntatis.
753 4451 1024 4507 Christum
1053 4447 1330 4503 enimvero
1359 4447 1515 4501 bonis
1543 4447 1804 4516 malisque
1824 4448 2002 4516 opitu—

2119 1830 2260 1897 sint,
2312 1831 2537 1888 Arnobii
2575 1835 2861 1890 verborum
2899 1837 3068 1892 alium
3116 1840 3337 1894 omnino
3374 1842 3716 1911 suspicamur

2115 1938 2236 1978 esse
2257 1939 2498 1981 sensmn.
2529 1927 2586 1982 ln
2609 1943 2796 1984 eorum
2827 1930 3109 1987 enimvero
3149 1933 3462 2002 opinionem
3490 1936 3716 2005 pedibus

2115 2015 2344 2073 libenter
2366 2019 2582 2086 ibimus,
2611 2023 2700 2092 qui
2731 2023 3081 2092 probaverint
3107 2041 3302 2082 nomen
3329 2027 3460 2082 illud
3483 2039 3718 2098 peccato-

2113 2127 2217 2164 rem
2255 2112 2323 2167 ab
2350 2114 2595 2170 Arnobio
2642 2117 2806 2182 sumi,
2858 2134 2964 2172 non
2997 2119 3180 2188 utique
3210 2119 3277 2176 ad
3305 2121 3717 2192 signiﬁcandum

2113 2203 2390 2262 hominem
2410 2249 2425 2274 ,
2460 2209 2551 2278 qui
2583 2208 2784 2287 aliquid
2817 2221 3006 2266 contra
3034 2211 3272 2267 divinam
3299 2215 3410 2285 agit
3433 2214 3624 2286 legem,
3647 2230 3717 2270 ac

2116 2308 2391 2366 peccatum
2428 2303 2644 2371 proprie
2661 2302 2861 2358 dictum
2891 2303 3163 2373 admittit,
3189 2307 3286 2362 sed
3311 2308 3583 2364 hominem
3613 2311 3706 2381 qui

2112 2392 2338 2446 naturali
2366 2394 2677 2451 inlirmitate
2719 2397 2786 2450 ad
2835 2408 3114 2467 peccatmn
3148 2411 3203 2455 et
3234 2400 3421 2457 vitium
3457 2405 3717 2474 proclivis

2108 2491 2209 2537 est.
2243 2483 2375 2539 Eam
2403 2501 2531 2540 vero
2558 2502 2680 2543 esse
2711 2489 2852 2543 illius
2898 2493 3224 2548 sententiam
3252 2494 3376 2550 inde
3399 2497 3590 2552 conﬁci
3619 2514 3716 2567 po-

2111 2584 2230 2642 test,
2265 2578 2408 2646 quud
2437 2579 2547 2646 ille,
2571 2581 2728 2636 sicuti
2756 2584 2918 2650 paulo
2932 2595 3090 2640 antea
3116 2591 3710 2663 annotavimus(supr.,

2112 2667 2225 2723 hoc.
2252 2687 2370 2740 cap.
2397 2681 2499 2726 art.
2530 2671 2620 2744 lt),
2656 2673 3014 2733 disertissime
3067 2685 3463 2740 asseveraverit
3504 2687 3714 2742 nemini

2111 2761 2216 2815 vim
2246 2779 2275 2815 a
2305 2763 2415 2817 Deo
2442 2764 2649 2832 inferri,
2675 2783 2863 2824 omnes
2889 2785 3154 2839 prorsusa
3185 2774 3400 2830 Christo
3426 2779 3710 2848 aiqnaliter

2111 2857 2309 2925 vocari,
2338 2873 2402 2914 ac
2432 2858 2684 2928 liberari,
2718 2863 2992 2920 neminem
3018 2868 3086 2920 ab
3111 2866 3228 2936 ejus
3249 2867 3577 2940 indulgentia
3601 2888 3700 2928 ex-

2105 2953 2268 3018 cludi,
2297 2954 2586 3026 datamque
2611 2957 2860 3012 omnibus
2891 2958 3116 3016 liberam
3143 2962 3334 3033 agendi
3357 2973 3704 3034 potestatem.

2106 3045 2444 3118 Quapropter
2470 3059 2737 3107 errantem
2766 3051 3038 3109 hominem
3061 3054 3210 3111 hisce
3235 3059 3652 3129 corripitverbis
3682 3079 3703 3116 :

2027 3140 2072 3202 (ξ
2110 3157 2129 3189 ‹
2167 3138 2247 3194 Tu
2268 3141 2355 3210 qui
2385 3150 2437 3196 te
2461 3144 2618 3208 verti,
2638 3151 2692 3198 et
2718 3143 2824 3199 vim
2843 3145 3116 3202 desideras
3147 3149 3373 3219 perpeti,
3401 3161 3460 3206 ut
3481 3152 3530 3205 id
3555 3153 3705 3222 quod

2104 3231 2244 3287 nolis
2281 3231 2485 3290 eflicias
2515 3278 2530 3301 ,
2560 3243 2720 3305 atque
2764 3237 2992 3308 arripias
3031 3249 3288 3307 coactus;
3336 3257 3431 3298 cur
3477 3247 3688 3315 respuis

2104 3343 2384 3384 assumere
2412 3330 2686 3387 voluntate
2711 3332 2786 3399 id,
2811 3334 2957 3404 quod
2998 3351 3186 3391 versus
3216 3337 3517 3407 desideras,
3540 3351 3705 3410 atque

2107 3422 2419 3478 immutatus
2444 3422 2706 3481 eflieere?
2734 3425 2888 3492 Nolo,
2911 3428 3116 3499 inquit,
3147 3439 3203 3485 et
3234 3431 3560 3488 voluntatem
3594 3450 3699 3490 non

2108 3517 2298 3572 habeo.
2332 3518 2470 3587 Quid
2517 3535 2646 3590 ergo
2691 3522 2997 3577 criminaris
3045 3524 3233 3590 Deum,
3286 3536 3553 3597 tamquam
3605 3529 3700 3586 tibi

2106 3608 2288 3665 desit?
2317 3610 2486 3680 Opem
2517 3612 2795 3669 desideras
2832 3614 2926 3670 tibi
2953 3615 3117 3684 ferre,
3163 3618 3315 3688 cujus
3337 3619 3474 3674 dona
3503 3631 3556 3676 et
3584 3639 3703 3677 mu-

2106 3716 2232 3756 nera
2262 3718 2366 3756 non
2384 3711 2588 3758 tantum
2613 3707 2920 3775 asperneris
2948 3749 2964 3774 ,
3009 3723 3193 3763 verum
3223 3709 3398 3766 inania
3425 3714 3587 3770 verba
3611 3730 3703 3771 co-

2106 3794 2389 3862 gnomines
2414 3805 2469 3850 et
2494 3796 2828 3866 jocularibus
2867 3798 3079 3856 facetiis
3109 3804 3483 3875 prosequaris?
3519 3826 3539 3858 »
3573 3809 3697 3874 (Ar-

2107 3892 2224 3946 nob.
2251 3933 2265 3959 ,
2321 3894 2408 3948 lib.
2451 3911 2509 3961 tt,
2542 3913 2663 3969 pag.
2706 3898 2820 3970 89.)
2848 3899 3116 3972 Numquid
3175 3902 3289 3958 haec
3335 3905 3477 3961 illius
3536 3909 3703 3965 verba

2106 3995 2252 4048 sunt,
2282 3987 2373 4057 qui
2402 3987 2674 4045 hominem
2705 3991 2930 4047 inﬁrma:
2977 4004 3181 4049 natura:
3214 4012 3325 4052 suae
3377 4001 3704 4060 necessitate

2107 4093 2331 4147 peccare
2389 4083 2638 4136 asserat?
2696 4083 2861 4139 immo
2908 4101 3040 4141 vero
3087 4088 3365 4156 scriptoris
3414 4093 3702 4151 orthodoxi

2105 4169 2248 4226 hunc
2266 4187 2510 4227 errorem
2543 4175 2729 4244 procul
2757 4177 2977 4233 omnino
3015 4181 3376 4237 amandantis.
3405 4183 3538 4241 Cunt
3569 4202 3702 4260 ergo

2105 4265 2398 4324 verisimile
2426 4283 2532 4323 non
2574 4269 2646 4324 sit
2674 4271 2973 4327 Arnobium
3003 4275 3105 4331 sibi
3138 4277 3238 4347 ipsi
3267 4279 3486 4336 Omnino
3507 4282 3702 4340 adver-

2105 4359 2234 4424 sari,
2270 4359 2479 4430 objecta
2505 4361 2573 4416 ab
2600 4363 3002 4422 Elmenltorstio
3032 4368 3174 4424 illius
3205 4371 3385 4441 verba,
3437 4374 3504 4429 ad
3545 4375 3698 4433 illum

2105 4453 2462 4521 proculdubio
2496 4470 2712 4512 sensum
2766 4461 3069 4517 revocanda
3098 4475 3252 4530 sunt,
3285 4481 3393 4536 quo
3421 4468 3696 4526 hominem

403 4555 508 4614 lari
538 4551 681 4606 hunc
705 4546 796 4602 ille
823 4540 1014 4614 probat
1045 4540 1096 4593 in
1127 4538 1344 4593 modum
1381 4555 1394 4590 :
1426 4555 1444 4588 ς
1471 4536 1584 4592 Hoc
1612 4547 1696 4592 est
1718 4539 1996 4609 proprium
2025 4539 2080 4601 D
2104 4545 2168 4599 ad
2201 4555 2475 4614 peceatum
2507 4552 2739 4607 naturali
2770 4553 3079 4613 inﬁrmitate
3108 4574 3434 4630 pr0pensum
3459 4575 3697 4634 peccato-

410 4649 508 4708 Dei
531 4645 669 4710 veri,
715 4637 1078 4711 potentiaeque
1131 4631 1374 4703 regalis,
1418 4630 1802 4700 benignitatem
1846 4647 1998 4686 suam

408 4757 609 4815 negare
647 4734 818 4799 nulli,
853 4745 954 4786 nec
987 4738 1240 4797 reputare
1265 4725 1387 4796 quis
1418 4733 1687 4780 mereatur
1709 4765 1724 4789 ,
1778 4736 1871 4780 aut
1898 4726 2001 4781 mi—

405 4838 581 4900 nime;
611 4843 736 4888 cum
761 4820 1022 4880 naturalis
1047 4817 1329 4874 infirmitas
1352 4825 1688 4886 peccatorem
1723 4817 1995 4873 hominem

407 4929 587 4993 faciat,
624 4938 730 4978 non
757 4914 1046 4974 voluntatis
1070 4953 1086 4979 ,
1114 4926 1209 4966 seu
1234 4911 1528 4983 (mannscr.
1560 4911 1683 4967 cod.
1718 4928 1830 4982 reg.
1884 4914 1995 4984 sed)

404 5017 742 5079 iudicationis
793 5011 1012 5069 elec’tio.
1053 5027 1069 5059 ι
1103 5005 1347 5080 (Arnob.,
1380 5007 1470 5060 lib.
1504 5023 1538 5070 ι,
1571 5025 1689 5078 pag.
1715 5006 1835 5078 29.)
1856 5009 1992 5077 Qui-

401 5119 504 5174 bus
527 5126 658 5169 sane
685 5108 860 5178 verbis
891 5112 1039 5175 putat
1067 5100 1328 5156 lleraldus
1365 5101 1434 5156 ab
1455 5100 1548 5154 illo
1578 5099 1865 5171 signiﬁcari
1895 5101 1994 5158 ho-

399 5213 601 5268 minem
634 5220 735 5261 nec
772 5201 912 5258 velle
942 5198 1140 5254 malum
1173 5238 1189 5263 ,
1242 5211 1342 5250 nec
1380 5194 1609 5265 eligere,
1637 5195 1731 5251 sed
1759 5199 1990 5254 naturali

399 5303 639 5361 emo-“ate
667 5296 721 5351 id
745 5294 986 5365 judicare
1016 5291 1239 5354 bonum,
1261 5286 1402 5359 quod
1437 5303 1630 5343 revera
1661 5289 1860 5344 malum
1882 5301 1986 5346 est.

393 5396 586 5454 Nonne
624 5405 754 5461 ergo
798 5385 1067 5441 Arnobius
1106 5390 1252 5438 recte
1288 5381 1527 5451 arguitur
1571 5382 1622 5434 in
1668 5379 1812 5438 hunc
1848 5398 1985 5453 quo-

393 5488 640 5550 rumdam
671 5491 912 5540 veterum
944 5475 1390 5548 philos0phorum
1421 5489 1661 5530 errorem
1695 5475 1983 5546 incidisse,

393 5600 554 5660 quem
581 5575 894 5638 Lactantius
923 5572 1007 5627 his
1029 5571 1206 5626 verbis
1240 5570 1446 5625 notavit
1473 5569 1496 5622 ?
1557 5588 1575 5621 ι
1618 5568 1812 5625 Dicunt
1840 5587 1936 5627 eos
1965 5614 1980 5636 ,

391 5683 481 5754 qui
508 5679 633 5738 mali
654 5674 958 5732 videantur,
986 5681 1090 5720 non
1120 5679 1213 5720 sua
1235 5674 1428 5734 sponte
1444 5677 1688 5733 peccare,
1721 5679 1822 5719 nec
1841 5663 1977 5719 mala

390 5775 569 5858 potius
592 5771 792 5847 eligere
821 5808 838 5840 ,
871 5761 965 5824 sed
1003 5761 1263 5818 bonorum
1293 5757 1472 5829 specie
1501 5757 1681 5827 lapsos
1701 5798 1716 5823 ,
1736 5756 1975 5815 incidere

2105 4655 2209 4694 rem
2241 4643 2588 4712 nuncupavit.

2691 4783 2923 4842 CAPUT
2953 4787 3089 4844 \‘lll.

2196 4889 2274 4946 De
2292 4908 2490 4947 summa
2520 4893 2710 4951 Christi
2738 4897 3001 4956 divinitate
3023 4911 3071 4958 et
3109 4903 3479 4964 incarnationis
3505 4911 3617 4982 ejus
3653 4891 3661 4897 ’

2751 4996 3010 5065 mysterio.

2626 5125 2924 5168 ARTICULUS
2953 5130 3164 5173 HUIUS.

2093 5214 2247 5274 Quam
2272 5197 2447 5271 validis
2466 5226 2772 5294 argumentis
2791 5224 3035 5280 Arnobius
3055 5244 3335 5294 supremam
3359 5236 3540 5290 Christi
3563 5241 3689 5293 divi-

2509 5289 2715 5338 nitatem
2739 5298 2928 5341 asserat
2960 5299 3012 5342 et
3037 5289 3266 5346 vindicet.

2162 5388 2330 5444 Tanta
2365 5393 2637 5451 Arnobius
2688 5398 3072 5468 perspicuitate
3103 5412 3158 5458 et
3195 5405 3466 5463 evidentia
3495 5425 3684 5480 supre-

2093 5497 2232 5535 mam
2264 5484 2464 5542 ﬁliiDei
2493 5487 2696 5544 Christi
2731 5489 2934 5547 domini
2966 5493 3302 5552 divinitatem
3352 5502 3589 5567 asserit,
3624 5516 3685 5559 ut

2085 5574 2215 5629 illud
2246 5591 2274 5630 a
2299 5581 2536 5657 nemine,
2565 5582 2867 5640 nisimente
2889 5597 3068 5658 captu,
3091 5591 3174 5646 vel
3203 5590 3502 5649 incredibili
3524 5611 3680 5664 pror-

2084 5680 2177 5720 sus
2234 5671 2531 5737 pervicacia
2587 5675 2864 5733 obcaecato
2913 5682 3081 5750 possit
3147 5699 3394 5755 umquam
3469 5690 3678 5760 negari.

2081 5756 2240 5819 Menti
2269 5770 2447 5824 autem
2473 5766 2590 5838 ejus
2617 5784 2775 5840 quam
2796 5771 2902 5828 alte
2929 5771 3151 5830 inﬁxum
3174 5756 3680 5853 fueritpratcipuum
