3990 6072
275 213 380 270 465

1466 211 1531 267 ΙΝ
1570 210 1940 280 ABNOBIUM,
1980 209 2130 268 CAP.
2175 211 2306 268 νιιι.

3447 216 3556 274 ιδδ

268 329 398 385 illud
429 329 738 386 christiana:
786 329 1066 402 religionis
1093 329 1473 384 documentum
1497 373 1512 396 ,
1547 327 1669 382 inde
1701 327 1858 397 plane
1888 330 1939 388 Λ
1963 327 2124 382 velim
2161 346 2175 384 :
2214 346 2233 380 ι
2256 327 2500 393 Etiamsi,
2533 347 2551 381 ι
2580 329 2771 400 inquit,
2810 349 2830 380 ι
2857 340 3003 386 esset
3030 331 3083 387 id
3108 345 3315 396 verum,
3339 330 3472 388 locis
3497 340 3557 386 ut

269 421 492 494 colliges
520 465 534 487 ,
574 421 715 494 quod
749 421 800 478 id
829 438 931 479 nec
957 420 1297 487 Christianis,
1331 435 1429 476 nec
1461 420 1704 476 Ethnicis
1732 419 1863 489 ipsis

266 534 328 575 se
374 533 624 589 umquam
655 519 786 575 satis
826 518 1028 575 dixisse
1072 528 1126 574 et
1178 516 1478 573 inculcasse
1529 515 1630 571 sibi
1680 513 1861 570 videa-

267 620 375 666 tur.
408 609 647 667 Gentiles
677 612 954 666 enimvero
981 609 1257 675 audacter,
1284 610 1360 663 uti
1395 608 1486 663 ille
1515 606 1657 662 haud
1688 606 1860 662 semel

268 707 457 773 edixit,
501 705 833 778 objiciebant
875 705 1006 761 deos
1055 720 1183 761 suos
1234 719 1339 759 non
1390 703 1512 758 ideo
1551 700 1861 757 christianis

265 814 389 855 esse
418 799 662 868 infestos,
703 818 721 852 ‹
749 799 890 870 quod
920 801 1343 870 omnipotentem
1377 798 1543 852 Deum
1573 795 1857 861 colerent,

264 893 380 956 sed,
405 893 550 964 quod
584 895 853 948 hominem
879 905 1084 959 natum,
1117 894 1401 962 crucisque
1429 891 1691 962 supplicio
1723 891 1861 945 inte-

263 996 556 1056 remptum,
582 995 632 1040 et
648 986 809 1041 Deum
825 985 1011 1051 fuisse,
1031 997 1084 1041 et
1103 987 1275 1040 adhuc
1293 999 1608 1054 superesse»
1622 981 1853 1054 (Arnob.,

265 1080 353 1134 lib.
410 1095 450 1146 ι,
485 1096 607 1152 pag.
648 1077 742 1150 19)
785 1079 1099 1145 crederent,
1150 1094 1210 1133 ac
1259 1078 1499 1148 quotidie
1547 1077 1854 1132 adorarent.

263 1171 448 1244 Neque
479 1172 531 1227 id
562 1172 667 1226 illis
695 1171 828 1226 vitio
869 1183 1073 1228 tantum
1125 1171 1406 1226 vertebant
1433 1212 1447 1236 ,
1498 1169 1591 1225 sed
1618 1170 1688 1224 ob
1717 1169 1856 1224 hanc

262 1281 478 1338 quoque
507 1265 898 1321 confessionem
927 1265 1074 1337 ipsos
1111 1263 1436 1334 quibuslibet
1461 1262 1739 1334 suppliciis
1761 1277 1857 1318 ex-

264 1359 651 1416 carniﬁcahant
682 1359 1145 1429 trucidabantque.
1180 1359 1430 1414 Animum
1461 1359 1639 1429 itaque
1665 1359 1854 1414 nobis-

264 1469 383 1509 cum
419 1455 564 1508 serio
591 1453 811 1508 adverte
841 1452 966 1524 quid
995 1453 1266 1508 Arnobius
1293 1452 1410 1506 llch
1425 1467 1716 1524 numquam
1749 1468 1854 1506 non

274 1545 577 1600 tabularum
607 1561 758 1600 more
785 1545 1204 1602 vociferantibus
1247 1546 1600 1615 respondeat,
1625 1554 1688 1600 'ct
1726 1561 1857 1601 con-

263 1637 441 1695 festim
472 1639 738 1709 intelliges
764 1655 922 1710 quam
970 1649 1157 1710 aperte
1187 1649 1241 1694 et
1265 1649 1413 1695 certo
1444 1654 1624 1695 veram
1654 1637 1855 1710 Christi

1965 419 2018 474 in
2048 418 2418 487 superioribus
2447 420 2650 476 dictum
2681 431 2784 486 est,
2816 432 2993 478 tamen
3016 438 3114 493 pro
3141 423 3342 486 multis,
3365 431 3420 478 et
3446 431 3555 479 tam

1963 513 2274 568 liberalibus
2301 513 2476 580 donis,
2509 531 2627 584 quae
2654 516 2720 572 ab
2745 531 2812 571 eo
2843 515 3082 587 profecta
3114 517 3165 572 in
3203 517 3358 572 nobis
3385 527 3507 572 sunt
3534 555 3555 583 ,

1966 605 2108 660 Deus
2135 605 2494 661 dicideberet.
2529 605 2661 662 Cum
2690 625 2817 663 vero
2847 610 2984 665 Deus
3006 611 3077 664 sit
3103 625 3161 666 re
3174 620 3410 678 certa,et
3433 611 3552 665 sine

1961 699 2121 753 ullius
2144 697 2220 754 rei
2250 699 2595 755 dubitationis
2615 700 2708 774 (ita
2730 701 2782 756 in
2812 704 3173 773 manuscripto
3202 703 3390 759 codice
3406 704 3553 774 regio

1961 791 2179 864 legitur)
2208 792 2459 864 ambiguo
2481 836 2494 859 ,
2527 794 2862 850 inliciaturos
2890 795 3224 852 arbitramini
3249 813 3346 852 nos
3374 812 3497 854 esse
3526 840 3541 862 ,

1961 902 2119 956 quam
2149 889 2382 944 maxime
2412 889 2560 943 illum
2583 905 2612 943 a
2644 889 2798 944 nobis
2827 891 2951 957 coli,
2983 901 3036 946 et
3069 892 3350 961 praesidem
3383 892 3552 947 nostri

1963 985 2206 1052 corporis
2247 985 2585 1053 nuncupari?
2611 985 2846 1055 Ergone,
2889 987 3088 1057 inquiet
3115 987 3304 1056 aliquis
3331 985 3513 1042 furens
3537 1028 3554 1054 ,

1961 1077 2128 1132 iratus
2169 1088 2224 1133 et
2267 1080 2524 1149 percitus,
2582 1079 2723 1133 Deus
2754 1079 2844 1134 ille
2863 1090 2947 1134 cst
2973 1079 3251 1135 Christus?
3279 1079 3418 1134 Deus
3440 1094 3556 1134 reso

1961 1173 2342 1243 pondebimus,
2389 1185 2442 1229 et
2511 1174 2827 1230 interiorum
2885 1175 3242 1244 potentiarum
3286 1175 3427 1230 Deus
3459 1191 3473 1228 :
3506 1184 3561 1229 et

1961 1265 2103 1333 quod
2131 1268 2302 1337 magis
2329 1267 2523 1322 inﬁdos
2562 1268 2927 1323 acerbissimis
2954 1268 3232 1324 doloribus
3259 1278 3506 1337 torqueat
3537 1311 3552 1334 ,

1960 1359 2037 1412 rei
2087 1359 2333 1414 maximae
2380 1375 2538 1414 causa
2593 1376 2622 1414 a
2670 1375 2879 1414 summo
2914 1375 3041 1431 rege
3077 1361 3291 1414 missus.
3330 1377 3349 1412 ι
3395 1359 3556 1414 Vides

1963 1450 2204 1519 profecto
2230 1452 2500 1522 quomodo
2533 1453 2622 1508 ille
2653 1453 2732 1506 bis
2769 1462 2958 1523 terque
2989 1464 3217 1522 repetat,
3247 1461 3302 1506 et
3322 1452 3555 1508 inculcet

1961 1542 2236 1599 Christum
2291 1561 2394 1599 non
2446 1547 2662 1600 nomine
2692 1555 2846 1600 tenus
2876 1545 3333 1616 etappellatione,
3367 1544 3462 1600 sed
3495 1560 3555 1599 re

1961 1644 2130 1702 certa,
2187 1645 2345 1707 atque
2375 1638 2478 1691 ulla
2506 1637 2710 1707 absque
2738 1636 3070 1692 dubitatione
3098 1637 3178 1691 vel
3206 1637 3554 1707 ambiguitate

262 1731 596 1787 divinitatem
632 1733 1024 1803 praedicaverit.
1056 1733 1193 1802 Quid
1221 1734 1387 1797 enim,
1420 1734 1647 1789 obsecro
1674 1742 1748 1800 te,
1779 1733 1856 1788 fa-
1887 1720 1934 1780 B
1965 1744 2149 1785 verum
2195 1747 2316 1786 esse
2367 1731 2533 1786 Deum
2560 1732 2802 1802 corporis
2834 1730 3002 1786 nostri
3033 1729 3313 1801 praesidem
3333 1775 3348 1797 ,
3392 1739 3447 1785 et
3467 1730 3550 1783 in-

261 1824 421 1878 cilius
441 1825 848 1896 promptiuSque
875 1827 952 1882 illi
978 1838 1114 1895 erat,
1135 1844 1291 1898 quam
1317 1827 1644 1898 reSpondere
1662 1827 1852 1884 Chris-

259 1927 369 1972 tum
397 1933 503 1973 non
535 1935 661 1974 vere
688 1936 751 1975 ac
786 1923 1001 1992 proprie
1032 1965 1046 1989 ,
1107 1921 1201 1976 sed
1229 1924 1614 1994 metonymice,
1669 1933 1724 1978 et
1749 1924 1851 1977 im-

258 2012 476 2082 proprie
507 2011 671 2067 Deum
698 2028 729 2067 a
751 2014 1058 2068 christianis
1083 2013 1231 2069 credi
1263 2025 1318 2069 et
1345 2015 1648 2085 appellari?
1675 2015 1751 2069 Ea
1778 2016 1854 2070 si-

257 2105 474 2176 quidem
514 2105 732 2161 cuilibet
757 2107 912 2162 obvia
939 2109 1291 2178 responsione
1321 2107 1525 2163 Ethicis
1549 2123 1611 2162 os
1634 2109 1850 2178 penitus

255 2199 591 2255 occlusisset.
621 2200 724 2256 Sed
755 2210 956 2255 tantum
985 2202 1158 2268 abest,
1189 2213 1245 2256 ut
1276 2217 1395 2257 eam
1433 2202 1702 2270 adhibeat,
1722 2205 1852 2274 quin

255 2291 431 2362 ipsum
477 2290 750 2347 Christum
781 2308 964 2347 verum
995 2293 1164 2349 Deum
1193 2309 1313 2349 esse
1359 2294 1485 2349 inde
1513 2296 1851 2351 demonstrat

261 2381 452 2453 (Ibid.,
479 2400 600 2456 pag.
633 2383 749 2456 21),
789 2384 930 2455 quod
954 2401 1160 2440 summa
1189 2399 1242 2441 et
1268 2387 1549 2442 innumera
1593 2388 1852 2444 beneﬁcia

257 2477 511 2533 omnibus
535 2478 817 2549 aequaliter
855 2479 1160 2535 hominibus
1209 2481 1498 2535 contulerit
1527 2498 1540 2533 :
1579 2500 1597 2531 ‹
1628 2481 1741 2538 Hoc
1769 2492 1854 2539 est

254 2572 426 2638 enim,
465 2591 483 2624 ι
519 2573 688 2644 inquit
721 2572 910 2643 (Ibid.,
940 2593 1058 2645 pag.
1095 2574 1209 2644 29),
1240 2593 1258 2624 ι
1297 2577 1569 2645 proprium
1601 2577 1690 2631 Dei
1715 2579 1846 2645 veri,

256 2667 624 2738 poteritimque
653 2669 868 2739 regalis,
899 2669 1279 2740 benignitatem
1307 2683 1457 2723 suam
1482 2684 1679 2740 negare
1695 2670 1846 2738 nulli,

253 2777 360 2817 nec
390 2774 640 2833 reputare
669 2763 789 2835 quis
827 2773 1122 2826 mereatur,
1152 2773 1242 2818 aut
1271 2764 1512 2819 minime.
1554 2786 1571 2815 i
1604 2765 1734 2832 Quae
1756 2782 1852 2821 au—

253 2865 368 2911 tem
412 2872 474 2910 ea
519 2859 626 2912 sint
671 2858 905 2914 breviter
933 2858 1164 2929 attingit,
1197 2868 1358 2928 atque
1418 2858 1546 2912 illud
1584 2859 1850 2929 imprimis

258 2959 566 3014 memorat,
620 2951 763 3020 quod
808 2949 1056 3006 Christus
1110 2952 1356 3007 homines
1388 2956 1455 3007 ab
1492 2954 1767 3008 erroribus
1797 2964 1851 3010 et

254 3044 392 3098 falsa
421 3045 679 3115 religione
707 3045 773 3101 ad
818 3061 998 3100 veram
1033 3045 1350 3112 traduxerit,
1383 3061 1587 3117 eosque
1607 3047 1853 3103 docuerit

1961 1823 2219 1877 teriorum
2249 1825 2630 1893 potentiorum,
2658 1825 2758 1880 hoc
2774 1833 2877 1891 est,
2907 1824 3072 1879 animi
3094 1824 3263 1878 nostri
3287 1824 3557 1878 omnium-

1957 1931 2064 1986 que
2091 1914 2402 1972 facultatum
2435 1918 2552 1988 ejus
2585 1919 2774 1973 Deum.
2799 1914 3322 1982 Cuiautem,amabo
3339 1924 3414 1984 te,
3436 1915 3551 1970 haec

1957 2009 2154 2074 omnia,
2188 2010 2290 2064 nisi
2320 2026 2532 2065 summo
2564 2012 2671 2066 Deo
2697 2011 3050 2080 competunt?

2029 2105 2182 2174 Quod
2229 2115 2406 2159 autem
2455 2102 2662 2159 addidit
2689 2121 2703 2160 :
2733 2105 2806 2159 rei
2847 2103 3084 2157 maxime
3112 2119 3267 2157 causa
3295 2121 3327 2155 a
3351 2115 3552 2156 summa

1954 2215 2070 2269 rege
2090 2198 2291 2260 missus,
2321 2196 2404 2250 his
2430 2211 2561 2250 sane
2587 2197 2766 2251 verbis
2810 2210 2916 2249 non
2961 2193 3245 2263 signiﬁcat,
3278 2191 3550 2248 Christum

1955 2304 2078 2344 esse
2122 2288 2430 2344 inferiorem
2461 2331 2476 2354 ,
2527 2290 2621 2342 sed
2651 2303 2814 2342 unum
2852 2297 2907 2343 et
2929 2287 3176 2343 eumdem
3221 2302 3343 2342 cum
3371 2287 3557 2352 Patre,

1954 2396 2223 2434 summum
2263 2396 2383 2435 esse
2417 2380 2604 2445 Deum,
2639 2395 2866 2450 persona
2899 2389 3078 2435 tamen
3106 2379 3439 2436 distinctum.
3473 2380 3550 2435 Ea

1955 2487 2117 2542 porro
2143 2474 2217 2526 rei
2247 2473 2485 2526 maxime
2508 2489 2686 2538 causa,
2719 2472 2790 2527 ob
2817 2486 2982 2542 quam
3013 2471 3081 2527 ab
3110 2487 3176 2528 eo
3202 2473 3402 2528 missus
3421 2472 3558 2528 dici-

1958 2575 2062 2632 tur,
2096 2582 2201 2621 non
2231 2567 2331 2621 alia
2359 2574 2464 2632 est,
2494 2582 2654 2636 quam
2683 2575 2740 2621 ut
2771 2567 3039 2632 homines,
3073 2568 3147 2621 uti
3177 2567 3410 2623 diximus
3431 2611 3446 2634 ,
3478 2569 3554 2625 ab

1956 2660 2124 2730 impio
2156 2661 2417 2716 idolorum
2441 2662 2608 2728 cultu,
2636 2671 2691 2716 et
2722 2661 2852 2716 falsa
2879 2662 3154 2730 gentilium
3178 2660 3454 2731 religione,
3485 2661 3555 2716 ad

1957 2769 2143 2809 verum
2179 2755 2270 2810 Dei
2291 2756 2493 2810 cultum
2521 2770 2814 2825 veramque
2844 2754 3159 2826 religionem
3183 2754 3468 2823 adductos,
3500 2739 3558 2810 ei;

1957 2857 2130 2902 morte
2180 2864 2275 2903 sua
2317 2865 2346 2902 a
2381 2851 2616 2918 peccatis
2642 2850 2848 2903 solutos
2870 2849 3122 2902 salvaret.
3154 2846 3308 2914 Quod
3335 2848 3553 2918 quidem

1955 2939 2204 2996 Ethnicis
2233 2942 2568 2996 intolerabile
2595 2941 2759 2995 fuisse
2779 2940 2980 2994 adserit
3005 2938 3200 3012 (Idem,
3235 2939 3321 2994 lib.
3342 2956 3398 3005 ιι,
3424 2957 3550 3010 pag.

1955 3037 2046 3103 87,
2079 3037 2256 3108 etc.,),
2287 3047 2446 3101 atque
2470 3046 2524 3090 ut
2557 3037 2672 3107 ipse
2698 3035 2934 3106 loquitur
2957 3077 2971 3100 ,
3004 3034 3369 3090 acerbissimis
3397 3034 3556 3090 dolo-

258 3151 290 3190 a
322 3151 428 3206 quo
451 3137 700 3203 mundus,
726 3146 778 3192 et
804 3136 857 3191 hi
887 3138 1098 3207 ipsimet
1139 3138 1384 3193 homines
1413 3139 1578 3194 creati
1610 3139 1749 3207 sint,
1789 3156 1852 3195 ac

1965 3132 2103 3185 ribus
2144 3104 2450 3201 torquebat.
2493 3104 2598 3184 Sed
2629 3104 2976 3198 quan—tumvis
3010 3141 3072 3182 ea
3116 3126 3328 3196 publica
3359 3126 3552 3181 divini-

256 3230 383 3300 quis
411 3238 529 3300 post
558 3240 785 3284 mortem
817 3237 984 3285 status
1013 3246 1107 3285 eos
1143 3242 1378 3287 maneat.
1404 3231 1542 3286 Tum
1569 3247 1698 3286 vero
1723 3248 1852 3287 con-

258 3323 498 3376 tinenter
538 3321 675 3376 hanc
728 3322 816 3377 ille
863 3322 1038 3377 elicuit
1080 3323 1526 3380 conclusionem:
1565 3344 1584 3377 ί
1618 3324 1693 3379 Ita
1723 3340 1852 3396 ergo

259 3415 507 3471 Christus
560 3433 667 3471 non
717 3417 976 3472 habeatur
1011 3432 1038 3470 a
1088 3417 1242 3472 nobis
1269 3418 1408 3473 Deus
1428 3419 1452 3471 ?
1478 3418 1588 3473 Nec
1615 3420 1704 3488 qui
1731 3434 1850 3474 om-

261 3510 411 3565 ninm
449 3511 684 3580 alioquin
713 3512 976 3565 maximus
1006 3519 1182 3579 potest
1216 3512 1528 3582 excogitari,
1559 3512 1855 3568 divinitatis

264 3603 528 3659 afficiatur
556 3605 720 3672 cultu,
751 3621 779 3659 a
801 3620 909 3676 quo
931 3606 1242 3675 jamdudum
1268 3615 1434 3670 tanta,
1477 3619 1529 3662 et
1550 3609 1855 3677 accepimus

261 3698 405 3753 dona
426 3698 688 3764 viventes,
720 3708 773 3753 et
802 3711 1194 3769 exspectamus.
1213 3716 1332 3754 cum
1352 3699 1466 3754 dies
1486 3701 1715 3766 venerit,
1739 3717 1856 3754 am-

265 3792 457 3862 pliora.
498 3812 515 3844 ι
544 3792 680 3861 Quid
715 3794 780 3847 ad
809 3809 1070 3848 summam
1099 3791 1295 3847 Christi
1324 3791 1663 3847 divinitatem
1707 3808 1857 3847 asse-

265 3887 492 3942 rendam
537 3887 843 3955 expressius
881 3899 935 3941 et
981 3887 1296 3941 luculentius
1333 3887 1556 3956 proferri
1611 3885 1855 3957 poterat?

265 3980 513 4036 Gentiles
555 3995 866 4048 persuasum
903 3979 1170 4034 habebant
1196 3979 1466 4035 Christum
1494 3981 1560 4034 ab
1591 3980 1707 4050 ejus
1737 3995 1855 4034 sec-

266 4073 534 4128 tatoribus
564 4088 748 4128 verum
798 4073 964 4128 Deum
1015 4073 1160 4128 credi
1190 4114 1205 4139 ,
1249 4083 1408 4144 atque
1438 4072 1488 4125 id
1512 4072 1614 4126 illis
1644 4073 1853 4126 crimini

264 4167 504 4223 maximo
544 4168 842 4222 vertebant.
892 4168 1157 4222 Arnobius
1199 4182 1327 4222 vero
1354 4165 1540 4220 iisdem
1577 4164 1807 4221 ethnicis
1835 4207 1851 4231 ,

265 4262 408 4316 hanc
453 4260 854 4330 persuasionem
899 4259 1118 4313 cuilibet
1157 4258 1453 4313 christiano
1482 4255 1856 4325 exprobranti-

263 4358 387 4422 bus,
439 4370 541 4408 non
573 4364 775 4408 tantum
832 4353 1121 4423 respondet
1151 4351 1289 4406 hanc
1317 4352 1494 4421 reipsa
1524 4365 1647 4406 esse
1676 4349 1851 4405 chris-

262 4451 532 4505 tianorum
560 4448 898 4511 sententiam,
925 4447 1016 4501 sed
1049 4446 1187 4500 illius
1215 4461 1426 4516 quoque
1452 4445 1728 4501 veritatem
1757 4459 1852 4498 va-

265 4543 365 4598 riis
422 4542 688 4595 rationum
739 4539 1027 4593 momentis
1077 4537 1264 4607 probat
1308 4548 1362 4592 et
1409 4537 1658 4593 adstruit.
1711 4539 1852 4607 Quin

263 4637 428 4690 etiam
459 4642 768 4688 constanter
793 4639 1065 4687 asseverat
1091 4631 1362 4686 Christum
1395 4647 1461 4686 eo
1486 4632 1668 4687 divino
1707 4634 1854 4688 cultu

267 4727 666 4791 honorandum,
701 4726 792 4796 qui
823 4727 1094 4780 maximus
1120 4725 1413 4794 excogitari
1447 4733 1643 4794 potest.
1669 4726 1854 4782 Palam

265 4842 399 4895 ergo
430 4841 490 4878 ac
517 4822 796 4894 perspicue
831 4821 1062 4876 afﬁrmat
1092 4837 1197 4876 non
1223 4830 1424 4874 tantum
1452 4820 1680 4891 gentiles
1714 4821 1856 4876 haud

266 4919 541 4974 immerito
577 4915 870 4972 credidisse
907 4931 1086 4970 veram
1117 4914 1444 4970 divinitatem
1485 4930 1515 4969 a
1553 4913 1859 4970 christianis

270 5015 346 5068 illi
379 5012 558 5079 tribui,
593 5026 776 5065 verum
796 5011 955 5064 etiam
980 5009 1082 5064 hoc
1113 5009 1277 5064 fuisse
1298 5013 1653 5078 ipsorummet
1681 5011 1857 5066 chris-

270 5107 537 5160 tianorum
576 5113 778 5159 certum
825 5103 1204 5173 publicumque
1241 5102 1660 5168 documentum,
1695 5118 1725 5158 a
1753 5119 1860 5174 quo

272 5199 431 5252 nullis
461 5212 709 5268 umquam
741 5196 1016 5266 suppliciis
1046 5195 1228 5251 divelli
1262 5206 1533 5266 poterant.

347 5290 452 5347 Sed
499 5290 748 5360 agedum,
782 5298 835 5344 et
884 5288 1100 5344 attende
1130 5289 1399 5358 quomodo
1445 5289 1498 5344 id
1535 5289 1625 5345 ille
1653 5299 1862 5360 repetat

273 5386 462 5459 (Ibid..
492 5402 613 5456 pag.
645 5382 762 5456 ‘24),
803 5399 1065 5454 novoque,
1112 5399 1210 5439 nec
1252 5384 1426 5438 minus
1467 5386 1750 5456 perspicuo
1777 5385 1862 5440 di—

274 5478 432 5535 cendi
466 5479 627 5533 modo
677 5478 912 5532 stabiliat
941 5487 993 5532 et
1015 5477 1298 5532 conﬁrmet
1331 5497 1344 5532 :
1380 5476 1579 5531 Natum
1603 5519 1618 5544 ,
1658 5478 1864 5548 inquie-

276 5576 412 5631 bant
439 5573 669 5640 Ethnici,
713 5573 969 5628 hominem
996 5573 1182 5626 colitis.
1221 5571 1302 5627 En
1353 5587 1482 5626 sane
1531 5570 1718 5627 eadem
1749 5573 1868 5627 illo-

275 5683 401 5724 rum
459 5682 640 5721 rursus
668 5666 976 5722 christianis
1008 5667 1280 5736 proposita
1320 5665 1684 5736 exprobratio.
1730 5663 1867 5733 Quid

277 5759 348 5815 ad
377 5774 498 5815 eam
523 5759 788 5816 Arnobius
823 5767 1006 5814 noster
1026 5756 1221 5819 iterum
1253 5755 1573 5828 respondeat
1601 5798 1616 5826 ,
1651 5756 1867 5827 audias,

1880 4491 1934 4552 D

1957 3225 2081 3277 tatis
2127 3223 2322 3277 Christi
2372 3221 2720 3278 confessione
2779 3227 3183 3288 torquerentur,
3238 3227 3552 3275 constanter

1955 3329 2154 3384 tamen,
2192 3318 2353 3372 etiam
2400 3319 2482 3373 sui
2530 3315 2722 3386 capitis
2773 3313 3050 3384 periculo,
3106 3311 3381 3368 afﬁrmare
3437 3327 3546 3367 non

1956 3425 2173 3470 veretur
2203 3414 2350 3468 illum
2377 3426 2645 3468 summum
2676 3424 2799 3464 esse
2832 3408 3023 3464 Deum.

2028 3507 2168 3562 Satis
2194 3522 2322 3561 vero
2349 3506 2451 3560 sibi
2472 3520 2593 3560 esse
2624 3521 2729 3560 non
2752 3506 2956 3576 putavit
2988 3515 3094 3560 tam
3122 3506 3283 3562 claris
3321 3506 3555 3576 apertis-

1957 3617 2064 3674 que
2102 3602 2278 3657 verbis
2301 3616 2607 3672 supremam
2634 3601 2834 3656 Christi
2866 3602 3198 3657 divinitatem
3224 3601 3502 3658 declarare
3531 3642 3548 3667 ,

1958 3711 2187 3765 eumque
2214 3711 2279 3750 ex
2301 3694 2507 3765 magnis
2535 3693 2703 3763 ipsius
2735 3695 2786 3749 in
2809 3695 3054 3749 homines
3083 3694 3378 3762 beneﬁciis,
3407 3693 3553 3750 divi-

1960 3803 2132 3857 naque
2156 3787 2272 3855 ejus
2291 3786 2670 3855 comprobasse
2690 3785 2935 3841 doctrina
2958 3829 2972 3851 ,
3003 3787 3098 3842 sed
3127 3787 3374 3842 eamdem
3407 3786 3552 3842 illius

1957 3881 2288 3935 divinitatem
2317 3895 2384 3936 ex
2417 3880 2712 3935 innumeris
2743 3880 2989 3950 abipso,
3042 3889 3096 3934 et
3118 3880 3393 3950 discipulis
3431 3880 3552 3950 ejus

1958 3973 2114 4027 editis
2139 3971 2413 4026 miraculis
2434 3971 2833 4026 evidentissima
2862 3971 3217 4026 demonstrat.

2030 4065 2157 4130 Quae
2202 4073 2380 4119 autem
2401 4072 2653 4134 ,quanta,
2682 4078 2840 4132 quam
2865 4078 3016 4129 vera,
3063 4073 3118 4117 et
3140 4071 3291 4118 certo
3320 4064 3553 4118 certiora

1957 4160 2154 4214 fuerint
2207 4161 2323 4215 haec
2367 4158 2648 4220 miracula.
2721 4155 3062 4211 manifestum
3116 4171 3277 4226 supra
3324 4156 3551 4213 fecimus

1962 4252 2127 4324 (ηιμ,
2157 4268 2273 4324 cup.
2305 4252 2356 4316 5,
2387 4260 2486 4308 art.
2520 4249 2581 4321 t).
2618 4249 2727 4305 Nec
2765 4249 2939 4304 minus
2995 4249 3276 4319 perspicue
3313 4247 3553 4304 ostendi-

1959 4360 2078 4400 mus
2132 4344 2402 4416 quomodo
2446 4343 2536 4397 illa
2567 4342 2712 4397 nullo
2739 4354 2968 4398 externo
3007 4341 3333 4396 adminiculo
3356 4381 3372 4408 ,
3405 4339 3550 4397 nulla

1958 4457 2060 4498 nec
2085 4441 2314 4502 medica,
2340 4454 2439 4494 nec
2469 4440 2672 4508 magica
2703 4448 2842 4500 arte,
2871 4437 2966 4491 sed
2986 4436 3102 4491 solo
3124 4436 3310 4501 verbo,
3334 4444 3426 4490 aut
3449 4435 3563 4491 levi

1969 4546 2130 4602 tactu,
2163 4534 2304 4605 quod
2335 4533 2464 4588 nulli
2495 4547 2744 4602 umquam
2769 4531 3048 4601 gentilium
3066 4531 3194 4597 Deo,
3226 4529 3414 4584 autalii
3434 4527 3553 4582 cui-

1961 4633 2104 4700 piam
2131 4643 2451 4684 concessum
2482 4634 2585 4691 est,
2618 4625 2753 4678 facta
2785 4625 2912 4678 sint.
2941 4622 3124 4693 Itaque
3150 4631 3431 4694 postquam
3460 4620 3553 4675 illa

1961 4721 2159 4778 Christi
2185 4719 2678 4790 discipulorumque
2699 4717 2816 4786 ejus
2848 4715 3105 4770 miracula
3139 4713 3408 4770 Arnobius
3428 4710 3547 4766 fuse

1962 4816 2254 4879 enarravit,
2282 4830 2348 4868 ex
2374 4825 2634 4867 concessa
2667 4807 2785 4863 isﬁs
2805 4808 2885 4866 {ab
2911 4805 3102 4862 eodem
3129 4805 3345 4860 Christo
3370 4817 3434 4858 ea
3468 4804 3550 4857 fa-

1963 4909 2138 4966 ciendi
2175 4914 2440 4978 potestate
2483 4905 2560 4958 sic
2612 4907 3020 4973 argumentatur
3056 4917 3069 4952 :
3107 4917 3125 4950 ‹
3163 4894 3555 4952 Transcribere

1969 5019 2124 5074 posse
2177 5003 2229 5056 in
2290 5000 2562 5055 hominem
2589 4996 2677 5068 jus
2705 5007 2876 5061 tuum,
2908 5004 2964 5050 et
2987 4992 3129 5063 quod
3181 4991 3360 5047 facere
3402 4992 3552 5046 solus

1969 5097 2142 5168 possis
2167 5139 2180 5162 ,
2239 5091 2596 5164 fragilissima:
2627 5091 2704 5144 rei
2751 5089 2990 5152 donare,
3035 5097 3090 5139 et
3121 5083 3445 5155 participare
3472 5083 3549 5139 fa—

1967 5189 2238 5255 ciendum,
2272 5201 2433 5256 supra
2465 5184 2641 5239 omnia
2672 5183 2790 5238 sita:
2819 5190 2902 5235 est
2933 5179 3232 5249 potestatis,
3261 5177 3551 5233 continen-

1970 5286 2140 5355 tisque
2167 5281 2267 5335 sub
2295 5296 2354 5336 se
2375 5289 2456 5335 est
2487 5293 2667 5334 rerum
2699 5274 2936 5330 omnium
2955 5287 3171 5337 causas,
3199 5279 3253 5325 et
3279 5271 3551 5325 rationum

1968 5376 2383 5444 facultatumque
2412 5380 2649 5426 naturas.
2693 5387 2709 5419 ›
2739 5365 2982 5437 (Arnob.,
3009 5365 3099 5418 lib.
3134 5380 3171 5428 ι,
3204 5380 3325 5435 pag.
3350 5361 3553 5432 3i.)At

1970 5473 2122 5542 cujus
2148 5481 2250 5538 est,
2275 5485 2374 5524 oro
2406 5480 2480 5534 te,
2512 5467 2611 5522 nisi
2636 5465 2802 5520 solius
2836 5464 2948 5531 Dei,
2970 5463 3182 5534 Optimi,
3203 5462 3422 5517 maximi
3440 5463 3555 5515 haec

1971 5566 2072 5622 sita
2097 5580 2258 5637 supra
2285 5562 2462 5617 omnia
2487 5568 2746 5630 potestas,
2777 5574 2896 5628 quae
2917 5557 3018 5613 sub
3039 5571 3096 5611 se
3110 5570 3289 5610 rerum
3313 5554 3554 5608 omnium

1972 5675 2196 5725 causas,
2251 5667 2304 5712 et
2358 5655 2624 5710 rationum
2675 5653 3095 5719 facultatumque
3137 5659 3360 5704 naturas
3389 5646 3564 5700 conti-

1976 5755 2134 5815 neat?
2171 5753 2330 5826 Atqni
2359 5747 2626 5807 Arnobius
2650 5747 2929 5805 Christum
2966 5741 3268 5801 Dominum
3292 5754 3358 5792 ea
3391 5747 3573 5807 potes-
