3990 6072
396 242 503 300 467

1669 232 2128 296 DlSSERTATlD
2168 232 2452 297 PREVIA

3602 243 3712 303 463

397 367 512 413 tate
532 354 815 425 prmditnm
844 352 1010 411 fuisse
1040 349 1477 421 constantissime
1507 349 1701 408 asserit
1724 388 1739 413 ,
1765 347 1985 411 validis-
2017 352 2077 419 Α
2095 351 2379 420 magisque
2394 346 2714 415 abhorrens.
2735 350 2870 414 Nam
2892 350 3013 416 hac.
3032 351 3078 412 si
3107 351 3298 418 luisset
3323 352 3475 418 illius
3495 356 3708 426 opinio,

400 447 669 518 simisque
722 445 1054 517 argumentis
1102 443 1462 507 demonstrat.
1519 441 1996 499 Persuasissimum

402 556 537 614 ergo
566 540 753 597 habuit
776 553 901 596 eum
921 552 1111 594 verum
1132 544 1189 607 et
1211 550 1524 607 supremum
1551 549 1676 592 esse
1696 535 1888 591 Deum.

475 634 582 692 Sed
608 633 734 693 audi
754 632 951 698 adhuc,
981 631 1234 699 obsecro,
1252 628 1526 701 quomodo
1548 627 1685 684 illud
1700 643 1914 684 rursum
1931 641 2001 684 ex

398 728 685 799 ipsiusmet
711 723 912 782 Christi
951 724 1227 780 miraculis
1267 723 1518 795 coliigat,
1550 738 1616 780 ac
1646 722 2001 779 disertissime

400 819 720 892 pronuntiet
780 836 794 873 :
853 816 1076 884 «Nihil,
1126 827 1180 870 ut
1234 815 1448 882 remini,
1487 835 1507 868 ι
1566 816 1739 886 inquit
1786 813 1995 886 (lbid.,

402 929 526 986 pag.
558 910 695 984 52.),
723 930 745 964 ι
771 911 1060 982 magicum,
1092 909 1226 966 nihil
1244 909 1559 977 humanum,
1579 908 1996 979 praestigiosum,

399 1017 498 1063 aut
520 1005 829 1072 subdolum,
857 1005 992 1060 nihil
1022 1002 1224 1065 fraudis
1250 1002 1468 1065 delituit
1507 1004 1561 1063 in
1583 1000 1819 1059 Christo.
1850 1000 2003 1057 Deri.

401 1100 576 1155 deatis
598 1099 723 1154 licet
749 1114 817 1154 ex
846 1112 1019 1163 more,
1046 1105 1207 1166 atque
1233 1097 1287 1151 in
1320 1096 1596 1165 lasciviam
1625 1093 2004 1151 dissolvamini

401 1192 818 1258 cachinnorum,
852 1191 993 1247 Deus
1020 1190 1110 1247 ille
1127 1188 1376 1251 sublimis
1407 1186 1525 1255 fuit,
1556 1188 1697 1253 Deus
1723 1186 1906 1247 radice
1934 1185 2007 1245 ah

399 1289 614 1354 intima,
646 1288 786 1342 Deus
805 1286 875 1339 ab
901 1283 1188 1354 incognitis
1210 1281 1412 1352 regnis,
1435 1290 1492 1337 et
1515 1280 1839 1345 ahomnium
1856 1278 2003 1350 prin-

401 1381 522 1451 cipe
547 1380 838 1449 sospitator
856 1387 940 1433 est
967 1377 1186 1443 missus,
1212 1390 1377 1446 quem
1406 1390 1584 1444 neque
1611 1374 1693 1431 sol
1725 1375 1839 1444 ipse
1860 1414 1875 1439 ,
1908 1387 2004 1431 ne-

402 1489 509 1545 que
535 1472 668 1536 ulla,
692 1471 739 1529 si
766 1471 1031 1536 sentiunt,
1070 1468 1271 1534 sidera,
1301 1483 1413 1525 non
1436 1477 1696 1532 rectores,
1727 1482 1833 1539 pou
1856 1466 2006 1536 prior.

403 1565 555 1637 cipes
582 1563 791 1629 mundi,
824 1577 934 1618 non
954 1562 1188 1632 denique
1218 1560 1295 1617 dii
1334 1560 1531 1630 magni,
1568 1568 1661 1615 aut
1681 1558 1772 1630 qui
1794 1559 2005 1629 tingen-

405 1672 491 1716 tes
519 1674 583 1715 se
606 1658 759 1725 deos,
792 1672 964 1728 genus
993 1670 1156 1711 omne
1184 1653 1489 1717 mortalium
1515 1654 1803 1718 territant,
1838 1651 2004 1725 unde,

2104 454 2264 507 eam,
2297 440 2440 502 sicut
2483 440 2597 510 jam
2647 440 3163 510 animadvertimus.
3193 442 3341 509 dare
3386 445 3713 518 explicatam

2105 532 2273 595 facile
2299 532 2548 591 Ethnicis
2587 534 2970 604 persuasisset,
3000 550 3104 602 nee
3128 544 3208 601 tot
3233 548 3489 606 expertus
3515 537 3711 606 luisset

2106 634 2219 683 tam
2268 625 2622 696 pertinaciter
2669 626 2776 688 sibi
2822 626 3177 697 refragantes.
3206 626 3408 695 contra
3449 645 3583 698 vero
3618 632 3708 699 ille

2107 716 2238 777 totis
2267 716 2432 777 animi
2460 717 2837 788 sermonisque
2864 719 2950 785 sui
2976 721 3158 787 nervis
3187 721 3458 793 declarat,
3486 722 3703 793 asserit,

2107 807 2290 881 dot-et.
2320 808 2537 879 repetit.
2568 809 2780 879 Probat.
2797 811 3050 881 inculcat.
3071 811 3405 879 demonstrat
3428 812 3707 881 Christum

2109 914 2294 967 verum
2346 911 2401 957 et
2443 915 2715 967 summum
2765 916 2890 973 esse
2929 903 3120 971 Deum,
3149 905 3344 973 divinae
3374 907 3705 983 inﬁnitazque

2110 994 2412 1062 potestatis,
2442 1009 2503 1050 ac
2530 994 2761 1065 proinde
2794 995 2964 1061 etiam
3004 1007 3233 1067 natura).
3261 999 3396 1075 Quia
3422 1014 3552 1069 vero
3581 1014 3705 1073 pits-

2107 1084 2212 1153 sint
2264 1084 2458 1157 ubique
2514 1096 2700 1155 contra
2753 1088 3037 1161 gentilium
3092 1105 3335 1163 errorem
3392 1104 3700 1163 asseverat,

2108 1179 2408 1250 probatque
2443 1196 2608 1249 unum
2652 1181 2932 1253 dumtaxat
2969 1197 3092 1248 esse
3134 1184 3339 1257 Deum.
3382 1201 3481 1253 nec
3524 1185 3707 1257 plutei

2110 1287 2233 1343 esse
2261 1289 2451 1343 posse,
2484 1273 2609 1345 inde
2655 1275 3062 1348 evidentissima
3102 1278 3373 1350 colligitur
3414 1276 3550 1347 nihil
3590 1278 3707 1349 ejus

2109 1369 2276 1433 menti
2299 1367 2521 1433 inlisum
2553 1369 2732 1441 altius,
2763 1386 2927 1444 quam
2965 1368 3242 1443 Christum
3283 1385 3406 1441 esse
3451 1386 3613 1441 unum
3655 1380 3711 1429 et

2111 1457 2360 1527 eumdem
2390 1475 2511 1523 cum
2539 1473 2743 1523 aeterno
2775 1463 2936 1523 Patre
2965 1479 3063 1529 suo
3096 1464 3285 1535 Deum.

2179 1555 2288 1619 Cur
2314 1570 2467 1629 ergo,
2498 1556 2730 1628 inquies,
2762 1558 2906 1623 hunc
2931 1559 3103 1630 insiuti
3128 1558 3347 1629 Patrem
3383 1568 3443 1629 et
3477 1559 3715 1635 primum

2112 1655 2168 1704 ει
2204 1649 2502 1721 principem
2545 1650 2711 1721 usum
2761 1652 3039 1725 appellat?
3072 1652 3486 1739 licitantem
3528 1655 3601 1723 ita
3651 1654 3721 1721 ut:

403 1761 499 1807 aut
545 1753 636 1821 qui
675 1749 836 1807 fuerit
858 1790 874 1814 ,
926 1757 1217 1820 potuertutt
1263 1760 1489 1817 noscere
1528 1744 1619 1809 vel
1656 1745 1939 1814 suspicari.
1976 1762 1997 1801 ι
2032 1750 2083 1812 Β
2109 1756 2177 1801 eo
2204 1741 2497 1817 aliquando
2528 1745 2848 1817 nuncupari,
2870 1745 3319 1820 nbiscsevulgpri
3343 1744 3721 1819 accqmmpdat

408 1845 624 1903 Audisti
653 1858 786 1900 sane
808 1842 1081 1914 quomodo
1110 1858 1175 1913 ex
1195 1840 1489 1903 miraculis.
1521 1855 1552 1901 a
1571 1836 1788 1917 Christo
1824 1838 2011 1899 divina

409 1954 637 2010 prorsus
674 1938 874 1993 virtute
942 1936 1120 2000 factis,
1163 1944 1313 1995 recte
1360 1933 1581 2005 colligat
1636 1931 1783 1991 illum
1841 1932 2011 1995 Deum

411 2031 582 2088 fuisse
605 2045 945 2100 supremum,
979 2029 1083 2095 vel,
1117 2036 1175 2084 ut
1212 2028 1302 2085 ille
1322 2028 1420 2094 ait,
1434 2025 1744 2090 sublimem,
1775 2039 1880 2088 non
1908 2041 2007 2083 ex—

410 2132 567 2180 terna
602 2122 780 2193 aliqua
824 2121 1263 2179 denominatione
1288 2158 1304 2189 ,
1337 2121 1422 2180 vel
1469 2118 1672 2189 specie,
1701 2117 1795 2175 sed
1824 2118 1893 2179 alt
1924 2118 2009 2173 in-

405 2218 538 2272 tima
561 2214 767 2282 radice,
793 2214 897 2271 hoc
913 2222 1020 2281 est,
1052 2223 1245 2270 natura
1275 2229 1370 2271 sua
1395 2212 1585 2278 Deum,
1611 2220 1881 2282 tantumne
1900 2211 2013 2273 cei.

406 2309 586 2366 sitatis
613 2308 1060 2372 etexeellentite;
1093 2316 1150 2362 ut
1176 2307 1320 2365 nulla
1350 2314 1567 2369 terrena
1588 2314 1838 2365 creatura
1866 2347 1880 2370 ,
1916 2319 2013 2361 ne-

406 2417 516 2472 que
588 2402 697 2458 lieti
741 2401 813 2455 ab
862 2399 1094 2456 ethnicis
1133 2399 1208 2457 dii
1262 2400 1413 2464 illam
1459 2414 1694 2469 capere,
1758 2409 1814 2459 et
1870 2398 2012 2457 illius

411 2494 682 2566 originem
710 2507 875 2549 nosse
924 2508 1180 2565 umquam
1211 2493 1496 2549 valuerint.
1530 2491 1664 2560 Quis
1693 2500 1874 2551 autem
1908 2492 2013 2551 nisi

414 2587 486 2643 de
539 2600 748 2649 summa
779 2583 980 2649 Christi
1019 2585 1303 2643 divinitate
1329 2584 1557 2647 omnino
1594 2598 1914 2654 persuasus,
1939 2584 2011 2643 ita

413 2679 702 2750 aliquando
729 2680 938 2737 locutus
965 2687 1018 2735 et
1045 2686 1451 2751 argumentatus
1477 2688 1561 2735 est
1583 2677 1607 2731 ?

488 2771 647 2829 Tanti
675 2782 858 2829 autem
887 2771 1145 2831 momenti
1176 2785 1299 2827 esse
1323 2768 1478 2831 duxit
1510 2784 1779 2829 summam
1811 2767 2015 2831 Christi

417 2866 749 2925 divinitatem
778 2863 1020 2921 Ethnicis
1055 2864 1370 2936 prtudicare.
1396 2878 1694 2933 eorumque
1717 2872 1773 2923 et
1794 2862 2016 2927 auribus

419 2969 476 3019 et
508 2958 705 3021 animis
729 2957 1027 3023 inculcare;
1073 2964 1130 3012 ut
1166 2956 1218 3011 id
1255 2970 1545 3033 numquam
1574 2955 1706 3015 satis
1728 2969 1787 3017 Se
1813 2954 2019 3021 dixisse

418 3050 522 3107 sibi
548 3049 839 3109 videretur.
868 3049 1207 3119 Quapropter
1236 3049 1326 3109 ille
1348 3048 1477 3109 alibi
1503 3047 1732 3119 gentiles
1762 3046 1907 3109 hunc
1922 3046 2014 3105 ad-

2115 1836 2357 1907 sermcni
2385 1837 2707 1908 gentilium,
2737 1839 2828 1909 qui
2855 1854 2984 1907 suos
3010 1853 3205 1911 οιωιιίιξ
3241 1837 3377 1911 deos
3397 1879 3414 1909 ,
3443 1840 3563 1907 sive
3602 1856 3720 1909 mav

2110 1930 2282 2005 jores,
2306 1935 2423 1989 sive
2449 1932 2690 1997 minores
2714 1932 2843 1995 olim
2870 1948 2978 2005 non
3006 1932 3193 2001 fuisse,
3220 1948 3285 2001 ac
3312 1944 3463 2001 certe
3484 1934 3723 2007 quodam

2118 2032 2364 2095 tempore
2386 2037 2547 2091 natos
2570 2025 2903 2093 fatebantur.
2926 2026 3045 2097 Quo
3070 2028 3289 2099 quidem
3322 2026 3521 2098 posito,
3545 2029 3726 2100 arguit

2117 2117 2392 2181 Arnobius
2418 2118 2584 2183 hosce
2611 2120 2766 2189 deos,
2793 2121 2839 2181 si
2871 2120 3006 2187 tales
3035 2133 3219 2191 essent
3246 2121 3434 2193 quales
3459 2122 3535 2185 illi
3560 2135 3719 2192 puta?

2116 2209 2281 2281 bant,
2311 2228 2342 2281 ει
2370 2212 2481 2271 Deo
2507 2213 2750 2283 principe
2794 2213 2846 2269 id
2895 2218 3202 2286 accepisse,
3233 2215 3377 2287 quod
3425 2224 3533 2281 nati
3573 2218 3721 2286 sint.

2116 2304 2260 2377 quod
2288 2306 2451 2375 vitam
2480 2306 2717 2377 egerint,
2749 2306 2892 2378 quod
2921 2322 3108 2377 suam,
3136 2307 3182 2364 si
3210 2325 3331 2379 qua
3356 2324 3481 2377 65.89
3507 2312 3721 2381 Potuis-

2116 2410 2220 2467 set,
2250 2399 2592 2467 divinitatem
2631 2399 2901 2469 habeant,
2935 2412 2990 2468 at
3035 2403 3517 2477 immortalitatem.
3567 2403 3728 2471 Unde

2117 2490 2213 2559 ille
2254 2492 2449 2564 merito
2491 2503 2678 2559 contra
2722 2493 2943 2565 eosdem
2977 2494 3238 2561 Ethnictts
3275 2496 3552 2565 concludit
3575 2539 3592 2565 ,
3621 2498 3730 2563 hos

2115 2583 2286 2659 falsos
2312 2593 2368 2645 et
2396 2588 2797 2657 commentitios
2826 2602 2948 2659 esse
2973 2587 3127 2659 dens.
3154 2588 3439 2660 insulaque
3462 2593 3727 2662 primum.

2116 2686 2175 2733 et
2216 2678 2551 2751 principem,
2596 2691 2757 2751 atque
2800 2679 3005 2747 idcirco
3044 2696 3354 2761 supremum
3400 2694 3456 2753 et
3502 2686 3725 2759 unicum

2118 2785 2263 2843 esse,
2302 2771 2518 2845 dicique
2569 2786 2727 2844 posse
2773 2772 2965 2843 Deum.
3016 2771 3155 2843 Nam
3201 2784 3321 2847 post
3364 2775 3572 2846 objecta
3615 2778 3728 2837 sibi

2117 2864 2283 2935 verba
2323 2866 2670 2935 continenter
2712 2864 2950 2935 adjecit:
2987 2884 3007 2929 ι
3040 2864 3173 2937 Cum
3215 2865 3511 2937 divinitatis
3551 2869 3729 2940 ipsius

2116 2966 2401 3029 teneamus
2428 2969 2616 3033 caput,
2646 2975 2676 3017 a
2703 2975 2811 3031 quo
2856 2961 2971 3030 ipsa
3014 2960 3271 3033 divinitas
3307 2960 3557 3033 divorum
3603 2979 3725 3023 out-

2118 3050 2304 3125 ninm,
2349 3053 2673 3125 quicumque.
2716 3061 2871 3121 sunt,
2921 3053 3236 3121 dicitur.....
3284 3054 3613 3129 quicumque
3662 3056 3724 3113 hi

419 3143 529 3201 huc
575 3143 630 3199 in
687 3141 903 3207 modum
954 3140 1148 3201 affatur
1198 3160 1212 3197 :
1246 3159 1266 3197 ι
1311 3140 1557 3205 Christus
1602 3139 1752 3205 vobis
1799 3140 2013 3207 invitis,
2042 3143 2088 3207 C
2122 3148 2195 3217 dii
2222 3156 2377 3223 sunt,
2404 3162 2542 3221 quos
2579 3162 2701 3211 esse
2728 3147 2885 3207 nobis
2917 3148 3248 3221 proponitis,
3290 3150 3335 3219 si
3378 3149 3486 3221 sint
3527 3165 3724 3223 proge-

421 3237 593 3303 Deus,
647 3236 809 3303 Deus,
863 3236 1102 3306 inquam,
1134 3235 1417 3300 Christus;
1462 3234 1563 3289 hoc
1590 3234 1736 3297 enim
1768 3250 1913 3304 smpe
1934 3235 2017 3297 di-

420 3329 649 3385 cendum
692 3338 814 3391 est,
862 3338 923 3384 ut
952 3328 1246 3393 inﬁdelium
1279 3327 1508 3391 dissiliat
1551 3336 1605 3391 et
1650 3326 2015 3397 disrumpatur

421 3420 655 3486 auditus,
686 3420 780 3477 Dei
811 3421 1068 3491 principis
1108 3420 1353 3490 iussione
1381 3420 1628 3491 loquens.
1659 3419 1759 3489 sub
1781 3419 2018 3491 hominis

420 3513 616 3577 forma.
639 3533 661 3568 ι
698 3513 939 3586 (Amat,
982 3512 1071 3575 lib.
1096 3528 1155 3581 tr,
1188 3529 1306 3583 pag.
1339 3511 1457 3581 85.)

499 3629 693 3685 Verum
719 3669 735 3693 ,
766 3627 975 3696 inquiet
1022 3626 1247 3697 aliquis,
1279 3625 1349 3680 ibi
1376 3624 1625 3683 Christus
1669 3624 1739 3680 ab
1776 3625 2014 3691 Arnobio

422 3736 534 3778 non
578 3721 783 3791 primus
823 3729 878 3775 et
925 3733 1253 3788 supremus,
1317 3718 1412 3774 sed
1438 3718 1708 3774 secundus
1752 3727 1960 3777 tantum
1992 3761 2008 3785 ,

420 3824 476 3870 ct
501 3813 676 3868 minor
698 3813 839 3868 Deus
867 3812 1193 3883 appellatur.
1221 3810 1361 3879 Quid
1382 3811 1527 3865 enim
1555 3811 1699 3871 aliud
1742 3811 1856 3871 hmo
1892 3813 2010 3885 ejus

418 3905 585 3961 verba
646 3903 988 3975 significant,
1031 3901 1129 3959 Dei
1181 3903 1431 3973 principis
1469 3903 1707 3972 jussione
1767 3904 2012 3974 loquens?

419 3998 677 4066 Quisnam
710 3998 803 4053 ille
825 3997 971 4052 Deus
1011 3998 1280 4066 princeps,
1333 3995 1490 4066 cujus
1504 3996 1742 4066 jussione
1760 3996 2011 4054 Christus

414 4090 689 4162 loquitur?
720 4089 771 4144 ls
799 4088 1151 4159 proculdubio
1175 4089 1312 4151 Deus
1338 4097 1491 4158 pater
1517 4098 1572 4151 et
1596 4103 1841 4145 summus
1866 4098 1952 4145 est
1987 4132 2003 4158 ,

416 4185 509 4256 qui
530 4182 651 4238 ideo
675 4183 926 4252 princeps
945 4188 1186 4237 vocatur.
1213 4180 1378 4251 Cujus
1394 4191 1574 4237 autem
1589 4181 1839 4251 princeps
1878 4191 1963 4239 est
1988 4223 2004 4248 ,

414 4276 523 4330 nisi
548 4274 770 4342 Christi,
803 4276 893 4345 qui
918 4276 993 4342 ei,
1019 4284 1077 4329 nt
1101 4276 1369 4345 loquatur,
1400 4275 1556 4343 jubet
1576 4315 1591 4339 ,
1620 4285 1675 4333 et
1694 4276 1778 4347 cui
1800 4274 2009 4345 iubenti

414 4367 664 4423 Christus
689 4367 1063 4436 obtemperat?
1089 4367 1335 4423 Christus
1356 4382 1485 4438 ergo
1512 4366 1654 4423 Deus
1675 4368 1768 4423 illo
1786 4368 2010 4438 iubente

414 4460 594 4515 minor
613 4460 772 4528 eique
820 4457 1045 4514 inferior
1072 4458 1216 4515 Deus
1244 4467 1359 4525 est,
1386 4475 1449 4515 ac
1485 4460 1710 4528 proinde
1744 4477 1853 4517 non
1880 4476 2006 4531 pro-

2121 3242 2241 3311 nies
2286 3241 2469 3312 regia,
2502 3241 2788 3317 principali
2833 3241 3083 3312 oriuntur
3120 3258 3151 3313 at
3190 3242 3483 3313 capite..."
3520 3251 3576 3308 et
3614 3240 3727 3309 hoc

2119 3335 2337 3408 quidem
2364 3351 2394 3389 a
2428 3336 2584 3405 nobis
2611 3335 2775 3399 luerit
2793 3337 2865 3391 ita
2895 3336 3188 3407 prolatum,
3213 3336 3259 3403 si
3287 3337 3448 3407 tundo
3476 3338 3643 3408 liquet
3661 3347 3727 3409 ιιι

2117 3437 2329 3491 constat
2360 3438 2555 3497 printer
2585 3429 2758 3499 ipsum
2785 3444 2969 3499 regem
3006 3438 3060 3495 et
3094 3429 3390 3501 principem
3410 3470 3425 3499 ,
3451 3443 3575 3499 esse
3604 3429 3723 3495 alia,

2117 3524 2410 3589 etiamnum
2437 3522 2634 3593 capita,
2657 3536 2778 3593 qua:
2805 3523 3015 3594 digesta
3044 3534 3099 3579 et
3124 3533 3373 3594 separata
3404 3539 3501 3594 per
3526 3539 3723 3591 nume-

2116 3632 2261 3682 rum,
2290 3618 2435 3679 velut
2460 3616 2747 3687 quemdam
2792 3616 3047 3689 populum
3088 3618 3315 3689 plebeia:
3354 3617 3727 3689 multitudinis

2116 3708 2335 3771 faciant.
2378 3730 2396 3763 ι
2430 3708 2620 3780 (Ibid,
2651 3709 2737 3765 lib.
2771 3725 2850 3777 ut,
2883 3724 3003 3781 pag.
3032 3710 3195 3781 litt.)

2187 3803 2344 3865 Prius
2388 3818 2518 3867 vero
2553 3803 2767 3871 dixerat
2801 3822 2815 3859 :
2851 3822 2871 3855 ι
2904 3804 3037 3861 Cum
3079 3804 3153 3861 dii
3203 3819 3429 3879 omnes,
3473 3804 3558 3861 vel
3598 3806 3724 3877 quis

2114 3911 2345 3967 eumque
2383 3904 2511 3953 sunt
2560 3896 2697 3963 veri,
2727 3897 2809 3953 vel
2851 3897 2942 3967 qui
2991 3912 3113 3963 esse
3155 3912 3375 3967 rumore
3404 3909 3565 3971 atque
3599 3899 3725 3970 opis

2113 3989 2277 4047 uione
2306 3987 2557 4055 dicuntur
2583 3988 2921 4057 immortales
2936 3997 2992 4047 et
3008 3990 3270 4061 perpetui.
3289 3991 3406 4061 ejus
3430 3990 3720 4057 voluntate

2113 4082 2242 4151 sint,
2274 4090 2328 4135 et
2353 4080 2601 4149 beneﬁcii
2632 4096 2885 4147 munere;
2918 4082 3005 4154 qui
3048 4081 3167 4151 iieri
3214 4084 3355 4155 potis
3392 4092 3496 4151 est,
3525 4095 3585 4139 ut
3614 4084 3717 4155 alii

2112 4184 2370 4244 praestare
2399 4174 2451 4230 id
2481 4178 2624 4247 quod
2654 4175 2754 4245 ipsi
2782 4186 2928 4243 sunt,
2961 4176 3197 4247 valeant,
3228 4191 3351 4249 cunt
3383 4179 3623 4243 alienum
3656 4178 3715 4239 id

2111 4267 2385 4337 habeant.
2433 4278 2488 4333 et
2541 4268 2733 4336 tt‘tajori
2780 4284 2848 4331 ex
2897 4271 3135 4343 potentia
3187 4272 3628 4343 commodatum?
3685 4290 3707 4329 ι

2114 4361 2317 4433 (Ιὸἰάη
2345 4363 2435 4425 (ib.
2460 4378 2515 4430 ιι,
2553 4378 2673 4437 pag.
2707 4363 2833 4433 87.)

2181 4456 2311 4523 Quis
2340 4465 2523 4521 autem
2551 4456 2661 4524 iani
2689 4471 2794 4521 non
2829 4456 3009 4525 videat
3031 4458 3153 4523 ideo
3183 4457 3349 4531 Deum
3378 4459 3709 4531 principem,

410 4555 554 4641 prie,
583 4562 639 4608 et
665 4562 854 4609 natura
890 4566 1004 4616 suo,
1040 4551 1134 4606 sed
1164 4552 1486 4622 improprie.
1519 4562 1574 4609 et
1597 4554 1872 4617 dumtaxat
1908 4571 2006 4611 no-
2031 4541 2086 4601 Β
2109 4559 2163 4615 et
2190 4549 2416 4620 primum
2441 4549 2766 4619 abArnobio
2786 4552 2992 4621 vocari,
3015 4552 3136 4619 quia
3164 4550 3231 4609 ad
3256 4552 3604 4621 Ethtticorum
3635 4555 3714 4611 de

412 4646 560 4701 mine
602 4645 766 4703 Deus.
798 4645 983 4715 Neque
1019 4644 1193 4701 solum
1226 4646 1368 4702 Deus
1396 4646 1647 4718 princeps
1672 4688 1685 4711 ,
1728 4646 1825 4707 sed
1864 4662 2009 4719 Saepe
2112 4643 2215 4699 diis
2255 4643 2368 4703 suis
2411 4643 2731 4713 respiciebat
2770 4645 3119 4714 Opinionem;
3148 4662 3254 4718 qua
3296 4649 3454 4713 etiam
3494 4652 3710 4720 posita,

410 4740 575 4795 etiam
595 4738 665 4794 ab
692 4752 760 4794 eo
785 4746 1124 4807 nuncupatur
1144 4737 1286 4801 Deus
1318 4738 1542 4807 primus,
1572 4750 1625 4793 et
1650 4752 1913 4803 summus.
1940 4754 2007 4799 ac
2110 4737 2210 4794 bos
2241 4736 2428 4805 falsos,
2458 4746 2514 4795 et
2545 4738 2691 4805 iitum
2719 4737 2901 4797 solum
2925 4753 3115 4799 verum
3146 4740 3310 4803 Deum
3340 4756 3459 4803 esse
3486 4745 3718 4807 coniicit

410 4842 564 4902 pater
595 4849 609 4887 :
648 4850 666 4885 ι
700 4822 844 4887 Satis
896 4839 979 4884 est
995 4829 1166 4895 nobis,
1213 4849 1232 4905 ι
1268 4830 1439 4899 inquit
1459 4870 1474 4892 ,
1524 4849 1543 4882 ι
1580 4830 1723 4891 Deus
1752 4832 1955 4901 primus
1985 4873 2001 4896 .
2108 4846 2171 4899 ac
2185 4831 2553 4897 demonstrat?
2589 4831 2637 4902 is
2659 4832 2856 4902 quippe
2888 4840 3092 4893 tantum
3118 4847 3276 4899 verus
3299 4835 3439 4899 Deus
3466 4851 3590 4899 esse
3610 4852 3714 4905 po-

411 4925 589 4991 Deus,
646 4927 861 4996 inquam
881 4966 895 4991 ,
942 4923 1147 4995 primus
1169 4964 1187 4989 ,
1222 4933 1370 4992 pater
1396 4939 1575 4985 rerum
1607 4940 1672 4983 ac
1696 4923 1948 4987 dominus
1980 4965 1997 4992 ,
2103 4927 2337 4996 test,qui
2355 4927 2953 4996 ingenitnsctscternus,
2968 4927 3167 4995 nulhun
3183 4927 3342 4995 habet
3357 4931 3709 5002 principium.

410 5019 731 5072 constitutor
783 5016 1198 5087 moderatorque
1234 5027 1549 5075 cunctorum
1576 5061 1592 5084 ,
1626 5020 1677 5075 in
1707 5017 1810 5079 hoc
1839 5034 1999 5077 omne

408 5108 554 5180 quod
583 5108 865 5167 colendum
895 5108 1276 5175 est,cnlimus;
1307 5109 1450 5180 quod
1476 5108 1689 5173 adorari
1718 5113 1993 5178 convenit,

408 5200 729 5266 adoramus;
781 5202 923 5271 quod
972 5203 1288 5273 obsequium
1317 5204 1679 5263 venerationis
1704 5206 1948 5275 exposcit
1980 5246 1996 5272 ,

402 5293 841 5349 vcnerationibus
870 5308 1268 5364 promeremur.
1302 5314 1322 5349 ι
1354 5294 1542 5368 (Ibid,
1577 5295 1664 5351 lib.
1690 5312 1727 5361 ι,
1756 5313 1877 5368 pag.
1906 5298 1994 5367 15,

404 5383 475 5440 18
516 5395 563 5453 ct
617 5386 715 5451 l9;
757 5386 846 5445 lib.
876 5403 934 5452 ll,
963 5405 1082 5460 pag.
1106 5390 1180 5446 45
1203 5399 1250 5444 et
1278 5388 1387 5455 68;
1414 5388 1503 5446 lib.
1547 5406 1625 5453 tn,
1670 5407 1791 5463 pag.
1822 5391 1921 5452 101
1950 5402 1999 5448 et

404 5477 535 5551 aeq.)
564 5477 754 5537 Nonne
796 5494 928 5549 ergo
981 5480 1122 5543 hunc
1156 5490 1361 5541 tantum
1406 5482 1676 5547 Arnobius
1727 5499 1994 5545 summum

404 5568 599 5637 Deum,
627 5568 904 5627 Christum
928 5585 1056 5631 vero
1086 5571 1348 5630 minorem
1369 5573 1535 5630 Deum
1557 5574 1776 5645 agnovit
1814 5583 1997 5635 etcre-

404 5662 540 5719 didit
568 5662 593 5718 ’ἶ

2173 5019 2313 5079 Nihil
2332 5035 2458 5092 ergo
2477 5022 2592 5090 tunc
2606 5030 2790 5077 contra
2808 5020 2972 5083 divini
3002 5019 3160 5079 Verbi
3185 5029 3240 5087 et
3261 5019 3461 5083 Christi
3489 5024 3711 5083 [lumini

2103 5109 2305 5179 faciunt
2332 5113 2667 5183 divinitatem
2690 5154 2704 5178 ,
2732 5127 2892 5182 quam
2914 5122 3061 5171 certe
3080 5112 3147 5183 ab
3168 5112 3406 5183 Arnohio
3435 5116 3545 5189 ipsa
3580 5117 3709 5175 luce

2101 5205 2299 5261 clarius
2326 5214 2381 5261 et
2406 5204 2707 5271 evidentius
2736 5213 2999 5269 assertam
3032 5205 3282 5267 vidimus.
3316 5206 3519 5277 Deinde
3541 5225 3705 5279 vero,

2102 5298 2229 5371 quid
2275 5299 2569 5365 Arnobium
2614 5298 2909 5371 prohibuit,
2939 5300 3227 5370 quominus
3255 5301 3492 5357 animum
3520 5300 3587 5369 ad
3620 5303 3714 5372 ip-

2101 5400 2338 5459 summet
2379 5390 2611 5451 Verbum
2655 5402 2709 5463 et
2753 5393 2945 5449 Filium
2994 5393 3086 5457 Dei
3117 5392 3469 5462 attendendo,
3501 5394 3715 5459 dixerit

2103 5495 2366 5545 aeternum
2399 5484 2608 5543 Patrem
2637 5500 2759 5542 esse
2786 5487 3015 5555 primum
3042 5529 3057 5554 ,
3086 5498 3140 5543 et
3164 5488 3463 5560 principem
3493 5489 3671 5559 Deum
3689 5534 3708 5558 ,

2098 5577 2191 5647 qui
2216 5577 2430 5647 quidem
2459 5580 2582 5649 quia
2609 5579 2751 5637 hunc
2776 5579 2971 5643 Filium
3002 5596 3160 5647 suum
3175 5582 3457 5649 ahzcterno
3482 5585 3709 5663 genuit,

2098 5670 2301 5729 idcirco
2340 5672 2577 5743 primus,
2611 5673 2882 5747 princeps,
2910 5683 2967 5735 et
2990 5675 3287 5747 divinitatis
3311 5674 3435 5741 fons
3460 5684 3518 5735 et
3537 5677 3710 5751 origo

469 5755 577 5814 Sed
624 5755 769 5815 nihil
816 5757 978 5829 plane
1022 5757 1094 5816 ab
1134 5756 1279 5819 illius
1319 5766 1502 5819 mente
1529 5758 1701 5831 magis
1726 5759 2002 5834 alienum,
2099 5771 2249 5833 recte
2271 5763 2664 5839 appellaturm
