3990 6072
289 170 393 229 469

1467 170 1535 226 IN
1572 167 1955 245 ARNOBIUM,
1995 168 2148 229 cep.
2185 169 2320 235 vtu.

3463 168 3570 228 ΠΟ

283 324 290 341 ι
358 286 618 365 Urgehis;
641 286 891 353 Christus
921 288 989 349 ab
1009 289 1250 353 Arnobio
1270 287 1485 356 dicitur,
1512 286 1609 345 Dei
1629 287 1876 359 principis
1903 295 1956 361 Α
1981 301 2316 363 nequaquam
2368 286 2644 354 oﬁ‘ecerit,
2698 288 2970 349 enarranti
2990 331 3003 354 ,
3052 287 3250 359 adhuc,
3302 286 3349 343 si
3396 286 3562 352 lubet,

276 382 515 451 jusrione
541 382 772 455 loquens.
798 383 942 457 Ergo
963 383 1012 437 ei
1041 382 1331 453 subjectus,
1357 382 1552 452 illoque
1577 381 1753 437 minor
1771 390 1874 441 est.

281 473 389 532 Sed
430 476 478 531 si
511 474 759 541 advenas
786 474 983 539 ibidem
1014 477 1081 530 ab
1110 474 1349 535 Arnobio
1374 474 1718 533 continenter
1742 472 1870 531 subs

277 569 431 641 iungi
451 612 466 636 ,
495 570 587 635 sub
630 571 854 634 hominis
896 574 1098 642 forma,
1127 570 1258 629 nihil
1290 570 1391 630 hac
1417 568 1878 641 argumentatione

280 663 456 725 levius
486 678 607 723 esse
632 678 913 737 agnosces.
943 664 1072 735 Quis
1109 665 1254 727 enim
1282 663 1543 727 dilatetur
1581 661 1873 731 Christum,

282 763 547 831 quatenus
569 755 734 819 homo
754 767 856 823 est,
877 757 987 817 Deo
1008 756 1153 821 Patri
1179 770 1301 821 esse
1330 754 1625 825 subditum,
1653 754 1875 827 sitisque

286 848 667 923 obtemperare
691 848 987 913 voluntati?

882 999 1175 1041 Αιτιευιυε
1202 1001 1257 1040 ll.

277 1122 432 1189 Quam
456 1120 740 1189 luculenter
766 1121 1014 1189 Arnobius
1050 1123 1276 1189 docuerit
1312 1120 1553 1189 Christum
1577 1128 1674 1175 tam
1699 1133 1874 1172 verum

652 1185 815 1235 Deum
838 1186 1006 1247 fuisse,
1048 1198 1194 1249 quam
1226 1187 1492 1235 hominem.

344 1314 464 1371 Non
492 1316 693 1386 patitur
721 1315 989 1375 Arnobius
1018 1313 1120 1369 sibi
1149 1315 1215 1370 ab
1237 1313 1484 1373 Ethnicis
1519 1313 1678 1383 objici
1718 1312 1875 1369 Citri-

273 1419 416 1467 stum
445 1408 553 1465 dici
577 1423 680 1467 non
708 1424 871 1481 posse
897 1409 1063 1475 Deum
1085 1409 1339 1479 (Arnab.,
1369 1407 1460 1465 lib.
1496 1423 1537 1470 ι,
1579 1424 1702 1479 pag.
1727 1406 1793 1469 21
1824 1417 1873 1469 οι

272 1517 409 1574 seqq.
435 1501 478 1571 ).
506 1510 692 1572 utpote
717 1501 809 1573 qui
837 1500 1221 1565 natus,‘crucis
1249 1499 1511 1572 supplicio
1545 1502 1709 1555 vitam
1755 1499 1874 1559 lini-

272 1596 371 1651 vit.
400 1594 534 1650 Nam
564 1605 924 1667 praeterquam
953 1599 1096 1666 quod
1130 1596 1229 1667 ipsi
1270 1594 1485 1659 Ethnici
1525 1604 1680 1657 natos
1702 1594 1872 1655 homi-

1979 381 2364 441 auscultetnus.
2392 382 2727 451 Objieiebant
2754 382 2966 443 Ethnici
2998 400 3011 436 :
3045 382 3192 438 More
3229 390 3302 437 est
3347 381 3567 437 hominis

1976 474 2328 545 interemptus.
2357 475 2491 545 Quid
2522 475 2589 533 ad
2636 476 2753 530 h.ec
2796 475 3065 536 Arnobius
3114 475 3329 531 noster?
3374 492 3393 535 ς
3449 472 3565 531 Non

1978 568 2113 640 ipse,
2154 586 2172 621 ι
2207 565 2639 640 inquit(lbid.),
2674 586 2692 617 ι
2732 583 2902 638 neque
2938 567 3081 622 enim
3124 566 3316 622 cadere
3356 565 3565 639 divinas

1978 662 2031 716 in
2062 678 2150 719 res
2180 672 2356 737 potest
2383 662 2575 723 mortis
2600 676 2853 728 occasus;
2897 676 2996 721 nec
3040 660 3361 721 interitionis
3390 659 3564 719 disso-

1978 755 2180 813 lutione
2211 754 2315 810 labi
2343 754 2415 823 id,
2448 754 2588 826 quod
2620 765 2701 809 est
2729 770 2891 810 unum
2920 761 2975 815 et
3002 753 3230 825 simplex
3250 793 3264 815 ,
3298 766 3396 807 nec
3423 751 3563 807 ulla-

1979 866 2097 909 rum
2127 851 2357 922 partium
2379 850 2793 921 congregatione
2810 856 3166 917 compactum.
3189 846 3320 915 Quis
3336 853 3422 902 est
3438 859 3566 917 ergo

1977 943 2125 1005 visus
2156 945 2207 1003 in
2243 942 2479 1014 patibulo
2512 942 2785 1013 pendere?
2814 941 2944 1010 Quis
2973 948 3214 1001 mortuus
3240 939 3361 994 est?
3393 938 3565 993 Homo

1976 1052 2140 1107 quem
2170 1036 2439 1101 induerat,
2464 1045 2517 1089 et
2537 1050 2718 1091 secum
2749 1036 2861 1107 ipse
2891 1036 3155 1105 portabat.
3177 1051 3196 1086 ι
3220 1031 3351 1086 Tum
3372 1029 3565 1087 deinde

1974 1130 2211 1185 ostendit
2252 1129 2380 1189 illud
2426 1128 2587 1185 fidem
2620 1128 2759 1199 apud
2788 1127 3047 1184 Ethnicos
3080 1126 3294 1190 mereri,
3322 1126 3411 1197 qui
3442 1140 3561 1181 cre-

1974 1219 2204 1284 debant,
2234 1220 2448 1275 vatibus
2488 1229 2540 1274 et
2592 1219 2812 1291 Sibyllis
2857 1218 3211 1275 morientibus
3233 1261 3247 1285 ,
3282 1217 3427 1273 illum
3457 1233 3563 1273 non

1975 1315 2136 1379 mori,
2169 1315 2322 1383 cujus
2361 1311 2545 1369 aﬂlatu
2576 1312 2792 1367 oracula
2825 1312 3028 1367 fudisse
3064 1310 3405 1367 videbantur.
3432 1311 3562 1376 Qui-

1974 1407 2074 1463 bus
2113 1408 2412 1477 explicatis,
2448 1406 2665 1461 eosdem
2707 1405 2968 1460 Ethnicos
3013 1406 3161 1459 hisce
3203 1404 3382 1459 verbis
3424 1404 3565 1458 allo-

1974 1506 2155 1577 quitur
2182 1524 2197 1558 :
2238 1523 2255 1563 t
2291 1504 2435 1563 Mors
2468 1504 2581 1570 illa,
2614 1519 2774 1579 quam
2803 1503 3010 1569 dicitis,
3044 1502 3303 1577 assumpti
3336 1501 3567 1557 hominis

1974 1598 2108 1669 fuit,
2134 1613 2239 1659 non
2290 1598 2459 1668 ipsius
2487 1613 2501 1653 :
2529 1597 2844 1675 gestaminis
2866 1638 2881 1669 ,
2922 1612 3027 1655 non
3071 1596 3331 1668 gestantis
3362 1612 3375 1647 :
3406 1609 3565 1666 quam

273 1703 391 1748 nes.
422 1696 686 1756 mortuos,
714 1697 770 1742 et
790 1688 1068 1759 suppliciis
1095 1686 1320 1745 allectus
1340 1686 1472 1743 deos
1508 1701 1630 1742 esse
1668 1689 1869 1761 garric-
1902 1691 1950 1763 Β
1976 1706 2075 1747 nec
2096 1692 2261 1761 ipsam
2289 1690 2497 1761 perpeti
2528 1688 2931 1754 succubuisset,
2967 1697 3108 1743 tanta
3142 1688 3184 1741 si
3221 1700 3325 1740 non
3362 1685 3565 1759 agenda

270 1779 439 1848 bant,
473 1791 620 1836 certe
666 1778 845 1837 divina
894 1779 1093 1839 Christi
1137 1778 1401 1845 doctrina,
1434 1792 1486 1835 et
1519 1778 1771 1839 miracula
1798 1779 1868 1835 ab

268 1871 387 1937 illo,
422 1873 494 1927 uti
526 1871 781 1941 diximus,
812 1872 1045 1941 vivente,
1077 1870 1362 1941 moriente,
1388 1879 1441 1926 et
1466 1879 1679 1935 mortuo
1700 1871 1863 1938 edita,

268 1961 715 2019 manilestissime
740 1963 1177 2021 dentonstrarunt
1196 1963 1344 2017 illum
1366 1973 1471 2019 tam
1491 1978 1677 2023 verum
1696 1961 1864 2019 Deum

266 2057 439 2115 fuisse
483 2073 641 2134 qualn
676 2058 988 2124 hominem,
1020 2068 1074 2119 et
1116 2058 1389 2129 utriusque
1433 2056 1628 2112 divina:
1670 2067 1726 2111 et
1768 2060 1866 2115 hu-

264 2165 442 2211 mana:
473 2161 678 2209 natura:
706 2151 1043 2223 participem.
1070 2151 1206 2221 Quid
1225 2162 1404 2205 autem
1438 2152 1654 2213 mirum,
1682 2150 1727 2204 si
1753 2150 1862 2219 ille,

265 2254 488 2316 accepta
521 2246 752 2305 humana
783 2258 993 2313 natura,
1028 2246 1140 2301 sive
1171 2244 1405 2303 humano
1443 2259 1691 2319 corpore,
1722 2243 1863 2315 quod

265 2337 484 2409 exigua,
514 2347 574 2393 ut
602 2338 677 2392 ait
713 2340 981 2399 Arnobius
1010 2337 1206 2411 (Ibid,
1233 2338 1323 2397 lib.
1357 2355 1394 2401 ι,
1426 2355 1548 2412 pag.
1581 2337 1706 2409 '59.),
1742 2352 1866 2407 pars

266 2431 391 2500 ejus
434 2439 582 2496 erat,
619 2441 931 2507 assumpto,
963 2431 1250 2495 humanam
1282 2430 1441 2493 vitam
1466 2472 1481 2499 ,
1512 2430 1649 2485 sicut
1684 2429 1865 2484 creteri

264 2521 541 2589 homines,
573 2524 741 2594 egerit
782 2532 838 2581 et
879 2524 1160 2581 amiserit?
1182 2523 1285 2579 Sed
1314 2531 1530 2597 praestat
1579 2523 1867 2593 ipsummet

260 2615 568 2681 Arnobiutn
638 2616 854 2685 audire,
919 2626 976 2671 ut
1024 2616 1291 2687 intelligas
1359 2631 1517 2684 quant
1585 2623 1730 2669 recte
1802 2628 1865 2669 ac

263 2711 553 2778 perspicue
585 2707 873 2765 humanam
902 2709 1245 2780 divinumque
1271 2706 1468 2763 Christi
1498 2715 1737 2765 naturam
1760 2746 1774 2772 ,
1807 2713 1863 2762 et

264 2801 668 2857 sanctissimum
700 2801 864 2871 illius,
895 2816 952 2857 ut
970 2802 1081 2873 jam
1112 2800 1256 2871 loqui
1297 2799 1473 2855 solent
1495 2799 1751 2873 theologi,
1778 2799 1862 2855 in-

262 2898 596 2953 carnationis
623 2897 939 2969 mySIerium
968 2896 1217 2969 explicet.

337 2989 669 3063 Rogantibus
696 2992 975 3046 enimvero
999 2989 1239 3049 Ethnicis
1269 3007 1280 3043 :
1313 2988 1367 3051 Si
1409 2989 1549 3045 Deus
1572 2989 1668 3051 fuit
1706 2990 1863 3051 Chri-

1972 1799 2060 1839 res
2103 1793 2280 1853 esset,
2310 1792 2365 1837 et
2409 1781 2801 1853 inexplicabilis
2833 1781 2970 1837 ratio
3001 1780 3093 1835 fati
3136 1780 3333 1836 clausis
3361 1778 3565 1851 patefa-

1969 1878 2158 1933 cienda
2186 1876 2479 1948 mysteriis.
2521 1894 2539 1929 ι
2584 1874 2786 1949 (lbid.,
2816 1893 2936 1951 pag.
2970 1874 3090 1949 58.)
3121 1876 3251 1947 Quis
3279 1885 3458 1933 autem
3486 1875 3573 1933 vel

1967 1969 2331 2039 primoribus,
2364 1978 2421 2025 ut
2459 1970 2640 2034 aiunt,
2674 1968 2841 2027 labris
2888 1968 3293 2039 theologorum,
3328 1978 3382 2023 et
3426 1968 3567 2029 anti-

1969 2075 2194 2135 quorum
2224 2058 2482 2117 Ecclesiae
2512 2068 2725 2130 patrum
2752 2058 2950 2130 scripta
2979 2062 3231 2130 gustavit,
3263 2068 3319 2115 et
3362 2060 3566 2114 nesciat

1969 2169 2064 2209 eos
2090 2154 2253 2213 simili
2296 2154 2458 2227 plane
2496 2158 2657 2211 modo
2695 2156 2962 2213 bmrelicis
2992 2154 3180 2211 eadem
3209 2166 3393 2226 postea
3422 2156 3563 2226 obji-

1972 2246 2238 2302 cientibus
2268 2247 2647 2317 respondisse?
2675 2247 2885 2303 Inﬁnita
2924 2248 3137 2318 quidem
3183 2257 3405 2319 possent
3440 2247 3562 2303 illo-

1969 2354 2086 2395 rum
2116 2339 2344 2409 proferri
2378 2339 2705 2394 testimonia.
2736 2338 2843 2395 Sed
2872 2339 2994 2411 quia
3026 2340 3178 2411 plura
3200 2356 3272 2407 ,-a
3307 2339 3563 2406 Theodo-

1965 2440 2105 2501 reto,
2130 2440 2184 2485 et
2208 2430 2423 2493 Gelasio
2446 2433 2606 2487 citata
2623 2431 3015 2505 (Theodor.,ad
3039 2434 3167 2486 calc.
3193 2433 3282 2489 lib.
3312 2448 3369 2489 nt
3411 2431 3550 2488 Dial.

1967 2520 2244 2595 lmpassib.
2263 2541 2283 2590 ;
2316 2522 2513 2599 (ἐρισι,
2560 2522 2700 2579 Dial.
2746 2523 2809 2580 de
2846 2525 3000 2580 duab.
3036 2535 3207 2587 natur.
3234 2527 3272 2597 ),
3306 2535 3465 2598 atque
3496 2527 3564 2589 ab

1967 2616 2088 2671 aliis
2140 2616 2507 2687 compluribus
2557 2618 2786 2687 tradita,
2838 2620 3037 2674 nemini
3079 2620 3257 2690 ignota
3303 2629 3456 2686 sunt;
3498 2621 3564 2676 iis

1968 2711 2370 2781 prmtermissis,
2390 2712 2509 2769 haec
2533 2723 2733 2769 tantum
2765 2713 3061 2771 referemus
3087 2714 3356 2775 Ambrosii
3378 2716 3561 2781 verba,

1966 2822 2086 2885 qua:
2115 2806 2170 2861 in
2198 2806 2395 2879 Leonis
2422 2810 2604 2880 magni
2635 2810 2860 2880 epistola
2880 2853 2895 2879 ,
2926 2821 2979 2865 et
3007 2810 3219 2868 concilii
3260 2809 3559 2866 Chalcedo-

1967 2900 2151 2957 nensis
2178 2903 2311 2955 actis
2338 2902 2561 2958 recitata
2589 2912 2643 2958 et
2666 2904 2983 2976 transcripta
3013 2904 3277 2963 habentur
3303 2923 3319 2962 :
3354 2925 3371 2961 t
3408 2907 3560 2974 Quod

1967 2990 2164 3049 lectutn
2195 3004 2299 3059 cst,
2341 3012 2360 3047 ι
2395 2994 2467 3053 ait
2500 2995 2728 3053 eximius
2760 2997 2850 3052 ille
2876 2999 2957 3053 vir
2986 2996 3264 3070 (Ambros.,
3294 3000 3381 3065 lib.
3411 3015 3467 3066 ιι,
3497 3002 3561 3058 de

256 3093 401 3153 stus,
430 3099 525 3143 cur
546 3085 647 3140 sub
677 3083 911 3147 hominis
939 3084 1105 3145 forma
1136 3084 1282 3139 visus
1320 3094 1420 3149 est,
1452 3093 1506 3138 et
1546 3100 1696 3141 more
1722 3084 1859 3141 inte-
1884 3080 1929 3142 C
1963 3082 2116 3153 Fide,
2146 3103 2262 3156 cap.
2294 3087 2347 3154 5,
2380 3086 2409 3159 §
2440 3087 2531 3155 58,
2564 3106 2687 3162 pag.
2716 3091 2843 3161 481)
2868 3133 2886 3159 ,
2924 3111 2941 3145 ι
2981 3092 3264 3151 Dominum
3304 3094 3558 3167 majesta-

256 3188 504 3250 remptus
528 3178 783 3247 humano,
802 3178 878 3235 sit:
903 3179 990 3235 ille
1014 3177 1309 3251 respondet
1333 3194 1346 3229 :
1376 3195 1394 3228 ι
1414 3183 1494 3233 Au
1510 3177 1665 3237 aliter
1688 3177 1857 3247 potuit

258 3257 551 3331 invisibilis
573 3273 662 3333 illa
688 3274 790 3339 vis,
821 3282 873 3328 et
896 3273 1097 3331 habens
1128 3272 1328 3337 nullam
1359 3270 1711 3333 Substantiam
1737 3286 1855 3329 cor-

253 3370 501 3440 poralem
523 3410 539 3438 ,
568 3367 765 3427 inferre
794 3377 847 3423 et
873 3367 1223 3429 commodare
1259 3382 1318 3421 se
1350 3366 1549 3427 mundo
1569 3407 1583 3430 ,
1615 3364 1856 3427 conciliis

255 3462 526 3517 interesse
556 3462 897 3528 mortalium,
928 3477 1085 3532 quam
1114 3471 1171 3515 ut
1198 3459 1413 3533 aliqupd
1442 3470 1650 3529 tegmen
1682 3468 1854 3515 ntale-

254 3557 358 3612 rize
386 3556 658 3617 solidioris
694 3566 1024 3620 assumeret,
1058 3554 1200 3627 quod
1231 3554 1512 3615 oculorum
1559 3554 1858 3623 susciperet

252 3649 545 3718 injectum,
575 3658 628 3703 et
656 3646 745 3703 ubi
772 3663 829 3703 se
856 3646 1019 3718 ﬁgere
1050 3646 1377 3705 iuertissime
1406 3656 1586 3716 posset
1611 3653 1851 3700 contem-

251 3742 513 3814 plationis
543 3741 795 3799 obtutus?
826 3741 953 3808 Quis
982 3750 1066 3799 est
1094 3739 1236 3796 enim
1266 3737 1594 3804 mortalium,
1621 3737 1709 3808 qui
1734 3740 1852 3809 qui-

250 3845 342 3893 ret
368 3852 491 3892 eum
532 3836 744 3903 videre,
769 3835 887 3905 quis
924 3850 1179 3900 cernere,
1210 3834 1254 3889 si
1286 3834 1445 3893 talem
1476 3832 1732 3895 voluisset
1770 3833 1849 3897 in.

250 3931 402 3988 ferre
430 3944 488 3986 se
526 3931 714 3997 terris,
743 3929 918 3999 qualis
964 3928 1011 3989 ei
1056 3929 1374 3999 primigenia
1420 3936 1608 4002 natura
1650 3938 1768 3992 est,
1796 3936 1850 3983 et

253 4023 472 4096 qualem
499 4038 558 4079 se
587 4022 704 4095 ipse
730 4021 782 4081 in
809 4036 903 4077 sua
946 4034 1064 4079 esse
1110 4020 1278 4081 voluit
1316 4020 1399 4075 vel
1442 4019 1731 4090 qualitate,
1762 4019 1848 4079 vel

250 4116 497 4173 numine.
549 4115 854 4185 Assumpsit
904 4114 1063 4184 igitur
1106 4114 1337 4169 hominis
1377 4114 1633 4178 fortnam,
1665 4121 1720 4169 et
1746 4113 1846 4170 sub

248 4210 426 4267 nostri
465 4210 681 4280 generis
721 4207 1071 4271 similitudine
1113 4207 1406 4277 patentiam
1434 4220 1583 4261 suam
1610 4206 1841 4271 clausit;

248 4313 392 4361 utet
419 4303 585 4365 videri
618 4309 818 4375 posset,
849 4310 903 4361 et
925 4300 1184 4373 conspici,
1218 4297 1379 4357 verba
1407 4300 1628 4366 faceret,
1657 4309 1712 4355 et
1748 4300 1846 4365 do-

245 4407 441 4467 ceret,
473 4406 633 4469 atque
673 4411 862 4452 omnes
902 4409 1291 4467 exsequeretur
1329 4408 1419 4450 res
1466 4410 1591 4463 cas,
1627 4406 1846 4466 prppter

1963 3177 2031 3232 tis
2061 3179 2380 3236 cruciﬁxum
2413 3197 2566 3249 esse,
2601 3198 2706 3238 non
2735 3187 2886 3256 quasi
2918 3187 2967 3243 in
3000 3186 3278 3257 majestate
3308 3204 3402 3245 sua
3432 3206 3557 3249 cru-

1959 3270 2178 3331 ciﬁxum
2209 3282 2461 3345 putemus
2492 3295 2504 3331 :
2537 3277 2633 3333 sed
2664 3280 2787 3350 quia
2821 3278 2963 3339 idem
2995 3281 3134 3341 Deus
3154 3324 3167 3349 ,
3194 3281 3337 3339 idem
3370 3283 3553 3353 homo,

1958 3379 2057 3434 per
2077 3364 2413 3431 divinitatem
2440 3369 2603 3447 Deus,
2627 3385 2723 3443 per
2746 3375 3145 3445 susceptionem
3170 3378 3347 3431 carnis
3367 3376 3552 3446 homo,

1955 3454 2113 3512 Jesus
2132 3454 2378 3547 Christus
2406 3462 2665 3521 Dominus
2692 3464 2987 3534 majestatis
3005 3467 3201 3523 dicitur
3225 3469 3548 3543 cruciﬁxus;

1954 3554 2079 3619 quia
2107 3567 2334 3607 consors
2366 3554 2645 3626 utriusque
2673 3567 2898 3625 naturm,
2923 3559 2971 3612 id
2990 3568 3091 3626 est,
3114 3560 3359 3617 humana:
3390 3573 3551 3634 atque

1953 3642 2171 3711 divinm,
2205 3644 2256 3697 in
2296 3654 2486 3700 natura
2528 3646 2763 3703 hominis
2806 3650 2970 3706 subiit
3008 3654 3345 3722 passionem;
3380 3665 3437 3711 ut
3463 3656 3549 3711 in-

1953 3734 2189 3792 discrete
2213 3745 2270 3792 et
2296 3737 2550 3794 dominus
2577 3741 2875 3811 majestatis
2901 3743 3111 3799 dicatur
3139 3760 3281 3816 esse,
3309 3747 3400 3818 qui
3430 3762 3552 3819 pas-

1950 3844 2041 3884 sus
2069 3841 2173 3897 est,
2202 3841 2255 3887 et
2284 3833 2422 3889 ﬁlius
2451 3833 2701 3899 hominis,
2734 3838 2873 3895 sicut
2900 3839 3159 3910 scriptum
3188 3850 3302 3907 est,
3335 3845 3426 3917 qui
3451 3844 3545 3900 de-

1951 3923 2265 3978 scendit.de
2307 3925 2466 3981 caelo.
2510 3946 2529 3977 ι
2565 3926 2772 3984 Videsis
2819 3945 2937 3999 qua:
2988 3932 3043 3984 in
3092 3933 3231 3991 hunc
3276 3936 3548 3991 Ambrosii

1950 4017 2125 4073 locum
2154 4020 2569 4089 annotavimus,
2598 4032 2651 4076 et
2677 4022 2749 4077 ibi
2780 4023 2940 4085 citata
2980 4040 3010 4079 a
3054 4026 3208 4081 nobis
3255 4028 3544 4093 chalcedo-

1950 4110 2136 4169 ueusis
2164 4110 2378 4165 concilii
2409 4122 2552 4179 acta,
2568 4121 2622 4168 et
2648 4112 2929 4185 Augustini
2949 4116 3180 4185 primum
3196 4118 3264 4174 de
3281 4118 3544 4185 Trinitate

1947 4203 2165 4259 librum.

2021 4296 2190 4353 Porro
2217 4306 2395 4354 autem
2441 4298 2711 4355 Arnobius
2757 4310 2942 4359 noster
2986 4302 3141 4361 docet
3181 4303 3418 4377 Christo,
3451 4309 3545 4381 qui

1949 4400 2029 4447 tot
2059 4392 2319 4448 miracula
2351 4392 2620 4471 ediderat,
2656 4393 2919 4451 violentas
2946 4412 3167 4466 manus,
3202 4400 3248 4453 si
3282 4400 3419 4457 mori
3448 4417 3545 4457 no-

251 4506 392 4564 quas
436 4491 487 4557 in
534 4489 792 4547 mundum
840 4498 1080 4555 venerat,
1102 4488 1413 4555 faciendas,
1460 4490 1655 4545 summi
1701 4492 1843 4562 regis
1868 4476 1924 4541 D
1949 4484 2206 4549 luisset,a
2239 4487 2456 4542 nemine
2488 4502 2739 4559 umquam
2769 4490 3009 4569 potuisse
3036 4492 3259 4559 inferri,
3289 4495 3383 4549 sed
3409 4510 3535 4551 eum

250 4583 486 4657 imperio
520 4594 575 4641 et
616 4581 967 4652 dispositione
1012 4582 1258 4639 servatis.
1295 4603 1314 4633 ι
1342 4579 1541 4654 (lbid.,
1578 4600 1697 4654 pag.
1721 4582 1849 4655 57.)

242 4680 499 4737 Potuitne
541 4694 788 4750 suprema
838 4678 1036 4735 ChriSti
1086 4678 1370 4745 divinitas,
1422 4678 1671 4749 illiusque
1721 4694 1842 4743 cum

240 4773 483 4829 humana
514 4781 703 4827 natura
750 4770 1059 4842 eonjtmctio
1100 4771 1415 4843 clarioribus
1455 4771 1630 4833 verbis
1670 4786 1842 4831 enun-

244 4865 412 4922 tiari?
439 4867 571 4935 Quis
596 4880 847 4935 umquam
882 4874 997 4932 post
1028 4863 1328 4929 Nicmttttm,
1358 4873 1410 4919 et
1436 4863 1539 4918 alia
1569 4864 1837 4933 generalia

240 4959 496 5018 concilia.
523 4968 802 5029 utramque
826 4959 969 5015 illius
997 4968 1243 5017 naturam
1270 4956 1570 5014 dilueidiori
1598 4958 1840 5016 oratione

240 5054 533 5126 extiosuit?
562 5058 630 5110 At
677 5070 806 5111 vero
851 5053 920 5111 ibi
975 5053 1064 5119 ille
1111 5069 1217 5111 non
1270 5069 1422 5113 suam
1472 5063 1697 5121 tantum,
1742 5054 1838 5117 sed

240 5164 587 5207 communem
619 5148 858 5219 animum
889 5162 1002 5213 suae
1034 5149 1205 5203 anatis
1233 5147 1648 5207 Christianorum
1691 5159 1835 5220 pate-

240 5242 373 5297 facit
408 5241 750 5301 sententiam.
780 5240 913 5310 Quis
951 5255 1080 5310 ergo
1124 5255 1356 5311 negare,
1385 5249 1475 5305 aut
1516 5242 1565 5295 in
1614 5242 1832 5303 dubium

236 5337 366 5408 jure
407 5336 590 5406 aliquo
638 5349 834 5399 vocare
876 5334 1071 5401 audeat
1108 5346 1283 5390 utrum
1316 5334 1411 5402 illi,
1441 5344 1565 5393 ante
1592 5335 1835 5404 ejusdem

240 5425 466 5485 concilii
510 5425 712 5483 Nicmni
743 5436 1017 5498 tempora,
1052 5426 1102 5483 id
1132 5426 1489 5491 crediderint,
1521 5427 1662 5499 quod
1694 5429 1744 5487 in
1771 5442 1837 5491 eo

244 5522 481 5578 concilio
525 5530 581 5583 et
622 5521 740 5587 aliis
789 5529 971 5591 postea
1015 5522 1082 5577 de
1127 5521 1327 5577 Christi
1356 5521 1638 5581 divinitate
1662 5531 1717 5577 et
1752 5538 1838 5579 as—

247 5625 470 5685 sumpta
497 5613 566 5669 ab
594 5615 709 5685 ipso
736 5614 965 5679 humana
1006 5624 1191 5677 natura
1220 5624 1475 5673 statutum
1505 5616 1622 5673 est?

320 5709 444 5779 Age
468 5723 612 5777 vero,
639 5709 797 5783 eique
825 5726 932 5782 quo
974 5716 1131 5781 pacto
1174 5706 1373 5769 Christi
1402 5707 1666 5769 divinitati
1695 5723 1844 5775 murti

1948 4597 2042 4641 sua
2075 4590 2267 4654 Sponte
2297 4590 2353 4637 et
2382 4582 2660 4639 voluntate
2688 4594 2983 4641 mortuum.
3020 4605 3037 4639 ι
3077 4585 3255 4650 Vides,
3295 4607 3312 4638 ι
3349 4588 3538 4659 inquit,

1954 4696 1971 4728 ι
2008 4678 2052 4732 si
2085 4676 2254 4735 nollet
2285 4677 2468 4733 inferri
2493 4676 2593 4733 sibi
2616 4693 2644 4732 a
2682 4693 2950 4751 quoquam
2982 4694 3192 4744 manus,
3225 4695 3431 4741 summa
3458 4678 3540 4747 illi

1947 4768 2139 4833 fuisset
2168 4772 2512 4829 contentione
2542 4770 2851 4836 nitendum,
2887 4782 2942 4826 ut
2970 4771 3153 4829 hostes
3194 4772 3260 4828 ab
3305 4787 3363 4829 sc
3410 4788 3537 4830 suos

1943 4862 2026 4921 vel
2058 4871 2325 4939 potestate
2353 4862 2563 4919 inversa
2594 4863 2944 4933 prohiberet?
2974 4863 3074 4932 Qui
3100 4866 3262 4921 amcis
3284 4866 3534 4924 restitue-

1942 4966 2026 5017 rat
2056 4956 2291 5023 lumina,
2328 4956 2372 5011 is
2397 4956 2614 5012 efficere
2662 4957 2706 5013 si
2747 4956 3002 5021 deberet,
3039 4970 3144 5013 non
3176 4966 3387 5027 poterat
3427 4975 3534 5025 cte-

1941 5066 2034 5107 cos
2231 5064 2421 5107 manus
2454 5050 2506 5105 in
2537 5066 2595 5107 se
2626 5050 2827 5123 porrigi
2867 5052 2936 5107 ab
2979 5052 3301 5115 immanibus
3344 5070 3534 5133 passus

1940 5155 2043 5205 est.
2094 5166 2112 5200 ι
2140 5146 2386 5215 (Aman,
2423 5144 2511 5201 lib.
2548 5162 2584 5213 t,
2620 5164 2740 5217 pag.
2770 5146 2890 5214 58.)
2918 5145 3157 5205 Mortuus
3202 5158 3284 5205 est
3327 5149 3526 5221 itaque,

1939 5241 2082 5311 quia,
2117 5250 2172 5299 ut
2220 5240 2396 5296 adhuc
2444 5238 2680 5311 loquitur
2717 5248 2903 5297 auctor
2938 5248 3156 5297 noster:
3193 5258 3212 5293 ι
3261 5240 3530 5299 Virtutum

1939 5337 2176 5401 omnium
2200 5334 2470 5400 dominus,
2494 5347 2655 5407 atque
2678 5333 2844 5403 ipsius
2871 5333 3059 5389 mortis
3084 5335 3400 5403 exstinctor,
3428 5334 3530 5391 ho-

1940 5428 2138 5483 minem
2189 5443 2342 5483 sttum
2390 5425 2632 5499 permisit
2675 5424 2869 5483 occidi.
2924 5446 2943 5479 ι
2991 5424 3188 5496 (Ibid.,
3232 5444 3353 5501 pag.
3395 5427 3533 5498 41.)

1940 5516 2144 5585 Quibus
2176 5517 2264 5575 ille
2292 5516 2473 5571 verbis
2500 5514 2763 5587 signiﬁcat
2788 5513 3063 5581 Christum
3106 5518 3401 5577 secundum
3430 5518 3528 5585 hu-

1944 5624 2154 5667 manam
2202 5618 2407 5669 tantum
2456 5617 2701 5667 naturam
2726 5652 2741 5677 ,
2774 5613 2988 5681 quando
3029 5610 3231 5680 voluit,
3259 5611 3537 5678 occisum;

1946 5706 2017 5765 ita
2050 5714 2233 5775 tamen
2258 5709 2319 5773 ut
2345 5701 2627 5769 moriendo
2661 5702 2899 5771 divinam
2930 5718 3083 5773 suam
3109 5715 3370 5767 naturam
3399 5704 3555 5761 novis
