3990 6072
425 220 528 275 471

1673 212 2126 271 DISSERTATIO
2175 214 2455 273 PRAEVIA

3605 220 3715 276 472

423 353 485 392 ac
518 340 727 407 penitus
766 340 1043 409 stupenilis
1081 336 1353 392 miraculis
1389 335 1708 391 ostenderit.
1748 353 1766 388 ‹
1806 335 2014 390 Extttus
2042 339 2088 398 Α
2120 334 2229 390 Deo
2251 334 2413 391 Patre
2441 345 2561 407 post
2588 345 2665 392 tot
2693 336 2969 393 hominum
2997 346 3185 395 aetates
3206 346 3261 395 et
3281 338 3484 395 saecula
3509 338 3576 395 ad
3606 355 3711 396 nos

424 446 671 502 corpore,
713 454 731 486 ι
768 434 936 504 inqttit
969 432 1173 504 (Μήτι,
1203 448 1323 502 pag.
1351 429 1466 503 52),
1522 450 1540 481 ι
1580 429 1719 500 quod
1747 430 1799 485 in
1827 430 2014 500 exigua

422 526 504 579 sui
552 526 961 581 circumferebat
992 534 1173 595 parte,
1208 531 1494 595 postquam
1525 522 1699 578 videri
1730 537 1791 579 se
1823 536 2019 593 passus

424 627 528 684 est,
558 619 710 687 cujus
740 629 883 674 esset
932 616 1311 688 magnitudinis
1354 617 1516 683 sciri,
1550 617 1786 671 novitate
1835 630 2014 670 rerum

425 710 684 765 exterrita
728 712 982 765 universa
1031 710 1217 764 mundi
1269 719 1394 764 sunt
1440 710 1705 764 elementa
1755 708 2012 763 turbata:

425 804 583 860 tellus
628 817 770 859 mota
821 806 1169 872 contremuit,
1202 819 1353 859 mare
1378 803 1616 858 funditus
1646 803 1882 858 refusum
1910 811 2013 866 est,

422 913 517 952 aer
556 897 729 968 globis
777 897 1050 953 involutus
1088 905 1172 952 est
1214 897 1587 959 tenebrarum,
1634 896 1822 965 igneus
1872 893 2017 949 orbis

422 992 555 1046 solis
584 991 848 1061 tepefacto
874 992 1071 1046 ardore
1116 991 1356 1061 diriguit.
1393 1009 1412 1043 ι
1446 990 1613 1059 Talpa
1642 1004 1773 1044 sane
1797 987 2014 1048 czeeior.

412 1092 519 1136 .aut
551 1082 859 1138 inﬂexibilis
889 1082 1266 1137 obstinationis
1298 1081 1462 1137 homo
1494 1081 1538 1135 is
1567 1080 1637 1134 sit
1663 1087 1897 1150 oportet,
1926 1078 2016 1148 qui

427 1190 533 1229 non
562 1175 757 1238 videat,
782 1185 835 1228 et
863 1174 1095 1229 fateatur
1116 1185 1397 1242 utramque
1423 1173 1493 1228 ab
1520 1173 1757 1227 Arnobio
1781 1171 2015 1226 divinam

427 1272 825 1343 humarmmqne
851 1270 1053 1326 Christi
1080 1279 1322 1325 naturam
1349 1280 1496 1324 recte
1519 1267 1794 1337 distingui.
1821 1276 1876 1322 et
1901 1267 2019 1321 uni-

423 1364 617 1434 cuique
645 1365 785 1435 qnod
818 1380 970 1419 suum
997 1373 1100 1426 est,
1134 1364 1271 1419 bene
1321 1364 1533 1434 penitus
1568 1361 1788 1417 attribui
1828 1370 1884 1417 et
1923 1376 2017 1417 ex-

426 1461 613 1533 plicari
626 1503 639 1516 .
1808 1460 1815 1471 ’

492 1560 580 1621 At,
610 1556 839 1627 inquies,
868 1557 996 1626 quid
1023 1556 1125 1611 sibi
1155 1555 1243 1611 ille
1265 1555 1400 1614 vult.
1426 1568 1547 1609 eum
1571 1552 1702 1608 dicit
1724 1553 1776 1607 in
1800 1551 2018 1607 Christo

427 1647 593 1703 fuisse
619 1647 927 1702 simulatum
960 1647 1231 1701 hominem
1256 1648 1279 1700 ζ’
1307 1645 1397 1701 Ait
1423 1646 1654 1715 quippe:
1681 1662 1701 1696 ι
1730 1643 1845 1699 Rex
1871 1658 2017 1698 sum-

2120 430 2316 485 missus
2346 430 2525 497 fuerit,
2556 442 2648 487 aut
2674 432 2801 504 quid
2829 433 3024 505 priora.
3052 442 3177 488 ante
3206 433 3352 489 illius
3375 443 3577 500 ortum,
3606 450 3712 489 sa:-

2116 523 2233 576 cula
2268 524 2561 587 meruerint,
2592 535 2686 579 aut
2706 524 2832 596 quid
2872 524 2940 581 de
2969 527 3292 596 priscorum,
3319 524 3716 581 vetustissimo-

2117 628 2340 683 rumque
2383 615 2687 670 mortalium
2732 616 3016 672 animabus
3057 624 3237 671 actum
3268 615 3339 669 sit
3362 614 3554 689 (Ibid.,
3585 631 3709 687 pag.

2118 706 2238 778 87).
2284 712 2353 763 At
2381 708 2519 764 idem
2552 724 2776 780 prorsus
2806 721 3180 782 argumentum
3200 751 3215 775 ,
3243 719 3433 765 contra
3463 709 3716 766 christia-

2119 816 2218 854 nos
2245 817 2274 857 a
2304 801 2628 876 Porphyrio,
2652 804 2879 875 aliisque
2902 804 3145 860 Ethnicis
3172 814 3357 875 postea
3377 804 3709 870 refricatum,

2118 890 2420 963 Episcopus
2463 892 2768 966 Deogratias
2806 897 3239 967 cognominatus,
3277 899 3574 968 Augustino
3599 897 3717 953 sol-

2117 984 2351 1040 vendum
2370 987 2448 1041 sic
2481 989 2787 1057 proposuit:
2819 1008 2837 1040 t
2868 989 3005 1057 Quid
3034 1001 3261 1061 egerunt
3286 1000 3361 1046 t0t
3391 992 3713 1047 seculorum

2121 1076 2367 1134 homines
2392 1090 2519 1135 ante
2537 1078 2931 1137 Christum.....
2960 1082 3097 1152 Quid
3126 1092 3306 1138 aetum
3327 1082 3397 1138 de
3423 1092 3532 1139 tam
3559 1084 3716 1139 innu-

2119 1174 2289 1228 meris
2314 1174 2530 1238 animis,
2555 1175 2646 1245 qui
2670 1176 2890 1231 omnino
2920 1176 2973 1231 in
3002 1176 3159 1248 culpa
3188 1177 3334 1232 nulla
3356 1184 3522 1235 sunt:
3549 1176 3717 1248 siqui-

2119 1264 2243 1319 dem
2273 1266 2348 1333 is,
2380 1266 2467 1321 cui
2493 1267 2642 1322 credi
2691 1280 2904 1338 posset,
2939 1268 3175 1325 nondum
3221 1268 3510 1324 adventum
3556 1283 3714 1324 suum

2120 1359 2430 1414 hominibus
2450 1360 2861 1417 commodarat?
2883 1382 2902 1415 ι
2940 1363 3239 1433 (Augustin.
3271 1363 3423 1433 epist.
3443 1362 3569 1428 ΝΞ,
3590 1379 3712 1435 pag.

2118 1451 2274 1525 276.)
2304 1453 2469 1509 Vides
2498 1454 2856 1525 proculdubio
2884 1456 2983 1512 hos
3010 1456 3206 1513 eodem
3239 1457 3397 1527 plane
3425 1457 3588 1511 modo
3613 1470 3717 1527 pu-

2120 1562 2286 1617 gnare
2326 1548 2588 1605 adversus
2630 1548 2918 1605 dominicae
2965 1551 3348 1608 incarnationis
3375 1551 3714 1624 mysterium,

2120 1641 2394 1711 totiusque
2421 1642 2732 1699 christiana:
2755 1644 3029 1715 religionis
3051 1647 3351 1703 veritatem.

424 1755 545 1795 mus
584 1754 678 1805 ea,
710 1755 830 1811 quae
875 1739 929 1793 in
978 1738 1179 1793 mundo
1229 1736 1467 1791 facienda
1518 1736 1867 1801 decreverat,
1899 1735 2017 1791 sine
2048 1731 2096 1791 B
2194 1736 2301 1792 Sed
2331 1737 2455 1792 audi
2485 1738 2645 1793 etiam
2673 1739 2946 1810 quomodo
2973 1740 3274 1802 Aruohius.
3311 1756 3374 1795 ac
3395 1750 3580 1811 postea
3604 1743 3715 1797 Au‘

426 1833 647 1889 homine
673 1834 923 1888 simulato
967 1849 1074 1887 non
1118 1832 1304 1903 quibat
1340 1830 1574 1887 efficere.
1617 1851 1637 1883 ι
1678 1829 1862 1900 (lbid.,
1891 1845 2011 1901 pag.

424 1926 554 1997 37.)
607 1925 874 1995 Numquid
927 1925 1131 1996 putavit
1176 1939 1356 1979 veram
1403 1938 1507 1978 non
1559 1937 1679 1977 esse
1727 1922 2013 1976 humanam

425 2020 626 2077 Christi
677 2033 955 2085 naturam,
996 2022 1091 2075 sed
1141 2021 1317 2074 fictam
1371 2029 1425 2074 et
1464 2017 1802 2073 simulatam?
1829 2015 2017 2071 Nonne

428 2127 539 2179 tota
574 2116 656 2170 via
682 2130 803 2170 cum
842 2116 926 2170 his
961 2114 1233 2190 aberravit
1274 2112 1577 2179 htereticis,
1624 2112 1714 2182 qui
1745 2109 2015 2167 Christum

429 2224 536 2265 non
563 2224 744 2264 verum
770 2208 1063 2269 hominem,
1095 2208 1189 2262 sed
1219 2206 1471 2272 hominis,
1503 2215 1562 2260 ut
1583 2204 1818 2268 aiebant,
1848 2205 2020 2274 phan-

426 2314 595 2357 tasma
614 2343 632 2369 ,
661 2312 715 2357 et
753 2302 1027 2357 hominem
1058 2300 1452 2369 phantasticum
1478 2298 1645 2354 fuisse
1670 2298 1833 2353 stulte
1868 2311 2017 2352 asse-

425 2396 686 2449 ruerunt?
715 2395 932 2449 Minime
961 2394 1215 2464 gentium.
1255 2392 1386 2447 Nam
1417 2407 1485 2447 ex
1517 2392 1615 2457 iis,
1645 2407 1767 2461 qua:
1792 2390 1860 2446 ab
1900 2391 2020 2460 ipso

427 2487 497 2543 de
524 2484 726 2542 Christi
755 2488 859 2542 vita
896 2497 951 2541 et
982 2496 1157 2541 morte
1187 2486 1381 2541 tradita
1410 2486 1854 2551 memoravimus,
1900 2484 2021 2540 luce

429 2578 725 2634 meridiana
751 2577 951 2634 clarius
978 2578 1236 2649 probatur
1263 2593 1387 2632 eum
1426 2584 1578 2632 certo
1615 2578 1819 2633 certius
1848 2576 2021 2633 credi-

431 2672 580 2727 disse
623 2687 807 2727 veram
847 2687 877 2725 a
918 2671 1132 2727 Christo
1174 2680 1506 2741 assumptam
1537 2671 1701 2725 fuisse
1734 2670 2020 2725 humanam

431 2776 675 2822 naturam
697 2808 712 2830 ,
745 2782 1038 2837 verumque
1083 2765 1374 2821 humanum
1409 2779 1629 2834 corpus.
1658 2764 2018 2833 Quamobrem

431 2860 499 2914 iis
544 2859 785 2926 vocibus,
835 2859 1037 2914 homine
1071 2857 1345 2924 simulato,
1372 2856 1513 2913 idem
1559 2856 1851 2928 signiﬁcat,
1883 2871 1946 2911 ae
1975 2857 2022 2911 si

432 2952 655 3008 dixisset
698 2952 917 3006 homine
962 2965 1221 3021 expresso
1261 2959 1315 3006 et
1353 2948 1630 3014 exhibito,
1664 2951 1733 3003 ita
1766 2957 1823 3003 ut
1861 2963 2020 3019 quem

432 3046 767 3115 exprimebat
790 3053 862 3119 et
894 3043 1206 3110 exhibebat,
1239 3059 1400 3100 verus
1428 3052 1575 3099 esset
1601 3044 1783 3098 homo.
1815 3041 2024 3125 Negare

2114 1830 2362 1901 gustinus
2382 1829 2522 1886 hanc
2535 1832 3055 1903 argumentationem
3087 1833 3245 1905 plane
3260 1834 3606 1890 infirmentet
3632 1833 3719 1889 di-

2118 1926 2286 1980 luant.
2316 1924 2557 1980 Primum
2595 1926 2738 1981 enim
2763 1926 2979 1982 Ethnici
2998 1927 3317 1998 ohjicientes
3339 1929 3538 1983 nullam
3558 1941 3720 1998 posse

2120 2015 2303 2072 afferri
2348 2018 2611 2072 rationem
2640 2034 2739 2072 cur
2764 2017 3015 2075 Christus
3046 2029 3168 2091 post
3209 2029 3285 2075 tot
3326 2020 3524 2075 saecula
3554 2020 3721 2075 homo

2120 2109 2293 2165 factus
2320 2110 2389 2164 sit
2415 2151 2431 2176 ,
2460 2126 2561 2166 suo
2589 2124 2648 2165 se
2677 2111 2854 2182 gladio
2874 2112 3212 2193 jugulabant.
3263 2114 3475 2170 Nullam
3518 2115 3721 2193 quippe

2119 2213 2172 2257 et
2207 2202 2340 2273 ipsi,
2386 2202 2462 2257 ait
2507 2213 2695 2259 auctor
2740 2188 2927 2261 noster
2959 2206 3193 2279 (Arnob.
3227 2206 3354 2272 Iib.,
3385 2222 3441 2273 ll,
3474 2205 3588 2279 96),
3631 2188 3722 2262 ra;

2123 2288 2322 2350 tionem
2352 2295 2484 2350 dare
2512 2306 2762 2364 poterant
2793 2314 2899 2353 non
2930 2300 3106 2354 solum
3135 2315 3235 2354 cur
3265 2300 3456 2372 hyems
3475 2342 3491 2367 ,
3519 2309 3718 2367 testas,

2123 2398 2417 2444 autumnus
2438 2431 2455 2449 .
2489 2387 2671 2459 pluvia
2690 2433 2704 2457 ,
2729 2401 2783 2447 et
2808 2392 2914 2447 alia
2944 2392 3321 2463 hujuscemodi
3351 2411 3459 2449 nun
3481 2408 3579 2458 eo.
3612 2409 3723 2465 quo

2122 2490 2369 2549 oportet,
2417 2491 2722 2552 opportuno
2763 2493 3007 2554 tempore
3030 2501 3179 2558 saepe
3206 2488 3406 2557 saepius
3432 2486 3679 2543 accidant
3704 2504 3720 2553 ;

2123 2572 2219 2626 sed
2253 2572 2588 2642 potissimum
2629 2590 2727 2630 cur
2751 2575 3044 2643 Hercules,
3091 2577 3436 2647 Esculapius
3456 2619 3473 2643 ,
3505 2589 3559 2634 et
3589 2579 3720 2647 alii,

2124 2680 2261 2735 quos
2284 2665 2350 2720 ad
2398 2665 2675 2723 hominum
2728 2668 3012 2726 utilitatem
3061 2680 3216 2726 natos
3239 2686 3363 2728 esse
3393 2672 3721 2738 credebant,

2125 2758 2178 2813 in
2221 2759 2479 2815 mundum
2511 2770 2619 2816 tam
2652 2778 2774 2817 sero
2800 2764 3124 2833 prodit-rint.
3158 2766 3419 2822 Eumdcm
3462 2769 3621 2838 plane
3668 2768 3721 2823 in

2126 2852 2345 2907 modum
2373 2853 2707 2924 Augustinus
2736 2856 2861 2912 illos
2889 2873 2955 2912 ex
2999 2860 3383 2931 mysteriorum
3406 2902 3423 2929 ,
3455 2861 3525 2917 ab
3547 2862 3615 2917 iis
3642 2862 3726 2917 in-

2126 2950 2471 3016 stitutorum,
2522 2950 2695 3020 prima
2752 2952 2995 3022 origine,
3034 2952 3180 3024 quod
3245 2954 3439 3010 eodem
3494 2955 3718 3023 recidit,

2127 3039 2323 3095 acriter
2342 3040 2543 3097 refellit
2569 3062 2582 3097 :
2619 3062 2637 3095 ‹
2667 3043 2774 3111 Ipsi
2795 3085 2809 3107 ,
2842 3063 2861 3096 ι
2892 3045 3064 3116 inquit
3088 3045 3387 3120 (Augustin.
3408 3089 3424 3114 ,
3453 3049 3552 3103 loc.
3571 3046 3719 3119 οἱα),

431 3148 610 3193 tamen
638 3154 744 3192 non
768 3152 1054 3209 possumus
1078 3138 1149 3192 ibi
1172 3137 1468 3193 Arnobiqu
1498 3136 1789 3207 improprie
1813 3120 2019 3190 minus-
2048 3119 2095 3183 C
2134 3155 2153 3188 ι
2187 3135 2368 3191 dicant
2399 3145 2577 3192 utrum
2603 3138 2903 3209 profuerint
2925 3138 3233 3196 hominibus
3253 3142 3476 3198 deorum
3503 3157 3722 3198 suorum

432 3248 539 3303 que
564 3241 811 3287 accurate
855 3230 1024 3300 loqui.
1055 3230 1161 3287 Sed
1199 3233 1319 3301 quis
1358 3230 1698 3285 Aristarchus
1743 3245 1848 3285 non
1894 3229 2024 3285 satis

434 3324 749 3394 castigatum
783 3324 1092 3392 hujnsmodi
1118 3323 1371 3395 loquendi
1396 3323 1612 3379 modum
1636 3323 1839 3378 homini
1869 3323 2025 3380 facile

435 3433 541 3472 non
570 3416 897 3472 eondonabit
917 3460 932 3482 ,
966 3418 1057 3488 qui
1085 3432 1231 3487 stupe
1260 3418 1459 3487 smpius
1491 3416 1669 3472 verbis
1712 3417 1878 3470 utitur
1904 3416 2026 3471 bar-

431 3508 577 3564 baris
605 3518 662 3564 et
686 3508 965 3574 obsoletis,
996 3523 1094 3564 nec
1124 3524 1254 3578 pure
1275 3518 1330 3563 et
1356 3507 1642 3564 emendate
1674 3507 1951 3579 loquitur?

1025 3658 1316 3699 ARTICULUS
1354 3659 1431 3698 lll.

436 3758 530 3809 Cur
547 3758 769 3811 Christus
801 3759 946 3808 homo
971 3757 1125 3808 factus
1146 3759 1227 3813 sit,
1255 3770 1343 3806 cur
1366 3764 1464 3807 tam
1486 3769 1622 3817 sero,
1645 3769 1738 3805 nec
1759 3755 1906 3819 longe
1937 3769 2027 3805 an-

432 3877 443 3885 _
499 3829 606 3885 tea;
631 3822 747 3884 quid
763 3820 828 3885 de
851 3821 1131 3885 hominibus
1148 3827 1262 3885 ante
1282 3821 1435 3883 ipsius
1450 3828 1609 3869 ortum
1622 3820 1850 3879 mortuis,
1868 3826 2027 3885 actum

497 3883 667 3944 fuerit,
694 3885 777 3934 ubi
800 3883 865 3932 de
884 3883 1160 3932 hominibus
1182 3883 1420 3945 giganteo
1437 3895 1662 3945 corpore,
1684 3888 1737 3932 et
1757 3883 2029 3933 stentoreis

498 3945 749 3997 infantium
771 3947 1031 4007 vagitibus.

506 4073 615 4128 Cur
640 4072 887 4129 Christus
911 4074 1074 4128 homo
1096 4072 1269 4127 factus
1289 4072 1378 4139 sit,
1408 4072 1454 4126 si
1480 4071 1549 4126 ab
1576 4070 1815 4126 Arnobio
1847 4080 2028 4140 postu-

433 4166 534 4229 les,
566 4165 703 4221 hanc
736 4166 828 4219 tibi
857 4163 1046 4220 reddet
1075 4165 1340 4219 rationem
1366 4179 1381 4217 :
1412 4164 1532 4234 quia
1589 4183 1606 4213 ι
1645 4162 1728 4218 Ab
1757 4162 2030 4233 religioni-

438 4258 540 4315 bus
561 4274 659 4314 nos
678 4257 825 4313 falsis
851 4257 1165 4328 religionem
1192 4256 1424 4312 traduxit
1443 4255 1511 4310 ad
1535 4271 1750 4321 veram;
1775 4256 1843 4311 ab
1863 4255 2030 4327 signis

437 4349 720 4413 inertibus,
751 4360 910 4420 atque
934 4364 1002 4404 ex
1031 4347 1290 4404 vilissimo
1316 4348 1559 4403 formatis
1582 4348 1716 4415 luto,
1744 4347 1810 4402 ad
1854 4347 2029 4403 sidera

435 4442 733 4498 sublevavit
753 4451 809 4497 et
832 4440 1050 4509 etnlum,
1079 4451 1134 4496 et
1160 4456 1279 4497 eum
1308 4441 1528 4496 domino
1548 4456 1725 4496 rerum
1754 4442 1881 4508 Deo,
1905 4456 2030 4510 sup-

438 4537 788 4610 plicationum
836 4536 961 4591 fecit
1003 4537 1167 4591 verba
1212 4544 1374 4607 atque
1416 4536 1717 4591 orationum
1763 4536 2028 4607 colloquia

435 4631 683 4686 miscere.
720 4648 740 4681 ι
787 4627 1041 4699 (Arnob.,
1089 4628 1177 4682 lib.
1224 4643 1264 4691 t,
1315 4644 1438 4699 pag.
1490 4626 1624 4699 22.)
1667 4627 2027 4696 Quamobrem

439 4725 556 4780 haec
579 4724 649 4781 de
680 4723 861 4795 seipse
894 4739 998 4777 non
1021 4722 1139 4778 sine
1163 4722 1299 4794 grati
1330 4723 1552 4777 omnino
1580 4722 1749 4777 animi
1774 4723 2027 4777 testifica-

438 4816 583 4871 tione
619 4815 792 4887 palam
824 4813 1080 4884 prtedicat
1113 4832 1125 4868 :
1165 4832 1183 4864 ι
1220 4812 1371 4868 Nunc
1394 4813 1618 4869 doctore
1642 4823 1791 4869 tanto
1822 4814 1879 4869 in
1915 4814 2029 4870 vias

439 4910 680 4966 veritatis
699 4909 970 4976 inductus,
1002 4908 1182 4963 omnia
1227 4908 1327 4963 ista
1362 4924 1481 4979 qua:
1522 4909 1651 4975 sint,
1682 4909 1795 4963 scio
1824 4927 1838 4962 :
1867 4908 2028 4980 digna

440 5000 511 5057 de
551 5002 725 5071 dignis
766 5002 945 5057 sentio
965 5041 981 5065 ,
1014 4999 1399 5056 contumeliam
1425 5001 1627 5055 nomini
1658 5000 1863 5057 nullam
1889 5000 2028 5057 facio

438 5095 652 5160 divino;
693 5105 747 5150 et
799 5096 929 5167 quid
972 5095 1165 5167 cuique
1207 5094 1469 5151 debeatur
1492 5096 1579 5151 vel
1609 5110 1888 5164 personae,
1943 5096 2029 5152 vel

438 5188 622 5258 capiti,
656 5186 954 5243 inconfusis
983 5188 1272 5258 gradibus,
1300 5196 1464 5259 atque
1493 5187 1901 5244 auctoritatibus
1928 5188 2027 5243 tri-

440 5284 568 5338 buo.
601 5302 620 5335 ι
655 5280 842 5351 (lbid.)
865 5281 1061 5339 Verum
1082 5283 1334 5356 gentiles,
1355 5283 1548 5354 quibus
1579 5282 1706 5337 nihil
1736 5283 2027 5354 antiquius,

439 5388 601 5443 quam
642 5372 843 5443 optima
870 5388 1095 5444 quaeque
1120 5374 1255 5430 diris
1281 5389 1527 5430 errorum
1558 5388 1777 5429 suorum
1805 5373 2027 5430 inficere

438 5465 694 5531 venenis,
749 5464 875 5520 inde
922 5468 1340 5524 sacratissimum
1399 5467 1785 5523 inearnatiouis
1827 5464 2025 5523 Christi

437 5558 752 5630 mysterium
774 5556 1027 5614 vellicare
1050 5558 1404 5615 conabantur.
1420 5558 1743 5615 Christianis
1759 5559 2023 5629 siquidem

436 5651 765 5721 objiciebant
830 5649 1032 5721 (lbid.,
1084 5649 1172 5703 lib.
1210 5665 1279 5717 tt,
1322 5669 1443 5723 pag.
1489 5651 1604 5721 96),
1642 5651 1688 5705 si
1729 5665 1816 5706 res
1855 5650 1924 5704 ita
1965 5666 2025 5707 se

427 5744 647 5813 habeat,
677 5744 877 5801 nullam
905 5740 1023 5800 dari
1051 5754 1213 5815 posse
1250 5743 1512 5798 rationem
1554 5757 1653 5798 cur
1694 5739 1947 5799 Christus
1984 5758 2016 5799 a

2127 3242 2281 3283 sacra
2305 3270 2319 3295 ,
2345 3245 2466 3300 quae
2493 3242 2709 3286 constat
2733 3232 2898 3287 certis
2924 3234 3261 3305 temporibus
3291 3236 3571 3291 instituta?
3591 3236 3725 3303 Qua:

2127 3320 2174 3373 si
2204 3330 2401 3392 negant
2442 3322 2645 3393 aliquid
2693 3321 2959 3394 profuisse
3001 3324 3068 3379 ad
3114 3325 3413 3381 animarum
3457 3328 3718 3394 salutem,

2128 3412 2407 3468 nobiseum
2448 3430 2511 3470 ea
2560 3415 2875 3481 destruunt,
2935 3424 2991 3472 et
3043 3417 3221 3472 inania
3272 3433 3395 3474 esse
3448 3422 3715 3476 conﬁten-

2129 3514 2334 3559 tur.....
2368 3506 2424 3560 Si
2473 3521 2605 3562 vero
2645 3506 3066 3573 eadefendunt,
3117 3518 3172 3564 et
3223 3511 3498 3579 sapienter
3547 3524 3711 3584 atque

2129 3595 2332 3652 utiliter
2360 3584 2607 3653 asserunt
2654 3598 2897 3654 instituta
2917 3641 2931 3665 ,
2964 3615 3151 3671 quaero
3179 3601 3307 3673 quid
3353 3612 3530 3659 actum
3560 3606 3634 3660 sit
3657 3606 3726 3663 de

2130 3688 2215 3744 his
2236 3730 2250 3752 ,
2279 3690 2370 3760 qui
2398 3700 2690 3763 antequam
2721 3692 2837 3748 lucc
2865 3696 3102 3750 instituta
3126 3706 3306 3752 essent
3325 3740 3339 3761 ,
3373 3708 3552 3754 morte
3571 3699 3719 3756 obie-

2129 3789 2290 3846 rant;
2326 3783 2426 3838 hac
2447 3782 2591 3838 enim
2621 3783 2809 3853 utique
2834 3785 3013 3841 salute
3039 3794 3200 3857 atque
3231 3787 3460 3843 utilitate
3484 3788 3717 3847 fraudati

2129 3884 2275 3930 sunt.
2308 3874 2367 3930 Si
2391 3885 2572 3932 autem
2624 3886 2913 3948 potuerunt
2955 3880 3063 3935 alio
3115 3881 3275 3936 modo
3322 3884 3576 3953 purgari,
3627 3900 3725 3940 cur

2130 3982 2239 4021 non
2281 3967 2422 4023 idem
2474 3969 2668 4025 modus
2720 3973 3092 4042 perseveravit
3147 3975 3201 4028 in
3255 3976 3542 4046 posteros?
3585 3976 3722 4046 Quid

2129 4074 2266 4130 opus
2304 4071 2423 4116 erat
2477 4062 2760 4117 instituere
2811 4064 3042 4120 uovitias
3090 4066 3557 4135 consecrationes,
3605 4086 3726 4141 qua:

2129 4154 2425 4226 antiquitus
2452 4171 2557 4212 non
2588 4156 2843 4214 fuerunt?
2881 4178 2902 4214 υ

2202 4248 2553 4320 Respondere
2595 4260 2773 4306 autem
2828 4268 2935 4307 non
2989 4262 3239 4323 poterant
3285 4257 3484 4313 nullam
3532 4260 3723 4316 horum

2130 4354 2290 4410 posse
2320 4342 2436 4396 dari
2469 4342 2754 4398 rationem.
2788 4342 2867 4399 Eo
2887 4345 3031 4400 enim
3062 4348 3178 4416 ipso
3219 4348 3452 4419 aliquam
3495 4350 3565 4407 de
3604 4365 3727 4408 sero

2128 4430 2333 4488 Christi
2352 4433 2584 4490 adventu
2606 4451 2636 4489 a
2663 4435 2977 4493 christianis
3002 4453 3111 4493 non
3140 4439 3259 4495 sine
3288 4440 3483 4511 injuria
3509 4444 3728 4516 exigere

2055 4519 2608 4586 Dconvincebantur.
2640 4529 2885 4602 Siquam
2936 4547 3063 4589 vero
3114 4533 3425 4604 proferant,
3479 4538 3724 4595 eamdem

2132 4631 2188 4677 et
2215 4621 2492 4678 christiani
2521 4624 2816 4694 proferent.
2842 4625 2979 4681 Hinc
3003 4624 3275 4683 Arnobius
3303 4639 3489 4686 noster
3515 4648 3528 4685 :
3568 4650 3589 4684 r
3623 4631 3727 4687 Ra-

2131 4715 2364 4781 tionem,
2397 4734 2417 4768 t
2451 4715 2523 4770 ait
2565 4714 2834 4788 (Arnob.,
2878 4718 2978 4773 loc.
3025 4719 3112 4773 cit.
3136 4718 3177 4791 ),
3232 4739 3251 4772 ι
3281 4721 3513 4793 aliquam
3563 4724 3726 4781 fuisse

2130 4806 2340 4863 dicetis.
2368 4807 2525 4863 Ratio
2554 4824 2687 4879 ergo
2714 4819 2769 4865 et
2799 4809 2883 4865 hic
2912 4810 3040 4878 fuit,
3092 4828 3190 4869 cur
3234 4829 3340 4870 non
3384 4832 3578 4888 nuper,
3624 4820 3722 4876 sed

2130 4900 2292 4957 hodie
2338 4902 2630 4972 sospitator
2676 4903 2844 4959 nostri
2893 4905 3110 4975 generis
3163 4906 3470 4965 adveniret.
3527 4929 3548 4963 ι
3610 4913 3724 4968 Au-

2129 4996 2377 5067 gustinus
2428 5011 2595 5052 vero:
2625 5017 2644 5049 ι
2679 4996 2789 5053 Cur
2828 4997 2967 5053 hanc
3012 5000 3367 5063 quaestionem
3414 5002 3728 5063 christiana:

2131 5091 2377 5161 religioni
2404 5091 2676 5163 ingerunt,
2710 5092 2763 5148 in
2786 5108 2945 5163 quam
2968 5094 3125 5149 nobis
3141 5095 3243 5167 ipsi
3265 5111 3365 5167 pro
3380 5096 3485 5153 diis
3500 5099 3616 5155 suis
3634 5109 3727 5155 aut

2130 5184 2456 5255 respondere
2475 5201 2582 5241 non
2607 5196 2850 5257 possunt,
2869 5187 3020 5243 autsi
3041 5199 3287 5259 possunt,
3323 5189 3377 5246 in
3403 5204 3471 5247 eo
3491 5191 3612 5263 ipso
3624 5194 3727 5249 sibi

2129 5276 2291 5332 etiam
2321 5292 2418 5346 pro
2459 5278 2716 5348 religione
2761 5290 2939 5334 nostra
2970 5281 3339 5352 respondent?
3367 5304 3387 5335 ι
3422 5284 3679 5357 (August.
3706 5329 3722 5351 ,

2131 5370 2233 5426 loc.
2264 5367 2389 5441 cit.)
2421 5369 2600 5426 Fateri
2620 5371 2782 5442 igitur
2809 5372 3080 5428 debebant
3108 5372 3189 5429 fas
3216 5389 3324 5430 non
3368 5390 3489 5432 esse
3513 5376 3721 5435 homini

2130 5464 2356 5518 scrutari
2387 5464 2610 5519 consilia
2643 5464 2737 5520 Dei
2760 5508 2774 5531 ,
2807 5467 2897 5536 qui
2926 5478 3150 5523 noverat
3177 5470 3436 5539 temporis
3461 5487 3569 5540 quo
3616 5471 3716 5529 hu-

2130 5571 2291 5611 mano
2331 5558 2514 5626 generi
2551 5557 2839 5614 subVenire
2882 5558 3066 5615 debuit
3107 5564 3563 5631 opportunitatem
3595 5566 3727 5636 (Ar-

2128 5651 2286 5717 nob.,
2332 5650 2458 5705 ibid.
2483 5650 2525 5723 ).
2583 5651 2757 5708 Simili
2810 5668 3026 5725 quoque
3080 5669 3344 5726 responso
3390 5659 3724 5729 Augustinus

2128 5740 2254 5799 huic
2296 5743 2579 5815 quaestioni
2625 5742 2887 5801 satisfacit
2917 5763 2931 5802 :
2963 5764 2984 5798 ι
3014 5745 3148 5804 Cum
3186 5761 3294 5804 non
3325 5745 3547 5805 fortuito
3568 5750 3676 5808 labi
3701 5791 3726 5824 ,
