3990 6072
148 282 153 289 .
208 228 316 285 ΠΕ

207 439 331 510 quid
358 442 554 514 cuique
580 443 807 516 tempori
847 460 1030 520 aptum
1058 459 1114 505 et
1138 462 1497 522 opportunum
1543 456 1646 520 sit,
1695 456 1795 510 hu—

208 548 429 589 tnanum
474 537 756 594 consilium
806 542 1257 620 praetergreditur,
1310 555 1365 601 et
1407 545 1555 601 illinc
1584 548 1793 620 disper-

208 626 378 688 titur,
435 626 574 684 unde
638 630 755 700 ipsa
820 618 1154 699 providentia
1228 635 1389 693 rebus
1452 618 1703 696 consulit.
1768 659 1787 692 ι

208 718 466 792 (August.
494 761 510 787 ,
560 721 687 777 ibid.
719 743 771 795 p.
817 724 989 798 277.)
1021 728 1134 784 llue
1182 731 1344 785 etiam
1386 733 1608 789 accedat
1659 737 1788 789 Am-

207 812 550 884 brosius,qui
578 817 631 872 in
654 819 884 889 quodam
906 837 1159 901 sermone
1184 825 1237 879 in
1269 824 1385 882 haec
1404 827 1595 888 psalmi
1619 830 1792 884 centi-

205 905 329 961 simi
350 907 543 963 decimi
566 911 737 965 octavi
757 912 919 968 verba
950 913 1210 986 :Tempus
1230 918 1455 987 faciendi
1477 962 1492 986 ,
1547 921 1792 990 Domine,

205 999 456 1056 similiter
475 1001 687 1059 dixerat
714 1021 728 1057 :
765 1025 784 1057 ι
818 1005 933 1063 Non
959 1008 1182 1079 jubendi
1205 1052 1221 1079 ,
1242 1013 1335 1069 sed
1363 1014 1630 1082 faciendi,
1665 1018 1793 1088 quia

206 1106 315 1148 non
346 1093 569 1165 legatus,
604 1111 778 1168 neque
806 1102 1047 1169 nuntius,
1080 1104 1173 1159 sed
1207 1104 1463 1161 Dominus
1490 1106 1797 1165 salvaturns

204 1194 324 1239 erat
353 1186 607 1255 populum
636 1205 817 1245 suum.
845 1191 913 1246 Et
940 1192 1029 1249 ille
1045 1195 1263 1264 quidem
1293 1205 1504 1267 tempus
1549 1199 1792 1267 sciebat,

204 1284 260 1331 et
287 1292 395 1332 non
417 1278 729 1346 differebat,
760 1282 858 1340 sed
890 1300 991 1341 nos
1035 1288 1406 1344 nesciebamus
1442 1294 1554 1361 quo
1601 1292 1796 1347 melius

205 1377 451 1439 tempore
498 1373 831 1430 subveniret.
892 1396 912 1429 ι
960 1380 977 1449 (
1024 1378 1304 1450 Ambros.,
1363 1398 1516 1437 serm.
1565 1384 1667 1450 16,
1742 1385 1795 1440 in

206 1463 342 1531 psal.
390 1478 578 1526 cxvnt.
624 1467 659 1536 Ῡ
708 1466 833 1538 126,
877 1471 1211 1545 pag.il8l.)

279 1552 459 1627 Pergit
499 1557 801 1626 Arnobius,
851 1570 908 1617 et
950 1562 1113 1619 aliam
1156 1580 1255 1621 cur
1279 1564 1527 1623 Christus
1557 1578 1711 1625 antea
1740 1569 1796 1624 in

204 1649 463 1707 mundum
485 1668 593 1708 non
616 1656 851 1723 venerit,
876 1657 1081 1728 profert
1100 1660 1364 1717 rationem
1384 1661 1467 1717 his
1486 1677 1795 1733 expressam

202 1745 410 1801 verbis.
442 1764 461 1798 ι
488 1746 671 1803 Potest
693 1750 841 1817 fieri,
872 1761 929 1806 ut
970 1762 1079 1807 tum
1107 1752 1326 1810 demum
1360 1756 1602 1812 emiserit
1629 1756 1792 1812 Chri-
1824 1774 1872 1834 Β

202 1847 346 1893 stum
378 1839 634 1895 Dominus
655 1842 998 1913 omnipotens
1017 1888 1032 1912 ,
1064 1856 1343 1917 postquam
1365 1864 1497 1919 gens
1518 1849 1793 1907 hominum

203 1929 454 1997 fractior,
499 1943 555 1988 et
601 1933 867 1991 infirmior
913 1939 1078 2009 coepit
1127 1955 1249 1996 esse
1298 1952 1481 1998 nostra
1529 1953 1733 1999 natura.
1769 1964 1789 1997 ι

204 2024 430 2094 (Arnob.
450 2066 464 2089 ,
490 2024 579 2081 lib.
612 2042 669 2093 ιι,
703 2044 822 2097 pag.
852 2029 975 2098 97.)
1017 2031 1258 2103 Arnobio
1312 2043 1500 2090 nostro
1531 2034 1793 2106 suffraga-

203 2127 293 2172 tur
325 2118 503 2174 adhuc
531 2118 875 2187 Ambrosius,
907 2123 994 2192 qui
1027 2122 1119 2178 ubi
1167 2122 1237 2179 de
1286 2125 1662 2183 benedictione
1699 2143 1799 2200 pa-

203 2208 458 2266 triarchae
507 2209 707 2282 Joseph
738 2228 1044 2269 sermonem
1078 2214 1242 2284 fecit,
1296 2217 1413 2273 haec
1461 2219 1592 2275 citat
1616 2219 1796 2277 Gene-

200 2316 335 2359 secs
354 2302 517 2358 verba
548 2322 562 2358 :
589 2304 807 2360 Amabat
833 2323 946 2361 eum
968 2304 1131 2363 Jacob
1152 2352 1166 2373 ,
1200 2311 1320 2379 quia
1351 2311 1492 2379 ﬁlius
1527 2315 1798 2370 senectutis

202 2407 321 2451 erat
350 2396 564 2463 illi;ac
612 2399 955 2458 continenter
999 2402 1225 2473 adjicit:
1263 2422 1282 2455 ι
1320 2404 1476 2473 Quod
1519 2409 1682 2464 etiam
1730 2408 1799 2465 ad

158 2480 161 2485 “
199 2488 480 2547 Christum
513 2491 767 2549 refertur.
793 2493 1109 2553 Senescenti
1135 2497 1279 2553 enim
1320 2498 1542 2567 mundo,
1593 2510 1648 2556 et
1686 2501 1798 2572 jam

200 2582 475 2639 occidenti
513 2585 837 2642 illucescens
883 2588 977 2644 Dei
1025 2588 1200 2658 filius,
1232 2606 1328 2661 per
1357 2591 1538 2648 Maria:
1563 2593 1800 2667 Virginis

199 2688 427 2750 partum
472 2693 629 2733 serus
673 2679 926 2749 advenit,
975 2683 1126 2753 quasi
1175 2684 1316 2739 filius
1342 2688 1670 2754 senectutis,
1706 2702 1797 2744 se-

199 2771 442 2827 cundum
470 2786 872 2830 sacramentum
896 2777 1135 2846 suscepit
1159 2792 1376 2849 corpus,
1405 2780 1495 2849 qui
1517 2789 1636 2835 erat
1673 2791 1801 2840 ante

200 2864 409 2920 sarcula
449 2880 666 2935 semper
704 2867 843 2938 apud
886 2868 1118 2926 Patrem.
1152 2891 1172 2924 ι
1241 2872 1541 2942 (Ambros.,
1599 2876 1689 2930 lib.
1739 2877 1803 2933 de

198 2956 473 3014 Benedict.
520 2956 818 3014 Patriarch.
840 3002 855 3026 ,
888 2977 1006 3033 cap.
1039 2963 1129 3031 11,
1168 2963 1196 3036 §
1239 2963 1329 3032 48,
1357 2983 1476 3037 pag.
1509 2967 1665 3039 527.)

269 3050 488 3123 Negare
507 3061 688 3108 autem
716 3052 934 3109 Ethnici
960 3071 1067 3111 non
1098 3067 1373 3127 poterant,
1405 3057 1481 3113 ait
1509 3059 1797 3128 Arnobius,

1478 246 1541 302 IN
1581 246 1951 322 ABNOBIUM,
1995 260 2148 319 CAP.
2192 265 2323 325 νιιι.

208 345 302 400 sed
330 345 512 403 divina
551 350 883 420 providentia
935 363 1174 429 tempora
1216 357 1451 415 ordinari
1500 362 1787 428 fateantur,
1820 371 1869 430 Λ
1896 378 1994 438 HO.

3379 287 3487 345 474

1996 400 2131 440 nero
2176 374 2393 461 fingitur
2435 405 2540 453 tam
2584 397 2810 455 validam
2861 399 3378 471 habuisse-vocem,
3429 415 3491 463 ut

1896 476 2277 553 quinquaginta
2292 485 2567 545 hominum
2586 491 2876 557 clamorem
2894 493 3205 567 adaequaret
3221 496 3486 572 (Homero.

1896 570 2082 638 Iliad.,
2114 575 2164 640 5,
2199 589 2318 632 ante
2343 580 2435 648 lin.
2459 579 2502 654 ).
2532 581 2701 650 Quam
2743 599 2874 643 sane
2920 588 2991 643 ob
3036 570 3250 646 causam
3292 590 3488 649 alicubi

1896 666 2174 727 Iuvenalis
2197 673 2391 741 cecinit
2420 692 2433 730 :

1991 833 2085 891 Tu,
2112 836 2278 898 miser,
2301 837 2565 899 exclamas,
2584 845 2639 890 ut
2657 840 2887 892 Stentora
2909 845 3111 895 vincere
3129 846 3302 910 possis.

2520 922 2739 987 (lavem,
2777 924 2916 978 satir.
2938 930 3015 987 15,
3041 940 3168 981 vers.
3193 930 3292 994 22.)

1900 1069 1966 1126 Et
2005 1070 2121 1126 haec
2147 1071 2361 1142 quidem
2391 1072 2589 1131 idcirco
2618 1084 2970 1142 annotamus,
3030 1087 3087 1132 ut
3130 1078 3198 1134 ab
3240 1079 3490 1137 omnibus

1901 1166 2232 1235 intelligatur
2275 1183 2381 1239 quo
2428 1168 2547 1239 jure
2587 1170 2858 1227 Arnobius
2900 1170 3094 1227 dixerit
3144 1172 3487 1243 imminutas,

1900 1261 2190 1318 fatentibus
2219 1263 2492 1329 Ethnieis,
2525 1265 2801 1320 hominum
2832 1266 2973 1322 vires
2992 1308 3009 1333 ,
3039 1281 3102 1321 ac
3130 1264 3398 1324 Christum
3420 1282 3489 1324 eo

1898 1354 2124 1412 forsitan
2175 1367 2417 1427 tempore
2464 1356 2729 1414 hominem
2778 1358 3009 1425 factum,
3055 1374 3162 1431 quo
3207 1360 3419 1432 fractior
3441 1368 3489 1414 ot

1898 1452 2155 1521 inﬁrmior
2180 1451 2278 1507 fuit
2307 1450 2539 1508 humana
2587 1464 2772 1509 natura
2794 1496 2810 1522 ,
2841 1453 3116 1528 magisque
3143 1454 3263 1526 ejus
3292 1454 3489 1510 auxilio

1899 1545 2188 1617 indigebat.

1971 1639 2140 1695 Porro
2168 1648 2344 1694 autem
2377 1639 2536 1694 aliam
2587 1639 2677 1696 ille
2717 1640 2939 1710 insuper
2980 1640 3156 1697 reddit
3184 1640 3485 1709 rationem,

1899 1747 1997 1788 cur
2022 1731 2270 1787 Christus
2296 1746 2403 1787 non
2433 1733 2579 1804 prius
2621 1732 2892 1789 hominem
2920 1735 3184 1802 induerit;
3235 1733 3361 1805 quia
3403 1734 3486 1790 ni-

1898 1828 2091 1884 mirum
2123 1827 2211 1882 ille
2236 1842 2302 1882 eo
2333 1828 2448 1897 ipso
2482 1840 2724 1898 tempore
2766 1827 2906 1884 hunc
2935 1828 2986 1883 iu
3014 1827 3272 1884 mundum
3299 1826 3487 1894 venit,

1898 1921 2041 1994 quod
2065 1922 2417 1978 constitutum
2449 1923 2622 1979 fuerat
2666 1922 3090 1978 incommutabili
3113 1921 3331 1977 decreto
3355 1920 3487 1986 Dei,

1899 2018 2018 2081 cui,
2051 2025 2235 2089 utpote
2272 2026 2508 2084 aeterno,
2562 2015 2693 2073 nihil
2748 2025 3128 2088 praematurum
3156 2026 3249 2070 aut
3277 2014 3490 2071 tardum

1899 2113 2004 2169 dici
2052 2122 2250 2185 potest.
2304 2112 2517 2170 Nullum
2564 2114 2761 2184 quippe
2825 2123 3039 2182 tempus
3087 2109 3250 2166 habet
3294 2109 3486 2177 series,

1900 2210 2059 2266 sicuti
2080 2209 2318 2280 loquitur
2336 2207 2576 2282 (Arnob.,
2604 2208 2689 2263 lib.
2717 2223 2774 2275 ιι,
2798 2224 2916 2280 pag.
2942 2206 3057 2277 97),
3103 2214 3152 2260 et
3176 2203 3490 2258 continuatio

1901 2302 2233 2357 immoderata
2253 2342 2268 2368 ,
2288 2299 2349 2356 id
2377 2310 2461 2356 est
2481 2343 2495 2368 ,
2528 2301 2645 2355 sine
2666 2298 2828 2355 modo
2843 2343 2857 2367 ,
2882 2314 2946 2355 ac
2965 2300 3083 2356 sine
3108 2298 3264 2353 initio
3284 2307 3337 2353 et
3363 2295 3489 2365 fine,

1901 2395 2224 2450 saeculorum.

1975 2489 2125 2545 'l'nnc
2180 2489 2359 2560 itaque
2409 2486 2657 2544 Christus
2710 2489 2761 2544 in
2817 2486 3071 2544 mundum
3123 2485 3321 2542 missus
3369 2491 3487 2551 est,

1902 2581 2118 2653 quando
2142 2582 2281 2637 Dens
2309 2598 2431 2637 eum
2477 2581 2751 2637 hominem
2794 2579 2910 2635 ﬁeri
2948 2579 3146 2635 debere
3186 2576 3486 2648 judicavit:

1909 2696 1928 2729 ι
1962 2675 2113 2732 Nihil
2156 2691 2417 2746 namque,
2454 2673 2652 2741 Deum,
2686 2694 2706 2729 ι
2764 2684 2821 2729 υι
2867 2674 2940 2728 ait
2991 2672 3167 2727 adhuc
3221 2668 3491 2726 Arnobius

1907 2769 2118 2844 (Ibid.),
2155 2789 2174 2822 ι
2209 2770 2433 2842 cogebat
2460 2768 2796 2826 necessarias
2825 2777 3126 2838 temporum
3157 2779 3263 2819 non
3290 2776 3495 2833 exspe-

1904 2874 2051 2921 ctare
2099 2882 2400 2922 mensuras.
2435 2885 2452 2918 ι
2480 2865 2667 2920 Nonne
2694 2878 2828 2919 vero
2850 2860 3039 2919 eadem
3086 2859 3184 2917 fuit
3212 2857 3495 2930 Augustini

1904 2961 2206 3029 sententia,
2263 2976 2421 3034 quam
2473 2961 2565 3016 ille
2607 2959 2694 3016 his
2740 2958 2995 3030 explicuit
3033 2955 3253 3012 verbis:
3293 2972 3311 3005 ι
3340 2952 3495 3022 Quod

1905 3053 2014 3109 dixi
2039 3063 2164 3112 tunc
2192 3055 2427 3110 voluisSe
2462 3052 2769 3108 hominibus
2808 3063 3068 3121 apparere
3091 3047 3398 3111 Christum,
3441 3053 3498 3100 et

200 3146 420 3201 variam
472 3161 568 3215 pro
610 3145 926 3203 diversitate
976 3157 1279 3219 temporum
1326 3149 1491 3206 fuisse
1522 3150 1800 3209 hominum
1828 3164 1874 3228 ρ
1907 3148 2046 3217 apud
2073 3162 2167 3202 eos
2194 3147 2473 3218 praedicari
2501 3146 2800 3201 doctrinam
2824 3157 2997 3207 suam,
3020 3138 3237 3212 quando
3266 3136 3489 3203 sciebat,

198 3238 598 3306 conditionem,
619 3237 890 3310 aliamque
914 3240 1210 3309 priscorum
1224 3283 1241 3308 ,
1266 3256 1423 3313 quam
1443 3245 1803 3301 recentiorum

198 3333 473 3405 ﬁguram,
522 3340 579 3387 et
620 3332 854 3403 majores
899 3332 1148 3398 illorum,
1195 3350 1355 3406 quam
1403 3337 1627 3392 istorum
1661 3338 1802 3394 vires

197 3430 218 3496 (
242 3425 472 3490 Arnob.,
497 3424 585 3481 lib.
610 3441 665 3491 ιι,
690 3442 811 3497 pag.
835 3424 952 3499 97).
998 3425 1279 3484 Traditum
1301 3429 1564 3500 siquidem
1586 3431 1802 3502 scriptis

195 3520 483 3577 habebant
508 3518 676 3575 fuisse
703 3519 832 3575 olim
871 3520 1143 3576 semideos
1164 3563 1179 3587 ,
1207 3531 1263 3578 et
1307 3521 1501 3578 heroas
1544 3523 1795 3593 immani,

195 3616 321 3672 sive
360 3614 614 3687 giganteo
659 3629 918 3685 corpore,
970 3625 1027 3673 et
1072 3617 1304 3674 infantes
1349 3628 1652 3676 stentoreos
1682 3620 1800 3677 edi-

195 3709 353 3766 disse
399 3709 641 3779 vagitus,
692 3724 990 3780 eorumque
1037 3725 1162 3766 ossa
1205 3720 1367 3767 tantae
1422 3712 1803 3785 magnitudinis

195 3806 373 3862 variis
403 3807 457 3860 in
490 3806 801 3876 regionibus
842 3816 992 3862 eruta
1016 3849 1031 3874 ,
1067 3816 1123 3862 ut
1152 3810 1381 3864 humana
1413 3826 1534 3865 esse
1565 3813 1650 3867 vix
1678 3828 1799 3867 cre-

194 3898 486 3955 derentur.
518 3898 590 3954 De
610 3898 691 3953 his
710 3899 924 3955 ossibus
946 3910 1141 3972 przeter
1162 3900 1489 3957 Herodotum
1506 3945 1521 3969 ,
1548 3904 1798 3973 Plinium,

195 4006 252 4052 et
280 3995 537 4052 Solinum
559 4037 574 4061 ,
608 3993 725 4050 haec
756 3996 823 4050 Α.
847 3994 1086 4063 Gellius,
1116 4013 1238 4068 qua:
1265 3998 1331 4052 ad
1356 3999 1603 4054 Auctoris
1632 4000 1798 4054 nostri

198 4087 545 4159 propositum
587 4086 822 4153 faciunt,
872 4089 1063 4143 litteris
1109 4091 1476 4161 consignavit:
1508 4111 1527 4144 ι
1558 4092 1799 4148 Herodo-

198 4194 315 4251 tus,
361 4182 531 4237 homo
568 4181 853 4251 fabulator,
881 4184 933 4237 in
958 4184 1129 4254 primo
1152 4185 1495 4241 historiarum
1526 4188 1799 4243 inventum

195 4293 320 4334 esse
348 4276 456 4331 sub
484 4284 625 4330 terra
654 4276 871 4344 scripsit
898 4275 1075 4333 Oresti
1117 4292 1315 4349 corpus
1353 4279 1530 4335 cubita
1568 4279 1801 4351 longitu-

196 4371 342 4425 dinis
368 4368 574 4424 habens
604 4380 810 4439 septem
831 4411 846 4435 ,
878 4385 998 4439 qua:
1017 4368 1223 4425 faciunt
1248 4371 1413 4440 pedes
1438 4370 1719 4428 duodecim
1747 4383 1800 4429 et

196 4462 595 4533 quadrantem,
630 4461 732 4515 nisi
778 4460 854 4522 si.
890 4468 948 4514 ut
994 4460 1260 4517 Homerus
1285 4463 1532 4534 Opinatus
1560 4473 1670 4533 est,
1705 4481 1799 4520 va-

1904 3254 1959 3302 et
2008 3244 2095 3301 ubi
2143 3245 2346 3300 sciebat
2391 3258 2543 3312 esse,
2576 3244 2666 3314 qui
2698 3242 2752 3297 in
2796 3255 2917 3297 eum
2962 3238 3174 3293 fuerant
3200 3233 3491 3300 credituri;

1904 3350 2081 3412 potest
2103 3341 2263 3396 etiam
2290 3343 2367 3396 sic
2396 3338 2500 3396 dici
2535 3350 2661 3394 tunc
2686 3337 2925 3392 voluisse
2953 3333 3202 3390 homines
3232 3343 3494 3403 apparere

1902 3435 2175 3493 Christum
2198 3479 2212 3502 ,
2246 3447 2300 3492 et
2331 3436 2472 3507 apud
2508 3449 2605 3491 eos
2634 3430 2915 3505 praedicari
2961 3428 3262 3485 doctrinam
3306 3438 3493 3491 suam,

1903 3533 2119 3604 quando
2141 3531 2382 3599 sciebat,
2410 3538 2467 3586 et
2494 3528 2583 3586 ubi
2612 3527 2815 3585 sciebat
2859 3540 3012 3593 esse,
3059 3523 3149 3595 qui
3182 3520 3338 3578 electi
3375 3519 3494 3573 fue-

1902 3637 2023 3681 rant
2052 3625 2104 3681 in
2128 3625 2247 3697 ipso
2275 3635 2403 3679 ante
2427 3621 2610 3678 mundi
2635 3618 3095 3677 constitutionem.
3126 3635 3145 3668 ι
3170 3612 3490 3689 (Augustin,

1896 3716 2076 3785 Epist.
2124 3717 2246 3783 102,
2300 3734 2420 3789 pag.
2460 3715 2587 3781 278,
2622 3726 2669 3769 et
2721 3714 2812 3768 lib.
2866 3712 2931 3766 de
2971 3708 3224 3764 Prtedest.
3283 3714 3490 3773 sanct.,

1901 3826 2016 3873 cap.
2045 3810 2100 3875 9,
2130 3828 2249 3881 pag.
2278 3807 2432 3881 805.)

1973 3902 2127 3972 Quod
2156 3913 2338 3958 autem
2365 3900 2432 3956 ad
2484 3900 2731 3955 homines
2778 3908 2906 3954 ante
2929 3896 3203 3953 Christum
3252 3903 3496 3950 mortuos

1903 4004 2145 4067 spectat,
2193 3993 2464 4049 Arnobius
2511 3992 2748 4048 breviter
2793 3988 3089 4060 respondet
3136 4005 3150 4041 :
3204 4007 3227 4039 ς
3272 3984 3409 4053 Quid
3446 3985 3493 4039 si

1907 4090 2105 4160 priscis
2134 4089 2293 4157 aliter
2322 4085 2638 4152 subveniri,
2670 4084 2828 4139 aliter
2870 4082 3057 4138 debuit
3102 4077 3494 4151 posterioribus

1902 4185 2133 4239 consuli.
2165 4203 2184 4235 ι
2213 4181 2231 4254 (
2254 4174 2449 4237 Arnob.
2475 4222 2488 4243 .
2522 4182 2622 4235 loc.
2647 4175 2774 4250 cit.)
2797 4178 2903 4235 Sed
2935 4175 3079 4247 quod
3106 4174 3196 4231 ille
3223 4173 3497 4243 explicare

1903 4287 1994 4334 aut
2044 4276 2248 4343 noluit,
2302 4285 2393 4330 aut
2442 4273 2676 4330 fortasse
2719 4273 2866 4328 omni
2915 4271 3205 4326 christiana
3248 4269 3493 4325 doctrina

1905 4371 2141 4428 nondum
2167 4371 2324 4443 plane
2344 4370 2668 4425 informatus
2686 4412 2702 4437 ,
2736 4383 2843 4424 non
2872 4368 3080 4438 potuit,
3113 4365 3217 4421 hoc
3242 4364 3496 4422 enuclea-

1902 4467 2009 4522 tius
2056 4475 2111 4521 et
2145 4465 2366 4521 uberius
2396 4481 2426 4520 a
2467 4465 2767 4536 theologis,
2826 4471 2988 4533 atque
3015 4460 3280 4533 imprimis
3310 4461 3495 4530 Augu-

198 4555 372 4609 stiora
403 4552 803 4623 prolixioraque
841 4552 1042 4608 fuerint
1082 4568 1309 4624 corpora
1343 4556 1617 4612 hominum
1656 4558 1799 4613 anti-
1826 4555 1881 4617 D
1906 4560 2048 4614 stino
2075 4558 2128 4614 in
2168 4559 2333 4614 citata
2359 4574 2390 4613 a
2422 4558 2577 4613 nobis
2612 4556 2842 4629 epistola
2885 4555 3228 4627 explanatur.
3258 4552 3334 4609 lbi
3363 4567 3495 4609 vero

198 4662 471 4719 quorum;
495 4654 550 4702 et
570 4661 713 4701 nunc
734 4647 883 4716 quasi
909 4647 1018 4716 jam
1042 4647 1241 4703 mundo
1262 4660 1604 4717 senescente,
1624 4668 1801 4707 rerum

195 4749 368 4812 atque
398 4738 675 4795 hominum
703 4740 1045 4797 decrementa
1075 4754 1220 4798 sunt.
1250 4762 1269 4795 ι
1297 4743 1586 4816 (Herodot.
1610 4788 1625 4813 ,
1654 4748 1741 4801 lib.
1760 4765 1800 4817 ι,

199 4833 229 4904 §
267 4832 365 4898 68,
401 4849 523 4904 pag.
551 4831 641 4900 27;
697 4831 841 4887 Plin.
866 4875 882 4899 ,
914 4833 1002 4888 lib.
1030 4850 1104 4889 vn
1145 4834 1284 4890 Hist.
1308 4845 1475 4892 natur.
1499 4880 1515 4903 ,
1560 4855 1677 4912 cap.
1711 4841 1799 4907 16,

196 4944 325 4999 pag.
344 4925 450 4993 35;
486 4926 819 4997 Solin.,cap.
845 4926 934 4992 10,
967 4929 1249 5000 pag.256;
1279 4931 1343 4987 Α.
1376 4929 1594 5001 Gellius,
1617 4934 1705 4989 lib.
1724 4952 1799 5001 ιιι,

197 5036 322 5090 cap.
368 5018 420 5082 1,
464 5036 583 5092 pag.
617 5018 701 5090 9.)
735 5019 1009 5091 Frequens
1051 5033 1229 5077 autem
1270 5033 1352 5079 est
1392 5039 1452 5079 ea
1489 5025 1703 5082 llomeri
1748 5030 1798 5083 in

199 5118 377 5174 Iliade
423 5119 774 5189 cauquestio,
805 5134 926 5189 qum
954 5135 983 5174 a
1014 5120 1186 5176 Plinio
1231 5132 1286 5178 et
1327 5122 1586 5179 iuvenale
1632 5126 1808 5184 adhuc

199 5220 429 5266 notatur
497 5209 723 5283 (Plin,
776 5212 886 5266 loco
944 5215 1141 5279 citato;
1191 5213 1377 5271 Iuven.
1418 5260 1432 5285 ,
1488 5218 1634 5274 satir.
1698 5220 1802 5289 15,

196 5319 339 5358 vers.
380 5300 497 5374 69.)

280 5395 344 5449 In
376 5394 745 5465 manuscripto
773 5404 951 5451 autem
984 5396 1172 5453 codice
1206 5401 1354 5471 regio
1386 5414 1483 5469 pro
1528 5412 1806 5459 stentoreos

193 5489 442 5559 vagitus,
489 5488 684 5559 legitur
723 5494 1070 5560 centenarias,
1118 5493 1213 5548 scd
1257 5495 1413 5549 solita
1461 5497 1600 5552 haud
1645 5496 1805 5555 dubie

198 5579 425 5638 incuria
456 5579 693 5646 librarii,
740 5584 830 5653 qui
857 5584 1075 5656 quidem
1106 5585 1235 5657 quid
1267 5589 1526 5645 stentorei
1556 5591 1763 5660 vagitus
1788 5633 1804 5660 ,

203 5687 269 5735 et
295 5673 410 5730 alia
437 5674 585 5745 plura
614 5676 1023 5749 significarent,
1053 5679 1267 5748 penitus
1289 5682 1605 5754 ignorabat.
1646 5685 1805 5741 Sten-

193 5769 351 5829 torei
396 5773 568 5828 autem
610 5772 818 5844 vagitus
864 5772 988 5831 ideo
1031 5773 1305 5842 dicuntur,
1333 5777 1459 5847 quia
1486 5776 1709 5836 Stentor
1738 5782 1806 5836 ah

1908 4650 2024 4706 haec
2069 4660 2270 4721 praeter
2315 4651 2421 4705 alia
2470 4650 2620 4720 plura
2669 4649 2886 4720 scripsit
2921 4667 2934 4703 :
2975 4667 2994 4700 ι
3030 4647 3113 4703 Ab
3143 4645 3366 4702 exordio
3394 4659 3494 4715 ge-

1907 4746 2058 4801 neris
2103 4743 2342 4811 humani,
2395 4744 2721 4814 quicumque
2758 4742 2815 4797 in
2854 4757 2976 4797 eum
3006 4739 3349 4815 (Christum),
3377 4753 3498 4794 cre-

1905 4844 2191 4910 diderunt,
2252 4858 2484 4914 eumque
2523 4853 2813 4914 utcumque
2861 4841 3277 4904 intellexerunt,
3310 4847 3365 4893 et
3403 4852 3495 4895 se-

1906 4939 2141 4994 cundum
2171 4937 2291 5008 ejus
2320 4945 2588 5007 praecepta
2627 4936 2715 5007 pie
2744 4944 2800 4991 et
2823 4933 2967 5005 jnste
2995 4935 3284 4996 vixerunt,
3328 4946 3498 5001 quan-

1910 5031 2117 5087 dolibet
2162 5040 2217 5087 et
2262 5030 2489 5087 ubilibet
2535 5029 2773 5097 fuerint,
2829 5043 2922 5099 per
2963 5041 3087 5082 eum
3142 5023 3498 5095 proculdubio

1909 5126 2042 5181 salvi
2095 5125 2219 5182 facti
2267 5134 2412 5181 sunt.
2442 5122 2597 5181 Sicut
2647 5123 2790 5179 enim
2821 5135 2921 5175 nos
2950 5119 3003 5174 in
3031 5133 3154 5175 eum
3187 5116 3457 5174 credimus
3479 5159 3495 5183 ,

1910 5231 1965 5275 et
1990 5218 2132 5289 apud
2162 5218 2379 5274 Patrem
2412 5226 2722 5272 manentem
2744 5257 2758 5278 ,
2789 5224 2843 5271 et
2867 5213 2955 5284 qui
2984 5211 3038 5267 in
3072 5226 3234 5267 carne
3261 5210 3371 5281 jam
3399 5224 3497 5264 ve-

1911 5317 2049 5370 nerit
2086 5334 2099 5370 :
2135 5314 2214 5368 sic
2257 5313 2553 5369 credebant
2599 5313 2650 5366 in
2699 5325 2820 5365 eum
2869 5309 3073 5379 antiqui
3114 5316 3169 5362 et
3212 5304 3353 5378 apud
3395 5303 3499 5359 Pa-

1910 5416 2048 5463 trem
2081 5418 2412 5473 manentem,
2434 5415 2488 5460 et
2521 5407 2573 5459 in
2597 5418 2757 5458 carne
2779 5412 3086 5457 venturum.
3122 5421 3140 5453 ι
3171 5398 3496 5473 (Augustin.,

1884 5500 2079 5570 .Epist.
2110 5498 2234 5563 102,
2271 5516 2390 5571 pag.
2420 5496 2578 5567 277.)
2601 5496 2748 5550 Alias
2778 5509 2941 5566 porro
2989 5493 3228 5548 rationes
3274 5492 3362 5560 qui
3406 5490 3501 5547 de-

1908 5595 2198 5663 siderabit,
2228 5594 2388 5649 adeat
2434 5591 2717 5662 theologos
2764 5590 2817 5645 in
2848 5589 2943 5646 lib.
2977 5605 3058 5644 ιιι.
3093 5586 3369 5671 Sentent.,
3419 5583 3503 5638 di-

1910 5693 2063 5748 tinct.
2098 5706 2137 5754 ι,
2167 5698 2332 5761 atque
2362 5687 2415 5741 in
2449 5685 2519 5742 D.
2548 5683 2815 5741 Thomam
2847 5682 2967 5756 l,2,
2988 5686 3188 5752 qmest.
3219 5678 3312 5741 98,
3339 5685 3445 5730 art.
3474 5677 3508 5731 6

1908 5795 1963 5844 et
1982 5787 2016 5842 3
2042 5791 2213 5856 part.,
2243 5788 2437 5854 quaest.
2467 5777 2524 5849 2,
2551 5786 2656 5834 art.
2685 5778 2721 5833 5
2748 5787 2804 5835 et
2832 5777 2902 5846 6;
2935 5770 3259 5842 Petavlum,
3280 5779 3419 5825 tom.
3437 5782 3521 5837 ιγ,
