3990 6072
446 180 555 236 475

1698 190 2147 263 ΒΙεδΕῐὶΤΑΤω
2185 192 2459 261 ΡΒΛΕἾΙΑ

3627 208 3741 267 476

447 290 719 391 'l'heolog.
756 293 992 369 dogmat.
1020 340 1032 365 ,
1066 316 1186 371 cap.
1220 304 1307 371 i7,
1343 317 1464 375 pag.
1494 304 1596 361 198
1642 313 1697 362 et
1741 322 1921 380 seqq.,
1977 319 2033 365 et
2057 317 2111 376 Α
2136 309 2220 365 his
2247 311 2391 371 aliud
2419 311 2773 384 adjiciamus,
2799 332 2963 389 quam
2991 333 3053 374 ea
3076 358 3094 385 ,
3137 336 3255 391 qum
3280 321 3350 378 ab
3376 324 3604 381 Oratore
3657 328 3744 383 la-

449 386 646 443 citatos
673 389 741 446 ab
766 390 848 446 eis
875 394 1127 469 antiquos
1145 395 1402 452 Ecclesiae
1431 397 1637 454 Patres.

1043 578 1324 638 CAPUT
1361 580 1465 638 IX.

984 719 1065 776 De
1106 721 1323 776 hominis
1350 720 1551 777 Anima.

902 894 1290 949 sericatus
1328 894 1592 945 animus.

452 1038 584 1101 quas
608 1039 853 1154 Arnohiqs
868 1040 1013 1093 falsas
1036 1048 1281 1098 veterum.
1306 1041 1371 1093 de
1395 1043 1620 1095 humanae
1648 1045 1822 1101 animai
1848 1052 2038 1102 natura,

513 1102 707 1154 orinine
735 1112 787 1153 et
828 1103 1171 1154 mmortalitate
1214 1105 1473 1154 oniniones
1492 1114 1773 1154 recenseat.
1799 1120 1855 1154 ac
1880 1115 2038 1154 utrum

513 1102 707 1171 origine
735 1112 787 1153 et
808 1102 1171 1171 immortalitate
1214 1105 1473 1171 opiniones
1492 1114 1773 1167 recenseat,
1799 1120 1855 1165 ac
1880 1115 2043 1159 utrum

516 1170 605 1215 eas
621 1171 762 1216 recte
779 1165 991 1218 refellat.

524 1312 718 1381 Mirum
746 1312 910 1377 dubio
952 1315 1137 1385 procul
1169 1316 1486 1388 quibusdam
1516 1317 1751 1384 videtur,
1798 1334 1901 1388 qua
1941 1318 2044 1381 Ar-

453 1406 649 1473 nobius
678 1408 889 1473 ratione
933 1418 1042 1473 tam
1082 1411 1289 1467 diserte
1333 1422 1615 1471 asseverat
1642 1414 1916 1471 Christum
1948 1415 2044 1471 do—

454 1500 665 1566 cuisse,
702 1520 721 1553 ι
758 1502 883 1572 quid
928 1501 1163 1559 hominis
1207 1506 1420 1571 anima;
1471 1506 1808 1562 advolaritne
1845 1507 1913 1575 ad
1945 1522 2044 1564 nos

454 1602 682 1675 sponte,
714 1610 785 1659 an
813 1610 935 1671 cum
968 1597 1100 1666 ipsis
1124 1608 1242 1657 sata
1293 1599 1399 1665 sit,
1457 1608 1511 1655 et
1557 1610 1841 1669 procreata
1870 1600 2042 1665 visce-

2149 404 2260 459 tiuo
2284 405 2497 477 scriptis
2524 409 2834 481 consignata
2857 452 2872 479 ,
2904 411 2973 466 ad
3004 413 3379 482 explicandam
3408 417 3744 475 conﬁrman-

2146 494 2377 568 damque
2425 499 2675 557 Auctoris
2726 503 2897 559 nostri
2947 505 3270 561 sententiam
3319 510 3489 580 magis
3536 513 3743 567 condn-

2145 596 2295 649 cunt.
2352 587 2410 645 lu
2470 592 2645 660 primo
2695 593 2874 664 itaque
2914 594 3338 653 Tusculanarum
3381 600 3741 669 quaestionum

2144 680 2285 747 libro
2336 681 2451 739 lucc
2506 684 2706 743 habet:
2742 705 2762 739 ι
2806 687 2944 744 Sunt
2996 690 3086 760 qui
3134 690 3436 746 discessum
3489 694 3651 749 animi
3710 711 3743 751 ιι

2145 790 2369 848 corpore
2413 788 2598 850 putent
2636 795 2758 839 esse
2793 791 3041 841 mortem.
3072 783 3208 839 Sunt
3254 785 3344 856 qui
3376 786 3581 842 nullum
3610 805 3746 846 cen-

2145 882 2300 931 seant
2353 872 2465 929 ﬁeri
2519 873 2854 938 discessum.
2902 876 2996 931 sed
3045 893 3149 932 una
3190 879 3430 934 animum
3461 889 3515 935 et
3540 896 3745 954 corpus

2144 963 2425 1033 occidere,
2474 967 2821 1037 animumque
2867 978 2990 1024 cum
3035 985 3264 1041 corpore
3313 972 3592 1045 extingui;
3647 976 3744 1046 qui

2143 1060 2423 1121 discedere
2452 1062 2688 1119 animum
2716 1073 2971 1131 censent,
3002 1065 3091 1120 alii
3122 1066 3301 1121 statim
3330 1066 3613 1137 dissipari,
3643 1069 3744 1125 alii

2146 1154 2237 1211 diu
2261 1170 2606 1223 permanere,
2639 1156 2728 1210 alii
2755 1171 2990 1225 semper.
3025 1178 3045 1211 ι
3073 1157 3297 1230 (Circa,
3324 1160 3414 1214 lib.
3442 1176 3460 1215 ι
3504 1160 3741 1229 Tuscul.,

2146 1250 2299 1320 pag.l
2316 1249 2400 1311 l8.
2433 1251 2527 1305 lin.
2552 1248 2635 1320 4.)
2655 1250 2790 1307 Tum
2814 1250 3010 1306 deinde
3029 1252 3271 1322 singulas
3295 1253 3744 1324 pltil050phorum

2144 1339 2214 1394 de
2237 1340 2401 1396 animi
2429 1350 2616 1397 natura
2641 1343 2925 1413 opiniones
2949 1345 3204 1414 explicat.
3230 1345 3585 1419 Posteaquam
3612 1364 3748 1405 vero

2146 1431 2421 1498 Platonis,
2456 1433 2695 1489 Socratis
2763 1445 2818 1491 el
2847 1434 3069 1501 Catonis
3112 1436 3181 1492 de
3226 1439 3422 1493 animm
3465 1441 3748 1497 immorta-

2145 1526 2297 1583 litate
2320 1529 2620 1585 sententias
2650 1530 2867 1597 retulit,
2897 1531 2981 1585 his
3007 1532 3083 1587 ait
3115 1534 3514 1591 contradixisse
3543 1537 3749 1608 Epicu-

2146 1633 2289 1686 reos,
2318 1630 2480 1691 atque
2505 1620 2771 1691 imprimis
2802 1622 3195 1688 Dicaearchum.
3220 1626 3308 1695 qui
3327 1626 3514 1682 docuit
3534 1629 3753 1685 animos

455 1686 640 1765 ribus;
695 1690 886 1749 mortis
940 1692 1210 1764 particeps
1257 1692 1446 1764 degat,
1498 1708 1563 1747 an
1613 1694 2039 1753 immortalitatis

2155 1727 2266 1769 esse
2308 1686 2602 1773 mortales;
2642 1734 2660 1773 ι
2697 1714 2863 1773 Stoici
2893 1727 3104 1782 autem,
3143 1738 3164 1773 ι
3201 1722 3374 1791 pergit
3403 1721 3493 1777 ille
3519 1723 3539 1795 (
3564 1721 3704 1778 Ibid.
3729 1767 3747 1793 ,

456 1783 819 1853 perpctuilate
867 1784 1065 1849 donata
1097 1787 1187 1842 sit.
1228 1806 1247 1840 ι
1286 1786 1502 1861 (Arnob.
1523 1829 1537 1851 .
1576 1789 1666 1843 lib.
1699 1804 1735 1852 ι,
1766 1806 1887 1860 pag.
1917 1787 2037 1858 εει.)

455 1871 573 1937 Non
603 1874 746 1939 enim
774 1891 937 1943 ausus
964 1880 1034 1943 sit
1058 1893 1163 1937 tam
1197 1892 1574 1943 asseveranter
1621 1879 1894 1937 affirmare
1928 1882 2045 1945 lucc

420 1957 730 2033 'Christum
779 1968 1070 2041 docuisse;
1120 1972 1222 2035 nisi
1268 1989 1333 2031 ea
1379 1990 1499 2047 quae
1544 1976 1611 2031 ab
1639 1976 1728 2035 illo
1754 1975 1822 2037 de
1848 1976 2045 2039 animze

455 2060 694 2131 origine,
727 2072 915 2121 natura
959 2074 1013 2121 et
1065 2066 1470 2131 immortalitate
1496 2068 1653 2137 nobis
1677 2068 1869 2129 tradita
1895 2076 2041 2135 sunt,

455 2152 758 2225 lexeritaut
785 2158 1017 2219 noverit.
1046 2162 1117 2223 At
1145 2160 1293 2229 haec,
1341 2161 1618 2234 inquietat,
1652 2161 1698 2217 si
1744 2160 1903 2233 legit,
1954 2170 2046 2215 aut

455 2250 634 2319 novit.
665 2265 762 2311 cur
785 2251 852 2315 ad
878 2254 1061 2317 varios
1090 2255 1158 2310 de
1183 2255 1373 2315 eadem
1404 2258 1584 2321 atiima
1625 2271 1874 2321 errorum
1921 2269 2043 2321 sco-

456 2344 612 2413 pulos
644 2344 937 2403 oll'endisse
985 2350 1265 2420 arguitur?
1291 2348 1398 2406 Sed
1430 2358 1607 2404 utrum
1658 2349 1750 2403 ille
1786 2348 1910 2420 jure
1960 2347 2043 2403 vel

455 2436 654 2505 iniuria
683 2439 1027 2511 corripiatur.
1058 2442 1372 2514 priusquam
1400 2440 1774 2511 excutiamus,
1801 2442 1954 2509 juvat
1978 2454 2045 2494 ex

456 2528 783 2605 Hieronymo
804 2534 1112 2605 observare,
1138 2553 1258 2611 qua:
1278 2536 1407 2605 olim
1432 2535 1635 2599 fuerint
1652 2535 1720 2591 de
1739 2535 2044 2597 animarum

456 2623 665 2699 origine
697 2629 983 2697 sententiae
1011 2638 1064 2683 et
1105 2644 1344 2687 errores.
1375 2628 1456 2699 Ab
1502 2628 1592 2697 illo
1622 2637 1802 2695 autem
1848 2628 1901 2695 in
1947 2641 2043 2682 sua

457 2715 523 2773 ad
564 2719 918 2789 Augustinum
982 2722 1211 2790 epistola
1268 2722 1352 2783 bis
1409 2722 1592 2781 verbis
1636 2731 1987 2785 recensentur
2028 2738 2044 2781 ε

464 2827 483 2861 ί
519 2809 697 2882 Super
724 2812 921 2877 animte
946 2824 1089 2869 statu
1130 2817 1352 2881 memini
1380 2826 1575 2885 vestra:
1605 2815 2008 2884 quaestiunculas
2028 2855 2043 2881 ,

458 2900 627 2961 immo
687 2906 939 2965 maxima:
1006 2909 1389 2977 ecclesiastica:
1460 2908 1796 2981 quaestionis.
1854 2906 2045 2971 Utrum

457 2998 607 3069 131333
637 2997 703 3065 de
734 3001 875 3065 ctelo
903 3001 1003 3068 sit,
1052 3013 1112 3061 ut
1159 3004 1486 3080 Pythagoras
1510 3002 1862 3075 philosophus
1881 3044 1895 3069 ,
1928 3017 2047 3061 om-

2149 1807 2446 1879 pag.127),
2507 1826 2527 1863 ι
2566 1824 2781 1867 usuram
2813 1812 2970 1867 nobis
2998 1813 3302 1883 largiuntur
3335 1827 3604 1889 tamquam
3647 1835 3749 1875 co-

2148 1900 2466 1963 turnicibtts.
2504 1901 2599 1957 Diu
2626 1917 2915 1960 mansuros
2937 1904 3091 1960 aiunt
3110 1906 3320 1961 animos
3339 1950 3353 1971 ,
3383 1922 3618 1979 semper,
3657 1926 3751 1967 ne~

2144 2003 2291 2063 gant.
2328 2012 2346 2046 ι
2368 1993 2501 2063 Quis
2521 2011 2650 2052 vero
2679 2012 2784 2052 non
2806 1996 3186 2055 videteasdem
3209 2000 3537 2072 aCicerone,
3563 2015 3614 2060 et
3632 2006 3747 2076 jam

2144 2090 2308 2143 citato
2322 2088 2667 2161 Hieronymo,
2687 2100 2846 2162 atque
2863 2092 2930 2148 ab
2948 2094 3186 2150 Arnohio
3206 2105 3412 2160 nostro.
3436 2098 3489 2154 in
3509 2100 3746 2156 medium

2145 2182 2377 2252 proferri
2409 2184 2853 2254 philosophorum
2877 2185 2942 2239 de
2970 2187 3147 2241 anima
3174 2189 3481 2258 opiniones,
3500 2201 3660 2263 atque
3677 2194 3748 2249 ab

2148 2276 2253 2339 illis
2270 2276 2491 2332 indicari
2507 2278 2598 2348 qui
2616 2293 2802 2337 eorum
2822 2289 3073 2335 auctores
3086 2279 3509 2355 defensoresque
3524 2286 3744 2341 fuerint.

2217 2368 2516 2426 Absurdam
2560 2386 2687 2427 vero
2729 2371 2942 2442 Epicuri
2989 2383 3424 2448 sectatorumque
3462 2379 3580 2450 ejus
3616 2381 3735 2450 Opi-

2148 2465 2420 2529 nationem
2460 2464 2542 2520 his
2569 2465 2837 2521 Arnobius
2881 2476 3069 2522 noster
3103 2468 3299 2525 refellit
3333 2473 3599 2527 rationum
3627 2489 3746 2529 mo-

2148 2560 2392 2623 mentis:
2429 2576 2447 2611 ι
2484 2558 2539 2614 Si
2585 2560 2777 2623 anima:
2826 2560 2958 2615 lethi
3006 2562 3203 2617 adeant
3250 2564 3475 2635 januas,
3531 2567 3747 2638 Epicuri

2147 2661 2206 2707 nt
2234 2654 2498 2709 sententia
2526 2653 2803 2719 delinitur,
2838 2671 2940 2711 nec
2965 2658 3044 2712 sic
3072 2673 3235 2714 causa
3279 2669 3363 2716 est
3392 2674 3744 2732 competens,

2148 2761 2247 2803 cur
2275 2747 2454 2817 expeti
2510 2746 2851 2819 philosophia
2901 2749 3127 2819 debeat;
3180 2753 3391 2809 etiamsi
3436 2771 3623 2812 verum
3664 2769 3750 2814 est

2149 2841 2366 2910 purgari
2409 2840 2508 2897 hac
2546 2841 2789 2909 animas,
2823 2852 2986 2914 atque
3025 2844 3093 2899 ab
3136 2846 3282 2902 omni
3331 2863 3497 2919 puras
3541 2852 3748 2907 vitiosi-

2148 2939 2259 2986 tate
2295 2931 2562 3001 praetori.
2616 2932 2748 2989 Nam
2793 2935 2837 2988 si
2891 2937 3252 2992 communiter
3305 2941 3542 3007 obeunt,
3584 2952 3640 2997 et
3692 2944 3744 2999 in

2149 3023 2280 3093 ipsis
2304 3024 2624 3094 corporibus
2672 3040 2864 3081 sensus
2908 3026 2988 3081 eis
3033 3028 3275 3097 deperit,
3305 3034 3746 3104 extinguiturque

458 3106 663 3167 nosque
692 3093 955 3163 Platonici
987 3107 1041 3159 ct
1068 3097 1321 3170 Origines
1375 3108 1603 3173 putant;
1641 3114 1708 3165 an
1755 3113 1784 3157 a
1827 3097 2042 3173 propria

2155 3114 2362 3180 vitulis,
2393 3132 2500 3171 non
2525 3126 2728 3173 tantum
2759 3125 2844 3173 est
2870 3121 3075 3173 erroris
3097 3122 3350 3187 maximi,
3388 3140 3577 3180 verum
3630 3137 3746 3182 sto-

458 3183 554 3240 Dei
579 3186 913 3257 substantia.
959 3200 1018 3255 ul
1063 3190 1259 3267 Stoici,
1312 3191 1676 3261 Manicbreus,
1721 3199 1777 3251 et
1810 3190 2044 3267 Hispana

457 3279 779 3341 Priscilliani
809 3284 1029 3351 hmresis
1057 3288 1436 3356 suspiwntur;
1466 3304 1531 3349 an
1565 3287 1615 3340 in
1648 3286 1903 3349 thesauro
1949 3284 2047 3355 lia-

457 3373 687 3437 beanlur
712 3376 804 3437 Dei
835 3379 963 3437 olim
1006 3380 1276 3449 conditae,
1328 3389 1387 3443 ut
1429 3380 1645 3450 quidam
1695 3380 2047 3441 ecclesiastici

458 3467 620 3525 stulta
649 3472 997 3540 persuasione
1017 3471 1328 3539 conﬁdunt;
1357 3487 1423 3526 an
1443 3471 1681 3544 antidie
1702 3487 1730 3531 a
1759 3471 1869 3529 Deo
1894 3471 2046 3535 ftaut.

457 3570 514 3615 et
539 3562 818 3621 mittantur
863 3566 914 3617 in
963 3578 1224 3634 corpora,
1275 3564 1570 3625 secundum
1639 3564 1770 3629 illud
1810 3563 1951 3635 quod
1996 3563 2047 3616 in

460 3651 754 3726 Evangelia
810 3656 1071 3735 scriptum
1113 3668 1229 3722 est;
1278 3657 1434 3717 Pater
1498 3672 1650 3715 meus
1718 3654 2049 3728 usquemodo

460 3759 736 3817 operatur,
783 3759 836 3803 et
874 3764 974 3820 ego
1024 3765 1251 3820 Operor;
1298 3767 1367 3806 an
1412 3761 1560 3807 certe
1605 3766 1671 3806 ex
1704 3749 1957 3813 traduce,
1993 3758 2052 3804 ut

460 3839 850 3911 Tertullianus,
898 3844 1293 3915 Appolliuaris,
1338 3855 1393 3911 et
1440 3844 1675 3911 maxima
1721 3858 1844 3915 pars
1891 3841 2044 3901 Occi-

458 3934 751 3999 dentalium
772 3946 1086 4006 autumant;
1121 3948 1176 3996 ut
1202 3931 1472 4010 quomodo
1493 3953 1689 4007 corpus
1711 3951 1776 3995 ex
1799 3949 2048 4006 corpore,

460 4029 538 4086 sic
561 4030 738 4087 anima
770 4042 1026 4089 nascatur
1051 4048 1118 4095 ex
1159 4034 1336 4091 anima
1359 4074 1372 4096 ,
1421 4041 1476 4089 et
1504 4031 1666 4101 simili
1712 4045 1834 4089 cum
1882 4029 2051 4099 brutis

458 4122 825 4180 animantibus
900 4125 1212 4189 conditione
1272 4124 1564 4181 subsistat?
1612 4143 1631 4176 ι
1683 4122 2023 4201 (Hieronym

470 4216 636 4288 Epist.
649 4217 774 4285 165,
792 4237 848 4289 p.
862 4216 1086 4289 582.)Et
1104 4218 1218 4274 lucc
1235 4219 1446 4290 quidem
1471 4220 1592 4285 ideo
1610 4216 1911 4282 retulimus,
1926 4214 2049 4285 quia

461 4327 571 4367 non
614 4311 857 4369 inutilem
891 4312 997 4389 bis,
1033 4330 1151 4383 quae
1205 4312 1429 4375 dicenda
1475 4321 1619 4379 sunt,
1661 4309 1830 4375 facem
1860 4309 2050 4395 praefe-

460 4412 603 4460 rent.

2149 3196 2271 3271 lida:
2297 3211 2555 3266 mecitatis
2585 3210 2811 3279 frtenarc
2842 3212 3111 3283 ingenitos
3130 3219 3432 3286 appetitus,
3489 3219 3746 3279 cohibere

2152 3302 2206 3363 in
2261 3303 2528 3374 anguStiis
2554 3305 2754 3371 vitam,
2815 3305 2950 3359 nihil
3006 3307 3288 3377 indulgere
3339 3320 3577 3376 natum,
3638 3329 3744 3369 non

2151 3394 2295 3465 quod
2324 3395 2603 3466 cupidines
2628 3396 2892 3467 iusserint
2915 3407 3077 3469 atque
3104 3401 3477 3471 instigaveriut
3531 3405 3742 3471 facere;

2151 3501 2273 3553 cum
2306 3488 2448 3547 nulla
2471 3497 2524 3543 te
2541 3490 2760 3559 praemia
2780 3492 2912 3545 tanti
2926 3492 3126 3548 laboris
3139 3505 3449 3564 expectent,
3483 3513 3605 3553 cum
3632 3500 3746 3556 dies

2151 3583 2344 3645 mortis
2364 3581 2665 3641 advenerit.
2689 3591 2745 3639 et
2769 3587 3142 3655 corporalibus
3167 3587 3333 3644 fueris
3347 3592 3574 3648 vinculis
3587 3608 3747 3647 exso-

2151 3674 2317 3737 lutus.
2348 3694 2367 3730 ι
2391 3676 2738 3748 (.-ίι·ηοὸ.,ιὶι.
2761 3694 2819 3743 ιι,
2841 3697 2893 3749 p.
2909 3678 2975 3734 6i
2999 3688 3055 3734 et
3075 3679 3384 3745 65.)Talem
3399 3700 3561 3752 porro
3578 3685 3747 3742 fuisse

2153 3767 2372 3838 Epicuri
2400 3769 2468 3823 de
2488 3770 2662 3823 anima
2688 3772 2897 3827 mortali
2926 3774 3279 3829 assertionem
3303 3775 3467 3845 liquet
3488 3793 3553 3832 ex
3576 3777 3746 3833 Laer-

2154 3861 2464 3936 tio(Laort..
2492 3863 2581 3919 lib.
2599 3880 2650 3930 ι,
2671 3864 2735 3919 de
2761 3863 2872 3920 Vita
2883 3874 2929 3919 et
2947 3866 3119 3938 dogm.
3136 3866 3418 3942 Epicuri,§
3441 3870 3512 3927 65
3540 3881 3586 3926 ιι
3611 3859 3759 3945 καθ’

2154 3966 2210 4012 et
2236 3957 2519 4025 Lucretio,
2578 3958 2731 4029 cujus
2775 3958 3047 4016 Arnobius
3100 3961 3340 4019 imitatus
3378 3973 3466 4021 est
3491 3965 3745 4037 loquendi

2153 4050 2373 4111 modum
2404 4050 2509 4109 hoc
2535 4050 2588 4106 in
2618 4052 2859 4109 carmine
2881 4050 3177 4109 adhibitum
3216 4074 3230 4109 :

2247 4187 2388 4239 Haud
2413 4189 2565 4254 igitur
2586 4189 2713 4240 lethi
2737 4190 2973 4254 praeclusa
3000 4198 3078 4242 est
3093 4192 3242 4255 janua
3261 4195 3434 4246 menti.

2826 4275 3060 4339 (Lucret.
3080 4275 3163 4328 lib.
3192 4293 3258 4339 ιιι,
3275 4291 3400 4331 vers.
3426 4279 3560 4346 829.)

2226 4404 2397 4475 Quam
2425 4405 2597 4461 valida
2632 4415 2811 4465 autem
2852 4407 3320 4478 argumentatione
3357 4409 3630 4477 Arnobius
3654 4428 3747 4469 re-

532 4496 727 4560 Narrat
768 4506 947 4554 autem
977 4498 1246 4559 Arnobius
1276 4500 1543 4572 triplicem
1592 4500 1719 4561 olim
1768 4499 1933 4561 fuisse
1960 4514 2047 4554 ve-
2078 4505 2135 4581 D
2158 4497 2310 4554 fellat
2367 4500 2510 4567 hunc
2539 4501 2763 4570 impium
2791 4514 3034 4565 errorem
3057 4542 3074 4567 ,
3104 4517 3265 4557 nemo
3297 4503 3434 4559 adeo
3458 4519 3636 4563 emotis
3662 4515 3751 4565 est

463 4600 639 4649 terum
668 4591 1115 4673 philosophorum
1140 4592 1207 4649 de
1230 4596 1531 4655 animarum
1579 4592 1893 4653 conditione
1940 4592 2055 4671 opi-

463 4684 680 4741 nionem
712 4703 725 4740 :
766 4703 783 4735 ι
818 4684 915 4745 llic
943 4687 1120 4753 enim,
1158 4704 1179 4737 ι
1213 4685 1375 4741 verba
1426 4686 1570 4749 illius
1625 4696 1747 4741 sunt
1793 4684 2014 4765 (Arnob.
2037 4727 2052 4751 ,

464 4778 554 4835 lib.
584 4795 643 4855 tt,
676 4796 794 4850 pag.
829 4777 969 4852 82.),
995 4798 1013 4831 ι
1040 4790 1190 4834 retur
1218 4793 1271 4834 et
1298 4795 1418 4834 esse
1445 4790 1756 4859 perpetuas,
1784 4791 1837 4835 et
1864 4794 2058 4855 super-

464 4886 590 4928 esse
605 4871 913 4927 mortalium
945 4870 1208 4927 functioni
1245 4890 1258 4926 :
1288 4887 1576 4943 superesse
1604 4874 1692 4929 ille
1721 4889 1827 4929 non
1856 4871 2052 4938 credit,

465 4962 561 5018 sed
600 4980 721 5019 cum
750 4965 882 5034 ipsis
904 4964 1226 5035 corporibus
1248 4964 1490 5022 interire.
1523 4967 1757 5024 Alterius
1786 4982 1915 5022 vero
1930 4980 2057 5021 sen-

468 5058 630 5113 tentia
651 5061 879 5116 estnihil
894 5078 985 5117 eas
1000 5064 1259 5118 continuo
1280 5063 1509 5135 perpeti,
1525 5064 1619 5121 sed
1647 5073 1765 5134 post
1784 5061 2057 5123 hominem

471 5144 705 5222 positum
730 5155 930 5227 aliquid
954 5159 1034 5217 eis
1064 5158 1130 5214 ad
1161 5160 1320 5215 vitam
1339 5158 1842 5226 dari,;mortalitatis
1864 5156 2060 5223 deinde

470 5246 525 5302 in
558 5247 683 5319 jura
724 5249 1037 5307 succedere.
1075 5272 1093 5305 ι
1126 5254 1172 5308 Α
1198 5253 1352 5309 nobis
1398 5266 1527 5311 vero
1566 5251 1690 5309 alibi
1745 5259 2057 5311 annotatum

470 5342 649 5395 varias
677 5341 745 5396 de
769 5344 947 5397 anima
970 5346 1283 5402 earumdem
1313 5345 1755 5421 philosoliborum
1779 5344 2063 5415 opiniones

470 5447 502 5488 a
529 5434 791 5493 Cicerone
812 5477 826 5505 ,
856 5434 1071 5490 Justiuo
1100 5451 1337 5513 martyre
1355 5482 1368 5505 ,
1397 5438 1749 5501 Tertulliano,
1775 5436 2065 5495 Ambrosio

472 5540 528 5582 et
547 5527 850 5601 Augustino
873 5528 1153 5584 enodatius
1171 5533 1365 5603 exponi
1383 5534 1531 5606 (tom.
1552 5548 1569 5587 ι
1590 5533 1865 5602 Apparat.,
1890 5530 1982 5586 lib.
2002 5547 2059 5599 ιι,

475 5622 677 5679 dissert.
713 5624 766 5689 2,
800 5640 916 5693 cap.
950 5621 1003 5690 7,
1031 5621 1059 5694 §
1088 5622 1179 5688 29,
1213 5641 1331 5697 pag.
1358 5626 1498 5691 436;
1539 5623 1737 5679 Justin.
1759 5664 1775 5689 ,
1831 5624 2026 5678 cohort.
2047 5664 2064 5691 ,

2157 4591 2251 4663 qui
2278 4607 2383 4655 non
2416 4592 2617 4659 videat.
2665 4594 2730 4651 Et
2759 4604 2908 4653 certe
2936 4594 3058 4664 quis
3095 4595 3269 4651 nescit
3292 4611 3413 4659 eam
3457 4600 3589 4665 tanti
3628 4614 3747 4657 esse

2159 4687 2416 4743 momenti
2445 4702 2506 4741 ac
2536 4686 2821 4757 ponderis,
2852 4693 2912 4741 nt
2938 4686 3006 4739 ab
3035 4687 3265 4756 ipsemet
3297 4689 3466 4747 Paulo
3491 4694 3748 4761 Apostolo

2162 4791 2272 4849 tota
2303 4781 2385 4837 bis
2412 4780 2752 4851 paucioribus
2772 4780 2953 4837 verbis
2978 4782 3477 4853 comprehendatur
3506 4805 3519 4842 ς
3560 4803 3578 4837 ι
3611 4783 3747 4853 Quid

2161 4873 2292 4929 mihi
2323 4873 2576 4946 prodest.
2623 4872 2671 4927 si
2712 4872 2908 4927 mortui
2950 4888 3056 4927 non
3089 4876 3421 4945 resurgunt?
3453 4877 3748 4934 manduce-

2164 4984 2306 5034 mus,
2337 4977 2391 5024 et
2420 4967 2703 5028 bibamus;
2732 4980 2857 5029 cras
2881 4966 3025 5022 enim
3068 4968 3385 5024 moriemur.
3426 4989 3445 5023 ι
3486 4971 3506 5041 (
3534 4969 3702 5041 Epist.
3733 4987 3749 5029 ι

2164 5064 2231 5127 ad
2260 5061 2490 5119 Corinth.
2512 5101 2527 5127 ,
2561 5076 2652 5115 xv.
2682 5060 2771 5114 52.
2805 5058 2823 5130 )

2236 5156 2386 5213 Alius
2417 5154 2485 5211 de
2510 5154 2688 5209 anima
2718 5168 2892 5220 error,
2918 5153 2993 5209 uti
3019 5152 3129 5223 jam
3155 5169 3223 5210 ex
3253 5152 3585 5227 Hieronymo
3616 5155 3749 5215 vidi-

2163 5263 2286 5303 mus
2310 5290 2324 5314 ,
2371 5255 2490 5301 erat
2525 5260 2616 5301 eas
2643 5260 2765 5301 esse
2800 5260 2863 5299 ex
2894 5244 3109 5315 propria
3147 5244 3241 5300 Dei
3281 5246 3580 5303 substantia
3605 5287 3621 5315 ,
3666 5248 3750 5311 vel

2167 5340 2263 5396 Dei
2295 5349 2532 5410 partem,
2567 5345 2625 5393 ut
2650 5337 2788 5395 bene
2818 5338 3147 5408 AuguSIinus
3173 5340 3463 5405 admonet,
3496 5342 3579 5395 vel
3608 5341 3747 5397 divi-

2168 5450 2282 5499 nas,
2312 5434 2395 5489 vel
2428 5433 2588 5489 etiam
2627 5432 2817 5497 Deum,
2848 5431 3007 5487 sicuti
3038 5447 3099 5491 ex
3133 5431 3217 5487 his
3247 5431 3409 5489 Tullii
3432 5434 3612 5490 verbis
3642 5435 3752 5491 dis-

2166 5529 2338 5587 cimus
2366 5544 2379 5579 :
2414 5545 2433 5579 ι
2471 5527 2698 5583 Animus
2717 5527 2807 5595 qui
2830 5568 2844 5589 ,
2871 5533 2928 5579 ut
2957 5540 3057 5597 ego
3082 5526 3204 5581 dico
3229 5570 3244 5593 ,
3276 5526 3527 5591 divinus;
3560 5539 3623 5584 ut
3648 5529 3752 5585 Eu-

2168 5621 2367 5692 ripides
2392 5619 2551 5677 audet
2578 5618 2793 5686 dicere,
2838 5618 2977 5679 Deus
3003 5628 3106 5677 est.
3141 5638 3161 5671 ι
3190 5618 3505 5693 (Augustin.
3535 5661 3552 5686 ,
3582 5621 3749 5692 Epist.

480 5733 601 5801 pag.
628 5717 680 5786 8,
727 5728 774 5773 et
819 5718 910 5795 alii
959 5718 1058 5779 loc.
1110 5722 1194 5773 cit.
1228 5718 1538 5793 Apparat.).
1568 5719 1907 5795 Quapropter
1934 5718 2071 5774 nihil
2171 5714 2311 5787 166,
2359 5731 2478 5790 pag.
2532 5712 2671 5783 58L;
2702 5713 2866 5773 Cicer.
2888 5756 2904 5784 ,
2932 5713 3022 5769 lib.
3052 5729 3068 5770 ι
3114 5710 3329 5779 Tuscul.
3354 5752 3374 5785 ,
3400 5730 3524 5786 pag.
3572 5713 3695 5783 125.
3725 5712 3751 5785 )
