3990 6072
225 143 332 202 477

1432 150 1500 208 IN
1541 146 1921 227 Aemonio».
1960 154 2113 231 me.
2158 156 2250 227 ut.

3401 162 3510 233 με

228 261 443 321 Falsam
467 262 670 338 litaque
714 263 855 321 hanc
884 265 1193 337 opinionem
1232 266 1373 339 haud
1407 266 1572 335 dubie
1610 270 1819 337 notavit
1844 273 1898 345 Α
1921 284 2145 345 sentiam
2170 271 2224 339 id
2253 272 2347 343 ille
2369 271 2542 338 dixit;
2592 272 2687 343 sed
2712 272 2957 345 eamdem
2986 273 3360 349 prensantium
3391 275 3514 347 aliis

229 357 505 413 Arnobius
529 400 545 426 ,
575 357 663 413 ubi
687 367 848 441 negat
876 359 1075 419 animas
1100 358 1253 441 Regis
1280 361 1493 427 maximi
1522 377 1629 421 esse
1651 362 1811 432 ﬁlias.

226 449 475 523 (Arnob.,
504 451 591 505 lib.
615 466 682 515 ιι,
711 440 831 523 pag.
861 451 931 508 68
957 462 1005 509 et
1031 440 1200 537 seqq.)
1233 454 1364 519 Eam
1404 464 1581 521 autem
1612 455 1716 519 hoc
1739 471 1825 519 ar-

226 553 488 617 gumento
511 545 811 602 convellit:
844 565 863 598 ι
899 546 1053 616 Quod
1095 547 1139 601 si
1186 558 1394 616 essent,
1436 558 1494 603 ut
1529 548 1669 603 fama
1696 558 1819 615 est,

228 637 515 694 dominicae
543 638 711 708 prolis
728 647 783 693 et
802 639 1085 708 potestatis
1106 640 1302 695 anima:
1326 641 1601 711 generatio
1624 641 1822 711 princi-

227 732 408 806 palis,
458 732 594 799 nihil
635 734 717 797 eis
762 733 831 797 ad
880 734 1271 804 perfectionem
1314 736 1578 793 defuisset
1622 740 1823 793 virtute

225 826 626 903 perfectissima
676 829 989 900 procreatis.
1044 830 1219 899 Unum
1252 846 1441 897 omnes
1487 831 1818 901 intellectum

225 921 579 988 habuissent,
614 938 886 994 unumque
910 938 1260 991 consensum,
1287 926 1465 981 aulam
1494 940 1710 996 semper
1737 927 1823 980 iu-

225 1015 470 1071 colerent
500 1019 700 1087 regiam
719 1055 736 1081 ,
776 1029 878 1071 nec
906 1018 1285 1086 praetermissis
1314 1018 1661 1073 beatitudinis
1684 1018 1825 1074 sedi-

224 1107 350 1170 bus,
381 1107 436 1162 in
461 1108 655 1189 quibus
678 1109 1090 1187 angustissimas
1120 1121 1383 1175 noverant
1410 1111 1823 1183 retinebantquc

224 1202 522 1267 doctrinas,
551 1202 926 1283 imprudenter
954 1214 1271 1274 appeterent
1298 1214 1514 1269 terrena
1542 1205 1657 1261 htec
1680 1206 1816 1271 loca,

223 1296 531 1355 tenebrosis
576 1306 632 1351 ut
666 1296 983 1373 corporibus
1022 1298 1306 1373 involutae,
1340 1299 1479 1371 inter
1512 1300 1729 1379 pituitas
1768 1307 1823 1373 et

220 1390 538 1463 sanguinem
586 1390 880 1469 degerent,
921 1392 1061 1461 inter
1098 1392 1355 1458 stercoris
1391 1393 1490 1450 hos
1536 1404 1719 1460 utres,
1767 1403 1822 1467 et

221 1482 422 1539 saccati
446 1483 882 1549 obscaenissimas
907 1486 1097 1549 serias.
1135 1504 1153 1553 η
1198 1485 1388 1547 Nonne
1411 1503 1544 1551 vero
1568 1489 1820 1560 Augusti-

219 1590 326 1630 nus
373 1573 537 1641 simili
584 1576 993 1647 argumentandi
1039 1578 1247 1641 ratione
1293 1578 1618 1637 Manichaeos
1647 1622 1664 1647 ,
1724 1581 1817 1655 qui

1929 372 2107 433 tamen
2136 364 2316 429 verbis
2348 364 2465 429 fuse
2494 368 2687 437 repetit
2717 375 2772 439 et,
2798 366 3051 443 inculcat.
3080 365 3322 445 (Arnum,
3342 365 3432 437 lib.
3451 382 3511 439 tt,

1928 474 2046 530 nea.
2078 457 2148 525 76
2178 466 2224 525 .et
2251 460 2429 532 δεησο)

1998 549 2068 625 At
2088 551 2327 625 nonnulli
2357 552 2496 621 hanc
2525 554 3046 625 argumentationem
3074 561 3300 625 censent
3321 567 3511 626 eorum

1930 656 2052 701 esse
2074 685 2090 710 ,
2117 644 2207 714 qui
2235 643 2507 711 hominem
2536 659 2567 703 a
2594 644 2702 707 Deo
2729 655 2968 709 creatum
2999 647 3286 716 negabant.
3310 644 3417 701 Sed
3459 643 3513 709 id

1926 744 2073 797 certe
2104 744 2161 801 ut
2189 736 2288 793 rite
2317 750 2380 792 ac
2415 736 2712 813 prudenter
2738 746 3060 807 annotarent
3089 780 3104 807 ,
3150 736 3308 803 nobis
3334 751 3515 801 osten-

1927 827 2056 893 dere
2100 828 2404 899 debebant,
2449 830 2720 901 quomodo
2763 831 3030 901 Arnobius
3072 846 3135 901 ea
3173 840 3516 903 argumenta:-

1926 920 2071 987 tione
2095 962 2109 986 ,
2143 923 2281 989 sicut
2311 924 2387 991 illi
2419 924 2568 997 impii
2600 926 2801 993 erroris
2832 925 3149 997 defenspres
3171 966 3188 995 ,
3237 928 3510 991 abutatur.

1924 1014 2057 1083 Nam
2100 1018 2144 1085 si
2174 1019 2244 1083 ibi
2292 1020 2383 1083 ille
2408 1034 2598 1091 eorum
2640 1029 2843 1089 tantum
2875 1021 2963 1093 qui
2994 1022 3199 1093 animas
3239 1022 3513 1093 hominum

1924 1119 1977 1181 et
2000 1110 2231 1183 divinas,
2265 1120 2319 1177 et
2344 1111 2652 1181 dominicae.
2690 1115 2765 1175 uti
2797 1114 3033 1184 loquitur
3059 1115 3225 1188 prolis
3248 1156 3264 1182 ,
3295 1130 3391 1182 seu
3420 1117 3514 1181 Dei

1924 1204 2061 1259 tilias
2086 1220 2208 1260 esse
2236 1208 2543 1276 garriebant
2568 1248 2583 1271 ,
2622 1223 2867 1271 errorem
2892 1207 3057 1269 voluit
3097 1209 3362 1277 refellere,
3405 1225 3511 1279 non

1922 1296 2065 1357 male
2090 1295 2315 1371 forsitan
2346 1299 2464 1357 illos
2487 1341 2502 1365 ,
2529 1299 2683 1369 sicuti
2705 1300 3031 1372 Augustinus
3054 1341 3070 1369 ,
3101 1300 3186 1355 his
3215 1301 3512 1363 rationibus

1922 1387 2273 1471 impugnavit.
2311 1388 2450 1451 Nihil
2482 1392 2627 1457 enim
2651 1434 2667 1457 ,
2703 1392 2802 1451 nisi
2838 1391 3309 1465 periectissimum,
3340 1408 3371 1457 ι
3403 1394 3512 1463 Deo

1922 1466 2191 1551 proﬁcisci
2220 1492 2417 1555 potest,
2448 1483 2646 1549 Verum
2670 1485 2791 1554 quia
2820 1483 2891 1539 ibi
2921 1486 3021 1551 hoc
3048 1484 3168 1554 ipso
3192 1496 3511 1555 argumento

1921 1575 2254 1645 probandum
2285 1576 2335 1631 in
2367 1590 2427 1639 se
2456 1579 2761 1649 suscepisse
2788 1577 3015 1651 videtur,
3051 1578 3256 1647 animas
3299 1588 3510 1649 nostras

224 1667 462 1753 animam
502 1676 711 1738 partem
748 1668 839 1722 Dei
868 1683 990 1723 esse
1017 1670 1361 1742 garriebant,
1401 1681 1586 1741 aperte
1621 1672 1820 1745 obterit
1849 1666 1897 1739 Β
1922 1683 2030 1733 non
2072 1669 2141 1735 ab
2188 1672 2559 1749 omnipotente
2598 1673 2740 1755 Deo,
2787 1671 2883 1743 sed
2930 1671 2997 1745 tib
3043 1670 3163 1737 aliis
3193 1668 3509 1741 quibusdam

216 1776 285 1817 ac
313 1744 624 1832 prosternit.
660 1759 785 1814 Ilaec
814 1770 993 1825 autem
1024 1760 1170 1826 illius
1200 1771 1324 1833 sunt
1344 1762 1409 1827 ad
1433 1744 1818 1834 Hieronymum

218 1855 286 1911 de
333 1855 511 1917 anima
558 1855 846 1909 scribentis
898 1853 1061 1923 verba
1116 1873 1130 1909 :
1185 1873 1203 1927 ε
1257 1854 1373 1913 Non
1422 1866 1505 1919 est
1551 1872 1677 1929 pars
1724 1857 1818 1931 Dei

217 1947 420 2003 anima.
453 1946 511 2019 Si
539 1947 682 2011 enim
716 1946 817 2001 hoc
843 1958 1025 2017 esset,
1060 1947 1370 2015 omnimodo
1402 1948 1819 2015 incommutabi—

218 2042 285 2097 lis
310 2048 471 2117 atque
498 2038 914 2115 incorruptibilis
933 2048 1094 2096 esset.
1122 2041 1277 2115 Quod
1300 2041 1345 2097 si
1372 2049 1537 2107 esset,
1567 2057 1667 2107 nec
1694 2040 1798 2105 de-

224 2132 416 2188 ﬁceret
446 2131 497 2187 in
526 2131 787 2207 deterius,
822 2146 922 2187 nec
949 2132 1232 2205 proliceret
1257 2132 1312 2186 in
1342 2132 1569 2198 melius;
1597 2149 1698 2189 nec
1720 2135 1820 2189 alii-

218 2224 352 2294 quid
390 2225 441 2278 in
488 2222 774 2293 semetipsa
823 2223 907 2277 vel
952 2208 1215 2301 inciperet
1254 2225 1487 2297 habere,
1520 2226 1662 2297 quod
1709 2242 1818 2282 non

220 2319 479 2386 habebat,
511 2319 597 2374 vel
619 2319 894 2374 desineret
919 2302 1141 2387 habere,
1169 2320 1311 2399 quod
1341 2322 1611 2393 habebat,
1643 2338 1817 2392 quan-

225 2427 339 2469 tum
378 2414 444 2468 ad
482 2414 599 2484 ejus
639 2412 808 2486 ipsius
835 2412 1148 2470 all'ectiones
1182 2417 1438 2487 pertinet.
1483 2416 1654 2491 Quam
1691 2431 1819 2473 vero

223 2508 385 2562 aliter
414 2522 475 2563 se
504 2507 729 2575 habeat,
782 2523 886 2562 non
917 2523 1053 2577 opus
1089 2517 1175 2563 est
1203 2509 1539 2569 extrinsecus
1575 2509 1819 2569 testimo-

223 2600 636 2685 nio:quisquis
674 2601 916 2681 seipsum
959 2601 1223 2669 advertit,
1263 2603 1560 2689 cognoscit.
1602 2621 1621 2654 ›
1668 2604 1820 2676 (Au-

222 2696 448 2771 gustin.,
476 2695 623 2766 epist.
662 2694 786 2758 166,
821 2712 941 2767 pag.
976 2694 1148 2769 584.)

300 2792 543 2849 Maxima:
595 2791 758 2861 etiam
797 2792 1118 2846 temeritatis
1157 2806 1251 2848 eos
1290 2799 1480 2861 auctor
1517 2802 1700 2851 noster
1730 2810 1818 2857 rc-

224 2885 442 2956 darguit
460 2927 476 2953 ,
509 2884 603 2956 qui
631 2885 895 2951 docebant
926 2885 1135 2951 animas
1160 2901 1282 2942 esse
1308 2888 1517 2957 genitas
1542 2904 1571 2941 a
1596 2889 1706 2947 Deo
1725 2930 1740 2954 ,
1768 2899 1823 2953 et

226 2980 336 3034 huc
364 2979 432 3033 ab
460 2978 555 3043 illo
590 2979 817 3055 missas,
845 2987 903 3049 ut
930 2995 1049 3055 quae
1077 2978 1271 3047 divinae
1305 2994 1369 3051 ac
1398 2980 1612 3050 penitus
1642 2982 1820 3049 incor-

1921 1761 2275 1833 potestatibns
2330 1764 2651 1843 procreari,
2722 1779 2830 1838 non
2882 1765 3059 1837 minus
3112 1762 3297 1837 procul
3347 1761 3512 1825 dubio

1920 1857 2111 1919 vitiosa
2138 1868 2220 1923 est
2260 1856 2377 1919 haec
2407 1859 2548 1933 illius
2572 1859 2839 1933 probatio,
2869 1873 3031 1934 quam
3059 1858 3191 1929 [uisa
3219 1856 3508 1929 sententia,

1920 1947 2115 2023 Utrum
2146 1959 2325 2005 autem
2355 1952 2427 2013 ita
2458 1951 2524 2019 de
2553 1951 2748 2025 anitum
2778 1946 2986 2023 urigine
3010 1963 3204 2025 revera
3233 1949 3508 2029 senserit,

1918 2042 2148 2109 articulo
2177 2043 2425 2115 sequenti
2457 2043 2914 2119 ἱιιγβδιὶεθὺὶιηιιδτ

1992 2134 2340 2191 Gravioribus
2362 2151 2525 2207 porro
2547 2138 2813 2192 rationum
2843 2136 3130 2192 momentis
3150 2136 3264 2206 ipse
3280 2144 3336 2190 et
3358 2135 3505 2199 hunc

1918 2228 2156 2301 concutit
2199 2244 2473 2301 errorem,
2516 2245 2622 2309 quo
2668 2230 2862 2303 anima:
2912 2239 3111 2305 nostra:
3158 2226 3512 2299 tradebantur

1919 2321 2134 2391 generis
2174 2332 2306 2377 “esse
2353 2310 2523 2393 divini
2570 2320 2779 2395 (Ibid,
2827 2339 2948 2403 pag.
2976 2320 3046 2395 56
3086 2332 3133 2397 εει
3173 2336 3310 2395 δαψι-
3344 2320 3408 2389 );
3458 2327 3514 2393 et

1920 2414 2082 2485 alium
2110 2456 2123 2481 ,
2169 2430 2277 2497 quo
2311 2415 2474 2487 iidem
2507 2416 2648 2489 haud
2677 2416 2841 2483 dubie
2872 2414 3179 2499 philosophi
3205 2415 3516 2489 garriohant

1920 2520 2012 2561 eas
2049 2507 2139 2581 diu
2182 2518 2305 2573 ante
2347 2525 2542 2580 corpus
2572 2511 2908 2583 existentes,
2963 2510 3015 2569 in
3064 2510 3206 2581 hunc
3254 2510 3512 2583 mundum

1921 2598 2173 2671 omnibus
2202 2600 2444 2657 scientiis
2466 2643 2485 2679 ,
2512 2602 2811 2679 disciplinis
2833 2647 2847 2669 ,
2879 2612 2933 2671 et
2957 2602 3162 2663 artibus
3194 2603 3511 2679 plenissime

1922 2694 2211 2750 instructas
2237 2678 2521 2753 advolasse
2546 2714 2561 2764 ;
2592 2678 2754 2768 atqtte
2782 2697 2917 2771 adeo
2944 2697 3177 2767 hominis
3200 2678 3508 2773 scientiam,

1922 2788 2001 2842 uti
2046 2789 2350 2857 somniabat
2394 2789 2589 2873 Plato,
2636 2790 2767 2857 nihil
2798 2804 2918 2849 esse
2961 2789 3107 2867 aliud
3145 2790 3247 2865 nisi
3275 2790 3514 2865 priorum

1921 2878 2348 2945 recordationem
2377 2883 2396 2953 (
2434 2880 2625 2957 Plato,
2660 2883 2713 2961 in
2742 2881 3040 2965 Phariam,
3076 2892 3199 2959 tum.
3234 2898 3270 2946 ι,
3298 2899 3418 2961 pag.
3445 2882 3515 2953 72

1922 2985 1969 3028 et
2000 2992 2133 3049 seqq.
2157 2992 2175 3043 ;
2198 2976 2251 3037 in
2282 2975 2517 3047 Menam,
2541 2987 2665 3051 tam.
2698 2993 2735 3057 tt
2760 3019 2774 3053 τ
2799 2994 2918 3051 pqg.
2950 2978 3013 3037 81
3049 2989 3092 3045 et
3115 2994 3250 3049 seqq.
3280 2993 3297 3051 ί
3324 2977 3512 3055 Cicer.,

222 3087 413 3139 porcae
444 3080 648 3127 natura:
677 3081 822 3135 sunt,
859 3072 911 3126 iu
944 3073 1174 3141 humana
1206 3086 1436 3145 corpora
1460 3072 1818 3145 detruduntur
1848 3062 1893 3126 C
1925 3067 2013 3121 lib.
2048 3083 2101 3134 ι,
2134 3066 2347 3123 Ταεεαι.
2376 3112 2391 3135 ,
2423 3087 2544 3153 pag.
2581 3071 2737 3147 124).
2794 3071 3003 3147 animo:
3038 3070 3236 3145 etenim
3268 3070 3515 3141 humauit:

227 3166 510 3239 (Ληθὼ,
558 3165 645 3229 lib.
676 3181 749 3231 ll,
796 3182 916 3241 pag.
951 3165 1084 3235 55).
1139 3166 1287 3233 lianc
1336 3181 1465 3241 vero
1513 3165 1821 3237 opinionem

224 3260 421 3325 iisdem
450 3259 561 3314 fere
584 3274 648 3313 ac
676 3259 1074 3328 prmcedentem
1103 3260 1402 3327 rationibus
1425 3258 1658 3323 refutare
1692 3259 1820 3315 niti-

227 3363 337 3409 tur.
380 3352 522 3409 Nulli
564 3353 869 3423 siquidem,
899 3356 973 3413 ait
997 3353 1015 3426 (
1043 3352 1183 3411 Ibid.
1211 3396 1226 3419 ,
1273 3371 1392 3433 pag.
1435 3354 1504 3411 70
1533 3363 1580 3413 et
1619 3354 1821 3429 καφ),

225 3447 490 3517 credibile
518 3448 611 3515 ﬁet
631 3490 646 3505 .
690 3449 898 3519 animos
926 3448 1040 3505 illas
1080 3463 1110 3507 ει
1139 3448 1250 3511 Deo
1280 3448 1335 3503 in
1365 3447 1621 3515 mundum
1651 3457 1823 3507 trans-

229 3543 409 3606 mitti,
460 3551 520 3617 ut
558 3556 625 3611 ex
658 3540 871 3607 feminis
911 3551 1082 3615 urite,
1132 3540 1421 3615 omnibus,
1464 3556 1581 3610 qua:
1609 3539 1676 3603 ab
1707 3540 1823 3613 ipso

231 3635 505 3695 uberrime
527 3644 890 3713 exnonuutur,
920 3633 1158 3699 infantiae
1185 3644 1346 3709 atque
1377 3636 1602 3709 aliarum
1637 3644 1822 3707 postea

228 3739 450 3797 aetatum
477 3729 708 3794 miseriis
729 3772 745 3796 ,
774 3729 1027 3803 mrumnis
1051 3770 1065 3793 ,
1099 3728 1492 3795 calamitatibus
1511 3770 1527 3796 ,
1567 3729 1782 3791 casibus
1803 3770 1820 3797 ,

227 3825 465 3888 damnis,
498 3823 875 3889 incommodis,
917 3822 1092 3899 pravis
1132 3822 1295 3895 animi
1322 3820 1625 3888 allectibus,
1657 3822 1820 3891 vitiis,

230 3916 504 3988 peccatis,
546 3915 875 3985 sceleribus,
926 3914 1178 3986 ﬂagitiis,
1227 3913 1543 3983 maleficiis,
1593 3913 1824 3989 aliisque

226 4010 389 4065 malis
415 4010 521 4073 sint
553 4008 822 4081 obnoitiaz.

302 4100 493 4171 Neque
540 4100 654 4157 vult
693 4100 796 4159 sibi
837 4097 1153 4177 responderi
1198 4098 1319 4163 illas
1364 4113 1461 4160 sna
1507 4097 1821 4169 voluntate,

227 4210 337 4255 non
366 4195 461 4257 Dei
486 4194 639 4264 jussu
666 4191 772 4255 huc
802 4192 1032 4251 venisse.
1059 4189 1079 4269 (
1107 4189 1244 4245 Ibid.
1268 4233 1283 4255 ,
1316 4206 1438 4262 pag.
1471 4190 1541 4244 75
1568 4200 1612 4249 et
1640 4206 1776 4261 seqq.
1805 4186 1823 4269 )

224 4289 368 4347 Nam
404 4287 451 4343 si
493 4302 582 4349 res
620 4288 690 4340 ita
717 4286 820 4357 sit.
860 4284 1205 4361 omnipotens
1234 4283 1373 4347 Deus
1402 4282 1680 4355 praevidit,
1726 4296 1825 4341 nec

225 4382 371 4437 sicut
398 4388 626 4457 potcrat,
654 4377 946 4455 prohibuit.
975 4393 1045 4443 ne
1072 4375 1176 4431 illa:
1206 4376 1362 4447 primi
1394 4372 1627 4447 numinis
1652 4374 1813 4433 sobo-

1922 3161 1968 3219 si
1994 3170 2177 3233 essent
2202 3161 2399 3235 divinae
2422 3205 2436 3233 ,
2470 3173 2525 3218 et
2558 3165 2737 3229 munia
2766 3164 2893 3229 olim
2920 3166 3334 3241 cognovissent,
3372 3164 3514 3233 nulla

1924 3269 2043 3309 esse
2082 3266 2264 3333 posset
2305 3257 2444 3311 inter
2475 3257 2726 3337 homines
2757 3256 2861 3315 ulla
2904 3258 2971 3331 de
3000 3273 3057 3323 re
3085 3256 3371 3327 dissensit).
3416 3259 3507 3313 At-

1922 3349 2011 3419 qui
2054 3349 2153 3404 hoc
2194 3350 2538 3427 falsissimum,
2584 3365 2705 3429 esse
2743 3354 2864 3422 quis
2904 3351 3102 3429 mentis
3140 3365 3253 3413 sua:
3293 3365 3516 3425 compos

1925 3458 2174 3514 umquam
2208 3446 2421 3519 negabit
2444 3446 2467 3499 ?

1996 3535 2150 3591 Plato
2193 3546 2370 3613 tamen
2418 3539 2556 3603 hanc
2597 3539 2934 3619 qnputnmvis
2977 3538 3264 3613 absurdam
3301 3538 3513 3615 opinio-

1925 3647 2071 3693 nem,
2102 3645 2263 3719 atque
2290 3644 2343 3689 ut
2366 3643 2515 3717 putat
2537 3635 2865 3705 Lactantius,
2892 3650 2956 3711 ex
2986 3642 3261 3713 poetarum
3288 3635 3512 3705 ligtncn-

1928 3727 1998 3782 tis
2028 3725 2312 3793 haustam,
2348 3730 2672 3783 conﬁrmare
2702 3729 2856 3783 sicuti
2899 3729 3090 3801 Cicero
3131 3728 3293 3799 etiam
3322 3728 3513 3797 observ

1925 3828 2047 3885 vat,
2088 3820 2277 3899 nititur
2323 3822 2572 3891 exemplo
2623 3822 2898 3903 pusionis,
2950 3823 3038 3893 qui
3082 3823 3150 3881 de
3190 3822 3515 3895 geometrica

1925 3911 2261 3979 dimensione
2303 3916 2664 3988 interrogatus
2691 3957 2707 3983 ,
2756 3916 2833 3979 sic
2862 3915 3187 3989 respondet,
3217 3915 3370 3987 quasi
3401 3914 3519 3977 sine

1926 4007 2184 4087 magistro
2225 4007 2579 4091 geometriam
2626 4007 2876 4081 didicerit
2916 4008 2936 4079 (
2968 4005 3140 4079 Ριᾳιο.
3173 4007 3228 4063 in
3258 4005 3470 4079 biennii.
3498 4048 3516 4075 ,

1928 4109 2049 4153 tom.
2084 4114 2141 4167 tt,
2169 4117 2287 4185 pag.
2320 4099 2389 4163 82
2415 4109 2462 4157 et
2484 4116 2645 4177 seqq;
2673 4098 2860 4177 Cicer"
2890 4098 2978 4155 lib.
3006 4116 3019 4153 ι
3047 4097 3257 4176 Tuscul.
3304 4107 3515 4175 quem,

1928 4212 2046 4267 pag.
2081 4195 2185 4273 αφά
2208 4238 2222 4263 ,
2250 4196 2342 4251 lin.
2371 4194 2441 4271 2,4
2469 4194 2508 4266 ).
2545 4195 2736 4275 Verum
2766 4192 2898 4253 illud
2939 4192 3209 4271 opiniqnis
3238 4207 3518 4259 columen-3

1927 4294 2037 4363 tum
2065 4288 2171 4353 alio
2200 4288 2383 4361 simili.
2414 4287 2505 4361 sed
2534 4288 2691 4363 longe
2719 4286 3009 4361 emendari
3040 4286 3293 4359 esetruplo
3321 4288 3389 4340 ah
3413 4288 3517 4360 Ar.

1927 4384 2089 4443 nobio
2116 4392 2300 4441 nostro
2331 4383 2646 4459 destt'qitur.
2677 4382 2778 4450 Sit,
2812 4382 3025 4455 inquit(
3059 4381 3249 4451 Arnob.
3279 4423 3293 4451 ,
3327 4383 3416 4439 lib.
3448 4398 3504 4448 ll,

227 4475 348 4540 les,
391 4474 443 4527 in
483 4482 560 4543 tot
584 4480 835 4542 tantamne
865 4471 1173 4535 laberemur
1204 4469 1429 4541 crimina
1449 4509 1466 4535 .
1494 4476 1551 4535 ei
1586 4466 1779 4541 ﬂagitia
1805 4509 1822 4535 ,
1850 4461 1904 4547 ρ
1931 4492 2052 4549 pag.
2084 4476 2151 4533 57
2182 4487 2229 4530 et
2260 4492 2398 4548 seqq.
2419 4474 2436 4546 )
2461 4518 2477 4543 ,
2510 4491 2643 4547 puer
2668 4476 2862 4547 aliquis
2892 4476 2945 4535 iu
2972 4475 3338 4545 secretissimo
3378 4475 3517 4542 loco,

230 4581 410 4641 neque
435 4574 512 4633 tot
537 4573 791 4633 tantaque
827 4563 1021 4621 damna
1046 4604 1062 4630 ,
1096 4562 1359 4639 adversa,
1407 4574 1470 4619 ac
1504 4560 1826 4637 detrimenta

233 4669 574 4736 paterentur.
607 4662 676 4714 At
699 4673 829 4713 sane
866 4656 1130 4728 quisquis,
1163 4672 1284 4711 cum
1319 4664 1515 4725 potest,
1546 4654 1684 4729 mala
1720 4670 1825 4713 non

231 4754 495 4827 impedit,
535 4752 632 4811 sed
676 4751 968 4823 permittit,
1013 4765 1200 4807 eorum
1247 4764 1408 4805 causa
1446 4758 1551 4811 est.
1597 4748 1823 4818 lmpiutn

231 4866 371 4909 vero
412 4849 562 4905 dictu
600 4850 766 4904 Deum
794 4845 1249 4916 sapientissimum
1296 4853 1351 4900 et
1385 4844 1822 4921 benignissimum

234 4953 317 5000 tot
346 4951 719 5011 tantorumque
749 4939 1013 4993 malorum
1045 4954 1167 4994 esse
1190 4952 1409 4995 causam
1435 4978 1451 5005 ,
1479 4952 1650 5007 eoque
1672 4936 1826 5003 sicuti

234 5026 471 5111 poterat,
518 5049 624 5091 non
669 5031 1015 5107 prohibente,
1062 5037 1267 5089 animas
1318 5030 1463 5107 prius
1510 5030 1727 5101 felices,
1773 5037 1829 5101 et

233 5129 411 5187 omnis
439 5128 686 5187 humanae
711 5126 1046 5196 contagionis
1073 5133 1323 5197 expertes
1340 5165 1355 5190 ,
1401 5124 1466 5179 ad
1490 5124 1739 5185 miseram
1774 5132 1828 5203 et

236 5224 309 5281 ad
331 5237 493 5281 omne
540 5221 763 5278 sceleris
790 5234 964 5290 genus
993 5219 1282 5289 proclivem
1322 5218 1600 5279 hominum
1645 5217 1828 5291 condi—

238 5320 447 5377 tionem
492 5316 631 5372 mitti
660 5330 725 5371 ac
753 5314 947 5389 redigi.
1000 5312 1189 5375 Nonne
1218 5314 1356 5375 Deus
1390 5314 1621 5383 perlecta
1652 5313 1830 5389 omnia

237 5413 406 5477 facit,
433 5420 487 5467 et
510 5410 814 5481 integritatis
842 5424 950 5467 sua
974 5449 990 5476 ,
1024 5409 1163 5467 sicut
1186 5410 1263 5463 ait
1287 5406 1557 5467 Arnobius
1580 5449 1595 5474 ,
1622 5424 1827 5465 conser-

236 5505 721 5565 vantiantansioaes
749 5502 877 5575 (ms.
910 5499 1061 5573 cod.)
1082 5501 1385 5568 mansiones,
1412 5516 1507 5559 seu
1538 5499 1831 5561 dimensio-

237 5614 365 5667 nes,
394 5600 548 5663 sicuti
576 5614 640 5657 ex
671 5597 932 5655 Cicerone
954 5596 1249 5683 probatur?
1287 5595 1307 5677 (
1338 5596 1501 5653 Cicer.
1526 5594 1621 5653 lib.
1655 5594 1829 5659 0rat.,

237 5711 367 5770 pag.
399 5690 573 5765 268.)
611 5691 725 5755 Nec
770 5692 938 5751 semel
981 5688 1221 5789 quidem,
1248 5704 1351 5757 nec
1378 5689 1530 5761 quasi
1558 5704 1656 5762 per
1682 5698 1830 5767 περ-

1928 4580 1984 4627 et
2036 4570 2103 4631 ab
2155 4571 2431 4639 hominum
2477 4570 2719 4643 omnium
2772 4570 3105 4641 habitatione
3156 4568 3519 4639 remotissima

1930 4672 2113 4730 natus,
2142 4678 2206 4721 ac
2237 4674 2500 4745 perpetuo
2523 4665 2573 4727 in
2598 4662 2812 4731 silentio
2831 4703 2847 4728 ,
2880 4664 2999 4727 sine
3022 4662 3126 4723 ulla
3159 4670 3308 4723 veste
3332 4702 3345 4721 .
3378 4675 3516 4731 uno-

1929 4771 2034 4826 que
2058 4765 2263 4810 tantum
2292 4756 2436 4821 cibo,
2458 4765 2512 4809 et
2534 4771 2668 4825 aqua
2688 4756 2799 4810 sola
2824 4756 2889 4810 ad
2918 4757 3248 4810 tricesimum
3277 4753 3359 4821 vel
3388 4769 3519 4824 qua-

1928 4847 2286 4919 dragesimum
2311 4848 2484 4903 aetatis
2524 4864 2634 4902 sure
2662 4863 2858 4915 annum
2886 4850 3143 4903 educatus
3173 4862 3234 4900 ac
3259 4846 3514 4907 nutritus.

1933 4940 2168 4997 Prodeat
2194 4938 2398 5013 deinde
2436 4941 2487 5005 in
2523 4940 2799 5005 hominum
2827 4951 3022 4997 emtum
3048 4983 3062 5005 ,
3096 4949 3255 5009 atque
3287 4940 3517 4995 interro.

1930 5046 2087 5106 getur
2105 5038 2175 5092 de
2200 5048 2355 5105 patre
2396 5052 2496 5091 suo
2521 5078 2536 5101 ,
2569 5037 2636 5091 de
2664 5052 2759 5092 sua
2786 5035 3101 5091 educatione
3138 5042 3195 5088 et
3222 5033 3383 5089 domo
3407 5078 3422 5100 ,
3450 5040 3519 5091 de

1931 5130 2097 5185 variis
2166 5130 2397 5186 vestium
2464 5131 2817 5201 ciborumque
2870 5128 3197 5200 generibus,
3250 5129 3318 5184 de
3367 5129 3515 5196 Sole,

1932 5225 2080 5294 luna,
2111 5234 2277 5290 terra,
2305 5227 2372 5282 de
2399 5228 2720 5297 geometria,
2750 5225 2902 5279 sicuti
2933 5223 3174 5279 Platonis
3216 5225 3395 5294 pusio,
3427 5235 3521 5278 aut

1932 5319 2035 5374 alia
2064 5318 2302 5390 qualibet
2331 5320 2613 5390 disciplina
2636 5361 2650 5386 ,
2683 5332 2860 5373 nonne
2892 5316 2983 5372 ille
3003 5333 3066 5371 ea
3097 5315 3277 5372 omnia
3302 5317 3514 5387 ignora-

1934 5410 2029 5477 bit,
2055 5422 2110 5467 et
2138 5414 2327 5483 magis,
2351 5429 2511 5485 quam
2536 5413 2718 5481 piscis,
2749 5420 2928 5467 mutus
2954 5411 3098 5465 erit?
3125 5411 3179 5466 Si
3206 5426 3365 5481 quam
3392 5401 3520 5465 vero

1934 5520 2121 5561 vocem
2153 5506 2403 5563 emittere
2434 5517 2675 5579 cogatur,
2703 5506 2991 5577 quamdam
3019 5504 3241 5560 minime
3269 5502 3521 5557 articula-

1936 5606 2044 5655 tam
2075 5598 2284 5655 reddet.

2011 5691 2102 5761 Ad
2133 5690 2384 5767 Platonis
2412 5699 2593 5763 autem
2625 5692 2908 5765 pusionem
2935 5686 3081 5764 quod
3111 5693 3367 5759 spectat,
3409 5699 3537 5743 caua
