3990 6072
475 211 585 270 479

479 425 595 494 det,
623 442 731 484 non
756 442 821 482 ex
853 426 951 491 iis,
985 440 1104 497 qua:
1133 424 1534 481 reminiscendo
1556 428 1897 498 recognoscit
1917 472 1932 495 ,
1966 428 2063 484 scd

480 531 550 574 ex
607 517 726 573 aliis
755 559 771 580 .
815 533 936 589 qua:
975 516 1291 587 quotidiani)
1329 534 1428 573 usu
1467 518 1747 584 didicerat,
1801 519 1932 577 dare
1980 537 2066 577 re-

480 624 700 681 sponsa.
731 609 1069 681 Quapropter
1101 610 1227 665 hinc
1251 620 1442 667 auctor
1471 621 1655 667 noster
1671 606 2065 671 concludittota

478 703 564 758 via
609 718 823 759 errasse
869 703 1147 760 Platonem
1177 703 1370 774 (Plat.,
1409 706 1466 760 in
1502 705 1693 761 Timaeo
1720 748 1735 771 ,
1793 715 1917 767 tam.
1967 725 2024 764 ιιι
2048 753 2061 774 ,

479 811 603 867 pag.
632 795 747 868 41)
772 839 786 863 ,
814 795 907 867 qui
934 796 1186 867 opinatur
1217 797 1424 852 animas
1464 799 1742 854 hominum
1774 799 1984 856 divinas
2011 811 2066 857 et

480 890 717 946 scientiis
746 891 999 947 omnibus
1022 892 1276 958 imbutas,
1307 893 1359 947 in
1383 893 1524 948 hunc
1553 893 1811 950 mundum
1841 910 1909 951 ex
1931 896 2067 952 vivis

478 984 697 1056 prodire
729 985 1048 1041 crateribus.
1099 985 1207 1042 Sed
1248 984 1525 1042 fatendum
1568 998 1652 1043 est
1682 988 1734 1042 in
1766 987 1865 1043 hac
1903 1005 2062 1061 argu-

480 1081 815 1137 mentatione
846 1081 1147 1137 Arnobium
1175 1080 1412 1152 plurium
1443 1096 1624 1137 rerum
1651 1122 1667 1148 ,
1722 1097 1842 1153 qua:
1874 1098 2061 1154 parum

482 1171 550 1228 ad
599 1189 718 1229 eam
767 1172 1179 1241 conducebant,
1234 1174 1645 1231 enumeratione
1692 1176 1861 1232 multo
1908 1192 2061 1247 esse,

482 1282 641 1338 quam
673 1282 769 1337 par
795 1276 932 1334 erat,
966 1267 1283 1340 longiorem.

552 1359 800 1415 Pressius
828 1360 1009 1427 itaque
1043 1369 1097 1417 et
1129 1362 1306 1417 acrius
1340 1362 1431 1417 ille
1466 1361 1749 1420 Platonem
1781 1364 1860 1420 sic
1885 1374 2061 1437 urget.

479 1448 536 1506 Si
562 1450 737 1505 anima
768 1451 1097 1521 quibuslibet
1136 1452 1401 1509 doctrinis
1429 1454 1637 1510 erudita
1663 1499 1676 1521 ,
1722 1456 1774 1511 in
1803 1458 2060 1513 mundum

481 1542 651 1611 venit,
682 1542 877 1599 docere
900 1545 1098 1614 potius,
1126 1561 1287 1617 quam
1309 1546 1523 1604 discere
1552 1548 1771 1605 deberet
1796 1548 1817 1623 (
1843 1550 2062 1619 Arnob.,

483 1636 569 1691 lib.
603 1652 673 1703 ιι,
719 1655 841 1710 pag.
884 1639 947 1693 6|
980 1639 1021 1712 ).
1073 1639 1258 1711 Neque
1299 1641 1455 1697 Plato
1496 1642 1720 1712 ejusque
1765 1653 2065 1700 seetatores

1724 213 2171 272 DlSSER'l‘A'l‘lO
2204 174 2483 274 rit/Evn

480 330 653 387 tendit
672 329 944 388 Arnobius
983 329 1166 395 illum,
1198 328 1243 383 si
1271 337 1419 384 recte
1454 327 1799 401 interrogatis
1836 345 2057 402 respon-
2087 333 2137 392 Λ
2163 332 2429 386 retinentia
2494 330 2654 386 nobis.

3652 222 3775 284 480

2730 330 2835 388 Sed
2892 332 3039 405 prior
3092 334 3249 390 lectio
3303 335 3527 392 Arnobii
3583 340 3766 397 nostri

2167 426 2487 481 auctoritate
2536 427 2847 483 conﬁrmari
2878 428 3112 484 videtur.
3168 430 3243 486 Ibi
3272 440 3453 488 autem
3483 437 3773 505 repetentia

2165 518 2304 574 idem
2332 529 2491 591 atque
2513 520 2810 577 recordatio
2839 522 3120 594 signiﬁcat.

2770 653 3067 695 ARTICULUS
3094 654 3129 694 ΙΙ
3139 677 3154 694 ο

2166 767 2291 818 Num
2313 777 2450 821 recte
2475 771 2717 821 Arnobius
2732 771 2919 823 dixerit
2934 774 3177 822 incertam
3201 785 3315 823 esse
3338 773 3563 824 humanae
3587 777 3769 829 animm

2227 834 2494 903 originem.
2511 843 2658 903 atque
2682 836 2735 885 in
2754 834 2966 885 Simonis
2988 838 3138 903 magi,
3182 834 3456 903 Saturnini,
3484 837 3771 903 Carpocra-

2229 895 2310 959 iis,
2336 902 2389 944 et
2411 895 2835 959 seleueianorum,
2860 911 2968 946 eam
2992 898 3054 945 ab
3073 895 3193 958 alio,
3240 912 3387 959 quam
3413 898 3520 950 Deo
3544 895 3769 953 creatam

2229 955 2381 1028 fuisse
2403 958 2760 1028 alﬁrmantium,
2805 955 3028 1009 errorem
3066 955 3348 1024 impege'rit,
3392 975 3486 1013 uec
3506 966 3768 1028 cognitum

2228 1021 2317 1084 ipsi
2342 1020 2494 1072 fuerit
2510 1021 2752 1085 originale
2769 1030 3041 1085 peccatum.

2239 1172 2406 1228 Nemo
2448 1188 2578 1228 sane
2616 1171 2929 1229 dilﬁtebitur
2967 1190 3153 1231 verum
3194 1190 3318 1233 esse
3343 1219 3358 1243 ,
3400 1177 3544 1247 quod
3582 1179 3747 1236 docet

2170 1264 2438 1321 Arnobius
2468 1265 2487 1337 (
2514 1266 2727 1333 Arnob.,
2774 1267 2862 1322 lib.
2894 1283 2953 1334 ιι,
2997 1285 3117 1340 pag.
3158 1267 3270 1342 55)
3297 1311 3311 1335 ,
3353 1285 3546 1328 omnes
3587 1271 3768 1328 homi-

2170 1374 2295 1413 num
2346 1360 2552 1414 animas
2596 1374 2662 1416 ex
2708 1374 2814 1414 uno
2863 1359 3166 1432 eodemque
3212 1359 3362 1416 fonte
3406 1360 3756 1432 proﬂuxisse.

2170 1450 2302 1519 Quis
2341 1451 2408 1506 sit
2439 1461 2618 1507 autem
2651 1452 2738 1507 hic
2758 1451 2911 1520 fons,
2945 1452 3088 1508 unde
3114 1452 3219 1508 illas
3250 1452 3603 1525 proﬁuxerint
3630 1499 3645 1523 ,
3679 1455 3760 1510 ita

2168 1546 2384 1616 quidem
2412 1546 2644 1616 explicat
2672 1556 2730 1601 ut
2757 1547 3063 1619 gravissimi
3091 1548 3296 1602 erroris
3316 1589 3332 1614 ,
3377 1564 3485 1623 quo
3519 1565 3640 1604 eum
3671 1551 3760 1605 in-

2168 1649 2376 1693 certnm
2405 1654 2525 1695 esse
2556 1639 2825 1711 signiﬁcat
2850 1683 2864 1708 ,
2916 1637 3057 1695 haud
3088 1640 3249 1715 plane
3276 1640 3547 1697 immerito
3570 1651 3761 1715 postu-

482 1729 814 1799 respondere
838 1739 1090 1801 poterant
1115 1748 1232 1788 eam
1252 1776 1266 1799 ,
1317 1749 1441 1790 cum
1469 1750 1701 1807 corpore
1724 1737 2069 1809 circumliga-
2099 1729 2146 1790 B
2175 1732 2333 1790 letur.

482 1826 573 1874 tur
592 1862 607 1886 ,
651 1836 722 1876 ex
751 1820 909 1877 docta
940 1821 1054 1879 ﬁeri
1083 1824 1469 1881 elementariam
1495 1870 1510 1895 ,
1545 1827 1598 1882 id
1625 1837 1709 1884 est
1734 1872 1749 1894 ,
1784 1838 1843 1885 ut
1871 1846 1938 1885 ex
1965 1829 2066 1887 Se~

482 1928 618 1970 neca
674 1915 1025 1988 intelligitur,
1083 1919 1275 1990 primis
1331 1920 1615 1977 elementis
1671 1922 2068 1981 informandum

486 2008 656 2082 (Sen.
682 2052 698 2076 ,
749 2013 902 2082 epist.
932 2011 1039 2068 506
1068 2054 1081 2079 ,
1126 2031 1246 2085 pag.
1278 2013 1383 2070 109.
1409 2015 1450 2086 ).
1499 2016 1602 2085 Qui
1640 2018 1785 2073 enim
1832 2017 2067 2074 discerni

488 2112 671 2175 posset
711 2113 895 2160 utrum
925 2106 1239 2163 recordetur
1268 2108 1507 2179 priorum
1533 2151 1549 2176 ,
1596 2110 1677 2165 vel
1712 2125 1846 2166 nova
1876 2110 2071 2169 docea-

489 2205 577 2252 tur
602 2198 665 2268 ’ἐξ

557 2291 639 2347 Ad
668 2290 784 2349 haec
813 2308 949 2350 vero
972 2336 990 2362 ,
1034 2296 1214 2351 anima
1254 2287 1576 2371 incorporea
1620 2306 1676 2354 et
1703 2300 2028 2356 immortalis
2051 2343 2065 2365 ,

484 2384 662 2456 qualis
697 2386 767 2441 ab
791 2386 871 2443 eis
896 2402 1018 2444 esse
1048 2389 1345 2461 asseritnr,
1380 2392 1530 2447 nullo
1557 2380 1804 2464 corporis
1836 2394 2067 2463 impedi-

486 2486 671 2534 mento
714 2489 892 2549 potest
934 2483 1174 2537 omnium
1224 2484 1371 2554 prius
1414 2487 1751 2558 cognitorum
1797 2488 2069 2545 oblivisci.

484 2568 542 2627 Si
574 2570 627 2626 in
656 2586 718 2627 ea
749 2572 947 2629 etenim
994 2583 1139 2630 tanta
1167 2576 1261 2631 ﬁat
1286 2579 1548 2640 mutatio,
1598 2580 1802 2650 aliquid
1841 2580 1909 2636 de
1936 2582 2070 2637 inte-

482 2663 679 2733 gritate
705 2680 800 2720 sua
832 2664 1056 2737 perdet,
1088 2677 1248 2739 atque
1278 2671 1351 2725 ita
1379 2671 1653 2743 corrumpi
1684 2674 1924 2743 poterit,
1971 2689 2073 2729 nec

481 2758 715 2830 amplius
742 2760 848 2816 erit
879 2762 1218 2819 immortalis.

555 2854 845 2924 Praeterea,
879 2857 925 2913 si
953 2872 1151 2928 corpus
1181 2859 1375 2915 animre
1403 2859 1599 2917 inferat
1624 2861 1866 2931 pristina:
1894 2864 2072 2921 omnis

483 2947 725 3004 scientia:
763 2958 819 3003 et
853 2949 1174 3021 cognitionis
1201 2952 1528 3010 oblivionem
1555 2997 1571 3022 ,
1620 2955 1892 3026 quomodo
1929 2957 2072 3013 scire

485 3049 665 3110 potest
691 3055 752 3098 se
786 3043 935 3112 prius
981 3044 1299 3101 instructam
1329 3047 1576 3104 scientiis
1596 3090 1610 3115 ,
1642 3049 1924 3105 obstaculo
1946 3066 2069 3107 eor-

482 3134 651 3204 poris,
680 3149 866 3191 earum
894 3138 1136 3193 omnium
1166 3154 1288 3196 esse
1309 3140 1529 3196 oblitam
1554 3140 1578 3195 ?

559 3226 801 3299 Denique
827 3230 872 3284 si
896 3230 1043 3286 senis
1069 3229 1303 3288 hominis
1324 3234 1498 3288 anima
1525 3234 1594 3290 ab
1619 3238 1908 3307 octoginta,
1938 3253 2001 3294 ac
2027 3238 2073 3294 si

487 3320 623 3376 velis
650 3323 937 3392 nonaginta
968 3334 1022 3381 et
1051 3327 1283 3397 amplius
1322 3330 1480 3384 annis
1508 3344 1739 3401 corpore
1777 3333 2027 3389 conclusa
2054 3378 2069 3403 ,

487 3427 669 3468 rerum
700 3414 838 3486 jante
878 3417 1260 3489 quinquaginta
1302 3429 1357 3474 et
1395 3422 1673 3493 sexaginta
1719 3437 1890 3479 annos
1928 3436 2075 3482 acta-

487 3521 627 3572 rum,
653 3507 1013 3579 nequidquam
1042 3510 1370 3581 impediente
1390 3527 1640 3585 corpore,
1670 3516 1947 3581 meminit;
1976 3534 2074 3574 cur

491 3602 673 3655 omnia
720 3617 842 3673 qua:
885 3612 1171 3675 antequam
1216 3606 1269 3660 in
1313 3620 1512 3683 corpus
1562 3608 1904 3678 mitteretur,
1954 3626 2073 3667 eam

488 3694 692 3763 optime
720 3709 882 3750 nosse
912 3696 1095 3762 aiunt,
1129 3698 1230 3769 ipsi
1260 3708 1445 3769 postea
1473 3699 1743 3757 excidisse
1774 3710 1882 3757 tam
1911 3705 2075 3773 perti-

464 3834 470 3848 ,
496 3784 707 3841 naciter
732 3790 1094 3844 asseverant?

567 3877 644 3933 Ea
678 3895 838 3950 porro
870 3892 996 3937 sunt
1024 3884 1247 3939 Arnobii
1288 3897 1600 3957 argumenta
1640 3929 1656 3953 ,
1702 3904 1821 3958 qua:
1859 3889 2075 3961 quidem

489 3975 667 4029 omnia
697 3976 798 4031 etsi
840 3991 948 4032 non
975 3978 1221 4048 ejusdem
1250 3980 1357 4034 sint
1376 3981 1634 4051 ponderis
1658 4024 1673 4047 ,
1704 3998 1866 4040 nemo
1894 3993 2076 4041 tamen

488 4066 809 4124 difﬁtebitur
835 4069 900 4124 iis
929 4072 1185 4127 omnibus
1206 4088 1448 4129 errorem
1471 4075 1711 4131 Platonis
1740 4076 1895 4146 plane
1925 4080 2078 4148 peni-

490 4168 684 4233 tusque
725 4162 953 4218 destrui.
1003 4163 1086 4219 Ad
1130 4165 1299 4234 ipsius
1331 4176 1509 4221 autem
1537 4168 1762 4223 Arnobii
1802 4168 1870 4223 de
1897 4168 2076 4225 homi-

488 4268 615 4308 num
658 4254 836 4308 anima
878 4254 1255 4325 explicandam
1299 4257 1608 4328 opinionem
1654 4270 1944 4332 antequam
1986 4278 2081 4332 ag-

489 4343 837 4415 grediamur,
890 4346 1044 4417 juvat
1095 4347 1355 4416 quosdam
1406 4350 1837 4407 animadvertere
1888 4354 2081 4410 modos

489 4434 743 4506 loquendi
769 4479 784 4501 ,
826 4453 965 4508 quos
995 4438 1086 4494 ille
1117 4439 1169 4493 in
1197 4438 1299 4495 hac
1328 4440 1693 4512 disputatione
1721 4459 1785 4500 ex
1817 4444 2075 4502 Lucretio

2245 1826 2482 1881 Primum
2509 1826 2651 1882 enim
2679 1825 2939 1882 Ethnicos
2965 1825 3192 1895 inducit,
3219 1826 3307 1898 qui
3330 1826 3398 1883 ab
3428 1826 3547 1898 ipso
3566 1829 3765 1899 exqui—

2173 1928 2299 1974 runt
2318 1960 2331 1983 ,
2357 1935 2462 1990 quo
2490 1929 2710 1974 auctore
2748 1918 3044 1991 progenitae
3066 1962 3082 1987 ,
3117 1905 3185 1975 et
3222 1919 3494 1991 quomodo
3518 1920 3759 1992 prolata:

2172 2014 2280 2067 sint
2300 2014 2496 2067 anima:
2519 2055 2535 2081 ,
2560 2028 2623 2068 ac
2654 2023 2831 2067 utrum
2860 2012 3000 2068 Deus
3026 2013 3235 2068 illarum
3267 2026 3465 2083 parens
3504 2023 3557 2068 et
3605 2028 3765 2068 crea-

2175 2117 2259 2162 tor
2287 2107 2307 2181 (
2333 2107 2493 2171 Ibid.,
2525 2123 2645 2178 pag.
2678 2106 2747 2163 75
2773 2116 2818 2160 et
2840 2122 2978 2176 seqq.
3005 2105 3045 2180 ).
3090 2106 3225 2176 Quid
3257 2122 3387 2162 vero
3415 2105 3498 2161 his
3530 2120 3762 2178 respon-

2171 2200 2301 2257 dere
2343 2200 2538 2271 putas?
2565 2200 2730 2256 Plane
2759 2204 2982 2255 omnino
3000 2210 3180 2272 «atque
3206 2201 3435 2272 ingenue
3470 2202 3681 2256 fatetur
3708 2199 3762 2255 id

2171 2310 2279 2349 non
2310 2296 2482 2349 solum
2510 2295 2685 2361 nobis,
2714 2294 2808 2350 sed
2840 2294 3090 2349 omnibus
3113 2294 3297 2360 etiam,
3318 2309 3439 2366 quae
3465 2293 3517 2348 in
3549 2293 3754 2350 mundo

2174 2396 2333 2450 sunt,
2387 2387 2740 2458 potestatibus
2783 2401 2905 2443 esse
2948 2388 3342 2458 incompertum
3368 2427 3387 2455 ,
3439 2401 3764 2458 omnemque

2173 2498 2356 2538 earum
2385 2494 2432 2539 et
2461 2493 2697 2538 nostram
2725 2496 2984 2550 superare
3012 2482 3397 2554 cognitionem.

2245 2580 2313 2632 At
2353 2579 2623 2634 instabant
2663 2578 2878 2635 Ethnici
2910 2597 2924 2633 :
2952 2578 3006 2636 Si
3040 2589 3218 2635 tecum
3253 2576 3537 2634 christiani
3568 2584 3767 2647 negent

2173 2672 2379 2726 animas
2413 2688 2441 2727 a
2477 2674 2587 2728 Deo
2614 2684 2824 2728 creatas
2847 2714 2861 2737 ,
2907 2672 3060 2728 vobis
3094 2671 3285 2727 saltem
3320 2668 3752 2742 patelacieudum

2174 2766 2433 2821 incumbit
2460 2782 2489 2821 ιι
2515 2782 2624 2838 quo
2652 2766 2761 2820 sint
2793 2776 3111 2836 procreata.
3150 2763 3257 2821 Sed
3290 2764 3394 2818 hoc
3422 2776 3637 2834 quoque
3668 2762 3757 2817 ille

2172 2860 2386 2929 penitus
2415 2858 2705 2913 inﬁciatur.
2735 2857 2883 2913 Citra
2914 2872 3128 2912 omnem
3154 2856 3434 2911 enimvero
3460 2855 3755 2925 reprehen-

2173 2944 2381 2998 sionem
2408 2988 2423 3012 ,
2454 2945 2655 3015 inquit,
2689 2945 2900 2999 nescire
2944 2958 3229 3013 possumus
3258 2942 3561 2996 animarum
3589 2941 3758 3012 origi-

2174 3054 2338 3102 nem,
2386 3048 2440 3094 et
2464 3040 2602 3094 scire
2642 3048 2821 3094 tamen
2862 3054 2956 3095 eas
2999 3053 3104 3094 non
3137 3051 3258 3093 esse
3286 3037 3379 3092 Dei
3405 3037 3758 3108 progeniem,

2097 3128 2142 3190 C
2177 3149 2349 3205 neque
2396 3133 2465 3188 ab
2511 3133 2605 3188 illo
2644 3142 2977 3205 procreatas.
3030 3132 3099 3187 Et
3137 3141 3286 3188 certe
3316 3132 3408 3203 qui
3439 3131 3557 3186 illas
3585 3146 3614 3185 a
3647 3131 3759 3187 Deo

2176 3226 2342 3281 factas
2365 3269 2379 3291 ,
2413 3235 2468 3281 et
2496 3227 2547 3280 in
2580 3225 2855 3281 hominum
2887 3240 3086 3295 corpus
3114 3226 3302 3280 venire
3324 3226 3714 3281 existimabant
3737 3267 3752 3291 ,

2177 3319 2306 3374 nihil
2355 3321 2511 3389 plane
2560 3318 2806 3373 dicebant
2852 3318 2985 3373 certi
3032 3326 3087 3373 et
3127 3316 3425 3387 explorati;
3474 3316 3571 3373 sed
3615 3317 3754 3387 quod

2175 3412 2482 3482 conjectura
2539 3420 2744 3466 tantum
2797 3427 2860 3466 ac
2917 3411 3226 3482 suspicione
3274 3410 3510 3466 assecuti
3578 3419 3753 3465 erant.

2176 3504 2305 3573 Qua:
2329 3516 2507 3561 autem
2534 3548 2548 3570 ,
2574 3506 2649 3561 ait
2676 3505 2969 3564 Arnobius,
3002 3505 3326 3575 suspicionis
3354 3515 3408 3560 et
3434 3505 3760 3575 conjectura:

2176 3608 2335 3669 atque
2367 3601 2587 3654 incertae
2614 3599 2888 3669 Opinionis
2919 3609 2971 3653 et
3003 3598 3321 3669 ignorantiae
3348 3595 3700 3653 differentia?

2248 3691 2385 3761 Quid
2419 3705 2581 3762 porro
2619 3691 2838 3757 ntirum,
2884 3691 3058 3761 pergit
3088 3690 3176 3745 ille
3209 3690 3229 3761 (
3259 3688 3395 3743 Ibid.
3424 3730 3439 3755 ,
3470 3706 3589 3761 pag.
3621 3689 3688 3744 78
3713 3701 3759 3744 et

2177 3800 2315 3855 seqq.
2351 3785 2369 3855 )
2401 3826 2415 3846 .
2462 3784 2507 3839 si
2557 3784 2892 3853 incomperta
2940 3782 3095 3836 nobis
3146 3784 3218 3836 sit
3264 3784 3458 3836 animae
3512 3783 3759 3836 humanm

2178 3876 2327 3947 origo
2351 3918 2365 3940 ,
2393 3890 2513 3930 cum
2548 3890 2646 3930 nec
2672 3875 2841 3945 magis
2870 3884 3208 3944 perspectum
3240 3873 3531 3929 habeamus
3554 3917 3570 3941 ,
3618 3875 3761 3930 unde

2178 3967 2488 4023 animalium
2520 3969 2713 4022 anima:
2740 3968 2981 4022 oriantur
3001 3966 3025 4019 Ῥ
3048 3966 3235 4037 Neque
3262 3967 3406 4021 enim
3436 3966 3518 4021 hat
3545 3981 3613 4021 ex
3636 3966 3760 4021 ﬁcto

2182 4059 2428 4115 Platonis.
2461 4068 2708 4123 cratere,
2736 4058 2889 4127 cujus
2928 4058 3136 4112 scilicet
3166 4058 3220 4111 in
3255 4056 3460 4112 Timaeo
3487 4059 3755 4123 meminit,

2180 4154 2272 4209 sed
2300 4169 2364 4209 ex
2386 4153 2667 4209 elementis
2694 4151 2954 4221 originem
2975 4151 3175 4205 ducere
3198 4148 3549 4220 perhibentur
3575 4149 3758 4219 (Plato

2181 4251 2236 4303 in
2261 4248 2470 4315 Timon,
2498 4258 2718 4311 tonuit,
2749 4243 3199 4316 pag.ll).Verum
3223 4243 3417 4314 quibus
3433 4259 3499 4300 ex
3524 4243 3753 4299 elemen-

2182 4340 2282 4405 tis,
2328 4350 2417 4394 aut
2441 4337 2709 4409 quomodo
2749 4338 2917 4405 liant,
2959 4336 3189 4391 maxima
3219 4345 3303 4391 est
3339 4336 3482 4392 inter
3510 4337 3756 4407 philoso-

2184 4432 2337 4501 phos,
2366 4433 2503 4486 sicut
2532 4442 2584 4485 et
2607 4429 2675 4485 de
2703 4430 2824 4485 aliis
2840 4430 3019 4484 multis
3045 4428 3431 4500 quaestionibus
3457 4428 3756 4484 contentio.

490 4539 765 4584 mutuatus
790 4540 895 4585 est.
940 4531 1312 4588 Scribit'enim
1332 4576 1346 4597 ,
1379 4534 1424 4589 si
1456 4537 1651 4590 animzc
1681 4539 1961 4607 corporeis
1993 4540 2069 4593 in-

2187 4526 2257 4581 Ex
2287 4525 2481 4597 quibus
2509 4525 2604 4580 ille‘
2623 4524 2827 4595 colligit
2848 4566 2861 4588 ,
2894 4540 3051 4595 neque
3078 4538 3169 4578 eas
3217 4524 3348 4578 scire
3374 4524 3754 4591 compendium,

490 4623 829 4679 cursionibus
850 4624 1050 4681 cedunt
1077 4644 1090 4681 :
1125 4625 1233 4681 Usu
1264 4640 1310 4681 et
1338 4627 1442 4683 illis
1471 4640 1545 4684 est
1576 4630 1696 4696 vita,
1740 4646 1840 4685 non
1881 4633 2079 4687 manci-

492 4721 579 4790 pio
606 4719 835 4791 tradita(
863 4719 1079 4789 Arnob.,
1111 4721 1201 4789 lib,
1227 4738 1288 4792 tt,
1319 4740 1439 4795 pag.
1471 4722 1598 4796 62).
1633 4723 1917 4781 Lucretius
1945 4742 2076 4783 vero

491 4813 700 4870 dixerat
729 4832 742 4868 :

582 4925 792 4991 Vitaque
816 4902 1058 4993 mancipio
1082 4928 1203 4979 nulli
1222 4929 1383 4989 datur,
1400 4932 1629 4982 omnibus
1651 4945 1759 4982 usu.

1140 5010 1375 5076 (Lucret.,
1398 5010 1481 5063 lib.
1520 5028 1589 5076 ιιι,
1614 5027 1741 5067 vers.
1761 5014 1896 5078 984.)

493 5135 598 5192 hoc
623 5145 728 5200 est,
758 5139 891 5204 nulli
915 5141 1039 5195 vitae
1065 5141 1391 5211 pr0prietas,
1423 5142 1519 5197 sed
1549 5158 1676 5197 usus
1696 5141 1879 5199 datur.

566 5230 798 5286 Rursum
817 5220 996 5289 autem
1018 5235 1292 5291 Arnobius
1316 5253 1329 5288 :
1355 5235 1617 5303 Priorum,
1636 5237 1809 5300 inquit
1836 5238 2078 5310 (Arnob.,

495 5323 583 5380 lib.
613 5340 670 5389 ιι,
705 5339 826 5395 pag,
855 5325 925 5380 65
951 5325 997 5398 ),
1022 5330 1352 5398 repetentium
1380 5329 1621 5383 detrahit.
1662 5328 1752 5386 Sic
1777 5340 1904 5385 ante
1938 5332 2077 5387 cita-

496 5424 608 5470 tum
632 5432 661 5470 a
694 5417 848 5472 nobis
875 5433 1093 5475 carmen
1119 5421 1401 5477 Lucretius
1431 5421 1644 5478 dixerat
1672 5441 1686 5476 :

591 5528 870 5596 interrupta
888 5532 1048 5583 semel
1070 5545 1179 5583 cum
1202 5536 1268 5585 sit
1284 5536 1569 5599 repetentia
1592 5544 1771 5586 nostra.

1160 5618 1393 5682 (Lucrel.,
1419 5615 1501 5671 lib.
1519 5635 1588 5683 ιιι,
1615 5632 1739 5672 vers.
1762 5618 1898 5684 864.)

497 5753 513 5767 ⁸
568 5742 795 5811 Quidam
825 5727 1005 5803 tamen
1033 5743 1105 5802 ibi
1129 5743 1331 5819 legunt,
1357 5748 1588 5823 repentia
1613 5746 1907 5818 nostra,alii
1931 5761 2063 5805 vero

2181 4636 2341 4690 neque
2372 4620 2607 4691 ignorare
2628 4618 2981 4674 detrimentum
3020 4633 3127 4672 esse
3150 4616 3335 4681 ullum,
3375 4632 3436 4669 ac
3462 4614 3574 4672 Deo
3612 4617 3767 4671 relin-

2182 4711 2429 4784 quendas.

2257 4811 2312 4867 Si
2342 4811 2478 4865 intra
2507 4809 2606 4864 hos
2630 4808 2763 4863 lines
2792 4821 2913 4862 sese
2942 4805 3210 4861 Arnobius
3238 4807 3618 4872 continuisset,
3661 4821 3764 4863 non

2183 4903 2369 4959 debuit
2417 4904 2600 4972 utique
2654 4901 2743 4956 illa
2798 4900 2962 4954 animi
3012 4900 3155 4955 illius
3202 4898 3501 4955 moderatio
3548 4914 3767 4969 prorsus

2185 4997 2411 5066 culpari.
2452 4996 2607 5065 Saepe
2634 4994 2778 5047 enim
2809 4993 3005 5062 smpius
3036 4993 3367 5062 Augustinus
3402 4992 3617 5048 sincere
3649 5008 3767 5063 pro-

2185 5090 2360 5145 fessus
2398 5098 2483 5144 est
2523 5086 2962 5143 obscurissimam
3002 5101 3153 5150 esse,
3197 5095 3253 5142 et
3278 5088 3387 5141 sine
3431 5088 3657 5156 periculo
3688 5087 3766 5143 la-

2187 5196 2289 5239 tere
2321 5184 2507 5238 animle
2535 5183 2801 5254 originem.
2843 5181 2982 5250 Quin
3014 5182 3178 5236 immo
3204 5181 3256 5235 in
3289 5182 3464 5251 primo
3486 5181 3767 5238 Retracta-

2184 5279 2387 5333 tionunt
2416 5293 2635 5333 suarum
2666 5277 2806 5332 libro
2830 5318 2844 5341 ,
2889 5291 3047 5347 quem
3072 5275 3183 5346 jam
3213 5291 3380 5331 senex
3408 5278 3762 5347 conscripsit,

2184 5371 2522 5441 apertissime
2550 5370 2788 5425 declarat
2813 5384 2871 5424 se
2897 5368 3132 5423 nondum
3163 5368 3360 5439 aliquid
3391 5369 3459 5424 de
3492 5370 3582 5424 illa
3614 5385 3768 5427 com-

2186 5465 2392 5536 perisse
2417 5466 2548 5519 certi
2581 5463 2792 5534 penitus
2820 5471 2874 5518 et
2899 5462 3180 5518 indubitati
3208 5479 3223 5519 :
3249 5482 3267 5516 ι
3301 5463 3453 5532 Quod
3497 5464 3709 5531 attinet,
3744 5483 3763 5518 ι

2187 5560 2376 5631 inquit,
2407 5578 2425 5611 ι
2454 5558 2521 5613 ad
2562 5557 2723 5613 animi
2754 5557 3013 5629 originem
3039 5600 3054 5624 ,
3103 5571 3207 5625 qua
3237 5556 3332 5624 ﬁt,
3368 5567 3424 5611 ut
3457 5557 3528 5612 sit
3564 5558 3619 5612 in
3650 5573 3768 5613 cor-

2186 5669 2351 5725 pore,
2382 5662 2559 5708 utrum
2587 5651 2656 5708 de
2685 5651 2777 5707 illo
2801 5666 2909 5706 uno
2935 5651 3002 5706 sit
3026 5692 3042 5719 ,
3082 5652 3170 5722 qui
3202 5651 3402 5721 primus
3429 5661 3644 5707 creatus
3669 5663 3767 5722 est,

2190 5745 2405 5818 quando
2434 5746 2606 5803 iactus
2637 5754 2724 5802 est
2750 5745 2913 5800 homo
2943 5746 2996 5801 in
3027 5744 3259 5800 animam
3284 5744 3488 5813 vivam,
3519 5758 3588 5800 an
3623 5745 3773 5800 simi-
