3990 6072
227 133 332 190 481

1446 134 1511 223 tN
1540 129 1915 205 ARNOBIUM,
1944 137 2096 194 car.
2138 134 2231 197 ιχ.

3407 141 3514 203 482

228 248 353 301 titer
378 245 451 301 ita
479 246 611 301 (iant
628 245 854 318 singulis
879 248 1107 319 singuli,
1140 260 1238 304 nec
1268 256 1393 304 tunc
1417 251 1654 307 sciebam
1677 293 1691 317 ,
1718 266 1818 307 nec
1846 266 1899 323 Α
1923 255 2113 311 scribit
2164 255 2438 311 Simonem
2492 254 2701 326 Magum
2746 257 3032 315 docuisse:
3083 277 3103 311 ‹
3137 257 3389 316 Mundum
3444 263 3513 319 ab

229 341 406 397 adhuc
431 342 568 397 scio.
601 360 620 393 ι
653 342 670 410 (
706 343 898 397 Arnob.
921 385 937 409 ,
965 344 1055 399 lib.
1084 360 1123 399 ιι
1147 386 1163 411 ,
1196 362 1317 417 pag.
1361 346 1467 411 86;
1511 346 1816 419 Augustin.,

223 435 380 506 epist.
411 435 539 500 102,
560 453 682 507 pag.
710 435 853 501 587;
896 436 1047 507 epist.
1077 437 1179 493 119
1198 479 1213 503 ,
1273 455 1393 510 pag.
1425 438 1525 495 ’101
1564 439 1816 507 lietract.,

224 528 321 581 lib.
348 540 387 591 ι,
418 543 534 599 cap.
552 527 623 583 45
647 536 694 582 et
719 527 821 594 56;
845 528 936 582 lib.
961 545 1015 595 χ,
1041 528 1105 583 de
1119 527 1304 584 Genes.
1326 530 1397 584 ad
1418 532 1597 598 litter.,
1621 549 1737 604 cap.
1762 534 1817 599 5;

222 620 319 675 lib.
350 636 424 689 tv,
446 619 509 674 de
532 619 706 675 Anim.
740 621 897 692 orig.,
926 636 1041 693 cap.
1077 621 1112 677 5
1137 632 1184 677 et
1212 623 1275 680 11
1304 640 1319 689 ;
1351 625 1443 678 lib.
1474 640 1552 692 ιιι,
1577 640 1697 696 cap.
1728 626 1818 693 10,

223 714 472 782 ιὶὁ.μ.ν,
513 724 685 770 contr.
751 712 949 770 Julian.
978 757 994 785 ,
1037 722 1156 787 cap;
1203 715 1343 779 104;
1390 718 1479 772 lib.
1516 734 1533 772 ι
1564 718 1819 787 Retract.,

220 825 349 879 cap.
374 806 453 880 1.)

222 938 228 953 .
295 900 497 956 Verum
527 911 714 957 auctor
745 912 949 971 uoster,
1001 903 1225 961 ulterius
1260 920 1578 977 progressus
1604 947 1619 971 ,
1672 904 1822 961 falsa:

222 993 522 1062 Opinionis,
562 995 879 1066 errorisque
907 980 1192 1067 scopulum
1232 997 1525 1055 olfendisse
1553 1001 1817 1070 arguitur.

221 1085 342 1142 Non
368 1088 615 1159 ambigue
643 1090 788 1144 enim
817 1104 917 1145 nec
941 1089 1251 1147 dubitanter
1279 1094 1628 1164 pronuntiat,
1660 1108 1759 1149 nos
1788 1110 1818 1147 a

223 1180 443 1238 Christo
468 1181 749 1249 didicisse,
777 1203 796 1237 ς
829 1201 933 1239 non
965 1200 1089 1241 esse
1108 1187 1320 1243 animas
1348 1188 1509 1260 Regis
1539 1191 1814 1258 maximi,»

221 1290 322 1332 seu
355 1277 446 1332 Dei
476 1278 693 1345 summi,
729 1297 749 1330 ι
783 1277 954 1345 filias,
1002 1295 1103 1336 nec
1123 1282 1191 1337 ab
1213 1297 1311 1349 eo,
1364 1283 1820 1353 quemadmodum

220 1371 438 1439 dicitur,
465 1384 751 1443 generatas
782 1374 1017 1445 cmpisse
1041 1392 1101 1431 se
1131 1391 1313 1441 nosse,
1343 1386 1504 1449 atque
1534 1380 1586 1431 in
1614 1379 1698 1433 sui
1731 1394 1821 1433 no-

220 1466 384 1522 minis
435 1466 671 1523 essentia
722 1468 864 1540 (ms.
912 1484 1025 1540 reg.
1075 1468 1199 1525 cod.
1242 1470 1293 1523 in
1337 1471 1418 1525 sui
1461 1471 1683 1525 nominis
1713 1487 1821 1526 esse

219 1562 497 1633 sententia)
545 1562 825 1632 przedicari
854 1582 867 1617 :
901 1564 995 1619 sed
1021 1565 1252 1620 alterum
1277 1566 1583 1635 quempiam
1608 1567 1819 1637 genito-

1923 348 2129 418 angelis
2180 349 2293 402 suis
2342 349 2666 404 institutum.
2709 368 2728 401 ι
2761 348 3111 408 Saturninum
3159 368 3287 409 vero
3310 352 3512 426 (lbid.,

1923 455 2041 510 cap.
2067 441 2161 510 48)
2190 459 2202 495 :
2226 440 2409 512 Longe
2452 441 2718 499 distantes
2742 458 2770 497 a
2795 444 2907 500 Deo
2934 445 3154 516 angelos
3199 445 3515 504 inferiorem

1923 532 2177 588 mundum
2239 533 2462 602 fecisse;
2528 553 2547 586 ι
2599 544 2767 606 atque
2818 536 3206 609 Carpocratem
3259 537 3509 596 dixisse:

1929 644 1949 677 ι
1988 626 2256 682 Distantes
2288 628 2446 699 longe
2471 644 2502 684 a
2527 631 2895 700 superioribus
2936 633 3223 689 virtutibus
3253 634 3513 691 mundum

1923 721 2083 778 istum
2111 722 2165 777 in
2198 723 2539 780 inferioribus
2570 725 2811 796 partibus
2838 726 3167 784 condidisse.
3204 747 3223 780 ι
3259 727 3364 785 Sed
3396 728 3515 785 haec

1922 817 1978 870 in
2032 827 2188 873 sexto
2231 834 2392 889 supra
2438 819 2908 891 quadragesimum
2960 822 3116 893 hujus
3165 820 3291 878 libri
3334 823 3515 895 capite
3568 894 3578 907 .

1920 910 2117 982 scripta
2164 924 2308 967 sunt.
2335 914 2383 968 .A
2414 914 2568 969 nobis
2597 923 2776 970 autem
2804 915 2927 971 alibi
2958 916 3303 973 observatum
3331 927 3416 974 est
3445 917 3514 972 il-

1922 1005 2045 1072 lud,
2101 1015 2156 1061 et
2195 1007 2573 1079 subsequentia
2603 1008 2762 1080 hujus
2786 1010 2907 1065 libri
2938 1010 3111 1080 capita
3142 1012 3190 1066 ei
3230 1011 3298 1068 ab
3343 1011 3516 1081 impo-

1920 1108 2067 1155 store
2111 1100 2292 1170 aliquo
2330 1100 2497 1158 fuisse
2539 1101 2746 1173 adjecta
2775 1104 2924 1176 (tam.
2958 1106 2981 1160 1
3016 1105 3296 1176 Apparat.,
3328 1123 3449 1178 pag.
3478 1105 3513 1160 8

1921 1202 1969 1246 et
2000 1190 2115 1265 15).
2148 1194 2212 1249 Et
2240 1211 2299 1251 re
2323 1197 2538 1265 quidem
2585 1212 2712 1254 vera
2742 1198 2794 1252 in
2821 1198 3003 1253 ultima
3050 1200 3276 1269 operuni
3303 1199 3515 1256 Tertul-

1920 1284 2046 1340 liani
2074 1286 2311 1343 editione
2333 1300 2645 1345 annotatttm
2671 1301 2753 1346 est
2774 1290 2890 1347 haec
2906 1292 3086 1348 omnia
3104 1295 3159 1348 in
3178 1292 3513 1350 vetutissimo

1920 1379 2189 1451 Agttbal‘tll
2217 1382 2404 1438 codice
2430 1399 2534 1438 nou
2562 1385 2812 1454 reperiri.

1992 1473 2099 1528 Nos
2122 1474 2338 1545 quidem
2368 1493 2473 1533 non
2506 1478 2641 1548 fngit
2664 1478 2734 1533 ab
2756 1478 2947 1535 eodem
2980 1480 3312 1538 Tertulliano
3343 1482 3397 1537 in
3417 1498 3514 1555 ge-

1923 1568 2089 1622 nuino
2115 1569 2183 1624 de
2210 1570 2405 1626 Anima
2438 1572 2575 1626 libro
2604 1572 2718 1628 haec
2745 1574 2811 1628 de
2841 1572 3076 1630 Saturno
3101 1577 3315 1647 scriptis
3361 1593 3513 1634 man-

220 1674 337 1713 retn
379 1657 465 1713 his
504 1672 628 1713 esse
648 1699 663 1722 ,
716 1658 996 1729 dignitatis
1024 1666 1080 1714 et
1106 1660 1361 1730 potentia:
1403 1660 1658 1731 gradibus
1687 1662 1818 1716 satis
1848 1658 1896 1717 B
1922 1657 2045 1714 data
2072 1678 2086 1714 :
2119 1679 2138 1711 ι
2168 1660 2450 1719 Hominem
2505 1664 2740 1720 afﬁrmat
2773 1666 2842 1721 ab
2868 1666 3086 1739 Angelis
3137 1668 3356 1737 factum,
3398 1672 3511 1741 pri-

220 1753 474 1823 plurimis
503 1754 571 1809 ab
599 1755 945 1824 imperatore,
978 1773 997 1807 ι
1031 1754 1084 1809 id
1112 1766 1216 1823 est,
1243 1755 1379 1823 Deo,
1408 1774 1426 1807 ι
1452 1755 1817 1827 disjunctum;

220 1846 340 1917 ejus
371 1855 554 1902 tamen
587 1863 651 1903 ex
679 1848 801 1903 aula
830 1847 1185 1903 eminentium
1216 1848 1452 1903 nobilem
1484 1848 1820 1904 sublimitate

220 1942 504 1997 natalium.
539 1960 557 1992 ι
609 1941 855 2013 (Arnob.,
887 1942 978 1996 lib.
1010 1957 1071 2009 ll,
1106 1958 1227 2014 pag.
1254 1939 1371 2012 68.)
1419 1940 1581 1997 Suam
1637 1942 1708 1996 ibi
1751 1942 1820 1997 de

220 2037 526 2091 animarum
578 2044 885 2090 nostrarum
927 2035 1137 2105 origine
1183 2043 1419 2090 mentem
1459 2050 1565 2089 non
1593 2034 1820 2103 obscure

221 2144 452 2201 prorsus
479 2127 674 2199 aperit.
706 2128 889 2184 Primo
917 2128 1184 2198 siquidem
1217 2142 1427 2194 eorum,
1451 2127 1518 2183 de
1546 2127 1740 2197 quibus
1765 2128 1818 2182 itt

222 2222 492 2294 superiori
522 2220 772 2289 articulo,
798 2221 975 2292 rejicit
996 2221 1331 2292 opinionem,
1356 2221 1448 2291 qui
1476 2220 1818 2277 arbitraban-

222 2327 311 2372 tur
338 2316 463 2371 illas
487 2316 682 2371 summi
710 2313 803 2370 Dei
833 2314 972 2369 filias
995 2356 1010 2379 ,
1044 2322 1100 2370 et
1121 2314 1189 2369 ab
1216 2329 1283 2371 eo
1308 2323 1627 2385 generatas,
1659 2330 1821 2371 nosse

224 2426 286 2465 se
316 2410 551 2481 coepisse
579 2418 870 2480 antequam
903 2409 955 2463 in
988 2422 1188 2479 corpus
1234 2406 1666 2463 infunderentur.
1718 2407 1820 2463 Se-

222 2504 405 2560 cundo
442 2503 636 2560 asserit
664 2519 756 2559 eas
784 2518 816 2557 a
846 2502 1099 2573 quopiam
1133 2510 1449 2570 procreatas
1472 2499 1639 2557 fuisse
1663 2501 1820 2572 geni—

221 2604 366 2663 tore,
399 2597 492 2667 qui
514 2612 580 2653 ex
608 2596 850 2666 ejusdem
900 2595 1094 2649 summi
1130 2594 1227 2648 Dei
1259 2594 1381 2649 aula
1410 2594 1529 2659 fuit,
1561 2595 1819 2649 natalium

223 2706 448 2746 suorum
473 2690 761 2760 splendore
790 2688 1019 2755 nobilis,
1057 2687 1153 2743 sed
1199 2689 1332 2744 satis
1363 2688 1610 2758 plurimis
1638 2689 1817 2759 digni-

222 2787 352 2840 tatis
382 2794 438 2841 et
462 2785 714 2855 potentiae
734 2799 845 2839 suae
870 2783 1126 2854 gradibus
1152 2782 1222 2837 ab
1252 2783 1371 2854 ipso
1398 2782 1699 2853 sejunctus.

293 2880 481 2952 Neque
511 2878 563 2935 id
584 2879 653 2935 ab
682 2894 749 2947 eo
776 2879 989 2935 incaute
1014 2885 1109 2932 aut
1139 2877 1456 2933 haesitanter
1483 2877 1686 2934 dictum
1717 2895 1817 2950 pu-

223 2972 448 3031 taveris.
486 2971 620 3028 Nam
652 2972 783 3029 illud
814 2988 945 3027 sane
970 2972 1101 3027 alibi
1128 2971 1269 3027 haud
1297 2971 1466 3028 semel
1496 2986 1817 3028 asseveran-

1923 1769 2118 1824 moque
2146 1770 2281 1825 opus
2304 1756 2452 1813 futile
2481 1769 2535 1813 et
2560 1758 2875 1827 invalidum,
2897 1769 2952 1816 et
2972 1761 3238 1829 instabile,
3287 1763 3340 1818 in
3370 1771 3512 1820 terra

1923 1846 2120 1902 vermis
2142 1848 2311 1903 instar
2333 1849 2645 1919 palpitasse,
2664 1851 2805 1921 quod
2831 1852 3162 1908 consistendi
3191 1855 3337 1911 vires
3355 1855 3513 1912 dees-

1923 1949 2066 1995 sent.
2097 1939 2299 1997 Dehinc
2325 1958 2393 1997 ex
2425 1942 2794 2000 misericordia
2823 1960 3049 2001 summae
3095 1948 3376 2017 potestatis
3398 1990 3414 2016 ,
3441 1948 3511 2005 ad

1922 2031 2073 2102 cujus
2098 2032 2357 2104 efﬁgiem,
2390 2021 2491 2091 nee
2519 2046 2697 2092 tamen
2729 2037 2886 2108 plene
2915 2049 3276 2111 perspectam,
3307 2052 3513 2100 temere

1923 2133 2158 2181 structus
2183 2127 2394 2195 fuisset,
2424 2129 2771 2187 scintillulam
2803 2133 2929 2188 vita:
2956 2144 3307 2191 consecutunt
3332 2179 3347 2204 ,
3391 2153 3511 2208 quae

1924 2217 2050 2273 illttd
2081 2222 2419 2277 exsuscitarit
2439 2231 2494 2278 et
2517 2224 2774 2290 erexerit,
2797 2234 2854 2281 et
2876 2228 3212 2286 constantius
3238 2230 3508 2300 animarit,

1921 2319 1975 2365 et
2018 2322 2138 2382 post
2180 2313 2463 2371 decessum
2517 2317 2640 2372 vita:
2670 2317 2739 2373 ad
2771 2320 3045 2376 matricem
3095 2322 3329 2379 relatura
3359 2324 3446 2379 sit.
3483 2343 3503 2374 δ

1922 2402 2189 2476 (Tertull.,
2222 2406 2309 2462 lib.
2338 2410 2401 2463 de
2422 2408 2621 2475 Anim.,
2655 2427 2771 2480 cap.
2800 2411 2890 2478 25,
2921 2430 3042 2486 pag.
3072 2413 3225 2489 555.)
3270 2416 3377 2474 Sed
3423 2418 3513 2475 hic

1924 2511 2079 2553 error
2104 2510 2362 2570 quantum
2393 2502 2461 2557 ab
2485 2503 2747 2573 explicata
2771 2505 2995 2561 Arnobii
3026 2507 3279 2579 opinione
3305 2510 3511 2568 discre-

1923 2600 2033 2659 pet,
2064 2607 2224 2647 nemo
2246 2608 2376 2649 sane
2398 2605 2481 2650 est
2510 2597 2601 2665 qui
2624 2613 2729 2652 non
2763 2597 2959 2653 videat.

1993 2684 2261 2742 Praeterea
2315 2688 2426 2742 alio
2474 2689 2527 2744 in
2580 2690 2721 2745 libro
2770 2692 3248 2750 animadvertimus
3291 2696 3437 2769 (tant.
3469 2715 3508 2765 ι,

1922 2781 2177 2851 Apparat.
2211 2781 2301 2837 lib.
2322 2799 2395 2849 tt;
2424 2783 2626 2839 dissert.
2663 2786 2715 2852 1,
2746 2803 2864 2858 cap.
2895 2787 2949 2853 5,
3001 2797 3102 2843 art.
3144 2789 3207 2857 1,,
3228 2808 3347 2865 pag.
3380 2792 3508 2859 286,

1921 2881 1969 2926 et
2006 2884 2107 2930 art.
2149 2875 2218 2942 5,
2316 2876 2386 2942 2,
2418 2896 2539 2949 pag.
2569 2877 2710 2943 292;
2740 2890 2788 2935 et
2818 2897 2933 2954 cap.
2963 2882 3031 2951 5,
3056 2882 3086 2957 §
3114 2886 3175 2952 5.
3205 2905 3324 2961 pag.
3355 2889 3507 2962 517).

1925 2965 2278 3023 Saturninum
2309 2969 2564 3027 docuisse
2605 2974 2878 3031 hominem
2908 2987 3210 3049 creteraque
3233 2984 3412 3039 omnia
3442 2985 3512 3041 ab

222 3081 307 3128 ter
336 3071 671 3144 pronuntiat.
705 3068 921 3125 Alicuhi
949 3067 1216 3139 siquidem
1251 3087 1264 3124 :
1300 3087 1319 3120 ‹
1350 3052 1749 3139 Conspicimus,
1792 3087 1811 3121 ι
1848 3045 1893 3108 C
1924 3061 2130 3133 angelis
2158 3105 2172 3129 ,
2209 3075 2396 3132 prater
2423 3068 2788 3123 conscientia»:
2816 3070 3022 3140 Patris;
3054 3084 3109 3131 et
3124 3045 3511 3148 iCarpocratetn

221 3168 297 3223 ait
323 3164 518 3235 (Ibid.,
548 3183 673 3237 pag.
696 3162 813 3236 75),
843 3182 861 3215 ι
895 3162 1160 3229 homines,
1195 3163 1248 3218 id
1272 3172 1376 3230 est,
1416 3162 1625 3217 animas
1652 3165 1815 3233 ipsas,

221 3261 377 3333 (quid
407 3260 552 3316 enim
579 3268 707 3316 sunt
735 3257 1006 3325 homines,
1026 3258 1127 3313 nisi
1149 3258 1343 3341 animae
1368 3257 1689 3327 corporibus
1717 3257 1819 3312 illi—

219 3353 426 3427 gatm?)
484 3354 730 3409 suavitate
770 3350 1150 3408 innumerabili
1179 3351 1433 3406 vitiorum
1463 3351 1610 3422 ipsos
1641 3366 1702 3407 se
1730 3352 1815 3407 in-

219 3450 408 3508 dicare
434 3467 542 3506 non
569 3464 691 3505 esse
715 3448 929 3520 patricii
954 3447 1173 3518 generis
1196 3488 1212 3513 ,
1247 3447 1341 3503 sed
1364 3462 1430 3502 ex
1453 3446 1819 3502 mediocribus

215 3544 441 3601 familiis
485 3551 820 3614 procreatos.
863 3559 883 3592 ι
936 3540 1080 3595 Alibi
1134 3554 1265 3595 vero
1308 3538 1495 3611 (lbid.,
1526 3556 1648 3610 pag.
1675 3539 1814 3609 79):

224 3656 248 3691 ι
282 3637 402 3693 Non
424 3637 625 3693 absone
644 3677 661 3703 ,
708 3650 881 3706 neque
909 3634 1141 3691 inaniter
1164 3633 1435 3690 credimus
1461 3633 1653 3689 mediae
1681 3649 1815 3704 qua-

216 3733 391 3791 litatis
444 3746 568 3788 esse
618 3731 829 3785 animas
878 3728 1186 3792 hominum,
1220 3734 1463 3797 utpotea
1496 3726 1660 3782 rebus
1709 3741 1816 3782 non

220 3824 608 3900 principalibus
648 3823 841 3878 editas.
876 3841 895 3873 ι
949 3820 1088 3889 Quid
1138 3820 1306 3876 vero?
1352 3819 1495 3891 quod
1530 3820 1818 3891 impietatis

218 3938 346 3979 eum
405 3926 663 3983 accusat,
711 3915 804 3986 qui
852 3914 1088 3970 animam
1116 3929 1146 3969 a
1173 3914 1281 3969 Deo
1316 3924 1555 3969 creatam
1599 3914 1817 3969 dixerit.

224 4036 245 4069 ί
280 4014 568 4084 Sacrilegzc
611 4012 813 4067 crimen
864 4006 1154 4078 impietatis
1186 4008 1436 4073 incurrit,
1470 4007 1718 4077 quisquis
1749 4005 1817 4062 ab

217 4126 287 4167 eo
315 4104 475 4183 (Deo)
503 4104 814 4174 conceperit
844 4102 1118 4157 hominem
1142 4115 1264 4156 esse
1288 4110 1608 4171 prognatum
1629 4140 1643 4163 ,
1693 4114 1807 4154 rem

217 4203 491 4260 infelicem
514 4208 569 4256 et
590 4200 863 4254 miseram.
890 4215 910 4249 ι
936 4195 1067 4264 Quis
1094 4195 1275 4265 itaque
1301 4193 1618 4248 difiitebitur
1647 4201 1817 4246 ratam

218 4296 302 4352 illi
328 4302 639 4364 certamque
669 4289 836 4344 fuisse
862 4288 1002 4344 hanc
1031 4287 1360 4356 opinionem,
1380 4301 1540 4357 quam
1570 4285 1729 4340 toties
1756 4300 1819 4340 ac

219 4398 334 4444 tam
359 4386 508 4443 clare
529 4394 583 4440 et
602 4390 916 4440 constanter
940 4378 1158 4435 tradidit
1179 4387 1234 4435 et
1254 4376 1527 4434 asseruit?
1565 4375 1685 4432 Non
1713 4377 1820 4432 alio

1922 3153 1990 3210 ab
2012 3156 2237 3227 angelis,
2271 3172 2526 3228 supremo
2555 3170 2795 3230 parente,
2816 3178 2846 3218 a
2870 3180 2978 3236 quo
3003 3166 3332 3238 defecerant,
3355 3173 3513 3245 longe

1922 3249 2303 3317 inferioribus;
2358 3251 2684 3309 Marcionem
2717 3271 2849 3313 vero
2875 3257 2945 3313 ab
2970 3259 3142 3317 altero
3169 3262 3281 3319 Deo
3306 3274 3509 3322 creata.

1921 3341 2053 3410 Qua:
2105 3343 2459 3413 proculdubio
2506 3347 2817 3416 opinionum
2864 3361 3106 3409 monstra
3151 3355 3222 3412 ab
3270 3359 3512 3417 Arnobio

1923 3437 2104 3505 potius
2131 3436 2335 3506 rejecta
2360 3454 2523 3510 quam
2554 3439 2807 3511 adoptata
2833 3454 2978 3501 sunt.

1994 3530 2299 3587 Seleuciaui
2329 3549 2524 3603 porro,
2555 3543 2694 3592 teste
2722 3540 3020 3611 Augustino
3046 3561 3058 3596 :
3090 3562 3110 3596 ‹
3142 3543 3252 3602 Nec
3276 3550 3511 3606 animant

1924 3624 2034 3681 Deo
2065 3626 2306 3683 tribuunt
2329 3631 2596 3696 creatori,
2647 3632 2743 3688 sed
2771 3647 3045 3693 creatures
3068 3654 3191 3697 esse
3212 3642 3512 3700 animarum

1921 3718 2145 3790 angelos
2172 3720 2357 3776 volunt
2382 3722 2450 3777 de
2478 3724 2601 3794 igne
2629 3734 2683 3779 et
2707 3727 2920 3795 spiritu.
2961 3749 2979 3783 ι
3013 3730 3255 3804 (August.
3280 3777 3296 3804 ,
3329 3736 3417 3791 lib.
3450 3740 3513 3794 de

1925 3809 2155 3880 eres.,
2191 3813 2218 3886 §
2252 3812 2368 3886 56.)
2400 3814 2505 3870 Sed
2538 3816 2589 3870 hi
2632 3816 2873 3876 haeretici
2920 3824 3160 3882 Arnobio
3187 3831 3511 3898 posteriores

1925 3903 2196 3960 videntur.
2231 3905 2299 3961 Et
2327 3907 2441 3962 haec
2470 3908 2687 3979 quidem
2715 3911 2770 3966 in
2795 3929 2981 3969 eorum
3008 3921 3230 3987 gratiam
3258 3922 3511 3980 observa-

1922 4012 2062 4065 mus,
2086 3999 2177 4069 qui
2198 3998 2321 4069 jure
2351 4001 2542 4057 merito
2569 4004 2756 4060 volunt
2781 4007 2850 4063 de
2876 4010 3218 4080 antiquorum
3250 4015 3509 4076 Ecclesia:

1898 4088 2138 4144 .Patrum
2166 4093 2382 4163 scriptis
2410 4102 2464 4147 et
2488 4098 2771 4155 sententiis
2801 4112 3050 4158 accurate
3080 4104 3374 4177 disputari,
3408 4127 3511 4175 nec

1921 4184 2000 4238 eis
2026 4183 2251 4252 alienos,
2280 4191 2348 4241 de
2368 4186 2565 4257 quibus
2586 4188 2718 4245 nihil
2747 4207 2998 4265 umquam
3014 4198 3339 4271 cogitarunt,
3360 4218 3510 4261 erro-

1922 4291 2010 4331 res
2040 4276 2259 4333 ascribi.
2898 4294 2905 4301 ‘

1994 4368 2262 4428 Caeterum
2290 4374 2432 4431 scire
2454 4391 2641 4448 parum
2671 4377 2899 4439 interest
2923 4392 3125 4455 utrum,
3149 4397 3204 4445 et
3225 4406 3293 4447 ex
3315 4394 3509 4463 quibus

220 4440 406 4537 autem
434 4440 786 4534 fundamento
812 4473 1036 4538 nititur;
1071 4471 1173 4525 nisi
1203 4469 1345 4541 quod
1372 4484 1713 4540 persuasum,
1739 4467 1816 4523 uti
1846 4440 1900 4501 D
1924 4462 2196 4525 hzereticis
2224 4484 2377 4524 suam
2404 4472 2713 4541 opinionem
2741 4476 3014 4533 Arnobius
3036 4440 3371 4541 delibaverii.
3402 4476 3510 4542 No-

219 4578 482 4641 vidimus,
509 4575 669 4647 plane
698 4572 887 4627 habuit
908 4566 1176 4632 homines,
1209 4582 1305 4623 seu
1328 4566 1541 4621 animas
1569 4564 1818 4620 humanis

221 4667 546 4740 corporibus
569 4666 818 4736 illigatas,
844 4670 921 4716 tot
952 4659 1095 4714 vitiis
1120 4658 1447 4721 obnoxias,a
1479 4657 1587 4711 Deo
1612 4658 1817 4727 optimo

218 4761 482 4827 maxime,
500 4759 590 4830 qui
615 4758 748 4814 nihil
771 4754 875 4810 nisi
895 4753 1115 4810 omnino
1142 4750 1439 4823 perfectum
1470 4758 1523 4805 et
1551 4749 1814 4820 integrum

220 4860 407 4915 facere
433 4862 633 4928 potest,
663 4861 875 4909 creatas
904 4864 1012 4905 non
1037 4849 1222 4904 fuisse.
1560 4852 1563 4855 '

298 4951 407 5009 Sed
457 4950 582 5004 huic
624 4945 850 5004 Arnobii
889 4942 1128 5014 opinioni
1156 4956 1262 4996 non
1291 4939 1467 4996 solum
1496 4939 1742 4994 falsitatis
1762 4949 1819 4996 et

220 5044 452 5111 erroris,
485 5041 578 5099 sed
610 5038 954 5097 deliramenti
985 5037 1179 5099 etiam,
1211 5032 1601 5103 horrendaeque
1631 5032 1818 5102 impie-

222 5141 375 5206 tatis,
396 5146 452 5194 et
476 5134 828 5205 blasphemiae
850 5139 975 5187 nota
1000 5129 1068 5185 ab
1086 5125 1483 5184 Elmenhorstio
1507 5134 1561 5180 et
1587 5124 1821 5180 lleraldo

222 5233 478 5289 inuritur.
512 5227 592 5283 Ex
622 5224 859 5282 Simonis
889 5232 1068 5278 autem
1096 5219 1370 5276 Saturnini
1392 5262 1405 5286 ,
1439 5217 1816 5288 Carpocratis,

217 5319 515 5382 Marcionis
545 5362 560 5385 ,
615 5316 1059 5374 Seleucianorum
1102 5322 1157 5368 et
1205 5311 1619 5367 Hermianorum
1658 5310 1821 5378 insig-

215 5418 376 5474 nium
401 5413 779 5471 ltaareticorum
821 5408 1006 5465 schola
1036 5409 1177 5461 hunc
1199 5419 1443 5460 errorem
1473 5403 1815 5473 depromtum

218 5508 552 5567 existimant.
585 5503 738 5573 Quod
766 5501 986 5575 quidem
1027 5499 1256 5570 probare
1283 5506 1550 5553 conantur
1580 5496 1817 5552 auctori-

218 5612 340 5659 tate
362 5598 693 5666 Tertulliani,
715 5598 807 5668 qui
839 5598 890 5651 in
919 5594 1057 5651 libro
1082 5593 1150 5649 dc
1175 5590 1680 5662 l’rtescriptionibus
1708 5588 1818 5644 bre-

217 5697 519 5760 reticorum
546 5690 785 5769 (Tertull.
819 5692 905 5747 lib.
954 5690 1017 5746 de
1066 5685 1288 5744 Prwscr.
1321 5687 1496 5742 Itwret.
1527 5728 1541 5754 ,
1575 5701 1692 5757 cap.
1722 5683 1817 5759 46)

1904 4560 2004 4616 .bis
2032 4563 2174 4618 enim
2199 4579 2360 4621 nosse
2386 4566 2586 4623 sufficit
2604 4584 2722 4624 eam
2746 4569 2996 4629 falsitatis
3016 4584 3073 4632 et
3091 4580 3291 4636 erroris
3314 4583 3510 4640 merito

1920 4655 2296 4713 condemnari.
2315 4658 2397 4712 Ab
2414 4658 2717 4730 Augustino
2733 4663 2951 4734 quippe,
2976 4676 3032 4722 ut
3049 4669 3184 4726 alios
3212 4679 3506 4744 taceamus,

1921 4745 2005 4801 his
2032 4747 2213 4803 verbis
2245 4751 2602 4818 proscribitur
2630 4770 2643 4805 :
2679 4771 2699 4804 ‹
2731 4753 2831 4822 Qui
2879 4755 3090 4814 Platoni
3125 4777 3225 4816 suo
3258 4764 3507 4834 credunt,

1919 4854 2028 4894 non
2053 4840 2121 4895 ab
2145 4838 2237 4897 illo
2262 4855 2474 4897 summo
2510 4843 2640 4912 Deo,
2670 4847 2761 4917 qui
2792 4847 3085 4909 fabricatus
3112 4864 3195 4909 est
3223 4859 3506 4929 muttdum,

1924 4931 2018 4986 sed
2040 4931 2109 4985 ab
2135 4931 2255 4987 aliis
2299 4934 2599 4991 minoribus
2621 4977 2635 5002 ,
2664 4953 2801 5010 quos
2824 4941 3038 5011 quidem
3069 4944 3185 5016 ipse
3206 4955 3471 5013 creaverit
3490 4997 3508 5024 ,

1924 5025 2190 5094 permissu
2231 5025 2346 5083 sive
2375 5027 2531 5097 jussu
2562 5028 2681 5100 ejus
2722 5033 2974 5089 animalia
3005 5036 3140 5094 facta
3170 5054 3361 5101 cuncta
3389 5064 3510 5106 esse

1922 5116 2199 5185 mortalia,
2232 5117 2284 5173 in
2313 5119 2509 5189 quibus
2552 5122 2714 5177 homo
2753 5125 3106 5196 praecipuum,
3138 5131 3350 5207 diisque
3380 5139 3509 5210 ipsis

1923 5218 2246 5279 cognatum,
2280 5221 2484 5267 teneret
2527 5213 2734 5281 locmn,
2764 5216 2808 5269 si
2839 5221 3226 5288 superstitione
3251 5242 3506 5304 careant,

1923 5317 2024 5371 qua
2048 5314 2315 5371 quazrnnt,
2341 5305 2484 5361 unde
2506 5305 2652 5376 juste
2679 5308 2965 5366 videantur
2991 5329 3144 5372 sacra
3169 5333 3218 5376 et
3243 5326 3508 5386 sacrificia

1923 5394 2121 5461 facere,
2146 5396 2298 5466 quasi
2322 5397 2688 5455 conditoribus
2718 5401 2853 5470 suis,
2877 5403 3033 5464 facile
3058 5413 3318 5471 carebunt
3344 5422 3507 5480 etiam

1915 5480 2078 5560 hujus
2109 5491 2375 5560 opinionis
2397 5509 2604 5550 errore.
2633 5494 2818 5568 Neque
2845 5503 2990 5559 enim
3019 5505 3101 5561 fas
3121 5518 3207 5565 est
3224 5510 3385 5567 ullius
3416 5532 3511 5571 na-

1924 5595 2080 5651 turm,
2104 5586 2398 5656 quamlibet
2418 5588 2652 5646 minimae
2683 5596 3037 5672 mortalisque
3065 5612 3394 5671 creatorem,
3414 5610 3516 5665 nisi

1920 5679 2089 5739 Deum
2142 5679 2367 5739 credere
2395 5698 2458 5740 ac
2483 5682 2663 5743 dicere
2684 5729 2700 5756 ,
2749 5697 2804 5746 et
2833 5704 3125 5766 antequam
3154 5696 3340 5767 possit
3360 5697 3523 5763 intets
