  <div class='ocr_page' id='page_1' title='image "/cluster/home/n/w/nwhite01/storage/ocr_20150623/5/hvd.32044073505083/247.png"; bbox 0 0 3990 6072; ppageno 0'>
   <div class='ocr_carea' id='block_1_1' title="bbox 487 198 595 264">
    <p class='ocr_par' dir='ltr' id='par_1_1' title="bbox 487 198 595 264">
     <span class='ocr_line' id='line_1_1' title="bbox 487 198 595 264; baseline 0 -1"><span class='ocrx_word' id='word_1_1' title='bbox 487 198 595 264; x_wconf 66' lang='grc' dir='ltr'><strong>ἠ85</strong></span> 
     </span>
    </p>
   </div>
   <div class='ocr_carea' id='block_1_2' title="bbox 1729 200 2525 295">
    <p class='ocr_par' dir='ltr' id='par_1_2' title="bbox 1729 200 2525 295">
     <span class='ocr_line' id='line_1_2' title="bbox 1729 200 2525 295; baseline -0.004 -18"><span class='ocrx_word' id='word_1_2' title='bbox 1729 204 2212 295; x_wconf 52' lang='lat' dir='ltr'><strong>(obscuratio</strong></span> <span class='ocrx_word' id='word_1_3' title='bbox 2248 200 2525 275; x_wconf 61' lang='lat' dir='ltr'><strong>etiam</strong></span> 
     </span>
    </p>
   </div>
   <div class='ocr_carea' id='block_1_3' title="bbox 3668 210 3781 278">
    <p class='ocr_par' dir='ltr' id='par_1_3' title="bbox 3668 210 3781 278">
     <span class='ocr_line' id='line_1_3' title="bbox 3668 210 3781 278; baseline 0 0"><span class='ocrx_word' id='word_1_4' title='bbox 3668 210 3781 278; x_wconf 62' lang='lat' dir='ltr'><strong>tsi</strong></span> 
     </span>
    </p>
   </div>
   <div class='ocr_carea' id='block_1_4' title="bbox 489 318 3782 409">
    <p class='ocr_par' dir='ltr' id='par_1_4' title="bbox 489 318 3782 409">
     <span class='ocr_line' id='line_1_4' title="bbox 489 318 3782 409; baseline 0.005 -35"><span class='ocrx_word' id='word_1_5' title='bbox 489 318 636 392; x_wconf 64' lang='lat' dir='ltr'><strong>ligi.»</strong></span> <span class='ocrx_word' id='word_1_6' title='bbox 670 320 1056 409; x_wconf 75' lang='lat' dir='ltr'><strong>(Augitst.,_lib.</strong></span> <span class='ocrx_word' id='word_1_7' title='bbox 1090 332 1185 397; x_wconf 72' lang='lat' dir='ltr'><strong>iiii,</strong></span> <span class='ocrx_word' id='word_1_8' title='bbox 1217 322 1279 384; x_wconf 79' lang='lat' dir='ltr'><strong>de</strong></span> <span class='ocrx_word' id='word_1_9' title='bbox 1304 320 1611 407; x_wconf 75' lang='lat' dir='ltr'><strong>Civit.,cap.</strong></span> <span class='ocrx_word' id='word_1_10' title='bbox 1636 322 1726 404; x_wconf 65' lang='lat'><strong>‘24,</strong></span> <span class='ocrx_word' id='word_1_11' title='bbox 1760 355 1880 409; x_wconf 84' lang='lat' dir='ltr'><strong>pag.</strong></span> <span class='ocrx_word' id='word_1_12' title='bbox 1910 336 2063 407; x_wconf 71' lang='lat'><strong>39.2.)</strong></span> <span class='ocrx_word' id='word_1_13' title='bbox 2091 342 2144 402; x_wconf 79' lang='grc' dir='ltr'><strong>Α</strong></span> <span class='ocrx_word' id='word_1_14' title='bbox 2169 336 2330 391; x_wconf 88' lang='lat' dir='ltr'><strong>etiam</strong></span> <span class='ocrx_word' id='word_1_15' title='bbox 2359 333 2677 391; x_wconf 82' lang='lat' dir='ltr'><strong>lieterodoxi</strong></span> <span class='ocrx_word' id='word_1_16' title='bbox 2704 334 3000 406; x_wconf 86' lang='lat' dir='ltr'><strong>scriptores</strong></span> <span class='ocrx_word' id='word_1_17' title='bbox 3028 335 3259 406; x_wconf 80' lang='lat' dir='ltr'><strong>ingenue</strong></span> <span class='ocrx_word' id='word_1_18' title='bbox 3285 351 3348 393; x_wconf 90' lang='lat' dir='ltr'><strong>ac</strong></span> <span class='ocrx_word' id='word_1_19' title='bbox 3372 336 3608 393; x_wconf 98' lang='lat' dir='ltr'><strong>rotunde</strong></span> <span class='ocrx_word' id='word_1_20' title='bbox 3637 352 3782 393; x_wconf 88' lang='lat' dir='ltr'><strong>con-</strong></span> 
     </span>
    </p>
   </div>
   <div class='ocr_carea' id='block_1_5' title="bbox 488 406 2068 501">
    <p class='ocr_par' dir='ltr' id='par_1_5' title="bbox 488 406 2068 501">
     <span class='ocr_line' id='line_1_5' title="bbox 488 406 2068 501; baseline 0.012 -33"><span class='ocrx_word' id='word_1_21' title='bbox 488 414 638 482; x_wconf 83' lang='lat' dir='ltr'><strong>Quod</strong></span> <span class='ocrx_word' id='word_1_22' title='bbox 683 416 897 487; x_wconf 80' lang='lat' dir='ltr'><strong>quidem</strong></span> <span class='ocrx_word' id='word_1_23' title='bbox 945 406 1281 493; x_wconf 70' lang='lat' dir='ltr'><strong>Epiphanius</strong></span> <span class='ocrx_word' id='word_1_24' title='bbox 1333 424 1532 497; x_wconf 88' lang='lat' dir='ltr'><strong>aliique</strong></span> <span class='ocrx_word' id='word_1_25' title='bbox 1558 406 1738 485; x_wconf 87' lang='lat' dir='ltr'><strong>variis</strong></span> <span class='ocrx_word' id='word_1_26' title='bbox 1793 406 2068 501; x_wconf 81' lang='lat' dir='ltr'><strong>certisque</strong></span> 
     </span>
    </p>
   </div>
   <div class='ocr_carea' id='block_1_6' title="bbox 489 508 2074 595">
    <p class='ocr_par' dir='ltr' id='par_1_6' title="bbox 489 508 2074 595">
     <span class='ocr_line' id='line_1_6' title="bbox 489 508 2074 595; baseline 0.011 -35"><span class='ocrx_word' id='word_1_27' title='bbox 489 512 657 562; x_wconf 67' lang='lat' dir='ltr'><strong>eaet-ie</strong></span> <span class='ocrx_word' id='word_1_28' title='bbox 680 508 974 595; x_wconf 62' lang='lat' dir='ltr'><strong>Scriptura?</strong></span> <span class='ocrx_word' id='word_1_29' title='bbox 996 516 1314 571; x_wconf 76' lang='lat' dir='ltr'><strong>testimoniis</strong></span> <span class='ocrx_word' id='word_1_30' title='bbox 1340 518 1736 578; x_wconf 85' lang='lat' dir='ltr'><strong>demonstrant.</strong></span> <span class='ocrx_word' id='word_1_31' title='bbox 1759 514 2074 595; x_wconf 84' lang='lat' dir='ltr'><strong>(Epiphan.,</strong></span> 
     </span>
    </p>
   </div>
   <div class='ocr_carea' id='block_1_7' title="bbox 489 592 1414 685">
    <p class='ocr_par' dir='ltr' id='par_1_7' title="bbox 489 592 1414 685">
     <span class='ocr_line' id='line_1_7' title="bbox 489 592 1414 685; baseline 0.016 -32"><span class='ocrx_word' id='word_1_32' title='bbox 489 600 667 657; x_wconf 71' lang='lat' dir='ltr'><strong>limes.</strong></span> <span class='ocrx_word' id='word_1_33' title='bbox 691 592 781 671; x_wconf 61' lang='lat' dir='ltr'><strong>Q3,</strong></span> <span class='ocrx_word' id='word_1_34' title='bbox 815 596 918 677; x_wconf 70' lang='lat'><strong>§5,</strong></span> <span class='ocrx_word' id='word_1_35' title='bbox 950 612 1069 678; x_wconf 75' lang='lat' dir='ltr'><strong>&quot;pag.</strong></span> <span class='ocrx_word' id='word_1_36' title='bbox 1095 598 1165 664; x_wconf 84' lang='lat'><strong>65</strong></span> <span class='ocrx_word' id='word_1_37' title='bbox 1187 620 1232 663; x_wconf 88' lang='lat' dir='ltr'><strong>et</strong></span> <span class='ocrx_word' id='word_1_38' title='bbox 1252 612 1414 685; x_wconf 77' lang='lat' dir='ltr'><strong>seqq.)</strong></span> 
     </span>
    </p>
   </div>
   <div class='ocr_carea' id='block_1_8' title="bbox 560 690 2075 778">
    <p class='ocr_par' dir='ltr' id='par_1_8' title="bbox 560 690 2075 778">
     <span class='ocr_line' id='line_1_8' title="bbox 560 690 2075 778; baseline 0.013 -33"><span class='ocrx_word' id='word_1_39' title='bbox 560 691 728 748; x_wconf 84' lang='lat' dir='ltr'><strong>Porro</strong></span> <span class='ocrx_word' id='word_1_40' title='bbox 747 698 926 752; x_wconf 72' lang='lat' dir='ltr'><strong>autem</strong></span> <span class='ocrx_word' id='word_1_41' title='bbox 957 701 1205 769; x_wconf 84' lang='lat' dir='ltr'><strong>quamvis</strong></span> <span class='ocrx_word' id='word_1_42' title='bbox 1230 690 1503 761; x_wconf 64' lang='lat' dir='ltr'><strong>Arnobius</strong></span> <span class='ocrx_word' id='word_1_43' title='bbox 1528 710 1635 761; x_wconf 81' lang='lat' dir='ltr'><strong>tam</strong></span> <span class='ocrx_word' id='word_1_44' title='bbox 1666 706 1949 778; x_wconf 78' lang='lat' dir='ltr'><strong>praefracte</strong></span> <span class='ocrx_word' id='word_1_45' title='bbox 1974 725 2075 765; x_wconf 92' lang='lat' dir='ltr'><strong>ne-</strong></span> 
     </span>
    </p>
   </div>
   <div class='ocr_carea' id='block_1_9' title="bbox 487 777 2078 860">
    <p class='ocr_par' dir='ltr' id='par_1_9' title="bbox 487 777 2078 860">
     <span class='ocr_line' id='line_1_9' title="bbox 487 777 2078 860; baseline 0.013 -21"><span class='ocrx_word' id='word_1_46' title='bbox 487 792 615 855; x_wconf 74' lang='lat' dir='ltr'><strong>gare</strong></span> <span class='ocrx_word' id='word_1_47' title='bbox 647 777 892 845; x_wconf 80' lang='lat' dir='ltr'><strong>videatur</strong></span> <span class='ocrx_word' id='word_1_48' title='bbox 917 792 1126 848; x_wconf 84' lang='lat' dir='ltr'><strong>animas</strong></span> <span class='ocrx_word' id='word_1_49' title='bbox 1160 795 1436 852; x_wconf 79' lang='lat' dir='ltr'><strong>hominum</strong></span> <span class='ocrx_word' id='word_1_50' title='bbox 1477 803 1505 852; x_wconf 89' lang='lat' dir='ltr'><strong>a</strong></span> <span class='ocrx_word' id='word_1_51' title='bbox 1534 814 1747 856; x_wconf 91' lang='lat' dir='ltr'><strong>summo</strong></span> <span class='ocrx_word' id='word_1_52' title='bbox 1770 798 1881 858; x_wconf 90' lang='lat' dir='ltr'><strong>Deo</strong></span> <span class='ocrx_word' id='word_1_53' title='bbox 1912 798 2078 860; x_wconf 89' lang='lat' dir='ltr'><strong>fuisse</strong></span> 
     </span>
    </p>
   </div>
   <div class='ocr_carea' id='block_1_10' title="bbox 487 874 2078 952">
    <p class='ocr_par' dir='ltr' id='par_1_10' title="bbox 487 874 2078 952">
     <span class='ocr_line' id='line_1_10' title="bbox 487 874 2078 952; baseline 0.012 -19"><span class='ocrx_word' id='word_1_54' title='bbox 487 880 692 933; x_wconf 73' lang='lat' dir='ltr'><strong>creatas</strong></span> <span class='ocrx_word' id='word_1_55' title='bbox 723 922 738 947; x_wconf 94' lang='lat'><strong>,</strong></span> <span class='ocrx_word' id='word_1_56' title='bbox 788 882 844 936; x_wconf 84' lang='lat' dir='ltr'><strong>in</strong></span> <span class='ocrx_word' id='word_1_57' title='bbox 889 874 1036 941; x_wconf 81' lang='lat' dir='ltr'><strong>illius</strong></span> <span class='ocrx_word' id='word_1_58' title='bbox 1077 892 1254 942; x_wconf 79' lang='lat' dir='ltr'><strong>tamen</strong></span> <span class='ocrx_word' id='word_1_59' title='bbox 1298 887 1671 947; x_wconf 76' lang='lat' dir='ltr'><strong>defensionem</strong></span> <span class='ocrx_word' id='word_1_60' title='bbox 1716 892 1901 950; x_wconf 85' lang='lat' dir='ltr'><strong>afferri</strong></span> <span class='ocrx_word' id='word_1_61' title='bbox 1934 884 2078 952; x_wconf 86' lang='lat' dir='ltr'><strong>haud</strong></span> 
     </span>
    </p>
   </div>
   <div class='ocr_carea' id='block_1_11' title="bbox 489 970 2074 1062">
    <p class='ocr_par' dir='ltr' id='par_1_11' title="bbox 489 970 2074 1062">
     <span class='ocr_line' id='line_1_11' title="bbox 489 970 2074 1062; baseline 0.012 -37"><span class='ocrx_word' id='word_1_62' title='bbox 489 970 709 1028; x_wconf 76' lang='lat' dir='ltr'><strong>forsitan</strong></span> <span class='ocrx_word' id='word_1_63' title='bbox 737 975 919 1045; x_wconf 74' lang='lat' dir='ltr'><strong>ine&#39;pte</strong></span> <span class='ocrx_word' id='word_1_64' title='bbox 944 982 1138 1047; x_wconf 89' lang='lat' dir='ltr'><strong>potet-it</strong></span> <span class='ocrx_word' id='word_1_65' title='bbox 1158 992 1282 1037; x_wconf 88' lang='lat' dir='ltr'><strong>eum</strong></span> <span class='ocrx_word' id='word_1_66' title='bbox 1306 992 1511 1051; x_wconf 89' lang='lat' dir='ltr'><strong>aperte,</strong></span> <span class='ocrx_word' id='word_1_67' title='bbox 1557 995 1616 1041; x_wconf 89' lang='lat' dir='ltr'><strong>ut</strong></span> <span class='ocrx_word' id='word_1_68' title='bbox 1644 986 1882 1044; x_wconf 83' lang='lat' dir='ltr'><strong>vidimus</strong></span> <span class='ocrx_word' id='word_1_69' title='bbox 1910 986 2074 1062; x_wconf 85' lang='lat' dir='ltr'><strong>(Sup.</strong></span> 
     </span>
    </p>
   </div>
   <div class='ocr_carea' id='block_1_12' title="bbox 486 1064 2074 1151">
    <p class='ocr_par' dir='ltr' id='par_1_12' title="bbox 486 1064 2074 1151">
     <span class='ocr_line' id='line_1_12' title="bbox 486 1064 2074 1151; baseline 0.011 -33"><span class='ocrx_word' id='word_1_70' title='bbox 486 1064 652 1137; x_wconf 66' lang='grc' dir='ltr'><strong>ιαμ),</strong></span> <span class='ocrx_word' id='word_1_71' title='bbox 680 1064 931 1125; x_wconf 70' lang='lat' dir='ltr'><strong>docuisse</strong></span> <span class='ocrx_word' id='word_1_72' title='bbox 957 1068 1121 1126; x_wconf 85' lang='lat' dir='ltr'><strong>Deum</strong></span> <span class='ocrx_word' id='word_1_73' title='bbox 1154 1076 1423 1130; x_wconf 85' lang='lat' dir='ltr'><strong>summum</strong></span> <span class='ocrx_word' id='word_1_74' title='bbox 1451 1091 1573 1133; x_wconf 91' lang='lat' dir='ltr'><strong>esse</strong></span> <span class='ocrx_word' id='word_1_75' title='bbox 1602 1086 1783 1134; x_wconf 87' lang='lat' dir='ltr'><strong>rerum</strong></span> <span class='ocrx_word' id='word_1_76' title='bbox 1810 1082 2074 1151; x_wconf 91' lang='lat' dir='ltr'><strong>omnium,</strong></span> 
     </span>
    </p>
   </div>
   <div class='ocr_carea' id='block_1_13' title="bbox 487 1158 2078 1239">
    <p class='ocr_par' dir='ltr' id='par_1_13' title="bbox 487 1158 2078 1239">
     <span class='ocr_line' id='line_1_13' title="bbox 487 1158 2078 1239; baseline 0.013 -30"><span class='ocrx_word' id='word_1_77' title='bbox 487 1166 552 1211; x_wconf 82' lang='lat' dir='ltr'><strong>ac</strong></span> <span class='ocrx_word' id='word_1_78' title='bbox 592 1158 908 1215; x_wconf 82' lang='lat' dir='ltr'><strong>ndtninatim</strong></span> <span class='ocrx_word' id='word_1_79' title='bbox 938 1163 1089 1229; x_wconf 85' lang='lat' dir='ltr'><strong>soils,</strong></span> <span class='ocrx_word' id='word_1_80' title='bbox 1137 1164 1301 1232; x_wconf 63' lang='lat' dir='ltr'><strong>lunae,</strong></span> <span class='ocrx_word' id='word_1_81' title='bbox 1332 1173 1493 1236; x_wconf 86' lang='lat' dir='ltr'><strong>atque</strong></span> <span class='ocrx_word' id='word_1_82' title='bbox 1521 1164 1805 1239; x_wconf 89' lang='lat' dir='ltr'><strong>ipsiusmet</strong></span> <span class='ocrx_word' id='word_1_83' title='bbox 1844 1171 2078 1229; x_wconf 88' lang='lat' dir='ltr'><strong>hominis</strong></span> 
     </span>
    </p>
   </div>
   <div class='ocr_carea' id='block_1_14' title="bbox 489 1253 2075 1325">
    <p class='ocr_par' dir='ltr' id='par_1_14' title="bbox 489 1253 2075 1325">
     <span class='ocr_line' id='line_1_14' title="bbox 489 1253 2075 1325; baseline 0.013 -21"><span class='ocrx_word' id='word_1_84' title='bbox 489 1259 805 1307; x_wconf 81' lang='lat' dir='ltr'><strong>creatorem.</strong></span> <span class='ocrx_word' id='word_1_85' title='bbox 843 1253 965 1310; x_wconf 64' lang='lat' dir='ltr'><strong>llaec</strong></span> <span class='ocrx_word' id='word_1_86' title='bbox 996 1257 1273 1314; x_wconf 82' lang='lat' dir='ltr'><strong>enimvero</strong></span> <span class='ocrx_word' id='word_1_87' title='bbox 1303 1271 1428 1316; x_wconf 90' lang='lat' dir='ltr'><strong>sunt</strong></span> <span class='ocrx_word' id='word_1_88' title='bbox 1456 1260 1679 1320; x_wconf 86' lang='lat' dir='ltr'><strong>totidem</strong></span> <span class='ocrx_word' id='word_1_89' title='bbox 1705 1265 1849 1323; x_wconf 92' lang='lat' dir='ltr'><strong>illius</strong></span> <span class='ocrx_word' id='word_1_90' title='bbox 1870 1266 2035 1324; x_wconf 89' lang='lat' dir='ltr'><strong>verba</strong></span> <span class='ocrx_word' id='word_1_91' title='bbox 2061 1288 2075 1325; x_wconf 87' lang='lat'><strong>:</strong></span> 
     </span>
    </p>
   </div>
   <div class='ocr_carea' id='block_1_15' title="bbox 494 1341 2073 1430">
    <p class='ocr_par' dir='ltr' id='par_1_15' title="bbox 494 1341 2073 1430">
     <span class='ocr_line' id='line_1_15' title="bbox 494 1341 2073 1430; baseline 0.014 -36"><span class='ocrx_word' id='word_1_92' title='bbox 494 1358 515 1393; x_wconf 73' lang='grc' dir='ltr'><strong>ι</strong></span> <span class='ocrx_word' id='word_1_93' title='bbox 545 1341 734 1398; x_wconf 84' lang='lat' dir='ltr'><strong>Nonne</strong></span> <span class='ocrx_word' id='word_1_94' title='bbox 774 1344 897 1401; x_wconf 85' lang='lat' dir='ltr'><strong>huic</strong></span> <span class='ocrx_word' id='word_1_95' title='bbox 925 1358 1115 1405; x_wconf 88' lang='lat' dir='ltr'><strong>omnes</strong></span> <span class='ocrx_word' id='word_1_96' title='bbox 1142 1349 1402 1408; x_wconf 88' lang='lat' dir='ltr'><strong>debemus</strong></span> <span class='ocrx_word' id='word_1_97' title='bbox 1425 1397 1441 1422; x_wconf 90' lang='lat'><strong>,</strong></span> <span class='ocrx_word' id='word_1_98' title='bbox 1472 1350 1576 1411; x_wconf 83' lang='lat' dir='ltr'><strong>hoc</strong></span> <span class='ocrx_word' id='word_1_99' title='bbox 1604 1356 1779 1426; x_wconf 90' lang='lat' dir='ltr'><strong>ipsum</strong></span> <span class='ocrx_word' id='word_1_100' title='bbox 1810 1360 2073 1430; x_wconf 88' lang='lat' dir='ltr'><strong>primum,</strong></span> 
     </span>
    </p>
   </div>
   <div class='ocr_carea' id='block_1_16' title="bbox 487 1436 2081 1523">
    <p class='ocr_par' dir='ltr' id='par_1_16' title="bbox 487 1436 2081 1523">
     <span class='ocr_line' id='line_1_16' title="bbox 487 1436 2081 1523; baseline 0.012 -34"><span class='ocrx_word' id='word_1_101' title='bbox 487 1436 633 1505; x_wconf 87' lang='lat' dir='ltr'><strong>quod</strong></span> <span class='ocrx_word' id='word_1_102' title='bbox 662 1453 848 1495; x_wconf 88' lang='lat' dir='ltr'><strong>sumus</strong></span> <span class='ocrx_word' id='word_1_103' title='bbox 868 1483 884 1507; x_wconf 93' lang='lat'><strong>,</strong></span> <span class='ocrx_word' id='word_1_104' title='bbox 917 1442 1061 1512; x_wconf 89' lang='lat' dir='ltr'><strong>quod</strong></span> <span class='ocrx_word' id='word_1_105' title='bbox 1090 1458 1214 1499; x_wconf 91' lang='lat' dir='ltr'><strong>esse</strong></span> <span class='ocrx_word' id='word_1_106' title='bbox 1242 1445 1489 1503; x_wconf 82' lang='lat' dir='ltr'><strong>homines</strong></span> <span class='ocrx_word' id='word_1_107' title='bbox 1528 1446 1792 1519; x_wconf 85' lang='lat' dir='ltr'><strong>dicimur,</strong></span> <span class='ocrx_word' id='word_1_108' title='bbox 1839 1451 1981 1523; x_wconf 89' lang='lat' dir='ltr'><strong>quod</strong></span> <span class='ocrx_word' id='word_1_109' title='bbox 2012 1451 2081 1508; x_wconf 91' lang='lat' dir='ltr'><strong>ab</strong></span> 
     </span>
    </p>
   </div>
   <div class='ocr_carea' id='block_1_17' title="bbox 488 1530 2081 1617">
    <p class='ocr_par' dir='ltr' id='par_1_17' title="bbox 488 1530 2081 1617">
     <span class='ocr_line' id='line_1_17' title="bbox 488 1530 2081 1617; baseline 0.011 -32"><span class='ocrx_word' id='word_1_110' title='bbox 488 1544 554 1585; x_wconf 87' lang='lat' dir='ltr'><strong>eo</strong></span> <span class='ocrx_word' id='word_1_111' title='bbox 581 1530 663 1585; x_wconf 88' lang='lat' dir='ltr'><strong>vel</strong></span> <span class='ocrx_word' id='word_1_112' title='bbox 695 1533 886 1601; x_wconf 89' lang='lat' dir='ltr'><strong>missi,</strong></span> <span class='ocrx_word' id='word_1_113' title='bbox 939 1535 1026 1589; x_wconf 87' lang='lat' dir='ltr'><strong>vel</strong></span> <span class='ocrx_word' id='word_1_114' title='bbox 1072 1535 1207 1606; x_wconf 85' lang='lat' dir='ltr'><strong>lapsi</strong></span> <span class='ocrx_word' id='word_1_115' title='bbox 1258 1540 1502 1596; x_wconf 61' lang='lat' dir='ltr'><strong>caecitate</strong></span> <span class='ocrx_word' id='word_1_116' title='bbox 1550 1540 1710 1611; x_wconf 83' lang='lat' dir='ltr'><strong>hujus</strong></span> <span class='ocrx_word' id='word_1_117' title='bbox 1752 1546 1804 1598; x_wconf 93' lang='lat' dir='ltr'><strong>in</strong></span> <span class='ocrx_word' id='word_1_118' title='bbox 1834 1546 2081 1617; x_wconf 71' lang='lat' dir='ltr'><strong>corpOris</strong></span> 
     </span>
    </p>
   </div>
   <div class='ocr_carea' id='block_1_18' title="bbox 488 1626 2075 1709">
    <p class='ocr_par' dir='ltr' id='par_1_18' title="bbox 488 1626 2075 1709">
     <span class='ocr_line' id='line_1_18' title="bbox 488 1626 2075 1709; baseline 0.011 -31"><span class='ocrx_word' id='word_1_119' title='bbox 488 1626 863 1682; x_wconf 79' lang='lat' dir='ltr'><strong>continemur?</strong></span> <span class='ocrx_word' id='word_1_120' title='bbox 906 1627 1022 1683; x_wconf 79' lang='lat' dir='ltr'><strong>Non</strong></span> <span class='ocrx_word' id='word_1_121' title='bbox 1049 1630 1192 1699; x_wconf 84' lang='lat' dir='ltr'><strong>quod</strong></span> <span class='ocrx_word' id='word_1_122' title='bbox 1225 1630 1554 1699; x_wconf 83' lang='lat' dir='ltr'><strong>incedimus,</strong></span> <span class='ocrx_word' id='word_1_123' title='bbox 1590 1635 1730 1704; x_wconf 82' lang='lat' dir='ltr'><strong>quod</strong></span> <span class='ocrx_word' id='word_1_124' title='bbox 1778 1632 2075 1709; x_wconf 83' lang='lat' dir='ltr'><strong>spiramus,</strong></span> 
     </span>
    </p>
   </div>
   <div class='ocr_carea' id='block_1_19' title="bbox 2180 413 3782 503">
    <p class='ocr_par' dir='ltr' id='par_1_19' title="bbox 2180 413 3782 503">
     <span class='ocr_line' id='line_1_19' title="bbox 2180 413 3782 503; baseline 0.004 -23"><span class='ocrx_word' id='word_1_125' title='bbox 2180 422 2418 482; x_wconf 85' lang='lat' dir='ltr'><strong>fitentur.</strong></span> <span class='ocrx_word' id='word_1_126' title='bbox 2473 417 2760 499; x_wconf 82' lang='lat' dir='ltr'><strong>(Hoornb.,</strong></span> <span class='ocrx_word' id='word_1_127' title='bbox 2823 413 3054 482; x_wconf 73' lang='lat' dir='ltr'><strong>Exercit.</strong></span> <span class='ocrx_word' id='word_1_128' title='bbox 3111 427 3333 503; x_wconf 79' lang='lat' dir='ltr'><strong>theolog.</strong></span> <span class='ocrx_word' id='word_1_129' title='bbox 3354 471 3372 499; x_wconf 92' lang='lat'><strong>,</strong></span> <span class='ocrx_word' id='word_1_130' title='bbox 3424 429 3515 487; x_wconf 83' lang='lat' dir='ltr'><strong>lib.</strong></span> <span class='ocrx_word' id='word_1_131' title='bbox 3545 445 3565 486; x_wconf 87' lang='grc' dir='ltr'><strong>ι</strong></span> <span class='ocrx_word' id='word_1_132' title='bbox 3590 472 3605 498; x_wconf 93' lang='lat'><strong>,</strong></span> <span class='ocrx_word' id='word_1_133' title='bbox 3640 428 3669 501; x_wconf 82' lang='lat'><strong><em>§</em></strong></span> <span class='ocrx_word' id='word_1_134' title='bbox 3702 445 3782 497; x_wconf 87' lang='grc' dir='ltr'>ιι,</span> 
     </span>
    </p>
   </div>
   <div class='ocr_carea' id='block_1_20' title="bbox 2180 516 2487 591">
    <p class='ocr_par' dir='ltr' id='par_1_20' title="bbox 2180 516 2487 591">
     <span class='ocr_line' id='line_1_20' title="bbox 2180 516 2487 591; baseline 0.007 -19"><span class='ocrx_word' id='word_1_135' title='bbox 2180 535 2299 591; x_wconf 84' lang='lat' dir='ltr'><strong>pag.</strong></span> <span class='ocrx_word' id='word_1_136' title='bbox 2333 516 2487 591; x_wconf 76' lang='grc'>150.)</span> 
     </span>
    </p>
   </div>
   <div class='ocr_carea' id='block_1_21' title="bbox 2250 602 3781 689">
    <p class='ocr_par' dir='ltr' id='par_1_21' title="bbox 2250 602 3781 689">
     <span class='ocr_line' id='line_1_21' title="bbox 2250 602 3781 689; baseline 0.005 -21"><span class='ocrx_word' id='word_1_137' title='bbox 2250 613 2359 668; x_wconf 89' lang='lat' dir='ltr'><strong>Cur</strong></span> <span class='ocrx_word' id='word_1_138' title='bbox 2388 617 2537 685; x_wconf 77' lang='lat' dir='ltr'><strong>ergo,</strong></span> <span class='ocrx_word' id='word_1_139' title='bbox 2577 614 2809 684; x_wconf 83' lang='lat' dir='ltr'><strong>inquies,</strong></span> <span class='ocrx_word' id='word_1_140' title='bbox 2845 625 2991 671; x_wconf 90' lang='lat' dir='ltr'><strong>tanto</strong></span> <span class='ocrx_word' id='word_1_141' title='bbox 3016 602 3221 684; x_wconf 86' lang='lat' dir='ltr'><strong>labore,</strong></span> <span class='ocrx_word' id='word_1_142' title='bbox 3254 626 3401 674; x_wconf 88' lang='lat' dir='ltr'><strong>tanta</strong></span> <span class='ocrx_word' id='word_1_143' title='bbox 3439 634 3629 689; x_wconf 84' lang='lat' dir='ltr'><strong>opera,</strong></span> <span class='ocrx_word' id='word_1_144' title='bbox 3665 628 3781 675; x_wconf 84' lang='lat' dir='ltr'><strong>tam</strong></span> 
     </span>
    </p>
   </div>
   <div class='ocr_carea' id='block_1_22' title="bbox 2179 700 3781 780">
    <p class='ocr_par' dir='ltr' id='par_1_22' title="bbox 2179 700 3781 780">
     <span class='ocr_line' id='line_1_22' title="bbox 2179 700 3781 780; baseline 0.006 -20"><span class='ocrx_word' id='word_1_145' title='bbox 2179 700 2352 777; x_wconf 82' lang='lat' dir='ltr'><strong>longis</strong></span> <span class='ocrx_word' id='word_1_146' title='bbox 2404 709 2742 763; x_wconf 88' lang='lat' dir='ltr'><strong>sermonibus</strong></span> <span class='ocrx_word' id='word_1_147' title='bbox 2788 711 3017 780; x_wconf 88' lang='lat' dir='ltr'><strong>probare</strong></span> <span class='ocrx_word' id='word_1_148' title='bbox 3064 711 3349 767; x_wconf 85' lang='lat' dir='ltr'><strong>contendit</strong></span> <span class='ocrx_word' id='word_1_149' title='bbox 3402 712 3643 768; x_wconf 86' lang='lat' dir='ltr'><strong>hominis</strong></span> <span class='ocrx_word' id='word_1_150' title='bbox 3695 722 3781 769; x_wconf 83' lang='lat' dir='ltr'><strong>tot</strong></span> 
     </span>
    </p>
   </div>
   <div class='ocr_carea' id='block_1_23' title="bbox 2179 791 3785 878">
    <p class='ocr_par' dir='ltr' id='par_1_23' title="bbox 2179 791 3785 878">
     <span class='ocr_line' id='line_1_23' title="bbox 2179 791 3785 878; baseline 0.006 -25"><span class='ocrx_word' id='word_1_151' title='bbox 2179 793 2445 870; x_wconf 83' lang='lat' dir='ltr'><strong>tantisque</strong></span> <span class='ocrx_word' id='word_1_152' title='bbox 2504 802 2733 858; x_wconf 85' lang='lat' dir='ltr'><strong>miseriis</strong></span> <span class='ocrx_word' id='word_1_153' title='bbox 2796 791 3015 859; x_wconf 86' lang='lat' dir='ltr'><strong>obnoxii</strong></span> <span class='ocrx_word' id='word_1_154' title='bbox 3055 807 3286 863; x_wconf 89' lang='lat' dir='ltr'><strong>animam</strong></span> <span class='ocrx_word' id='word_1_155' title='bbox 3315 822 3346 861; x_wconf 89' lang='lat' dir='ltr'><strong>a</strong></span> <span class='ocrx_word' id='word_1_156' title='bbox 3375 805 3482 862; x_wconf 91' lang='lat' dir='ltr'><strong>Deo</strong></span> <span class='ocrx_word' id='word_1_157' title='bbox 3524 822 3634 863; x_wconf 92' lang='lat' dir='ltr'><strong>non</strong></span> <span class='ocrx_word' id='word_1_158' title='bbox 3680 816 3785 878; x_wconf 73' lang='grc' dir='ltr'><strong>ι)οά</strong></span> 
     </span>
    </p>
   </div>
   <div class='ocr_carea' id='block_1_24' title="bbox 2181 893 3783 972">
    <p class='ocr_par' dir='ltr' id='par_1_24' title="bbox 2181 893 3783 972">
     <span class='ocr_line' id='line_1_24' title="bbox 2181 893 3783 972; baseline 0.007 -26"><span class='ocrx_word' id='word_1_159' title='bbox 2181 893 2347 947; x_wconf 85' lang='lat' dir='ltr'><strong>tuisse</strong></span> <span class='ocrx_word' id='word_1_160' title='bbox 2374 895 2590 949; x_wconf 84' lang='lat' dir='ltr'><strong>creari?</strong></span> <span class='ocrx_word' id='word_1_161' title='bbox 2618 894 2809 953; x_wconf 84' lang='lat' dir='ltr'><strong>Nonne</strong></span> <span class='ocrx_word' id='word_1_162' title='bbox 2834 898 2965 954; x_wconf 90' lang='lat' dir='ltr'><strong>illud</strong></span> <span class='ocrx_word' id='word_1_163' title='bbox 2992 900 3105 955; x_wconf 87' lang='lat' dir='ltr'><strong>sola</strong></span> <span class='ocrx_word' id='word_1_164' title='bbox 3137 900 3343 970; x_wconf 84' lang='lat' dir='ltr'><strong>peccati</strong></span> <span class='ocrx_word' id='word_1_165' title='bbox 3375 899 3652 972; x_wconf 78' lang='lat' dir='ltr'><strong>originalis</strong></span> <span class='ocrx_word' id='word_1_166' title='bbox 3679 915 3783 956; x_wconf 76' lang='lat' dir='ltr'><strong>ex-</strong></span> 
     </span>
    </p>
   </div>
   <div class='ocr_carea' id='block_1_25' title="bbox 2181 984 3782 1066">
    <p class='ocr_par' dir='ltr' id='par_1_25' title="bbox 2181 984 3782 1066">
     <span class='ocr_line' id='line_1_25' title="bbox 2181 984 3782 1066; baseline 0.007 -27"><span class='ocrx_word' id='word_1_167' title='bbox 2181 987 2479 1057; x_wconf 86' lang='lat' dir='ltr'><strong>positione,</strong></span> <span class='ocrx_word' id='word_1_168' title='bbox 2512 989 2595 1044; x_wconf 87' lang='lat' dir='ltr'><strong>vel</strong></span> <span class='ocrx_word' id='word_1_169' title='bbox 2625 984 2834 1060; x_wconf 86' lang='lat' dir='ltr'><strong>prolato</strong></span> <span class='ocrx_word' id='word_1_170' title='bbox 2882 1003 3087 1049; x_wconf 88' lang='lat' dir='ltr'><strong>tantum</strong></span> <span class='ocrx_word' id='word_1_171' title='bbox 3118 994 3339 1050; x_wconf 89' lang='lat' dir='ltr'><strong>nomine</strong></span> <span class='ocrx_word' id='word_1_172' title='bbox 3368 995 3643 1066; x_wconf 79' lang='lat' dir='ltr'><strong>explicare</strong></span> <span class='ocrx_word' id='word_1_173' title='bbox 3674 1009 3782 1066; x_wconf 86' lang='lat' dir='ltr'><strong>po-</strong></span> 
     </span>
    </p>
   </div>
   <div class='ocr_carea' id='block_1_26' title="bbox 2181 1070 3779 1158">
    <p class='ocr_par' dir='ltr' id='par_1_26' title="bbox 2181 1070 3779 1158">
     <span class='ocr_line' id='line_1_26' title="bbox 2181 1070 3779 1158; baseline 0.008 -25"><span class='ocrx_word' id='word_1_174' title='bbox 2181 1081 2359 1135; x_wconf 84' lang='lat' dir='ltr'><strong>terat?</strong></span> <span class='ocrx_word' id='word_1_175' title='bbox 2403 1070 2619 1152; x_wconf 81' lang='lat' dir='ltr'><strong>Optime</strong></span> <span class='ocrx_word' id='word_1_176' title='bbox 2674 1085 2913 1155; x_wconf 89' lang='lat' dir='ltr'><strong>quidem.</strong></span> <span class='ocrx_word' id='word_1_177' title='bbox 2956 1076 3064 1144; x_wconf 85' lang='lat' dir='ltr'><strong>Sed</strong></span> <span class='ocrx_word' id='word_1_178' title='bbox 3118 1076 3539 1158; x_wconf 83' lang='lat' dir='ltr'><strong>animadvertas,</strong></span> <span class='ocrx_word' id='word_1_179' title='bbox 3585 1089 3779 1157; x_wconf 85' lang='lat' dir='ltr'><strong>velim,</strong></span> 
     </span>
    </p>
   </div>
   <div class='ocr_carea' id='block_1_27' title="bbox 2181 1166 3784 1255">
    <p class='ocr_par' dir='ltr' id='par_1_27' title="bbox 2181 1166 3784 1255">
     <span class='ocr_line' id='line_1_27' title="bbox 2181 1166 3784 1255; baseline 0.007 -26"><span class='ocrx_word' id='word_1_180' title='bbox 2181 1188 2304 1230; x_wconf 89' lang='lat' dir='ltr'><strong>eum</strong></span> <span class='ocrx_word' id='word_1_181' title='bbox 2330 1174 2588 1233; x_wconf 86' lang='lat' dir='ltr'><strong>adversus</strong></span> <span class='ocrx_word' id='word_1_182' title='bbox 2611 1177 2865 1235; x_wconf 87' lang='lat' dir='ltr'><strong>Etltnicos</strong></span> <span class='ocrx_word' id='word_1_183' title='bbox 2887 1166 3183 1253; x_wconf 86' lang='lat' dir='ltr'><strong>disputare,</strong></span> <span class='ocrx_word' id='word_1_184' title='bbox 3203 1185 3295 1255; x_wconf 89' lang='lat' dir='ltr'><strong>qui</strong></span> <span class='ocrx_word' id='word_1_185' title='bbox 3323 1184 3533 1240; x_wconf 84' lang='lat' dir='ltr'><strong>animas</strong></span> <span class='ocrx_word' id='word_1_186' title='bbox 3561 1195 3784 1241; x_wconf 82' lang='lat' dir='ltr'><strong>nostras</strong></span> 
     </span>
    </p>
   </div>
   <div class='ocr_carea' id='block_1_28' title="bbox 2182 1264 3784 1347">
    <p class='ocr_par' dir='ltr' id='par_1_28' title="bbox 2182 1264 3784 1347">
     <span class='ocr_line' id='line_1_28' title="bbox 2182 1264 3784 1347; baseline 0.007 -25"><span class='ocrx_word' id='word_1_187' title='bbox 2182 1264 2411 1329; x_wconf 85' lang='lat' dir='ltr'><strong>divinas,</strong></span> <span class='ocrx_word' id='word_1_188' title='bbox 2437 1276 2531 1324; x_wconf 89' lang='lat' dir='ltr'><strong>aut</strong></span> <span class='ocrx_word' id='word_1_189' title='bbox 2552 1271 2756 1340; x_wconf 86' lang='lat' dir='ltr'><strong>prolem</strong></span> <span class='ocrx_word' id='word_1_190' title='bbox 2799 1272 3068 1341; x_wconf 91' lang='lat' dir='ltr'><strong>divinam,</strong></span> <span class='ocrx_word' id='word_1_191' title='bbox 3116 1286 3210 1331; x_wconf 90' lang='lat' dir='ltr'><strong>aut</strong></span> <span class='ocrx_word' id='word_1_192' title='bbox 3261 1276 3356 1331; x_wconf 88' lang='lat' dir='ltr'><strong>Dei</strong></span> <span class='ocrx_word' id='word_1_193' title='bbox 3398 1284 3605 1347; x_wconf 87' lang='lat' dir='ltr'><strong>partem</strong></span> <span class='ocrx_word' id='word_1_194' title='bbox 3653 1292 3784 1333; x_wconf 83' lang='lat' dir='ltr'><strong>esse</strong></span> 
     </span>
    </p>
   </div>
   <div class='ocr_carea' id='block_1_29' title="bbox 2184 1358 3783 1441">
    <p class='ocr_par' dir='ltr' id='par_1_29' title="bbox 2184 1358 3783 1441">
     <span class='ocr_line' id='line_1_29' title="bbox 2184 1358 3783 1441; baseline 0.008 -27"><span class='ocrx_word' id='word_1_195' title='bbox 2184 1365 2602 1430; x_wconf 84' lang='lat' dir='ltr'><strong>somniaveram,</strong></span> <span class='ocrx_word' id='word_1_196' title='bbox 2636 1358 2877 1436; x_wconf 85' lang='lat' dir='ltr'><strong>nili‘ilque</strong></span> <span class='ocrx_word' id='word_1_197' title='bbox 2904 1382 2972 1422; x_wconf 92' lang='lat' dir='ltr'><strong>ne</strong></span> <span class='ocrx_word' id='word_1_198' title='bbox 2996 1368 3317 1424; x_wconf 85' lang='lat' dir='ltr'><strong>somniando</strong></span> <span class='ocrx_word' id='word_1_199' title='bbox 3338 1368 3556 1441; x_wconf 85' lang='lat' dir='ltr'><strong>quidem</strong></span> <span class='ocrx_word' id='word_1_200' title='bbox 3578 1369 3647 1426; x_wconf 91' lang='lat' dir='ltr'><strong>de</strong></span> <span class='ocrx_word' id='word_1_201' title='bbox 3666 1371 3783 1426; x_wconf 87' lang='lat' dir='ltr'><strong>ori-</strong></span> 
     </span>
    </p>
   </div>
   <div class='ocr_carea' id='block_1_30' title="bbox 2182 1446 3783 1533">
    <p class='ocr_par' dir='ltr' id='par_1_30' title="bbox 2182 1446 3783 1533">
     <span class='ocr_line' id='line_1_30' title="bbox 2182 1446 3783 1533; baseline 0.009 -27"><span class='ocrx_word' id='word_1_202' title='bbox 2182 1454 2738 1527; x_wconf 76' lang='lat' dir='ltr'><strong>ginalicogitaVerant</strong></span> <span class='ocrx_word' id='word_1_203' title='bbox 2765 1470 3006 1529; x_wconf 89' lang='lat' dir='ltr'><strong>peccato.</strong></span> <span class='ocrx_word' id='word_1_204' title='bbox 3044 1447 3181 1529; x_wconf 86' lang='lat' dir='ltr'><strong>Quid</strong></span> <span class='ocrx_word' id='word_1_205' title='bbox 3226 1477 3388 1533; x_wconf 79' lang='lat' dir='ltr'><strong>ergo,</strong></span> <span class='ocrx_word' id='word_1_206' title='bbox 3440 1465 3486 1519; x_wconf 88' lang='lat' dir='ltr'><strong>si</strong></span> <span class='ocrx_word' id='word_1_207' title='bbox 3537 1446 3662 1519; x_wconf 85' lang='lat' dir='ltr'><strong>illos</strong></span> <span class='ocrx_word' id='word_1_208' title='bbox 3709 1479 3783 1521; x_wconf 81' lang='lat' dir='ltr'><strong>ex</strong></span> 
     </span>
    </p>
   </div>
   <div class='ocr_carea' id='block_1_31' title="bbox 2184 1549 3784 1630">
    <p class='ocr_par' dir='ltr' id='par_1_31' title="bbox 2184 1549 3784 1630">
     <span class='ocr_line' id='line_1_31' title="bbox 2184 1549 3784 1630; baseline 0.007 -26"><span class='ocrx_word' id='word_1_209' title='bbox 2184 1549 2419 1619; x_wconf 87' lang='lat' dir='ltr'><strong>ipsorum</strong></span> <span class='ocrx_word' id='word_1_210' title='bbox 2451 1561 2654 1608; x_wconf 90' lang='lat' dir='ltr'><strong>tantum</strong></span> <span class='ocrx_word' id='word_1_211' title='bbox 2698 1555 2906 1626; x_wconf 88' lang='lat' dir='ltr'><strong>placitis</strong></span> <span class='ocrx_word' id='word_1_212' title='bbox 2944 1556 3266 1630; x_wconf 80' lang='lat' dir='ltr'><strong>redarguat,</strong></span> <span class='ocrx_word' id='word_1_213' title='bbox 3311 1569 3475 1630; x_wconf 84' lang='lat' dir='ltr'><strong>atque</strong></span> <span class='ocrx_word' id='word_1_214' title='bbox 3504 1558 3571 1615; x_wconf 86' lang='lat' dir='ltr'><strong>ad</strong></span> <span class='ocrx_word' id='word_1_215' title='bbox 3605 1560 3784 1615; x_wconf 90' lang='lat' dir='ltr'><strong>homi-</strong></span> 
     </span>
    </p>
   </div>
   <div class='ocr_carea' id='block_1_32' title="bbox 2187 1636 3784 1735">
    <p class='ocr_par' dir='ltr' id='par_1_32' title="bbox 2187 1636 3784 1735">
     <span class='ocr_line' id='line_1_32' title="bbox 2187 1636 3784 1735; baseline 0.009 -39"><span class='ocrx_word' id='word_1_216' title='bbox 2187 1658 2330 1710; x_wconf 89' lang='lat' dir='ltr'><strong>nem,</strong></span> <span class='ocrx_word' id='word_1_217' title='bbox 2365 1650 2419 1699; x_wconf 84' lang='grc' dir='ltr'><strong>ιιι</strong></span> <span class='ocrx_word' id='word_1_218' title='bbox 2443 1645 2612 1711; x_wconf 88' lang='lat' dir='ltr'><strong>aiunt,</strong></span> <span class='ocrx_word' id='word_1_219' title='bbox 2642 1654 3046 1735; x_wconf 80' lang='lat' dir='ltr'><strong>argumentatus</strong></span> <span class='ocrx_word' id='word_1_220' title='bbox 3101 1636 3208 1718; x_wconf 86' lang='lat' dir='ltr'><strong>sit,</strong></span> <span class='ocrx_word' id='word_1_221' title='bbox 3262 1667 3363 1707; x_wconf 90' lang='lat' dir='ltr'><strong>nec</strong></span> <span class='ocrx_word' id='word_1_222' title='bbox 3408 1652 3675 1723; x_wconf 88' lang='lat' dir='ltr'><strong>putaverit</strong></span> <span class='ocrx_word' id='word_1_223' title='bbox 3708 1653 3784 1710; x_wconf 87' lang='lat' dir='ltr'><strong>ibi</strong></span> 
     </span>
    </p>
   </div>
   <div class='ocr_carea' id='block_1_33' title="bbox 488 1718 3779 1811">
    <p class='ocr_par' dir='ltr' id='par_1_33' title="bbox 488 1718 3779 1811">
     <span class='ocr_line' id='line_1_33' title="bbox 488 1718 3779 1811; baseline 0.009 -40"><span class='ocrx_word' id='word_1_224' title='bbox 488 1724 543 1771; x_wconf 88' lang='lat' dir='ltr'><strong>et</strong></span> <span class='ocrx_word' id='word_1_225' title='bbox 572 1718 802 1773; x_wconf 79' lang='lat' dir='ltr'><strong>vivimus</strong></span> <span class='ocrx_word' id='word_1_226' title='bbox 827 1721 895 1775; x_wconf 87' lang='lat' dir='ltr'><strong>ab</strong></span> <span class='ocrx_word' id='word_1_227' title='bbox 921 1732 988 1776; x_wconf 84' lang='lat' dir='ltr'><strong>eo</strong></span> <span class='ocrx_word' id='word_1_228' title='bbox 1013 1718 1081 1776; x_wconf 83' lang='lat' dir='ltr'><strong>ad</strong></span> <span class='ocrx_word' id='word_1_229' title='bbox 1112 1728 1209 1778; x_wconf 82' lang='lat' dir='ltr'><strong>nos</strong></span> <span class='ocrx_word' id='word_1_230' title='bbox 1246 1725 1447 1811; x_wconf 82' lang='lat' dir='ltr'><strong>venit,</strong></span> <span class='ocrx_word' id='word_1_231' title='bbox 1501 1728 1661 1797; x_wconf 89' lang='lat' dir='ltr'><strong>vique</strong></span> <span class='ocrx_word' id='word_1_232' title='bbox 1709 1729 1822 1799; x_wconf 88' lang='lat' dir='ltr'><strong>ipsa</strong></span> <span class='ocrx_word' id='word_1_233' title='bbox 1865 1722 2076 1787; x_wconf 81' lang='lat' dir='ltr'><strong>vivendi</strong></span> <span class='ocrx_word' id='word_1_234' title='bbox 2110 1738 2158 1811; x_wconf 59' lang='grc' dir='ltr'>ᾖ</span> <span class='ocrx_word' id='word_1_235' title='bbox 2186 1732 2385 1808; x_wconf 84' lang='lat' dir='ltr'><strong>peccati</strong></span> <span class='ocrx_word' id='word_1_236' title='bbox 2443 1718 2762 1811; x_wconf 80' lang='lat' dir='ltr'><strong>originalis,</strong></span> <span class='ocrx_word' id='word_1_237' title='bbox 2822 1742 2917 1799; x_wconf 91' lang='lat' dir='ltr'><strong>sed</strong></span> <span class='ocrx_word' id='word_1_238' title='bbox 2960 1730 3087 1799; x_wconf 90' lang='lat' dir='ltr'><strong>alibi</strong></span> <span class='ocrx_word' id='word_1_239' title='bbox 3138 1718 3439 1801; x_wconf 77' lang='lat' dir='ltr'><strong>faciendam</strong></span> <span class='ocrx_word' id='word_1_240' title='bbox 3472 1761 3593 1802; x_wconf 88' lang='lat' dir='ltr'><strong>esse</strong></span> <span class='ocrx_word' id='word_1_241' title='bbox 3621 1762 3779 1802; x_wconf 87' lang='lat' dir='ltr'><strong>men-</strong></span> 
     </span>
    </p>
   </div>
   <div class='ocr_carea' id='block_1_34' title="bbox 489 1808 2080 1896">
    <p class='ocr_par' dir='ltr' id='par_1_34' title="bbox 489 1808 2080 1896">
     <span class='ocr_line' id='line_1_34' title="bbox 489 1808 2080 1896; baseline 0.008 -30"><span class='ocrx_word' id='word_1_242' title='bbox 489 1810 654 1867; x_wconf 87' lang='lat' dir='ltr'><strong>efilcit</strong></span> <span class='ocrx_word' id='word_1_243' title='bbox 680 1818 778 1869; x_wconf 84' lang='lat' dir='ltr'><strong>nos</strong></span> <span class='ocrx_word' id='word_1_244' title='bbox 808 1828 948 1883; x_wconf 87' lang='lat' dir='ltr'><strong>esse,</strong></span> <span class='ocrx_word' id='word_1_245' title='bbox 976 1822 1030 1871; x_wconf 87' lang='lat' dir='ltr'><strong>et</strong></span> <span class='ocrx_word' id='word_1_246' title='bbox 1056 1808 1272 1873; x_wconf 86' lang='lat' dir='ltr'><strong>animali</strong></span> <span class='ocrx_word' id='word_1_247' title='bbox 1307 1818 1599 1891; x_wconf 77' lang='lat' dir='ltr'><strong>agitatioiie</strong></span> <span class='ocrx_word' id='word_1_248' title='bbox 1629 1823 1875 1878; x_wconf 81' lang='lat' dir='ltr'><strong>moveri?</strong></span> <span class='ocrx_word' id='word_1_249' title='bbox 1904 1846 1924 1878; x_wconf 71' lang='grc' dir='ltr'><strong>ι</strong></span> <span class='ocrx_word' id='word_1_250' title='bbox 1960 1818 2080 1896; x_wconf 79' lang='grc' dir='ltr'><strong>(Αν-</strong></span> 
     </span>
    </p>
   </div>
   <div class='ocr_carea' id='block_1_35' title="bbox 489 1904 2079 1986">
    <p class='ocr_par' dir='ltr' id='par_1_35' title="bbox 489 1904 2079 1986">
     <span class='ocr_line' id='line_1_35' title="bbox 489 1904 2079 1986; baseline 0.009 -28"><span class='ocrx_word' id='word_1_251' title='bbox 489 1904 633 1971; x_wconf 83' lang='lat' dir='ltr'><strong>uob.,</strong></span> <span class='ocrx_word' id='word_1_252' title='bbox 667 1904 757 1961; x_wconf 82' lang='lat' dir='ltr'><strong>lib.</strong></span> <span class='ocrx_word' id='word_1_253' title='bbox 790 1909 825 1973; x_wconf 84' lang='grc' dir='ltr'>ι,</span> <span class='ocrx_word' id='word_1_254' title='bbox 857 1914 977 1979; x_wconf 76' lang='lat' dir='ltr'><strong>pug.</strong></span> <span class='ocrx_word' id='word_1_255' title='bbox 1005 1907 1119 1982; x_wconf 83' lang='lat' dir='ltr'><strong>l6.)</strong></span> <span class='ocrx_word' id='word_1_256' title='bbox 1149 1910 1218 1964; x_wconf 75' lang='lat' dir='ltr'><strong>At</strong></span> <span class='ocrx_word' id='word_1_257' title='bbox 1246 1912 1289 1966; x_wconf 76' lang='lat' dir='ltr'><strong>Si</strong></span> <span class='ocrx_word' id='word_1_258' title='bbox 1323 1910 1463 1968; x_wconf 90' lang='lat' dir='ltr'><strong>Deus</strong></span> <span class='ocrx_word' id='word_1_259' title='bbox 1493 1918 1757 1979; x_wconf 84' lang='lat' dir='ltr'><strong>summus,</strong></span> <span class='ocrx_word' id='word_1_260' title='bbox 1782 1915 1849 1971; x_wconf 90' lang='lat' dir='ltr'><strong>de</strong></span> <span class='ocrx_word' id='word_1_261' title='bbox 1873 1933 1978 1986; x_wconf 87' lang='lat' dir='ltr'><strong>quo</strong></span> <span class='ocrx_word' id='word_1_262' title='bbox 2007 1906 2079 1973; x_wconf 88' lang='lat' dir='ltr'><strong>ibi</strong></span> 
     </span>
    </p>
   </div>
   <div class='ocr_carea' id='block_1_36' title="bbox 488 1997 2080 2071">
    <p class='ocr_par' dir='ltr' id='par_1_36' title="bbox 488 1997 2080 2071">
     <span class='ocr_line' id='line_1_36' title="bbox 488 1997 2080 2071; baseline 0.009 -19"><span class='ocrx_word' id='word_1_263' title='bbox 488 1997 726 2067; x_wconf 75' lang='lat' dir='ltr'><strong>diSputat</strong></span> <span class='ocrx_word' id='word_1_264' title='bbox 750 2040 764 2062; x_wconf 91' lang='lat'><strong>,</strong></span> <span class='ocrx_word' id='word_1_265' title='bbox 797 1999 867 2053; x_wconf 82' lang='lat' dir='ltr'><strong>sit</strong></span> <span class='ocrx_word' id='word_1_266' title='bbox 896 2010 1077 2055; x_wconf 79' lang='lat' dir='ltr'><strong>rerum</strong></span> <span class='ocrx_word' id='word_1_267' title='bbox 1112 2001 1351 2058; x_wconf 80' lang='lat' dir='ltr'><strong>omnium</strong></span> <span class='ocrx_word' id='word_1_268' title='bbox 1380 2012 1615 2071; x_wconf 80' lang='lat' dir='ltr'><strong>creator,</strong></span> <span class='ocrx_word' id='word_1_269' title='bbox 1644 2008 1689 2062; x_wconf 90' lang='lat' dir='ltr'><strong>si</strong></span> <span class='ocrx_word' id='word_1_270' title='bbox 1718 2002 1794 2064; x_wconf 84' lang='lat' dir='ltr'><strong>illi</strong></span> <span class='ocrx_word' id='word_1_271' title='bbox 1818 2008 2080 2067; x_wconf 89' lang='lat' dir='ltr'><strong>debemus</strong></span> 
     </span>
    </p>
   </div>
   <div class='ocr_carea' id='block_1_37' title="bbox 488 2091 2079 2176">
    <p class='ocr_par' dir='ltr' id='par_1_37' title="bbox 488 2091 2079 2176">
     <span class='ocr_line' id='line_1_37' title="bbox 488 2091 2079 2176; baseline 0.011 -32"><span class='ocrx_word' id='word_1_272' title='bbox 488 2091 631 2161; x_wconf 84' lang='lat' dir='ltr'><strong>quod</strong></span> <span class='ocrx_word' id='word_1_273' title='bbox 656 2102 840 2147; x_wconf 85' lang='lat' dir='ltr'><strong>sumus</strong></span> <span class='ocrx_word' id='word_1_274' title='bbox 872 2091 1143 2160; x_wconf 74' lang='lat' dir='ltr'><strong>humines,</strong></span> <span class='ocrx_word' id='word_1_275' title='bbox 1168 2092 1211 2151; x_wconf 89' lang='lat' dir='ltr'><strong>si</strong></span> <span class='ocrx_word' id='word_1_276' title='bbox 1239 2097 1308 2153; x_wconf 81' lang='lat' dir='ltr'><strong>ab</strong></span> <span class='ocrx_word' id='word_1_277' title='bbox 1335 2108 1401 2154; x_wconf 86' lang='lat' dir='ltr'><strong>eo</strong></span> <span class='ocrx_word' id='word_1_278' title='bbox 1429 2099 1495 2154; x_wconf 89' lang='lat' dir='ltr'><strong>ad</strong></span> <span class='ocrx_word' id='word_1_279' title='bbox 1522 2108 1621 2156; x_wconf 90' lang='lat' dir='ltr'><strong>nos</strong></span> <span class='ocrx_word' id='word_1_280' title='bbox 1650 2103 1795 2158; x_wconf 86' lang='lat' dir='ltr'><strong>venit</strong></span> <span class='ocrx_word' id='word_1_281' title='bbox 1821 2103 1962 2176; x_wconf 88' lang='lat' dir='ltr'><strong>quod</strong></span> <span class='ocrx_word' id='word_1_282' title='bbox 1991 2112 2079 2161; x_wconf 78' lang='lat' dir='ltr'><strong>Su-</strong></span> 
     </span>
    </p>
   </div>
   <div class='ocr_carea' id='block_1_38' title="bbox 490 2182 2080 2264">
    <p class='ocr_par' dir='ltr' id='par_1_38' title="bbox 490 2182 2080 2264">
     <span class='ocr_line' id='line_1_38' title="bbox 490 2182 2080 2264; baseline 0.01 -27"><span class='ocrx_word' id='word_1_283' title='bbox 490 2190 626 2250; x_wconf 87' lang='lat' dir='ltr'><strong>inus,</strong></span> <span class='ocrx_word' id='word_1_284' title='bbox 658 2190 714 2239; x_wconf 90' lang='lat' dir='ltr'><strong>et</strong></span> <span class='ocrx_word' id='word_1_285' title='bbox 740 2185 990 2251; x_wconf 74' lang='lat' dir='ltr'><strong>vivimus,</strong></span> <span class='ocrx_word' id='word_1_286' title='bbox 1024 2192 1169 2243; x_wconf 83' lang='lat' dir='ltr'><strong>eerte</strong></span> <span class='ocrx_word' id='word_1_287' title='bbox 1199 2187 1324 2245; x_wconf 88' lang='lat' dir='ltr'><strong>inde</strong></span> <span class='ocrx_word' id='word_1_288' title='bbox 1346 2192 1588 2261; x_wconf 83' lang='lat' dir='ltr'><strong>sequitur</strong></span> <span class='ocrx_word' id='word_1_289' title='bbox 1618 2182 1761 2264; x_wconf 90' lang='lat' dir='ltr'><strong>quod</strong></span> <span class='ocrx_word' id='word_1_290' title='bbox 1792 2203 1848 2251; x_wconf 89' lang='lat' dir='ltr'><strong>et</strong></span> <span class='ocrx_word' id='word_1_291' title='bbox 1874 2184 2080 2253; x_wconf 85' lang='lat' dir='ltr'><strong>anima-</strong></span> 
     </span>
    </p>
   </div>
   <div class='ocr_carea' id='block_1_39' title="bbox 488 2284 2080 2362">
    <p class='ocr_par' dir='ltr' id='par_1_39' title="bbox 488 2284 2080 2362">
     <span class='ocr_line' id='line_1_39' title="bbox 488 2284 2080 2362; baseline 0.01 -31"><span class='ocrx_word' id='word_1_292' title='bbox 488 2286 605 2333; x_wconf 87' lang='lat' dir='ltr'><strong>rtnn</strong></span> <span class='ocrx_word' id='word_1_293' title='bbox 629 2284 931 2336; x_wconf 74' lang='lat' dir='ltr'><strong>nostrarum</strong></span> <span class='ocrx_word' id='word_1_294' title='bbox 955 2288 1144 2338; x_wconf 80' lang='lat' dir='ltr'><strong>auctor</strong></span> <span class='ocrx_word' id='word_1_295' title='bbox 1173 2286 1241 2340; x_wconf 71' lang='lat' dir='ltr'><strong>Sit</strong></span> <span class='ocrx_word' id='word_1_296' title='bbox 1266 2294 1319 2341; x_wconf 88' lang='lat' dir='ltr'><strong>et</strong></span> <span class='ocrx_word' id='word_1_297' title='bbox 1348 2292 1579 2342; x_wconf 76' lang='lat' dir='ltr'><strong>creatur.</strong></span> <span class='ocrx_word' id='word_1_298' title='bbox 1597 2288 1738 2344; x_wconf 66' lang='lat' dir='ltr'><strong>Nihil</strong></span> <span class='ocrx_word' id='word_1_299' title='bbox 1769 2291 1988 2362; x_wconf 85' lang='lat' dir='ltr'><strong>quippe,</strong></span> <span class='ocrx_word' id='word_1_300' title='bbox 2023 2290 2080 2347; x_wconf 83' lang='lat' dir='ltr'><strong>ut</strong></span> 
     </span>
    </p>
   </div>
   <div class='ocr_carea' id='block_1_40' title="bbox 488 2374 2079 2457">
    <p class='ocr_par' dir='ltr' id='par_1_40' title="bbox 488 2374 2079 2457">
     <span class='ocr_line' id='line_1_40' title="bbox 488 2374 2079 2457; baseline 0.009 -30"><span class='ocrx_word' id='word_1_301' title='bbox 488 2374 556 2429; x_wconf 76' lang='lat' dir='ltr'><strong>ab</strong></span> <span class='ocrx_word' id='word_1_302' title='bbox 585 2380 650 2430; x_wconf 89' lang='lat' dir='ltr'><strong>eo</strong></span> <span class='ocrx_word' id='word_1_303' title='bbox 681 2374 957 2432; x_wconf 82' lang='lat' dir='ltr'><strong>deiinitdm</strong></span> <span class='ocrx_word' id='word_1_304' title='bbox 1010 2378 1415 2437; x_wconf 80' lang='lat' dir='ltr'><strong>observavimus</strong></span> <span class='ocrx_word' id='word_1_305' title='bbox 1441 2380 1628 2454; x_wconf 59' lang='lat' dir='ltr'><strong>(Ibid,</strong></span> <span class='ocrx_word' id='word_1_306' title='bbox 1653 2382 1743 2438; x_wconf 83' lang='lat' dir='ltr'><strong>lib.</strong></span> <span class='ocrx_word' id='word_1_307' title='bbox 1774 2401 1829 2450; x_wconf 92' lang='grc' dir='ltr'>ιι,</span> <span class='ocrx_word' id='word_1_308' title='bbox 1859 2403 1977 2457; x_wconf 82' lang='lat' dir='ltr'><strong>pag.</strong></span> <span class='ocrx_word' id='word_1_309' title='bbox 2009 2374 2079 2442; x_wconf 66' lang='grc'><strong>52</strong></span> 
     </span>
    </p>
   </div>
   <div class='ocr_carea' id='block_1_41' title="bbox 488 2464 2080 2551">
    <p class='ocr_par' dir='ltr' id='par_1_41' title="bbox 488 2464 2080 2551">
     <span class='ocr_line' id='line_1_41' title="bbox 488 2464 2080 2551; baseline 0.01 -30"><span class='ocrx_word' id='word_1_310' title='bbox 488 2474 536 2521; x_wconf 81' lang='lat' dir='ltr'><strong>et</strong></span> <span class='ocrx_word' id='word_1_311' title='bbox 566 2464 681 2540; x_wconf 83' lang='lat'><strong>56),</strong></span> <span class='ocrx_word' id='word_1_312' title='bbox 715 2466 859 2525; x_wconf 80' lang='lat' dir='ltr'><strong>aliud</strong></span> <span class='ocrx_word' id='word_1_313' title='bbox 888 2472 1014 2525; x_wconf 84' lang='lat' dir='ltr'><strong>sunt</strong></span> <span class='ocrx_word' id='word_1_314' title='bbox 1039 2470 1284 2529; x_wconf 77' lang='lat' dir='ltr'><strong>iiottilnes</strong></span> <span class='ocrx_word' id='word_1_315' title='bbox 1303 2517 1318 2544; x_wconf 98' lang='lat'><strong>,</strong></span> <span class='ocrx_word' id='word_1_316' title='bbox 1347 2488 1508 2545; x_wconf 86' lang='lat' dir='ltr'><strong>quam</strong></span> <span class='ocrx_word' id='word_1_317' title='bbox 1535 2475 1730 2533; x_wconf 72' lang='lat' dir='ltr'><strong>animae</strong></span> <span class='ocrx_word' id='word_1_318' title='bbox 1761 2480 2080 2551; x_wconf 87' lang='lat' dir='ltr'><strong>corporibus</strong></span> 
     </span>
    </p>
   </div>
   <div class='ocr_carea' id='block_1_42' title="bbox 488 2559 1089 2632">
    <p class='ocr_par' dir='ltr' id='par_1_42' title="bbox 488 2559 1089 2632">
     <span class='ocr_line' id='line_1_42' title="bbox 488 2559 1089 2632; baseline 0.003 -17"><span class='ocrx_word' id='word_1_319' title='bbox 488 2559 706 2627; x_wconf 58' lang='lat' dir='ltr'><strong>clausae,</strong></span> <span class='ocrx_word' id='word_1_320' title='bbox 733 2561 814 2616; x_wconf 71' lang='lat' dir='ltr'><strong>rei</strong></span> <span class='ocrx_word' id='word_1_321' title='bbox 837 2562 1089 2632; x_wconf 66' lang='lat' dir='ltr'><strong>alligatae.</strong></span> 
     </span>
    </p>
   </div>
   <div class='ocr_carea' id='block_1_43' title="bbox 561 2650 2080 2731">
    <p class='ocr_par' dir='ltr' id='par_1_43' title="bbox 561 2650 2080 2731">
     <span class='ocr_line' id='line_1_43' title="bbox 561 2650 2080 2731; baseline 0.012 -27"><span class='ocrx_word' id='word_1_322' title='bbox 561 2652 698 2718; x_wconf 84' lang='lat' dir='ltr'><strong>Quid</strong></span> <span class='ocrx_word' id='word_1_323' title='bbox 725 2654 896 2724; x_wconf 77' lang='lat' dir='ltr'><strong>ergo?</strong></span> <span class='ocrx_word' id='word_1_324' title='bbox 921 2653 1191 2731; x_wconf 83' lang='lat' dir='ltr'><strong>Numquid</strong></span> <span class='ocrx_word' id='word_1_325' title='bbox 1222 2650 1315 2713; x_wconf 84' lang='lat' dir='ltr'><strong>ille</strong></span> <span class='ocrx_word' id='word_1_326' title='bbox 1342 2654 1445 2713; x_wconf 85' lang='lat' dir='ltr'><strong>sibi</strong></span> <span class='ocrx_word' id='word_1_327' title='bbox 1472 2668 1578 2715; x_wconf 88' lang='lat' dir='ltr'><strong>non</strong></span> <span class='ocrx_word' id='word_1_328' title='bbox 1597 2663 1943 2731; x_wconf 81' lang='lat' dir='ltr'><strong>constitisse,</strong></span> <span class='ocrx_word' id='word_1_329' title='bbox 1983 2652 2080 2722; x_wconf 83' lang='lat' dir='ltr'><strong>sed</strong></span> 
     </span>
    </p>
   </div>
   <div class='ocr_carea' id='block_1_44' title="bbox 489 2745 2078 2831">
    <p class='ocr_par' dir='ltr' id='par_1_44' title="bbox 489 2745 2078 2831">
     <span class='ocr_line' id='line_1_44' title="bbox 489 2745 2078 2831; baseline 0.011 -32"><span class='ocrx_word' id='word_1_330' title='bbox 489 2745 724 2804; x_wconf 81' lang='lat' dir='ltr'><strong>absurde</strong></span> <span class='ocrx_word' id='word_1_331' title='bbox 761 2749 1164 2808; x_wconf 80' lang='lat' dir='ltr'><strong>contradixisse</strong></span> <span class='ocrx_word' id='word_1_332' title='bbox 1211 2754 1477 2811; x_wconf 89' lang='lat' dir='ltr'><strong>dicendus</strong></span> <span class='ocrx_word' id='word_1_333' title='bbox 1507 2757 1626 2813; x_wconf 78' lang='lat' dir='ltr'><strong>est?</strong></span> <span class='ocrx_word' id='word_1_334' title='bbox 1657 2756 1761 2815; x_wconf 90' lang='lat' dir='ltr'><strong>Sed</strong></span> <span class='ocrx_word' id='word_1_335' title='bbox 1792 2758 1921 2830; x_wconf 90' lang='lat' dir='ltr'><strong>quid</strong></span> <span class='ocrx_word' id='word_1_336' title='bbox 1951 2776 2078 2831; x_wconf 88' lang='lat' dir='ltr'><strong>pro-</strong></span> 
     </span>
    </p>
   </div>
   <div class='ocr_carea' id='block_1_45' title="bbox 493 2832 2080 2915">
    <p class='ocr_par' dir='ltr' id='par_1_45' title="bbox 493 2832 2080 2915">
     <span class='ocr_line' id='line_1_45' title="bbox 493 2832 2080 2915; baseline 0.011 -25"><span class='ocrx_word' id='word_1_337' title='bbox 493 2840 640 2901; x_wconf 63' lang='lat' dir='ltr'><strong>lijbet</strong></span> <span class='ocrx_word' id='word_1_338' title='bbox 667 2832 954 2911; x_wconf 82' lang='lat' dir='ltr'><strong>quominus</strong></span> <span class='ocrx_word' id='word_1_339' title='bbox 977 2845 1095 2900; x_wconf 77' lang='lat' dir='ltr'><strong>sine</strong></span> <span class='ocrx_word' id='word_1_340' title='bbox 1127 2842 1235 2900; x_wconf 85' lang='lat' dir='ltr'><strong>ulla</strong></span> <span class='ocrx_word' id='word_1_341' title='bbox 1259 2847 1417 2915; x_wconf 78' lang='lat' dir='ltr'><strong>plane</strong></span> <span class='ocrx_word' id='word_1_342' title='bbox 1444 2847 1609 2903; x_wconf 86' lang='lat' dir='ltr'><strong>animi</strong></span> <span class='ocrx_word' id='word_1_343' title='bbox 1635 2850 1997 2908; x_wconf 75' lang='lat' dir='ltr'><strong>inconstantia</strong></span> <span class='ocrx_word' id='word_1_344' title='bbox 2026 2854 2080 2908; x_wconf 84' lang='lat' dir='ltr'><strong>et</strong></span> 
     </span>
    </p>
   </div>
   <div class='ocr_carea' id='block_1_46' title="bbox 489 2932 2083 3017">
    <p class='ocr_par' dir='ltr' id='par_1_46' title="bbox 489 2932 2083 3017">
     <span class='ocr_line' id='line_1_46' title="bbox 489 2932 2083 3017; baseline 0.011 -32"><span class='ocrx_word' id='word_1_345' title='bbox 489 2932 828 2991; x_wconf 84' lang='lat' dir='ltr'><strong>volubilitate</strong></span> <span class='ocrx_word' id='word_1_346' title='bbox 864 2942 1110 2993; x_wconf 86' lang='lat' dir='ltr'><strong>asserere</strong></span> <span class='ocrx_word' id='word_1_347' title='bbox 1133 2940 1602 3017; x_wconf 66' lang='lat' dir='ltr'><strong>ponteritanimas</strong></span> <span class='ocrx_word' id='word_1_348' title='bbox 1626 2936 1734 2998; x_wconf 80' lang='lat' dir='ltr'><strong>non</strong></span> <span class='ocrx_word' id='word_1_349' title='bbox 1754 2945 1825 3000; x_wconf 88' lang='lat' dir='ltr'><strong>ab</strong></span> <span class='ocrx_word' id='word_1_350' title='bbox 1852 2946 2083 3016; x_wconf 85' lang='lat' dir='ltr'><strong>ipsumet</strong></span> 
     </span>
    </p>
   </div>
   <div class='ocr_carea' id='block_1_47' title="bbox 489 3029 2081 3106">
    <p class='ocr_par' dir='ltr' id='par_1_47' title="bbox 489 3029 2081 3106">
     <span class='ocr_line' id='line_1_47' title="bbox 489 3029 2081 3106; baseline 0.009 -24"><span class='ocrx_word' id='word_1_351' title='bbox 489 3029 861 3101; x_wconf 83' lang='lat' dir='ltr'><strong>omnipotente</strong></span> <span class='ocrx_word' id='word_1_352' title='bbox 884 3031 1014 3099; x_wconf 81' lang='lat' dir='ltr'><strong>Deo,</strong></span> <span class='ocrx_word' id='word_1_353' title='bbox 1038 3040 1309 3104; x_wconf 75' lang='lat' dir='ltr'><strong>tamquam</strong></span> <span class='ocrx_word' id='word_1_354' title='bbox 1338 3046 1498 3090; x_wconf 85' lang='lat' dir='ltr'><strong>causa</strong></span> <span class='ocrx_word' id='word_1_355' title='bbox 1524 3035 1790 3106; x_wconf 78' lang='lat' dir='ltr'><strong>proxima,</strong></span> <span class='ocrx_word' id='word_1_356' title='bbox 1806 3042 1901 3095; x_wconf 88' lang='lat' dir='ltr'><strong>sed</strong></span> <span class='ocrx_word' id='word_1_357' title='bbox 1920 3054 2081 3096; x_wconf 89' lang='lat' dir='ltr'><strong>causa</strong></span> 
     </span>
    </p>
   </div>
   <div class='ocr_carea' id='block_1_48' title="bbox 2185 1824 3782 1921">
    <p class='ocr_par' dir='ltr' id='par_1_48' title="bbox 2185 1824 3782 1921">
     <span class='ocr_line' id='line_1_48' title="bbox 2185 1824 3782 1921; baseline 0.008 -37"><span class='ocrx_word' id='word_1_358' title='bbox 2185 1824 2421 1886; x_wconf 81' lang='lat' dir='ltr'><strong>tionem?</strong></span> <span class='ocrx_word' id='word_1_359' title='bbox 2465 1824 2603 1901; x_wconf 79' lang='lat' dir='ltr'><strong>Quid</strong></span> <span class='ocrx_word' id='word_1_360' title='bbox 2646 1826 2827 1890; x_wconf 82' lang='lat' dir='ltr'><strong>autem</strong></span> <span class='ocrx_word' id='word_1_361' title='bbox 2856 1852 2921 1892; x_wconf 78' lang='lat' dir='ltr'><strong>cx</strong></span> <span class='ocrx_word' id='word_1_362' title='bbox 2946 1847 3179 1909; x_wconf 76' lang='lat' dir='ltr'><strong>negante</strong></span> <span class='ocrx_word' id='word_1_363' title='bbox 3224 1848 3544 1909; x_wconf 78' lang='lat' dir='ltr'><strong>argumento</strong></span> <span class='ocrx_word' id='word_1_364' title='bbox 3582 1839 3782 1921; x_wconf 86' lang='lat' dir='ltr'><strong>contici</strong></span> 
     </span>
    </p>
   </div>
   <div class='ocr_carea' id='block_1_49' title="bbox 2183 1929 3785 2003">
    <p class='ocr_par' dir='ltr' id='par_1_49' title="bbox 2183 1929 3785 2003">
     <span class='ocr_line' id='line_1_49' title="bbox 2183 1929 3785 2003; baseline 0.007 -23"><span class='ocrx_word' id='word_1_365' title='bbox 2183 1936 2360 1997; x_wconf 83' lang='lat' dir='ltr'><strong>potest</strong></span> <span class='ocrx_word' id='word_1_366' title='bbox 2408 1937 2595 1984; x_wconf 88' lang='lat' dir='ltr'><strong>contra</strong></span> <span class='ocrx_word' id='word_1_367' title='bbox 2644 1945 2759 1985; x_wconf 90' lang='lat' dir='ltr'><strong>rem</strong></span> <span class='ocrx_word' id='word_1_368' title='bbox 2790 1929 3061 2003; x_wconf 88' lang='lat' dir='ltr'><strong>aliquam,</strong></span> <span class='ocrx_word' id='word_1_369' title='bbox 3102 1947 3263 2003; x_wconf 88' lang='lat' dir='ltr'><strong>quam</strong></span> <span class='ocrx_word' id='word_1_370' title='bbox 3303 1944 3567 1990; x_wconf 76' lang='lat' dir='ltr'><strong>assertum</strong></span> <span class='ocrx_word' id='word_1_371' title='bbox 3614 1932 3785 1992; x_wconf 86' lang='lat' dir='ltr'><strong>babe-</strong></span> 
     </span>
    </p>
   </div>
   <div class='ocr_carea' id='block_1_50' title="bbox 2184 2016 2347 2075">
    <p class='ocr_par' dir='ltr' id='par_1_50' title="bbox 2184 2016 2347 2075">
     <span class='ocr_line' id='line_1_50' title="bbox 2184 2016 2347 2075; baseline -0.018 -1"><span class='ocrx_word' id='word_1_372' title='bbox 2184 2016 2347 2075; x_wconf 87' lang='lat' dir='ltr'><strong>mus?</strong></span> 
     </span>
    </p>
   </div>
   <div class='ocr_carea' id='block_1_51' title="bbox 2773 2118 3182 2176">
    <p class='ocr_par' dir='ltr' id='par_1_51' title="bbox 2773 2118 3182 2176">
     <span class='ocr_line' id='line_1_51' title="bbox 2773 2118 3182 2176; baseline 0.015 -6"><span class='ocrx_word' id='word_1_373' title='bbox 2773 2118 3069 2174; x_wconf 64' lang='lat' dir='ltr'><strong>ARTICULUS</strong></span> <span class='ocrx_word' id='word_1_374' title='bbox 3100 2134 3182 2176; x_wconf 87' lang='grc' dir='ltr'>ιιι.</span> 
     </span>
    </p>
   </div>
   <div class='ocr_carea' id='block_1_52' title="bbox 2182 2224 3781 2307">
    <p class='ocr_par' dir='ltr' id='par_1_52' title="bbox 2182 2224 3781 2307">
     <span class='ocr_line' id='line_1_52' title="bbox 2182 2224 3781 2307; baseline 0.004 -31"><span class='ocrx_word' id='word_1_375' title='bbox 2182 2226 2311 2307; x_wconf 35' lang='lat' dir='ltr'><strong>Qufe‘</strong></span> <span class='ocrx_word' id='word_1_376' title='bbox 2327 2224 2935 2307; x_wconf 33' lang='lat' dir='ltr'><strong>fuerit‘vera‘érnobiide</strong></span> <span class='ocrx_word' id='word_1_377' title='bbox 2956 2231 3139 2307; x_wconf 62' lang='lat' dir='ltr'><strong>animae</strong></span> <span class='ocrx_word' id='word_1_378' title='bbox 3167 2231 3395 2307; x_wconf 69' lang='lat' dir='ltr'><strong>humanae</strong></span> <span class='ocrx_word' id='word_1_379' title='bbox 3415 2240 3590 2307; x_wconf 60' lang='lat' dir='ltr'><strong>natura</strong></span> <span class='ocrx_word' id='word_1_380' title='bbox 3613 2237 3669 2283; x_wconf 88' lang='lat' dir='ltr'><strong>et</strong></span> <span class='ocrx_word' id='word_1_381' title='bbox 3688 2233 3781 2283; x_wconf 63' lang='lat' dir='ltr'><strong>imo</strong></span> 
     </span>
    </p>
   </div>
   <div class='ocr_carea' id='block_1_53' title="bbox 2180 2284 3778 2358">
    <p class='ocr_par' dir='ltr' id='par_1_53' title="bbox 2180 2284 3778 2358">
     <span class='ocr_line' id='line_1_53' title="bbox 2180 2284 3778 2358; baseline 0.006 -22"><span class='ocrx_word' id='word_1_382' title='bbox 2180 2320 2188 2351; x_wconf 61' lang='grc' dir='ltr'><strong>ι</strong></span> <span class='ocrx_word' id='word_1_383' title='bbox 2202 2284 2218 2286; x_wconf 71' lang='grc'><strong><em>“</em></strong></span> <span class='ocrx_word' id='word_1_384' title='bbox 2243 2284 2542 2358; x_wconf 73' lang='lat' dir='ltr'><strong>mortalitate</strong></span> <span class='ocrx_word' id='word_1_385' title='bbox 2565 2284 2748 2358; x_wconf 80' lang='lat' dir='ltr'><strong>opinio,</strong></span> <span class='ocrx_word' id='word_1_386' title='bbox 2776 2299 2830 2342; x_wconf 87' lang='lat' dir='ltr'><strong>et</strong></span> <span class='ocrx_word' id='word_1_387' title='bbox 2852 2301 3014 2343; x_wconf 85' lang='lat' dir='ltr'><strong>utrum</strong></span> <span class='ocrx_word' id='word_1_388' title='bbox 3036 2296 3085 2344; x_wconf 87' lang='lat' dir='ltr'><strong>in</strong></span> <span class='ocrx_word' id='word_1_389' title='bbox 3109 2294 3369 2358; x_wconf 80' lang='lat' dir='ltr'><strong>quemdam</strong></span> <span class='ocrx_word' id='word_1_390' title='bbox 3403 2294 3469 2347; x_wconf 89' lang='lat' dir='ltr'><strong>de</strong></span> <span class='ocrx_word' id='word_1_391' title='bbox 3510 2284 3596 2346; x_wconf 85' lang='lat' dir='ltr'><strong>illa</strong></span> <span class='ocrx_word' id='word_1_392' title='bbox 3633 2309 3778 2346; x_wconf 87' lang='lat' dir='ltr'><strong>erro-</strong></span> 
     </span>
    </p>
   </div>
   <div class='ocr_carea' id='block_1_54' title="bbox 2244 2352 2640 2417">
    <p class='ocr_par' dir='ltr' id='par_1_54' title="bbox 2244 2352 2640 2417">
     <span class='ocr_line' id='line_1_54' title="bbox 2244 2352 2640 2417; baseline 0 -16"><span class='ocrx_word' id='word_1_393' title='bbox 2244 2364 2350 2402; x_wconf 81' lang='lat' dir='ltr'><strong>rem</strong></span> <span class='ocrx_word' id='word_1_394' title='bbox 2376 2352 2545 2417; x_wconf 82' lang='lat' dir='ltr'><strong>lapsus</strong></span> <span class='ocrx_word' id='word_1_395' title='bbox 2558 2352 2640 2403; x_wconf 81' lang='lat' dir='ltr'><strong>sit.</strong></span> 
     </span>
    </p>
   </div>
   <div class='ocr_carea' id='block_1_55' title="bbox 2252 2452 3775 2537">
    <p class='ocr_par' dir='ltr' id='par_1_55' title="bbox 2252 2452 3775 2537">
     <span class='ocr_line' id='line_1_55' title="bbox 2252 2452 3775 2537; baseline 0.007 -27"><span class='ocrx_word' id='word_1_396' title='bbox 2252 2452 2393 2525; x_wconf 82' lang='lat' dir='ltr'><strong>Quid</strong></span> <span class='ocrx_word' id='word_1_397' title='bbox 2421 2457 2487 2512; x_wconf 87' lang='lat' dir='ltr'><strong>de</strong></span> <span class='ocrx_word' id='word_1_398' title='bbox 2514 2456 2626 2528; x_wconf 82' lang='lat' dir='ltr'><strong>ipsa</strong></span> <span class='ocrx_word' id='word_1_399' title='bbox 2656 2456 2905 2514; x_wconf 67' lang='lat' dir='ltr'><strong>humana!</strong></span> <span class='ocrx_word' id='word_1_400' title='bbox 2928 2458 3120 2517; x_wconf 63' lang='lat' dir='ltr'><strong>animae</strong></span> <span class='ocrx_word' id='word_1_401' title='bbox 3149 2458 3359 2531; x_wconf 86' lang='lat' dir='ltr'><strong>natura,</strong></span> <span class='ocrx_word' id='word_1_402' title='bbox 3393 2458 3641 2537; x_wconf 78' lang='lat' dir='ltr'><strong>illiuSque</strong></span> <span class='ocrx_word' id='word_1_403' title='bbox 3669 2465 3775 2521; x_wconf 89' lang='lat' dir='ltr'><strong>im-</strong></span> 
     </span>
    </p>
   </div>
   <div class='ocr_carea' id='block_1_56' title="bbox 2181 2552 3775 2619">
    <p class='ocr_par' dir='ltr' id='par_1_56' title="bbox 2181 2552 3775 2619">
     <span class='ocr_line' id='line_1_56' title="bbox 2181 2552 3775 2619; baseline 0.005 -13"><span class='ocrx_word' id='word_1_404' title='bbox 2181 2552 2511 2607; x_wconf 75' lang='lat' dir='ltr'><strong>mortalitate</strong></span> <span class='ocrx_word' id='word_1_405' title='bbox 2525 2552 2722 2607; x_wconf 80' lang='lat' dir='ltr'><strong>semiat</strong></span> <span class='ocrx_word' id='word_1_406' title='bbox 2737 2552 3026 2619; x_wconf 80' lang='lat' dir='ltr'><strong>Arnobius,</strong></span> <span class='ocrx_word' id='word_1_407' title='bbox 3041 2566 3095 2610; x_wconf 89' lang='lat' dir='ltr'><strong>et</strong></span> <span class='ocrx_word' id='word_1_408' title='bbox 3116 2562 3293 2611; x_wconf 74' lang='lat' dir='ltr'><strong>utrum</strong></span> <span class='ocrx_word' id='word_1_409' title='bbox 3316 2556 3368 2611; x_wconf 90' lang='lat' dir='ltr'><strong>itt</strong></span> <span class='ocrx_word' id='word_1_410' title='bbox 3391 2570 3451 2613; x_wconf 88' lang='lat' dir='ltr'><strong>ea</strong></span> <span class='ocrx_word' id='word_1_411' title='bbox 3471 2554 3775 2614; x_wconf 83' lang='lat' dir='ltr'><strong>definienda</strong></span> 
     </span>
    </p>
   </div>
   <div class='ocr_carea' id='block_1_57' title="bbox 2181 2644 3773 2722">
    <p class='ocr_par' dir='ltr' id='par_1_57' title="bbox 2181 2644 3773 2722">
     <span class='ocr_line' id='line_1_57' title="bbox 2181 2644 3773 2722; baseline 0.004 -22"><span class='ocrx_word' id='word_1_412' title='bbox 2181 2654 2371 2700; x_wconf 80' lang='lat' dir='ltr'><strong>rursus</strong></span> <span class='ocrx_word' id='word_1_413' title='bbox 2402 2654 2498 2716; x_wconf 81' lang='lat' dir='ltr'><strong>per</strong></span> <span class='ocrx_word' id='word_1_414' title='bbox 2526 2650 2790 2713; x_wconf 87' lang='lat' dir='ltr'><strong>errorem,</strong></span> <span class='ocrx_word' id='word_1_415' title='bbox 2816 2652 2875 2702; x_wconf 91' lang='lat' dir='ltr'><strong>ut</strong></span> <span class='ocrx_word' id='word_1_416' title='bbox 2900 2644 3115 2718; x_wconf 89' lang='lat' dir='ltr'><strong>quidam</strong></span> <span class='ocrx_word' id='word_1_417' title='bbox 3137 2650 3452 2720; x_wconf 86' lang='lat' dir='ltr'><strong>opinantur,</strong></span> <span class='ocrx_word' id='word_1_418' title='bbox 3477 2650 3657 2722; x_wconf 83' lang='lat' dir='ltr'><strong>lapsus</strong></span> <span class='ocrx_word' id='word_1_419' title='bbox 3682 2651 3773 2719; x_wconf 90' lang='lat' dir='ltr'><strong>sit,</strong></span> 
     </span>
    </p>
   </div>
   <div class='ocr_carea' id='block_1_58' title="bbox 2183 2737 3775 2814">
    <p class='ocr_par' dir='ltr' id='par_1_58' title="bbox 2183 2737 3775 2814">
     <span class='ocr_line' id='line_1_58' title="bbox 2183 2737 3775 2814; baseline 0.004 -19"><span class='ocrx_word' id='word_1_420' title='bbox 2183 2746 2213 2795; x_wconf 84' lang='lat' dir='ltr'><strong>a</strong></span> <span class='ocrx_word' id='word_1_421' title='bbox 2241 2739 2395 2797; x_wconf 88' lang='lat' dir='ltr'><strong>nobis</strong></span> <span class='ocrx_word' id='word_1_422' title='bbox 2423 2737 2601 2796; x_wconf 85' lang='lat' dir='ltr'><strong>adhuc</strong></span> <span class='ocrx_word' id='word_1_423' title='bbox 2626 2752 2711 2797; x_wconf 70' lang='grc' dir='ltr'><strong>εει</strong></span> <span class='ocrx_word' id='word_1_424' title='bbox 2738 2741 2929 2798; x_wconf 82' lang='lat' dir='ltr'><strong>sedulo</strong></span> <span class='ocrx_word' id='word_1_425' title='bbox 2967 2740 3366 2814; x_wconf 82' lang='lat' dir='ltr'><strong>inquirendum.</strong></span> <span class='ocrx_word' id='word_1_426' title='bbox 3417 2744 3500 2799; x_wconf 85' lang='lat' dir='ltr'><strong>Ab</strong></span> <span class='ocrx_word' id='word_1_427' title='bbox 3538 2742 3775 2801; x_wconf 84' lang='lat' dir='ltr'><strong>Heraido</strong></span> 
     </span>
    </p>
   </div>
   <div class='ocr_carea' id='block_1_59' title="bbox 2183 2832 3777 2908">
    <p class='ocr_par' dir='ltr' id='par_1_59' title="bbox 2183 2832 3777 2908">
     <span class='ocr_line' id='line_1_59' title="bbox 2183 2832 3777 2908; baseline 0.003 -19"><span class='ocrx_word' id='word_1_428' title='bbox 2183 2841 2361 2890; x_wconf 83' lang='lat' dir='ltr'><strong>autem</strong></span> <span class='ocrx_word' id='word_1_429' title='bbox 2406 2833 2655 2891; x_wconf 71' lang='lat' dir='ltr'><strong>decuisse</strong></span> <span class='ocrx_word' id='word_1_430' title='bbox 2697 2832 3040 2891; x_wconf 77' lang='lat' dir='ltr'><strong>insimulatur</strong></span> <span class='ocrx_word' id='word_1_431' title='bbox 3059 2846 3179 2891; x_wconf 79' lang='lat' dir='ltr'><strong>eam</strong></span> <span class='ocrx_word' id='word_1_432' title='bbox 3202 2838 3521 2908; x_wconf 77' lang='lat' dir='ltr'><strong>cerporeatn</strong></span> <span class='ocrx_word' id='word_1_433' title='bbox 3550 2844 3693 2902; x_wconf 81' lang='lat' dir='ltr'><strong>esse,</strong></span> <span class='ocrx_word' id='word_1_434' title='bbox 3721 2842 3777 2893; x_wconf 90' lang='lat' dir='ltr'><strong>et</strong></span> 
     </span>
    </p>
   </div>
   <div class='ocr_carea' id='block_1_60' title="bbox 2185 2926 3775 3003">
    <p class='ocr_par' dir='ltr' id='par_1_60' title="bbox 2185 2926 3775 3003">
     <span class='ocr_line' id='line_1_60' title="bbox 2185 2926 3775 3003; baseline 0.003 -21"><span class='ocrx_word' id='word_1_435' title='bbox 2185 2927 2488 2984; x_wconf 74' lang='lat' dir='ltr'><strong>mortalem.</strong></span> <span class='ocrx_word' id='word_1_436' title='bbox 2535 2926 2643 2985; x_wconf 83' lang='lat' dir='ltr'><strong>Sed</strong></span> <span class='ocrx_word' id='word_1_437' title='bbox 2674 2926 2789 2984; x_wconf 60' lang='lat' dir='ltr'><strong>hac</strong></span> <span class='ocrx_word' id='word_1_438' title='bbox 2816 2928 2995 3000; x_wconf 74' lang='lat' dir='ltr'><strong>gravis</strong></span> <span class='ocrx_word' id='word_1_439' title='bbox 3025 2928 3331 2987; x_wconf 78' lang='lat' dir='ltr'><strong>criminatio</strong></span> <span class='ocrx_word' id='word_1_440' title='bbox 3370 2928 3618 2988; x_wconf 74' lang='lat' dir='ltr'><strong>examine</strong></span> <span class='ocrx_word' id='word_1_441' title='bbox 3647 2944 3775 3003; x_wconf 87' lang='lat' dir='ltr'><strong>pro-</strong></span> 
     </span>
    </p>
   </div>
   <div class='ocr_carea' id='block_1_61' title="bbox 2185 3020 2688 3094">
    <p class='ocr_par' dir='ltr' id='par_1_61' title="bbox 2185 3020 2688 3094">
     <span class='ocr_line' id='line_1_61' title="bbox 2185 3020 2688 3094; baseline 0 -16"><span class='ocrx_word' id='word_1_442' title='bbox 2185 3020 2439 3079; x_wconf 82' lang='lat' dir='ltr'><strong>culdubio</strong></span> <span class='ocrx_word' id='word_1_443' title='bbox 2464 3022 2688 3094; x_wconf 71' lang='lat' dir='ltr'><strong>indiget.</strong></span> 
     </span>
    </p>
   </div>
   <div class='ocr_carea' id='block_1_62' title="bbox 491 3113 3774 3213">
    <p class='ocr_par' dir='ltr' id='par_1_62' title="bbox 491 3113 3774 3213">
     <span class='ocr_line' id='line_1_62' title="bbox 491 3113 3774 3213; baseline 0.005 -36"><span class='ocrx_word' id='word_1_444' title='bbox 491 3131 695 3178; x_wconf 80' lang='lat' dir='ltr'><strong>tantum</strong></span> <span class='ocrx_word' id='word_1_445' title='bbox 721 3134 951 3193; x_wconf 82' lang='lat' dir='ltr'><strong>remeta,</strong></span> <span class='ocrx_word' id='word_1_446' title='bbox 976 3124 1027 3181; x_wconf 84' lang='lat' dir='ltr'><strong>ei</strong></span> <span class='ocrx_word' id='word_1_447' title='bbox 1058 3128 1296 3183; x_wconf 71' lang='lat' dir='ltr'><strong>ninnium</strong></span> <span class='ocrx_word' id='word_1_448' title='bbox 1328 3130 1523 3199; x_wconf 84' lang='lat' dir='ltr'><strong>prima,</strong></span> <span class='ocrx_word' id='word_1_449' title='bbox 1552 3146 1647 3200; x_wconf 89' lang='lat' dir='ltr'><strong>per</strong></span> <span class='ocrx_word' id='word_1_450' title='bbox 1667 3130 1832 3188; x_wconf 86' lang='lat' dir='ltr'><strong>alium</strong></span> <span class='ocrx_word' id='word_1_451' title='bbox 1860 3148 1891 3189; x_wconf 90' lang='lat' dir='ltr'><strong>e</strong></span> <span class='ocrx_word' id='word_1_452' title='bbox 1914 3146 2076 3205; x_wconf 90' lang='lat' dir='ltr'><strong>snpe-</strong></span> <span class='ocrx_word' id='word_1_453' title='bbox 2257 3117 2498 3172; x_wconf 60' lang='lat' dir='ltr'><strong>Primum</strong></span> <span class='ocrx_word' id='word_1_454' title='bbox 2533 3116 2727 3213; x_wconf 49' lang='lat' dir='ltr'><strong>iulqu</strong></span> <span class='ocrx_word' id='word_1_455' title='bbox 2762 3122 2922 3213; x_wconf 69' lang='grc' dir='ltr'><strong>Ρυίειῑ</strong></span> <span class='ocrx_word' id='word_1_456' title='bbox 2943 3113 3226 3213; x_wconf 54' lang='lat' dir='ltr'><strong>“eramus</strong></span> <span class='ocrx_word' id='word_1_457' title='bbox 3256 3116 3774 3213; x_wconf 57' lang='grc' dir='ltr'><strong>*ιιίΐηδειῒσπῖίξηξω</strong></span> 
     </span>
    </p>
   </div>
   <div class='ocr_carea' id='block_1_63' title="bbox 490 3216 2082 3289">
    <p class='ocr_par' dir='ltr' id='par_1_63' title="bbox 490 3216 2082 3289">
     <span class='ocr_line' id='line_1_63' title="bbox 490 3216 2082 3289; baseline 0.008 -19"><span class='ocrx_word' id='word_1_458' title='bbox 490 3216 724 3272; x_wconf 85' lang='lat' dir='ltr'><strong>rioribns</strong></span> <span class='ocrx_word' id='word_1_459' title='bbox 751 3218 1106 3287; x_wconf 78' lang='lat' dir='ltr'><strong>potestatibus</strong></span> <span class='ocrx_word' id='word_1_460' title='bbox 1132 3216 1365 3289; x_wconf 83' lang='lat' dir='ltr'><strong>aliquem</strong></span> <span class='ocrx_word' id='word_1_461' title='bbox 1394 3224 1643 3279; x_wconf 79' lang='lat' dir='ltr'><strong>creatas?</strong></span> <span class='ocrx_word' id='word_1_462' title='bbox 1694 3220 1890 3281; x_wconf 79' lang='lat' dir='ltr'><strong>Verum</strong></span> <span class='ocrx_word' id='word_1_463' title='bbox 1943 3220 2082 3283; x_wconf 87' lang='lat' dir='ltr'><strong>hanc</strong></span> 
     </span>
    </p>
   </div>
   <div class='ocr_carea' id='block_1_64' title="bbox 491 3306 2081 3389">
    <p class='ocr_par' dir='ltr' id='par_1_64' title="bbox 491 3306 2081 3389">
     <span class='ocr_line' id='line_1_64' title="bbox 491 3306 2081 3389; baseline 0.008 -28"><span class='ocrx_word' id='word_1_464' title='bbox 491 3322 599 3362; x_wconf 90' lang='lat' dir='ltr'><strong>non</strong></span> <span class='ocrx_word' id='word_1_465' title='bbox 626 3306 795 3363; x_wconf 88' lang='lat' dir='ltr'><strong>fuisse</strong></span> <span class='ocrx_word' id='word_1_466' title='bbox 824 3309 966 3365; x_wconf 84' lang='lat' dir='ltr'><strong>illius</strong></span> <span class='ocrx_word' id='word_1_467' title='bbox 996 3313 1304 3382; x_wconf 78' lang='lat' dir='ltr'><strong>Opinionem</strong></span> <span class='ocrx_word' id='word_1_468' title='bbox 1328 3306 1454 3370; x_wconf 86' lang='lat' dir='ltr'><strong>inde</strong></span> <span class='ocrx_word' id='word_1_469' title='bbox 1474 3314 1670 3371; x_wconf 84' lang='lat' dir='ltr'><strong>eonflci</strong></span> <span class='ocrx_word' id='word_1_470' title='bbox 1691 3308 2081 3389; x_wconf 77' lang='lat' dir='ltr'><strong>videtur,q‘uod</strong></span> 
     </span>
    </p>
   </div>
   <div class='ocr_carea' id='block_1_65' title="bbox 493 3394 2077 3477">
    <p class='ocr_par' dir='ltr' id='par_1_65' title="bbox 493 3394 2077 3477">
     <span class='ocr_line' id='line_1_65' title="bbox 493 3394 2077 3477; baseline 0.009 -25"><span class='ocrx_word' id='word_1_471' title='bbox 493 3394 581 3453; x_wconf 86' lang='lat' dir='ltr'><strong>illa</strong></span> <span class='ocrx_word' id='word_1_472' title='bbox 604 3398 795 3455; x_wconf 86' lang='lat' dir='ltr'><strong>iisdem</strong></span> <span class='ocrx_word' id='word_1_473' title='bbox 819 3408 1093 3458; x_wconf 83' lang='lat' dir='ltr'><strong>evertatur</strong></span> <span class='ocrx_word' id='word_1_474' title='bbox 1111 3406 1464 3476; x_wconf 79' lang='lat' dir='ltr'><strong>argumentis,</strong></span> <span class='ocrx_word' id='word_1_475' title='bbox 1480 3407 1696 3477; x_wconf 74' lang='lat' dir='ltr'><strong>Quibus,</strong></span> <span class='ocrx_word' id='word_1_476' title='bbox 1719 3409 1793 3464; x_wconf 91' lang='lat' dir='ltr'><strong>uti</strong></span> <span class='ocrx_word' id='word_1_477' title='bbox 1815 3411 2077 3477; x_wconf 79' lang='lat' dir='ltr'><strong>diximus,</strong></span> 
     </span>
    </p>
   </div>
   <div class='ocr_carea' id='block_1_66' title="bbox 493 3494 2083 3574">
    <p class='ocr_par' dir='ltr' id='par_1_66' title="bbox 493 3494 2083 3574">
     <span class='ocr_line' id='line_1_66' title="bbox 493 3494 2083 3574; baseline 0.009 -27"><span class='ocrx_word' id='word_1_478' title='bbox 493 3494 609 3565; x_wconf 88' lang='lat' dir='ltr'><strong>ipse</strong></span> <span class='ocrx_word' id='word_1_479' title='bbox 632 3496 861 3565; x_wconf 85' lang='lat' dir='ltr'><strong>probare</strong></span> <span class='ocrx_word' id='word_1_480' title='bbox 890 3507 1119 3553; x_wconf 88' lang='lat' dir='ltr'><strong>conatus</strong></span> <span class='ocrx_word' id='word_1_481' title='bbox 1183 3507 1298 3570; x_wconf 88' lang='lat' dir='ltr'><strong>est,</strong></span> <span class='ocrx_word' id='word_1_482' title='bbox 1341 3500 1580 3569; x_wconf 83' lang='lat' dir='ltr'><strong>animas,</strong></span> <span class='ocrx_word' id='word_1_483' title='bbox 1613 3510 1799 3574; x_wconf 89' lang='lat' dir='ltr'><strong>utpote</strong></span> <span class='ocrx_word' id='word_1_484' title='bbox 1822 3504 1966 3560; x_wconf 86' lang='lat' dir='ltr'><strong>vitiis</strong></span> <span class='ocrx_word' id='word_1_485' title='bbox 1989 3507 2083 3563; x_wconf 92' lang='lat' dir='ltr'><strong>ob-</strong></span> 
     </span>
    </p>
   </div>
   <div class='ocr_carea' id='block_1_67' title="bbox 494 3586 2085 3663">
    <p class='ocr_par' dir='ltr' id='par_1_67' title="bbox 494 3586 2085 3663">
     <span class='ocr_line' id='line_1_67' title="bbox 494 3586 2085 3663; baseline 0.007 -17"><span class='ocrx_word' id='word_1_486' title='bbox 494 3591 723 3659; x_wconf 78' lang='lat' dir='ltr'><strong>noxias,</strong></span> <span class='ocrx_word' id='word_1_487' title='bbox 766 3600 873 3647; x_wconf 86' lang='lat' dir='ltr'><strong>non</strong></span> <span class='ocrx_word' id='word_1_488' title='bbox 923 3592 1214 3663; x_wconf 77' lang='lat' dir='ltr'><strong>potuissea</strong></span> <span class='ocrx_word' id='word_1_489' title='bbox 1243 3608 1455 3650; x_wconf 87' lang='lat' dir='ltr'><strong>summo</strong></span> <span class='ocrx_word' id='word_1_490' title='bbox 1507 3586 1617 3651; x_wconf 78' lang='lat' dir='ltr'><strong>lieo</strong></span> <span class='ocrx_word' id='word_1_491' title='bbox 1656 3599 1851 3654; x_wconf 79' lang='lat' dir='ltr'><strong>creari.</strong></span> <span class='ocrx_word' id='word_1_492' title='bbox 1894 3592 2085 3657; x_wconf 75' lang='lat' dir='ltr'><strong>Nonne</strong></span> 
     </span>
    </p>
   </div>
   <div class='ocr_carea' id='block_1_68' title="bbox 494 3684 2085 3764">
    <p class='ocr_par' dir='ltr' id='par_1_68' title="bbox 494 3684 2085 3764">
     <span class='ocr_line' id='line_1_68' title="bbox 494 3684 2085 3764; baseline 0.006 -25"><span class='ocrx_word' id='word_1_493' title='bbox 494 3695 625 3755; x_wconf 77' lang='lat' dir='ltr'><strong>ergo</strong></span> <span class='ocrx_word' id='word_1_494' title='bbox 648 3684 995 3751; x_wconf 82' lang='lat' dir='ltr'><strong>verisimilius</strong></span> <span class='ocrx_word' id='word_1_495' title='bbox 1022 3693 1109 3741; x_wconf 85' lang='lat' dir='ltr'><strong>est</strong></span> <span class='ocrx_word' id='word_1_496' title='bbox 1136 3685 1287 3742; x_wconf 88' lang='lat' dir='ltr'><strong>illum</strong></span> <span class='ocrx_word' id='word_1_497' title='bbox 1315 3684 1698 3759; x_wconf 83' lang='lat' dir='ltr'><strong>disputationis</strong></span> <span class='ocrx_word' id='word_1_498' title='bbox 1727 3696 1863 3746; x_wconf 70' lang='lat' dir='ltr'><strong>testu</strong></span> <span class='ocrx_word' id='word_1_499' title='bbox 1893 3686 2085 3764; x_wconf 87' lang='lat' dir='ltr'><strong>abrep-</strong></span> 
     </span>
    </p>
   </div>
   <div class='ocr_carea' id='block_1_69' title="bbox 495 3781 2085 3857">
    <p class='ocr_par' dir='ltr' id='par_1_69' title="bbox 495 3781 2085 3857">
     <span class='ocr_line' id='line_1_69' title="bbox 495 3781 2085 3857; baseline 0.006 -25"><span class='ocrx_word' id='word_1_500' title='bbox 495 3789 644 3845; x_wconf 71' lang='lat' dir='ltr'><strong>tum,</strong></span> <span class='ocrx_word' id='word_1_501' title='bbox 686 3784 839 3835; x_wconf 74' lang='lat' dir='ltr'><strong>extra</strong></span> <span class='ocrx_word' id='word_1_502' title='bbox 867 3788 1039 3836; x_wconf 76' lang='lat' dir='ltr'><strong>Statos</strong></span> <span class='ocrx_word' id='word_1_503' title='bbox 1067 3781 1266 3837; x_wconf 89' lang='lat' dir='ltr'><strong>limites</strong></span> <span class='ocrx_word' id='word_1_504' title='bbox 1292 3792 1669 3854; x_wconf 79' lang='lat' dir='ltr'><strong>argumentum</strong></span> <span class='ocrx_word' id='word_1_505' title='bbox 1701 3799 1860 3841; x_wconf 91' lang='lat' dir='ltr'><strong>suum</strong></span> <span class='ocrx_word' id='word_1_506' title='bbox 1893 3796 2085 3857; x_wconf 83' lang='lat' dir='ltr'><strong>urgere</strong></span> 
     </span>
    </p>
   </div>
   <div class='ocr_carea' id='block_1_70' title="bbox 494 3873 2086 3950">
    <p class='ocr_par' dir='ltr' id='par_1_70' title="bbox 494 3873 2086 3950">
     <span class='ocr_line' id='line_1_70' title="bbox 494 3873 2086 3950; baseline 0.006 -24"><span class='ocrx_word' id='word_1_507' title='bbox 494 3886 557 3926; x_wconf 81' lang='lat' dir='ltr'><strong>ac</strong></span> <span class='ocrx_word' id='word_1_508' title='bbox 585 3873 875 3944; x_wconf 77' lang='lat' dir='ltr'><strong>prosethi?</strong></span> <span class='ocrx_word' id='word_1_509' title='bbox 923 3874 981 3929; x_wconf 88' lang='lat' dir='ltr'><strong>Si</strong></span> <span class='ocrx_word' id='word_1_510' title='bbox 1020 3876 1141 3946; x_wconf 90' lang='lat' dir='ltr'><strong>quis</strong></span> <span class='ocrx_word' id='word_1_511' title='bbox 1182 3880 1358 3932; x_wconf 84' lang='lat' dir='ltr'><strong>tamen</strong></span> <span class='ocrx_word' id='word_1_512' title='bbox 1410 3874 1565 3933; x_wconf 85' lang='lat' dir='ltr'><strong>nobis</strong></span> <span class='ocrx_word' id='word_1_513' title='bbox 1594 3884 1744 3935; x_wconf 88' lang='lat' dir='ltr'><strong>certo</strong></span> <span class='ocrx_word' id='word_1_514' title='bbox 1772 3879 2086 3950; x_wconf 77' lang='lat' dir='ltr'><strong>probaverit</strong></span> 
     </span>
    </p>
   </div>
   <div class='ocr_carea' id='block_1_71' title="bbox 496 3966 2087 4044">
    <p class='ocr_par' dir='ltr' id='par_1_71' title="bbox 496 3966 2087 4044">
     <span class='ocr_line' id='line_1_71' title="bbox 496 3966 2087 4044; baseline 0.006 -24"><span class='ocrx_word' id='word_1_515' title='bbox 496 3966 652 4021; x_wconf 83' lang='lat' dir='ltr'><strong>illum</strong></span> <span class='ocrx_word' id='word_1_516' title='bbox 719 3966 1014 4024; x_wconf 85' lang='lat' dir='ltr'><strong>credidisse</strong></span> <span class='ocrx_word' id='word_1_517' title='bbox 1084 3969 1291 4025; x_wconf 82' lang='lat' dir='ltr'><strong>animas</strong></span> <span class='ocrx_word' id='word_1_518' title='bbox 1341 3969 1606 4026; x_wconf 79' lang='lat' dir='ltr'><strong>humanas</strong></span> <span class='ocrx_word' id='word_1_519' title='bbox 1662 3982 2000 4044; x_wconf 87' lang='lat' dir='ltr'><strong>nequaquam</strong></span> <span class='ocrx_word' id='word_1_520' title='bbox 2054 3990 2087 4030; x_wconf 89' lang='lat' dir='ltr'><strong>a</strong></span> 
     </span>
    </p>
   </div>
   <div class='ocr_carea' id='block_1_72' title="bbox 495 4049 2084 4136">
    <p class='ocr_par' dir='ltr' id='par_1_72' title="bbox 495 4049 2084 4136">
     <span class='ocr_line' id='line_1_72' title="bbox 495 4049 2084 4136; baseline 0.005 -21"><span class='ocrx_word' id='word_1_521' title='bbox 495 4070 705 4115; x_wconf 85' lang='lat' dir='ltr'><strong>summo</strong></span> <span class='ocrx_word' id='word_1_522' title='bbox 751 4062 896 4127; x_wconf 84' lang='lat' dir='ltr'><strong>Deo,</strong></span> <span class='ocrx_word' id='word_1_523' title='bbox 942 4061 1036 4117; x_wconf 85' lang='lat' dir='ltr'><strong>sed</strong></span> <span class='ocrx_word' id='word_1_524' title='bbox 1060 4062 1130 4118; x_wconf 82' lang='lat' dir='ltr'><strong>ab</strong></span> <span class='ocrx_word' id='word_1_525' title='bbox 1153 4049 1504 4119; x_wconf 82' lang='lat' dir='ltr'><strong>inferioribus</strong></span> <span class='ocrx_word' id='word_1_526' title='bbox 1532 4072 1735 4120; x_wconf 86' lang='lat' dir='ltr'><strong>tantum</strong></span> <span class='ocrx_word' id='word_1_527' title='bbox 1764 4066 2084 4136; x_wconf 78' lang='lat' dir='ltr'><strong>quibusnam</strong></span> 
     </span>
    </p>
   </div>
   <div class='ocr_carea' id='block_1_73' title="bbox 497 4154 2086 4228">
    <p class='ocr_par' dir='ltr' id='par_1_73' title="bbox 497 4154 2086 4228">
     <span class='ocr_line' id='line_1_73' title="bbox 497 4154 2086 4228; baseline 0.004 -19"><span class='ocrx_word' id='word_1_528' title='bbox 497 4154 751 4210; x_wconf 81' lang='lat' dir='ltr'><strong>natalium</strong></span> <span class='ocrx_word' id='word_1_529' title='bbox 778 4154 1068 4225; x_wconf 82' lang='lat' dir='ltr'><strong>splendore</strong></span> <span class='ocrx_word' id='word_1_530' title='bbox 1099 4154 1453 4212; x_wconf 84' lang='lat' dir='ltr'><strong>nobilissimis</strong></span> <span class='ocrx_word' id='word_1_531' title='bbox 1485 4159 1843 4228; x_wconf 77' lang='lat' dir='ltr'><strong>potestatibus</strong></span> <span class='ocrx_word' id='word_1_532' title='bbox 1874 4164 2086 4217; x_wconf 87' lang='lat' dir='ltr'><strong>creatas</strong></span> 
     </span>
    </p>
   </div>
   <div class='ocr_carea' id='block_1_74' title="bbox 497 4245 2085 4326">
    <p class='ocr_par' dir='ltr' id='par_1_74' title="bbox 497 4245 2085 4326">
     <span class='ocr_line' id='line_1_74' title="bbox 497 4245 2085 4326; baseline 0.005 -25"><span class='ocrx_word' id='word_1_533' title='bbox 497 4245 663 4302; x_wconf 69' lang='lat' dir='ltr'><strong>fuisse</strong></span> <span class='ocrx_word' id='word_1_534' title='bbox 682 4287 697 4311; x_wconf 94' lang='lat'><strong>,</strong></span> <span class='ocrx_word' id='word_1_535' title='bbox 721 4256 820 4301; x_wconf 85' lang='lat' dir='ltr'><strong>nos</strong></span> <span class='ocrx_word' id='word_1_536' title='bbox 848 4246 993 4304; x_wconf 88' lang='lat' dir='ltr'><strong>illico</strong></span> <span class='ocrx_word' id='word_1_537' title='bbox 1021 4254 1146 4305; x_wconf 76' lang='lat' dir='ltr'><strong>eum</strong></span> <span class='ocrx_word' id='word_1_538' title='bbox 1172 4254 1385 4306; x_wconf 82' lang='lat' dir='ltr'><strong>errasse</strong></span> <span class='ocrx_word' id='word_1_539' title='bbox 1412 4249 1700 4307; x_wconf 77' lang='lat' dir='ltr'><strong>fatebimur</strong></span> <span class='ocrx_word' id='word_1_540' title='bbox 1718 4293 1733 4319; x_wconf 92' lang='lat'><strong>,</strong></span> <span class='ocrx_word' id='word_1_541' title='bbox 1767 4264 1866 4309; x_wconf 90' lang='lat' dir='ltr'><strong>nec</strong></span> <span class='ocrx_word' id='word_1_542' title='bbox 1893 4267 2085 4326; x_wconf 89' lang='lat' dir='ltr'><strong>seque-</strong></span> 
     </span>
    </p>
   </div>
   <div class='ocr_carea' id='block_1_75' title="bbox 498 4351 942 4397">
    <p class='ocr_par' dir='ltr' id='par_1_75' title="bbox 498 4351 942 4397">
     <span class='ocr_line' id='line_1_75' title="bbox 498 4351 942 4397; baseline 0.005 -2"><span class='ocrx_word' id='word_1_543' title='bbox 498 4356 620 4395; x_wconf 79' lang='lat' dir='ltr'><strong>llllll&#39;</strong></span> <span class='ocrx_word' id='word_1_544' title='bbox 648 4351 942 4397; x_wconf 88' lang='lat' dir='ltr'><strong>errantem.</strong></span> 
     </span>
    </p>
   </div>
   <div class='ocr_carea' id='block_1_76' title="bbox 569 4427 2091 4512">
    <p class='ocr_par' dir='ltr' id='par_1_76' title="bbox 569 4427 2091 4512">
     <span class='ocr_line' id='line_1_76' title="bbox 569 4427 2091 4512; baseline 0.005 -24"><span class='ocrx_word' id='word_1_545' title='bbox 569 4436 639 4489; x_wconf 83' lang='lat' dir='ltr'><strong>At</strong></span> <span class='ocrx_word' id='word_1_546' title='bbox 666 4450 773 4489; x_wconf 88' lang='lat' dir='ltr'><strong>non</strong></span> <span class='ocrx_word' id='word_1_547' title='bbox 794 4434 967 4489; x_wconf 90' lang='lat' dir='ltr'><strong>deerit</strong></span> <span class='ocrx_word' id='word_1_548' title='bbox 997 4433 1224 4491; x_wconf 78' lang='lat' dir='ltr'><strong>fortasse</strong></span> <span class='ocrx_word' id='word_1_549' title='bbox 1250 4427 1461 4508; x_wconf 83' lang='lat' dir='ltr'><strong>aliquis,</strong></span> <span class='ocrx_word' id='word_1_550' title='bbox 1500 4432 1591 4509; x_wconf 89' lang='lat' dir='ltr'><strong>qui</strong></span> <span class='ocrx_word' id='word_1_551' title='bbox 1635 4436 1791 4495; x_wconf 76' lang='lat' dir='ltr'><strong>nobis</strong></span> <span class='ocrx_word' id='word_1_552' title='bbox 1838 4450 2091 4512; x_wconf 85' lang='lat' dir='ltr'><strong>suggerat</strong></span> 
     </span>
    </p>
   </div>
   <div class='ocr_carea' id='block_1_77' title="bbox 2182 3198 3777 3283">
    <p class='ocr_par' dir='ltr' id='par_1_77' title="bbox 2182 3198 3777 3283">
     <span class='ocr_line' id='line_1_77' title="bbox 2182 3198 3777 3283; baseline 0 -16"><span class='ocrx_word' id='word_1_553' title='bbox 2182 3222 2472 3282; x_wconf 81' lang='lat' dir='ltr'><strong>eOrporeas</strong></span> <span class='ocrx_word' id='word_1_554' title='bbox 2497 3210 2567 3266; x_wconf 80' lang='lat' dir='ltr'><strong>ab</strong></span> <span class='ocrx_word' id='word_1_555' title='bbox 2591 3210 2812 3266; x_wconf 71' lang='lat' dir='ltr'><strong>anetoi‘e</strong></span> <span class='ocrx_word' id='word_1_556' title='bbox 2835 3211 3023 3268; x_wconf 75' lang='lat' dir='ltr'><strong>uestro</strong></span> <span class='ocrx_word' id='word_1_557' title='bbox 3043 3212 3255 3266; x_wconf 78' lang='lat' dir='ltr'><strong>cenSerl</strong></span> <span class='ocrx_word' id='word_1_558' title='bbox 3276 3254 3291 3280; x_wconf 94' lang='lat'><strong>,</strong></span> <span class='ocrx_word' id='word_1_559' title='bbox 3330 3213 3453 3283; x_wconf 73' lang='lat' dir='ltr'><strong>duis</strong></span> <span class='ocrx_word' id='word_1_560' title='bbox 3475 3212 3596 3268; x_wconf 85' lang='lat' dir='ltr'><strong>illas</strong></span> <span class='ocrx_word' id='word_1_561' title='bbox 3626 3198 3777 3267; x_wconf 76' lang='lat' dir='ltr'><strong>dolo—</strong></span> 
     </span>
    </p>
   </div>
   <div class='ocr_carea' id='block_1_78' title="bbox 2184 3294 3774 3376">
    <p class='ocr_par' dir='ltr' id='par_1_78' title="bbox 2184 3294 3774 3376">
     <span class='ocr_line' id='line_1_78' title="bbox 2184 3294 3774 3376; baseline 0 -17"><span class='ocrx_word' id='word_1_562' title='bbox 2184 3294 2261 3360; x_wconf 86' lang='lat' dir='ltr'><strong>ris</strong></span> <span class='ocrx_word' id='word_1_563' title='bbox 2284 3310 2444 3359; x_wconf 79' lang='lat' dir='ltr'><strong>sensu</strong></span> <span class='ocrx_word' id='word_1_564' title='bbox 2480 3302 2623 3359; x_wconf 76' lang='lat' dir='ltr'><strong>afﬁci</strong></span> <span class='ocrx_word' id='word_1_565' title='bbox 2657 3304 2951 3359; x_wconf 78' lang='lat' dir='ltr'><strong>arbitratus</strong></span> <span class='ocrx_word' id='word_1_566' title='bbox 2982 3306 3086 3359; x_wconf 87' lang='lat' dir='ltr'><strong>est.</strong></span> <span class='ocrx_word' id='word_1_567' title='bbox 3120 3302 3350 3360; x_wconf 78' lang='lat' dir='ltr'><strong>Ubinam</strong></span> <span class='ocrx_word' id='word_1_568' title='bbox 3379 3314 3509 3361; x_wconf 82' lang='lat' dir='ltr'><strong>vero</strong></span> <span class='ocrx_word' id='word_1_569' title='bbox 3535 3305 3774 3376; x_wconf 70' lang='lat' dir='ltr'><strong>gentium</strong></span> 
     </span>
    </p>
   </div>
   <div class='ocr_carea' id='block_1_79' title="bbox 2184 3395 3772 3468">
    <p class='ocr_par' dir='ltr' id='par_1_79' title="bbox 2184 3395 3772 3468">
     <span class='ocr_line' id='line_1_79' title="bbox 2184 3395 3772 3468; baseline -0.001 -14"><span class='ocrx_word' id='word_1_570' title='bbox 2184 3400 2383 3468; x_wconf 79' lang='lat' dir='ltr'><strong>scripto</strong></span> <span class='ocrx_word' id='word_1_571' title='bbox 2408 3397 2525 3453; x_wconf 71' lang='lat' dir='ltr'><strong>haec</strong></span> <span class='ocrx_word' id='word_1_572' title='bbox 2556 3397 2777 3453; x_wconf 85' lang='lat' dir='ltr'><strong>tradidit</strong></span> <span class='ocrx_word' id='word_1_573' title='bbox 2801 3396 2826 3452; x_wconf 73' lang='lat' dir='ltr'><strong>t</strong></span> <span class='ocrx_word' id='word_1_574' title='bbox 2873 3398 2963 3451; x_wconf 80' lang='lat' dir='ltr'><strong>tibi</strong></span> <span class='ocrx_word' id='word_1_575' title='bbox 2993 3395 3061 3453; x_wconf 87' lang='lat' dir='ltr'><strong>de</strong></span> <span class='ocrx_word' id='word_1_576' title='bbox 3089 3397 3317 3453; x_wconf 79' lang='lat' dir='ltr'><strong>Platone</strong></span> <span class='ocrx_word' id='word_1_577' title='bbox 3340 3396 3416 3453; x_wconf 79' lang='lat' dir='ltr'><strong>sit</strong></span> <span class='ocrx_word' id='word_1_578' title='bbox 3466 3397 3729 3454; x_wconf 81' lang='lat' dir='ltr'><strong>Heraidus</strong></span> <span class='ocrx_word' id='word_1_579' title='bbox 3754 3436 3772 3464; x_wconf 89' lang='lat'><strong>,</strong></span> 
     </span>
    </p>
   </div>
   <div class='ocr_carea' id='block_1_80' title="bbox 2185 3489 3774 3564">
    <p class='ocr_par' dir='ltr' id='par_1_80' title="bbox 2185 3489 3774 3564">
     <span class='ocr_line' id='line_1_80' title="bbox 2185 3489 3774 3564; baseline 0 -17"><span class='ocrx_word' id='word_1_580' title='bbox 2185 3491 2301 3549; x_wconf 80' lang='lat' dir='ltr'><strong>haec</strong></span> <span class='ocrx_word' id='word_1_581' title='bbox 2319 3491 2555 3564; x_wconf 82' lang='lat' dir='ltr'><strong>loquitur</strong></span> <span class='ocrx_word' id='word_1_582' title='bbox 2577 3491 2632 3547; x_wconf 83' lang='lat' dir='ltr'><strong>in</strong></span> <span class='ocrx_word' id='word_1_583' title='bbox 2662 3491 2855 3547; x_wconf 80' lang='lat' dir='ltr'><strong>verba:</strong></span> <span class='ocrx_word' id='word_1_584' title='bbox 2885 3498 2903 3542; x_wconf 69' lang='grc' dir='ltr'><strong>ι</strong></span> <span class='ocrx_word' id='word_1_585' title='bbox 2932 3489 3068 3546; x_wconf 77' lang='lat' dir='ltr'><strong>Rem</strong></span> <span class='ocrx_word' id='word_1_586' title='bbox 3096 3490 3490 3546; x_wconf 79' lang='lat' dir='ltr'><strong>inenodabiiem</strong></span> <span class='ocrx_word' id='word_1_587' title='bbox 3517 3490 3774 3561; x_wconf 83' lang='lat' dir='ltr'><strong>suscipit:</strong></span> 
     </span>
    </p>
   </div>
   <div class='ocr_carea' id='block_1_81' title="bbox 2185 3584 3778 3655">
    <p class='ocr_par' dir='ltr' id='par_1_81' title="bbox 2185 3584 3778 3655">
     <span class='ocr_line' id='line_1_81' title="bbox 2185 3584 3778 3655; baseline -0.001 -14"><span class='ocrx_word' id='word_1_588' title='bbox 2185 3588 2245 3641; x_wconf 83' lang='lat' dir='ltr'><strong>ut</strong></span> <span class='ocrx_word' id='word_1_589' title='bbox 2272 3600 2395 3641; x_wconf 85' lang='lat' dir='ltr'><strong>cum</strong></span> <span class='ocrx_word' id='word_1_590' title='bbox 2424 3585 2631 3640; x_wconf 76' lang='lat' dir='ltr'><strong>shiinss</strong></span> <span class='ocrx_word' id='word_1_591' title='bbox 2657 3584 2800 3639; x_wconf 85' lang='lat' dir='ltr'><strong>dicat</strong></span> <span class='ocrx_word' id='word_1_592' title='bbox 2823 3585 3157 3640; x_wconf 79' lang='lat' dir='ltr'><strong>immortales</strong></span> <span class='ocrx_word' id='word_1_593' title='bbox 3177 3627 3193 3653; x_wconf 91' lang='lat'><strong>,</strong></span> <span class='ocrx_word' id='word_1_594' title='bbox 3227 3586 3514 3655; x_wconf 83' lang='lat' dir='ltr'><strong>perpetuas</strong></span> <span class='ocrx_word' id='word_1_595' title='bbox 3532 3624 3548 3651; x_wconf 89' lang='lat'><strong>,</strong></span> <span class='ocrx_word' id='word_1_596' title='bbox 3577 3596 3632 3640; x_wconf 86' lang='lat' dir='ltr'><strong>et</strong></span> <span class='ocrx_word' id='word_1_597' title='bbox 3658 3597 3778 3639; x_wconf 81' lang='lat' dir='ltr'><strong>cor-</strong></span> 
     </span>
    </p>
   </div>
   <div class='ocr_carea' id='block_1_82' title="bbox 2187 3678 3777 3751">
    <p class='ocr_par' dir='ltr' id='par_1_82' title="bbox 2187 3678 3777 3751">
     <span class='ocr_line' id='line_1_82' title="bbox 2187 3678 3777 3751; baseline -0.001 -16"><span class='ocrx_word' id='word_1_598' title='bbox 2187 3680 2357 3751; x_wconf 79' lang='lat' dir='ltr'><strong>portui</strong></span> <span class='ocrx_word' id='word_1_599' title='bbox 2387 3678 2663 3736; x_wconf 79' lang='lat' dir='ltr'><strong>soliditate</strong></span> <span class='ocrx_word' id='word_1_600' title='bbox 2689 3679 2959 3750; x_wconf 75' lang='lat' dir='ltr'><strong>privatas;</strong></span> <span class='ocrx_word' id='word_1_601' title='bbox 2994 3679 3170 3750; x_wconf 78' lang='lat' dir='ltr'><strong>puniri</strong></span> <span class='ocrx_word' id='word_1_602' title='bbox 3210 3682 3389 3736; x_wconf 80' lang='lat' dir='ltr'><strong>tamen</strong></span> <span class='ocrx_word' id='word_1_603' title='bbox 3415 3692 3508 3736; x_wconf 82' lang='lat' dir='ltr'><strong>eas</strong></span> <span class='ocrx_word' id='word_1_604' title='bbox 3528 3679 3692 3746; x_wconf 81' lang='lat' dir='ltr'><strong>dicat,</strong></span> <span class='ocrx_word' id='word_1_605' title='bbox 3724 3684 3777 3734; x_wconf 88' lang='lat' dir='ltr'><strong>et</strong></span> 
     </span>
    </p>
   </div>
   <div class='ocr_carea' id='block_1_83' title="bbox 2185 3773 3778 3851">
    <p class='ocr_par' dir='ltr' id='par_1_83' title="bbox 2185 3773 3778 3851">
     <span class='ocr_line' id='line_1_83' title="bbox 2185 3773 3778 3851; baseline -0.002 -19"><span class='ocrx_word' id='word_1_606' title='bbox 2185 3774 2389 3832; x_wconf 87' lang='lat' dir='ltr'><strong>dotoris</strong></span> <span class='ocrx_word' id='word_1_607' title='bbox 2423 3773 2622 3831; x_wconf 76' lang='lat' dir='ltr'><strong>afﬁciet</strong></span> <span class='ocrx_word' id='word_1_608' title='bbox 2659 3782 2847 3831; x_wconf 69' lang='lat' dir='ltr'><strong>sensu.</strong></span> <span class='ocrx_word' id='word_1_609' title='bbox 2890 3775 3020 3843; x_wconf 81' lang='lat' dir='ltr'><strong>Quis</strong></span> <span class='ocrx_word' id='word_1_610' title='bbox 3050 3778 3229 3851; x_wconf 78' lang='lat' dir='ltr'><strong>amem</strong></span> <span class='ocrx_word' id='word_1_611' title='bbox 3253 3774 3529 3831; x_wconf 78' lang='lat' dir='ltr'><strong>hominum</strong></span> <span class='ocrx_word' id='word_1_612' title='bbox 3556 3788 3664 3830; x_wconf 88' lang='lat' dir='ltr'><strong>non</strong></span> <span class='ocrx_word' id='word_1_613' title='bbox 3695 3775 3778 3829; x_wconf 82' lang='lat' dir='ltr'><strong>vi-</strong></span> 
     </span>
    </p>
   </div>
   <div class='ocr_carea' id='block_1_84' title="bbox 2186 3868 3778 3941">
    <p class='ocr_par' dir='ltr' id='par_1_84' title="bbox 2186 3868 3778 3941">
     <span class='ocr_line' id='line_1_84' title="bbox 2186 3868 3778 3941; baseline -0.001 -15"><span class='ocrx_word' id='word_1_614' title='bbox 2186 3870 2278 3926; x_wconf 85' lang='lat' dir='ltr'><strong>det</strong></span> <span class='ocrx_word' id='word_1_615' title='bbox 2305 3869 2449 3941; x_wconf 86' lang='lat' dir='ltr'><strong>quod</strong></span> <span class='ocrx_word' id='word_1_616' title='bbox 2474 3871 2545 3925; x_wconf 86' lang='lat' dir='ltr'><strong>sit</strong></span> <span class='ocrx_word' id='word_1_617' title='bbox 2571 3869 2897 3937; x_wconf 85' lang='lat' dir='ltr'><strong>immortale,</strong></span> <span class='ocrx_word' id='word_1_618' title='bbox 2927 3870 3068 3940; x_wconf 89' lang='lat' dir='ltr'><strong>quod</strong></span> <span class='ocrx_word' id='word_1_619' title='bbox 3100 3868 3350 3941; x_wconf 80' lang='lat' dir='ltr'><strong>simplex,</strong></span> <span class='ocrx_word' id='word_1_620' title='bbox 3385 3870 3589 3925; x_wconf 89' lang='lat' dir='ltr'><strong>nullum</strong></span> <span class='ocrx_word' id='word_1_621' title='bbox 3617 3878 3778 3941; x_wconf 83' lang='lat' dir='ltr'><strong>posse</strong></span> 
     </span>
    </p>
   </div>
   <div class='ocr_carea' id='block_1_85' title="bbox 2186 3957 3781 4033">
    <p class='ocr_par' dir='ltr' id='par_1_85' title="bbox 2186 3957 3781 4033">
     <span class='ocr_line' id='line_1_85' title="bbox 2186 3957 3781 4033; baseline -0.001 -12"><span class='ocrx_word' id='word_1_622' title='bbox 2186 3964 2430 4021; x_wconf 80' lang='lat' dir='ltr'><strong>delet-em</strong></span> <span class='ocrx_word' id='word_1_623' title='bbox 2455 3964 2772 4030; x_wconf 82' lang='lat' dir='ltr'><strong>admittere;</strong></span> <span class='ocrx_word' id='word_1_624' title='bbox 2797 3963 2941 4033; x_wconf 88' lang='lat' dir='ltr'><strong>quod</strong></span> <span class='ocrx_word' id='word_1_625' title='bbox 2969 3970 3148 4019; x_wconf 86' lang='lat' dir='ltr'><strong>autem</strong></span> <span class='ocrx_word' id='word_1_626' title='bbox 3175 3964 3376 4019; x_wconf 85' lang='lat' dir='ltr'><strong>sentiat</strong></span> <span class='ocrx_word' id='word_1_627' title='bbox 3395 3963 3659 4029; x_wconf 85' lang='lat' dir='ltr'><strong>dolorem,</strong></span> <span class='ocrx_word' id='word_1_628' title='bbox 3686 3957 3781 4019; x_wconf 86' lang='lat' dir='ltr'><strong>im-</strong></span> 
     </span>
    </p>
   </div>
   <div class='ocr_carea' id='block_1_86' title="bbox 2188 4056 3777 4131">
    <p class='ocr_par' dir='ltr' id='par_1_86' title="bbox 2188 4056 3777 4131">
     <span class='ocr_line' id='line_1_86' title="bbox 2188 4056 3777 4131; baseline 0.001 -16"><span class='ocrx_word' id='word_1_629' title='bbox 2188 4059 2573 4115; x_wconf 85' lang='lat' dir='ltr'><strong>mortalitatem</strong></span> <span class='ocrx_word' id='word_1_630' title='bbox 2602 4056 2801 4114; x_wconf 85' lang='lat' dir='ltr'><strong>itabere</strong></span> <span class='ocrx_word' id='word_1_631' title='bbox 2829 4066 2938 4114; x_wconf 89' lang='lat' dir='ltr'><strong>non</strong></span> <span class='ocrx_word' id='word_1_632' title='bbox 2964 4058 3160 4129; x_wconf 79' lang='lat' dir='ltr'><strong>posse?</strong></span> <span class='ocrx_word' id='word_1_633' title='bbox 3195 4077 3214 4112; x_wconf 78' lang='grc' dir='ltr'><strong>ι</strong></span> <span class='ocrx_word' id='word_1_634' title='bbox 3259 4057 3488 4131; x_wconf 81' lang='lat' dir='ltr'><strong>(Arnob.</strong></span> <span class='ocrx_word' id='word_1_635' title='bbox 3522 4101 3538 4127; x_wconf 95' lang='lat'><strong>,</strong></span> <span class='ocrx_word' id='word_1_636' title='bbox 3584 4057 3674 4115; x_wconf 85' lang='lat' dir='ltr'><strong>lib.</strong></span> <span class='ocrx_word' id='word_1_637' title='bbox 3704 4074 3777 4126; x_wconf 84' lang='grc' dir='ltr'>ιι,</span> 
     </span>
    </p>
   </div>
   <div class='ocr_carea' id='block_1_87' title="bbox 2188 4148 3781 4227">
    <p class='ocr_par' dir='ltr' id='par_1_87' title="bbox 2188 4148 3781 4227">
     <span class='ocr_line' id='line_1_87' title="bbox 2188 4148 3781 4227; baseline 0.001 -20"><span class='ocrx_word' id='word_1_638' title='bbox 2188 4162 2307 4227; x_wconf 73' lang='lat' dir='ltr'><strong>pag.</strong></span> <span class='ocrx_word' id='word_1_639' title='bbox 2338 4154 2453 4222; x_wconf 71' lang='grc'>52.)</span> <span class='ocrx_word' id='word_1_640' title='bbox 2482 4148 2680 4209; x_wconf 81' lang='lat' dir='ltr'><strong>Verum</strong></span> <span class='ocrx_word' id='word_1_641' title='bbox 2707 4152 2980 4210; x_wconf 81' lang='lat' dir='ltr'><strong>Arnobius</strong></span> <span class='ocrx_word' id='word_1_642' title='bbox 3007 4160 3241 4209; x_wconf 80' lang='lat' dir='ltr'><strong>mentem</strong></span> <span class='ocrx_word' id='word_1_643' title='bbox 3270 4160 3600 4225; x_wconf 88' lang='lat' dir='ltr'><strong>sensumque</strong></span> <span class='ocrx_word' id='word_1_644' title='bbox 3623 4162 3781 4209; x_wconf 85' lang='lat' dir='ltr'><strong>suum</strong></span> 
     </span>
    </p>
   </div>
   <div class='ocr_carea' id='block_1_88' title="bbox 2190 4244 3784 4319">
    <p class='ocr_par' dir='ltr' id='par_1_88' title="bbox 2190 4244 3784 4319">
     <span class='ocr_line' id='line_1_88' title="bbox 2190 4244 3784 4319; baseline -0.001 -14"><span class='ocrx_word' id='word_1_645' title='bbox 2190 4248 2263 4305; x_wconf 87' lang='lat' dir='ltr'><strong>ibi</strong></span> <span class='ocrx_word' id='word_1_646' title='bbox 2293 4262 2397 4305; x_wconf 88' lang='lat' dir='ltr'><strong>non</strong></span> <span class='ocrx_word' id='word_1_647' title='bbox 2431 4248 2664 4319; x_wconf 70' lang='lat' dir='ltr'><strong>espiicat</strong></span> <span class='ocrx_word' id='word_1_648' title='bbox 2694 4266 2707 4301; x_wconf 91' lang='lat'>:</span> <span class='ocrx_word' id='word_1_649' title='bbox 2750 4247 2846 4304; x_wconf 83' lang='lat' dir='ltr'><strong>sed</strong></span> <span class='ocrx_word' id='word_1_650' title='bbox 2889 4247 3125 4303; x_wconf 77' lang='lat' dir='ltr'><strong>ostendit</strong></span> <span class='ocrx_word' id='word_1_651' title='bbox 3160 4244 3445 4303; x_wconf 87' lang='lat' dir='ltr'><strong>Platonem</strong></span> <span class='ocrx_word' id='word_1_652' title='bbox 3470 4250 3652 4303; x_wconf 79' lang='lat' dir='ltr'><strong>Secum</strong></span> <span class='ocrx_word' id='word_1_653' title='bbox 3684 4262 3784 4319; x_wconf 85' lang='lat' dir='ltr'><strong>pu-</strong></span> 
     </span>
    </p>
   </div>
   <div class='ocr_carea' id='block_1_89' title="bbox 2189 4342 3779 4419">
    <p class='ocr_par' dir='ltr' id='par_1_89' title="bbox 2189 4342 3779 4419">
     <span class='ocr_line' id='line_1_89' title="bbox 2189 4342 3779 4419; baseline -0.001 -20"><span class='ocrx_word' id='word_1_654' title='bbox 2189 4358 2404 4419; x_wconf 81' lang='lat' dir='ltr'><strong>gnasse,</strong></span> <span class='ocrx_word' id='word_1_655' title='bbox 2438 4354 2561 4399; x_wconf 91' lang='lat' dir='ltr'><strong>cum</strong></span> <span class='ocrx_word' id='word_1_656' title='bbox 2582 4347 2791 4399; x_wconf 85' lang='lat' dir='ltr'><strong>animas</strong></span> <span class='ocrx_word' id='word_1_657' title='bbox 2819 4342 2920 4399; x_wconf 90' lang='lat' dir='ltr'><strong>etsi</strong></span> <span class='ocrx_word' id='word_1_658' title='bbox 2944 4342 3300 4411; x_wconf 78' lang='lat' dir='ltr'><strong>immortales,</strong></span> <span class='ocrx_word' id='word_1_659' title='bbox 3331 4346 3386 4399; x_wconf 88' lang='lat' dir='ltr'><strong>et</strong></span> <span class='ocrx_word' id='word_1_660' title='bbox 3408 4343 3779 4412; x_wconf 79' lang='lat' dir='ltr'><strong>incorporeas,</strong></span> 
     </span>
    </p>
   </div>
   <div class='ocr_carea' id='block_1_90' title="bbox 2192 4428 3779 4504">
    <p class='ocr_par' dir='ltr' id='par_1_90' title="bbox 2192 4428 3779 4504">
     <span class='ocr_line' id='line_1_90' title="bbox 2192 4428 3779 4504; baseline -0.004 -9"><span class='ocrx_word' id='word_1_661' title='bbox 2192 4439 2394 4495; x_wconf 89' lang='lat' dir='ltr'><strong>doloris</strong></span> <span class='ocrx_word' id='word_1_662' title='bbox 2423 4450 2584 4493; x_wconf 88' lang='lat' dir='ltr'><strong>sensu</strong></span> <span class='ocrx_word' id='word_1_663' title='bbox 2612 4436 2753 4493; x_wconf 85' lang='lat' dir='ltr'><strong>affici</strong></span> <span class='ocrx_word' id='word_1_664' title='bbox 2782 4436 3119 4493; x_wconf 83' lang='lat' dir='ltr'><strong>adsseverat.</strong></span> <span class='ocrx_word' id='word_1_665' title='bbox 3147 4428 3301 4504; x_wconf 82' lang='lat' dir='ltr'><strong>Quod</strong></span> <span class='ocrx_word' id='word_1_666' title='bbox 3357 4436 3500 4490; x_wconf 88' lang='lat' dir='ltr'><strong>enim</strong></span> <span class='ocrx_word' id='word_1_667' title='bbox 3560 4433 3779 4501; x_wconf 88' lang='lat' dir='ltr'><strong>doiore,</strong></span> 
     </span>
    </p>
   </div>
   <div class='ocr_carea' id='block_1_91' title="bbox 483 4527 3781 4614">
    <p class='ocr_par' dir='ltr' id='par_1_91' title="bbox 483 4527 3781 4614">
     <span class='ocr_line' id='line_1_91' title="bbox 483 4527 3781 4614; baseline 0 -30"><span class='ocrx_word' id='word_1_668' title='bbox 483 4528 798 4584; x_wconf 56' lang='lat' dir='ltr'><strong>Arnobinm</strong></span> <span class='ocrx_word' id='word_1_669' title='bbox 821 4529 876 4584; x_wconf 86' lang='lat' dir='ltr'><strong>in</strong></span> <span class='ocrx_word' id='word_1_670' title='bbox 905 4527 1047 4584; x_wconf 89' lang='lat' dir='ltr'><strong>hunc</strong></span> <span class='ocrx_word' id='word_1_671' title='bbox 1072 4528 1351 4600; x_wconf 83' lang='lat' dir='ltr'><strong>delapsum</strong></span> <span class='ocrx_word' id='word_1_672' title='bbox 1374 4538 1498 4587; x_wconf 85' lang='lat' dir='ltr'><strong>esse</strong></span> <span class='ocrx_word' id='word_1_673' title='bbox 1518 4533 1921 4614; x_wconf 78' lang='lat' dir='ltr'><strong>errorem,quia</strong></span> <span class='ocrx_word' id='word_1_674' title='bbox 1944 4538 2084 4590; x_wconf 83' lang='lat' dir='ltr'><strong>coni-</strong></span> <span class='ocrx_word' id='word_1_675' title='bbox 2114 4553 2167 4614; x_wconf 72' lang='grc' dir='ltr'><strong>Ι)</strong></span> <span class='ocrx_word' id='word_1_676' title='bbox 2194 4533 2394 4605; x_wconf 87' lang='lat' dir='ltr'><strong>inquit,</strong></span> <span class='ocrx_word' id='word_1_677' title='bbox 2435 4531 2692 4598; x_wconf 76' lang='lat' dir='ltr'><strong>afficitur,</strong></span> <span class='ocrx_word' id='word_1_678' title='bbox 2729 4532 2958 4587; x_wconf 83' lang='lat' dir='ltr'><strong>mortale</strong></span> <span class='ocrx_word' id='word_1_679' title='bbox 3001 4532 3106 4599; x_wconf 87' lang='lat' dir='ltr'><strong>sit,</strong></span> <span class='ocrx_word' id='word_1_680' title='bbox 3156 4530 3313 4601; x_wconf 82' lang='lat' dir='ltr'><strong>p‘lane</strong></span> <span class='ocrx_word' id='word_1_681' title='bbox 3360 4528 3591 4600; x_wconf 81' lang='lat' dir='ltr'><strong>Oportet.</strong></span> <span class='ocrx_word' id='word_1_682' title='bbox 3642 4528 3781 4596; x_wconf 82' lang='lat' dir='ltr'><strong>Quid</strong></span> 
     </span>
    </p>
   </div>
   <div class='ocr_carea' id='block_1_92' title="bbox 499 4609 2086 4698">
    <p class='ocr_par' dir='ltr' id='par_1_92' title="bbox 499 4609 2086 4698">
     <span class='ocr_line' id='line_1_92' title="bbox 499 4609 2086 4698; baseline 0.003 -20"><span class='ocrx_word' id='word_1_683' title='bbox 499 4609 706 4695; x_wconf 70' lang='lat' dir='ltr'><strong>pertam</strong></span> <span class='ocrx_word' id='word_1_684' title='bbox 740 4636 847 4678; x_wconf 91' lang='lat' dir='ltr'><strong>non</strong></span> <span class='ocrx_word' id='word_1_685' title='bbox 870 4621 1055 4678; x_wconf 85' lang='lat' dir='ltr'><strong>habuit</strong></span> <span class='ocrx_word' id='word_1_686' title='bbox 1076 4625 1280 4694; x_wconf 82' lang='lat' dir='ltr'><strong>peccati</strong></span> <span class='ocrx_word' id='word_1_687' title='bbox 1303 4612 1579 4695; x_wconf 77' lang='lat' dir='ltr'><strong>originalis</strong></span> <span class='ocrx_word' id='word_1_688' title='bbox 1610 4623 1784 4680; x_wconf 83' lang='lat' dir='ltr'><strong>labem</strong></span> <span class='ocrx_word' id='word_1_689' title='bbox 1806 4668 1819 4691; x_wconf 91' lang='lat'><strong>,</strong></span> <span class='ocrx_word' id='word_1_690' title='bbox 1850 4640 1952 4698; x_wconf 88' lang='lat' dir='ltr'><strong>qua</strong></span> <span class='ocrx_word' id='word_1_691' title='bbox 1979 4626 2086 4682; x_wconf 80' lang='lat' dir='ltr'><strong>fac—</strong></span> 
     </span>
    </p>
   </div>
   <div class='ocr_carea' id='block_1_93' title="bbox 500 4710 2086 4788">
    <p class='ocr_par' dir='ltr' id='par_1_93' title="bbox 500 4710 2086 4788">
     <span class='ocr_line' id='line_1_93' title="bbox 500 4710 2086 4788; baseline 0.001 -14"><span class='ocrx_word' id='word_1_692' title='bbox 500 4729 611 4774; x_wconf 76' lang='lat' dir='ltr'><strong>tum</strong></span> <span class='ocrx_word' id='word_1_693' title='bbox 637 4726 743 4786; x_wconf 86' lang='lat' dir='ltr'><strong>est,</strong></span> <span class='ocrx_word' id='word_1_694' title='bbox 768 4728 826 4773; x_wconf 79' lang='lat' dir='ltr'><strong>in</strong></span> <span class='ocrx_word' id='word_1_695' title='bbox 855 4717 1018 4773; x_wconf 87' lang='lat' dir='ltr'><strong>homo</strong></span> <span class='ocrx_word' id='word_1_696' title='bbox 1042 4726 1118 4774; x_wconf 86' lang='lat' dir='ltr'><strong>tot</strong></span> <span class='ocrx_word' id='word_1_697' title='bbox 1147 4717 1406 4787; x_wconf 75' lang='lat' dir='ltr'><strong>miseriis,</strong></span> <span class='ocrx_word' id='word_1_698' title='bbox 1440 4710 1872 4788; x_wconf 75' lang='lat' dir='ltr'><strong>inﬁrmitatibus,</strong></span> <span class='ocrx_word' id='word_1_699' title='bbox 1897 4730 1951 4778; x_wconf 90' lang='lat' dir='ltr'><strong>et</strong></span> <span class='ocrx_word' id='word_1_700' title='bbox 1981 4721 2086 4776; x_wconf 86' lang='lat' dir='ltr'><strong>illi-</strong></span> 
     </span>
    </p>
   </div>
   <div class='ocr_carea' id='block_1_94' title="bbox 498 4802 2088 4887">
    <p class='ocr_par' dir='ltr' id='par_1_94' title="bbox 498 4802 2088 4887">
     <span class='ocr_line' id='line_1_94' title="bbox 498 4802 2088 4887; baseline 0.002 -20"><span class='ocrx_word' id='word_1_701' title='bbox 498 4812 621 4867; x_wconf 82' lang='lat' dir='ltr'><strong>citis</strong></span> <span class='ocrx_word' id='word_1_702' title='bbox 670 4810 1053 4884; x_wconf 86' lang='lat' dir='ltr'><strong>cupiditatibus</strong></span> <span class='ocrx_word' id='word_1_703' title='bbox 1102 4813 1172 4867; x_wconf 87' lang='lat' dir='ltr'><strong>sit</strong></span> <span class='ocrx_word' id='word_1_704' title='bbox 1222 4806 1506 4868; x_wconf 77' lang='lat' dir='ltr'><strong>obnoxius.</strong></span> <span class='ocrx_word' id='word_1_705' title='bbox 1564 4802 1764 4870; x_wconf 67' lang='lat' dir='ltr'><strong>Verum</strong></span> <span class='ocrx_word' id='word_1_706' title='bbox 1816 4813 2088 4887; x_wconf 88' lang='lat' dir='ltr'><strong>quomodo</strong></span> 
     </span>
    </p>
   </div>
   <div class='ocr_carea' id='block_1_95' title="bbox 499 4904 2088 4980">
    <p class='ocr_par' dir='ltr' id='par_1_95' title="bbox 499 4904 2088 4980">
     <span class='ocr_line' id='line_1_95' title="bbox 499 4904 2088 4980; baseline 0.002 -18"><span class='ocrx_word' id='word_1_707' title='bbox 499 4904 767 4962; x_wconf 78' lang='lat' dir='ltr'><strong>Arnobius</strong></span> <span class='ocrx_word' id='word_1_708' title='bbox 815 4904 1079 4976; x_wconf 76' lang='lat' dir='ltr'><strong>originale</strong></span> <span class='ocrx_word' id='word_1_709' title='bbox 1124 4906 1402 4975; x_wconf 79' lang='lat' dir='ltr'><strong>peccatum</strong></span> <span class='ocrx_word' id='word_1_710' title='bbox 1433 4906 1608 4977; x_wconf 79' lang='lat' dir='ltr'><strong>putuit</strong></span> <span class='ocrx_word' id='word_1_711' title='bbox 1633 4907 1900 4978; x_wconf 78' lang='lat' dir='ltr'><strong>ignarare,</strong></span> <span class='ocrx_word' id='word_1_712' title='bbox 1930 4924 1959 4961; x_wconf 90' lang='lat' dir='ltr'><strong>a</strong></span> <span class='ocrx_word' id='word_1_713' title='bbox 1982 4912 2088 4980; x_wconf 88' lang='lat' dir='ltr'><strong>quo</strong></span> 
     </span>
    </p>
   </div>
   <div class='ocr_carea' id='block_1_96' title="bbox 500 4992 2089 5072">
    <p class='ocr_par' dir='ltr' id='par_1_96' title="bbox 500 4992 2089 5072">
     <span class='ocr_line' id='line_1_96' title="bbox 500 4992 2089 5072; baseline 0.004 -19"><span class='ocrx_word' id='word_1_714' title='bbox 500 5002 759 5068; x_wconf 80' lang='lat' dir='ltr'><strong>scriptum</strong></span> <span class='ocrx_word' id='word_1_715' title='bbox 782 4999 1049 5071; x_wconf 69' lang='lat' dir='ltr'><strong>le‘gitndSi</strong></span> <span class='ocrx_word' id='word_1_716' title='bbox 1089 5011 1109 5052; x_wconf 79' lang='grc' dir='ltr'><strong>ι</strong></span> <span class='ocrx_word' id='word_1_717' title='bbox 1136 4994 1270 5068; x_wconf 80' lang='lat' dir='ltr'><strong>Quia</strong></span> <span class='ocrx_word' id='word_1_718' title='bbox 1298 5000 1453 5071; x_wconf 77' lang='lat' dir='ltr'><strong>proni</strong></span> <span class='ocrx_word' id='word_1_719' title='bbox 1474 5002 1540 5056; x_wconf 79' lang='lat' dir='ltr'><strong>ad</strong></span> <span class='ocrx_word' id='word_1_720' title='bbox 1568 5004 1777 5072; x_wconf 87' lang='lat' dir='ltr'><strong>culpas,</strong></span> <span class='ocrx_word' id='word_1_721' title='bbox 1808 5006 1863 5059; x_wconf 87' lang='lat' dir='ltr'><strong>et</strong></span> <span class='ocrx_word' id='word_1_722' title='bbox 1883 4992 1949 5058; x_wconf 89' lang='lat' dir='ltr'><strong>ad</strong></span> <span class='ocrx_word' id='word_1_723' title='bbox 1970 5003 2089 5059; x_wconf 88' lang='lat' dir='ltr'><strong>libi-</strong></span> 
     </span>
    </p>
   </div>
   <div class='ocr_carea' id='block_1_97' title="bbox 501 5093 2087 5169">
    <p class='ocr_par' dir='ltr' id='par_1_97' title="bbox 501 5093 2087 5169">
     <span class='ocr_line' id='line_1_97' title="bbox 501 5093 2087 5169; baseline 0.003 -21"><span class='ocrx_word' id='word_1_724' title='bbox 501 5093 642 5148; x_wconf 80' lang='lat' dir='ltr'><strong>diuis</strong></span> <span class='ocrx_word' id='word_1_725' title='bbox 695 5095 873 5151; x_wconf 70' lang='lat' dir='ltr'><strong>Varius</strong></span> <span class='ocrx_word' id='word_1_726' title='bbox 916 5095 1186 5166; x_wconf 82' lang='lat' dir='ltr'><strong>appetitus</strong></span> <span class='ocrx_word' id='word_1_727' title='bbox 1213 5094 1342 5150; x_wconf 66' lang='lat' dir='ltr'><strong>Vitio</strong></span> <span class='ocrx_word' id='word_1_728' title='bbox 1368 5102 1552 5152; x_wconf 87' lang='lat' dir='ltr'><strong>sumus</strong></span> <span class='ocrx_word' id='word_1_729' title='bbox 1583 5096 1912 5152; x_wconf 79' lang='lat' dir='ltr'><strong>infirmitatis</strong></span> <span class='ocrx_word' id='word_1_730' title='bbox 1940 5098 2087 5169; x_wconf 69' lang='lat' dir='ltr'><strong>inge~</strong></span> 
     </span>
    </p>
   </div>
   <div class='ocr_carea' id='block_1_98' title="bbox 504 5180 2088 5263">
    <p class='ocr_par' dir='ltr' id='par_1_98' title="bbox 504 5180 2088 5263">
     <span class='ocr_line' id='line_1_98' title="bbox 504 5180 2088 5263; baseline 0.006 -23"><span class='ocrx_word' id='word_1_731' title='bbox 504 5186 630 5241; x_wconf 73' lang='lat' dir='ltr'><strong>nitar</strong></span> <span class='ocrx_word' id='word_1_732' title='bbox 651 5227 666 5251; x_wconf 95' lang='lat'><strong>,</strong></span> <span class='ocrx_word' id='word_1_733' title='bbox 716 5186 917 5255; x_wconf 77' lang='lat' dir='ltr'><strong>patitur</strong></span> <span class='ocrx_word' id='word_1_734' title='bbox 958 5187 1097 5245; x_wconf 88' lang='lat' dir='ltr'><strong>Dens</strong></span> <span class='ocrx_word' id='word_1_735' title='bbox 1124 5198 1183 5246; x_wconf 88' lang='lat' dir='ltr'><strong>se</strong></span> <span class='ocrx_word' id='word_1_736' title='bbox 1208 5198 1424 5260; x_wconf 88' lang='lat' dir='ltr'><strong>semper</strong></span> <span class='ocrx_word' id='word_1_737' title='bbox 1454 5191 1656 5246; x_wconf 88' lang='lat' dir='ltr'><strong>nostris</strong></span> <span class='ocrx_word' id='word_1_738' title='bbox 1676 5180 2088 5263; x_wconf 79' lang='lat' dir='ltr'><strong>cogitationibus</strong></span> 
     </span>
    </p>
   </div>
   <div class='ocr_carea' id='block_1_99' title="bbox 504 5276 2092 5356">
    <p class='ocr_par' dir='ltr' id='par_1_99' title="bbox 504 5276 2092 5356">
     <span class='ocr_line' id='line_1_99' title="bbox 504 5276 2092 5356; baseline 0.005 -23"><span class='ocrx_word' id='word_1_739' title='bbox 504 5279 753 5349; x_wconf 67' lang='lat' dir='ltr'><strong>concipi;</strong></span> <span class='ocrx_word' id='word_1_740' title='bbox 789 5289 844 5333; x_wconf 84' lang='lat' dir='ltr'><strong>nt</strong></span> <span class='ocrx_word' id='word_1_741' title='bbox 869 5276 993 5336; x_wconf 83' lang='lat' dir='ltr'><strong>dum</strong></span> <span class='ocrx_word' id='word_1_742' title='bbox 1025 5282 1173 5338; x_wconf 89' lang='lat' dir='ltr'><strong>illum</strong></span> <span class='ocrx_word' id='word_1_743' title='bbox 1205 5290 1459 5351; x_wconf 79' lang='lat' dir='ltr'><strong>oramus,</strong></span> <span class='ocrx_word' id='word_1_744' title='bbox 1496 5293 1549 5339; x_wconf 86' lang='lat' dir='ltr'><strong>et</strong></span> <span class='ocrx_word' id='word_1_745' title='bbox 1592 5285 1785 5340; x_wconf 88' lang='lat' dir='ltr'><strong>mereri</strong></span> <span class='ocrx_word' id='word_1_746' title='bbox 1822 5284 1938 5356; x_wconf 90' lang='lat' dir='ltr'><strong>ejus</strong></span> <span class='ocrx_word' id='word_1_747' title='bbox 1961 5296 2092 5341; x_wconf 88' lang='lat' dir='ltr'><strong>con-</strong></span> 
     </span>
    </p>
   </div>
   <div class='ocr_carea' id='block_1_100' title="bbox 508 5370 2093 5450">
    <p class='ocr_par' dir='ltr' id='par_1_100' title="bbox 508 5370 2093 5450">
     <span class='ocr_line' id='line_1_100' title="bbox 508 5370 2093 5450; baseline 0.009 -26"><span class='ocrx_word' id='word_1_748' title='bbox 508 5372 779 5426; x_wconf 62' lang='lat' dir='ltr'><strong>tendimus</strong></span> <span class='ocrx_word' id='word_1_749' title='bbox 820 5382 1070 5441; x_wconf 71' lang='lat' dir='ltr'><strong>munera,</strong></span> <span class='ocrx_word' id='word_1_750' title='bbox 1110 5379 1437 5450; x_wconf 85' lang='lat' dir='ltr'><strong>accipiamus</strong></span> <span class='ocrx_word' id='word_1_751' title='bbox 1476 5370 1797 5435; x_wconf 64' lang='lat' dir='ltr'><strong>innocentiae</strong></span> <span class='ocrx_word' id='word_1_752' title='bbox 1847 5380 2093 5437; x_wconf 80' lang='lat' dir='ltr'><strong>volunta-</strong></span> 
     </span>
    </p>
   </div>
   <div class='ocr_carea' id='block_1_101' title="bbox 503 5464 2093 5548">
    <p class='ocr_par' dir='ltr' id='par_1_101' title="bbox 503 5464 2093 5548">
     <span class='ocr_line' id='line_1_101' title="bbox 503 5464 2093 5548; baseline 0.008 -28"><span class='ocrx_word' id='word_1_753' title='bbox 503 5472 631 5533; x_wconf 85' lang='lat' dir='ltr'><strong>tem,</strong></span> <span class='ocrx_word' id='word_1_754' title='bbox 662 5464 716 5521; x_wconf 88' lang='lat' dir='ltr'><strong>et</strong></span> <span class='ocrx_word' id='word_1_755' title='bbox 745 5467 815 5522; x_wconf 83' lang='lat' dir='ltr'><strong>ab</strong></span> <span class='ocrx_word' id='word_1_756' title='bbox 834 5468 983 5523; x_wconf 89' lang='lat' dir='ltr'><strong>omni</strong></span> <span class='ocrx_word' id='word_1_757' title='bbox 1014 5485 1113 5527; x_wconf 91' lang='lat' dir='ltr'><strong>nos</strong></span> <span class='ocrx_word' id='word_1_758' title='bbox 1134 5470 1254 5528; x_wconf 88' lang='lat' dir='ltr'><strong>labe</strong></span> <span class='ocrx_word' id='word_1_759' title='bbox 1274 5471 1592 5529; x_wconf 87' lang='lat' dir='ltr'><strong>delictorum</strong></span> <span class='ocrx_word' id='word_1_760' title='bbox 1632 5474 1872 5531; x_wconf 91' lang='lat' dir='ltr'><strong>omnium</strong></span> <span class='ocrx_word' id='word_1_761' title='bbox 1902 5490 2093 5548; x_wconf 86' lang='lat' dir='ltr'><strong>ampu-</strong></span> 
     </span>
    </p>
   </div>
   <div class='ocr_carea' id='block_1_102' title="bbox 504 5557 2094 5645">
    <p class='ocr_par' dir='ltr' id='par_1_102' title="bbox 504 5557 2094 5645">
     <span class='ocr_line' id='line_1_102' title="bbox 504 5557 2094 5645; baseline 0.008 -30"><span class='ocrx_word' id='word_1_762' title='bbox 504 5563 707 5619; x_wconf 73' lang='lat' dir='ltr'><strong>ratione</strong></span> <span class='ocrx_word' id='word_1_763' title='bbox 749 5567 1061 5635; x_wconf 73' lang='lat' dir='ltr'><strong>purgemus.</strong></span> <span class='ocrx_word' id='word_1_764' title='bbox 1095 5580 1114 5619; x_wconf 78' lang='lat' dir='ltr'><strong>i</strong></span> <span class='ocrx_word' id='word_1_765' title='bbox 1151 5557 1336 5637; x_wconf 61' lang='lat' dir='ltr'><strong>(fidet,</strong></span> <span class='ocrx_word' id='word_1_766' title='bbox 1364 5569 1455 5625; x_wconf 81' lang='lat' dir='ltr'><strong>tib.</strong></span> <span class='ocrx_word' id='word_1_767' title='bbox 1489 5587 1526 5637; x_wconf 85' lang='grc' dir='ltr'>ι,</span> <span class='ocrx_word' id='word_1_768' title='bbox 1550 5588 1671 5645; x_wconf 83' lang='lat' dir='ltr'><strong>pag.</strong></span> <span class='ocrx_word' id='word_1_769' title='bbox 1702 5560 1818 5643; x_wconf 70' lang='grc' dir='ltr'><strong>ιε.)</strong></span> <span class='ocrx_word' id='word_1_770' title='bbox 1841 5566 1981 5641; x_wconf 87' lang='lat' dir='ltr'><strong>Quid</strong></span> <span class='ocrx_word' id='word_1_771' title='bbox 2009 5582 2094 5628; x_wconf 85' lang='lat' dir='ltr'><strong>est</strong></span> 
     </span>
    </p>
   </div>
   <div class='ocr_carea' id='block_1_103' title="bbox 504 5650 2090 5734">
    <p class='ocr_par' dir='ltr' id='par_1_103' title="bbox 504 5650 2090 5734">
     <span class='ocr_line' id='line_1_103' title="bbox 504 5650 2090 5734; baseline 0.008 -27"><span class='ocrx_word' id='word_1_772' title='bbox 504 5663 706 5721; x_wconf 86' lang='lat' dir='ltr'><strong>autem,</strong></span> <span class='ocrx_word' id='word_1_773' title='bbox 739 5655 967 5711; x_wconf 71' lang='lat' dir='ltr'><strong>obsceni</strong></span> <span class='ocrx_word' id='word_1_774' title='bbox 995 5660 1068 5721; x_wconf 86' lang='lat' dir='ltr'><strong>te,</strong></span> <span class='ocrx_word' id='word_1_775' title='bbox 1098 5650 1229 5712; x_wconf 90' lang='lat' dir='ltr'><strong>illud</strong></span> <span class='ocrx_word' id='word_1_776' title='bbox 1258 5659 1509 5734; x_wconf 76' lang='lat' dir='ltr'><strong>ingenita:</strong></span> <span class='ocrx_word' id='word_1_777' title='bbox 1530 5663 1859 5719; x_wconf 82' lang='lat' dir='ltr'><strong>inﬁrmitatis</strong></span> <span class='ocrx_word' id='word_1_778' title='bbox 1879 5664 2090 5731; x_wconf 89' lang='lat' dir='ltr'><strong>vitium,</strong></span> 
     </span>
    </p>
   </div>
   <div class='ocr_carea' id='block_1_104' title="bbox 506 5749 2093 5829">
    <p class='ocr_par' dir='ltr' id='par_1_104' title="bbox 506 5749 2093 5829">
     <span class='ocr_line' id='line_1_104' title="bbox 506 5749 2093 5829; baseline 0.006 -25"><span class='ocrx_word' id='word_1_779' title='bbox 506 5749 609 5804; x_wconf 85' lang='lat' dir='ltr'><strong>nisi</strong></span> <span class='ocrx_word' id='word_1_780' title='bbox 640 5750 1235 5824; x_wconf 62' lang='lat' dir='ltr'><strong>ipsumtum-peccatum</strong></span> <span class='ocrx_word' id='word_1_781' title='bbox 1278 5752 1577 5825; x_wconf 73' lang='lat' dir='ltr'><strong>originale?</strong></span> <span class='ocrx_word' id='word_1_782' title='bbox 1609 5756 1769 5816; x_wconf 83' lang='lat' dir='ltr'><strong>Certe</strong></span> <span class='ocrx_word' id='word_1_783' title='bbox 1796 5756 2011 5829; x_wconf 87' lang='lat' dir='ltr'><strong>quidem</strong></span> <span class='ocrx_word' id='word_1_784' title='bbox 2038 5754 2093 5814; x_wconf 86' lang='lat' dir='ltr'><strong>id</strong></span> 
     </span>
    </p>
   </div>
   <div class='ocr_carea' id='block_1_105' title="bbox 2190 4618 3496 4683">
    <p class='ocr_par' dir='ltr' id='par_1_105' title="bbox 2190 4618 3496 4683">
     <span class='ocr_line' id='line_1_105' title="bbox 2190 4618 3496 4683; baseline -0.005 -2"><span class='ocrx_word' id='word_1_785' title='bbox 2190 4636 2368 4682; x_wconf 85' lang='lat' dir='ltr'><strong>autent</strong></span> <span class='ocrx_word' id='word_1_786' title='bbox 2398 4626 2452 4683; x_wconf 89' lang='lat' dir='ltr'><strong>in</strong></span> <span class='ocrx_word' id='word_1_787' title='bbox 2480 4625 2581 4681; x_wconf 88' lang='lat' dir='ltr'><strong>hac</strong></span> <span class='ocrx_word' id='word_1_788' title='bbox 2606 4620 2967 4683; x_wconf 79' lang='lat' dir='ltr'><strong>coiifutatione</strong></span> <span class='ocrx_word' id='word_1_789' title='bbox 2987 4618 3496 4678; x_wconf 73' lang='lat' dir='ltr'><strong>condemnandam?</strong></span> 
     </span>
    </p>
   </div>
   <div class='ocr_carea' id='block_1_106' title="bbox 2263 4712 3782 4790">
    <p class='ocr_par' dir='ltr' id='par_1_106' title="bbox 2263 4712 3782 4790">
     <span class='ocr_line' id='line_1_106' title="bbox 2263 4712 3782 4790; baseline -0.005 -14"><span class='ocrx_word' id='word_1_790' title='bbox 2263 4720 2364 4788; x_wconf 79' lang='lat' dir='ltr'><strong>At,</strong></span> <span class='ocrx_word' id='word_1_791' title='bbox 2409 4719 2647 4790; x_wconf 85' lang='lat' dir='ltr'><strong>inquies,</strong></span> <span class='ocrx_word' id='word_1_792' title='bbox 2691 4717 2783 4773; x_wconf 88' lang='lat' dir='ltr'><strong>ille</strong></span> <span class='ocrx_word' id='word_1_793' title='bbox 2818 4726 3010 4788; x_wconf 81' lang='lat' dir='ltr'><strong>reapse</strong></span> <span class='ocrx_word' id='word_1_794' title='bbox 3047 4714 3252 4769; x_wconf 82' lang='lat' dir='ltr'><strong>animas</strong></span> <span class='ocrx_word' id='word_1_795' title='bbox 3280 4722 3497 4770; x_wconf 80' lang='lat' dir='ltr'><strong>nostras</strong></span> <span class='ocrx_word' id='word_1_796' title='bbox 3527 4712 3782 4768; x_wconf 85' lang='lat' dir='ltr'><strong>mortales</strong></span> 
     </span>
    </p>
   </div>
   <div class='ocr_carea' id='block_1_107' title="bbox 2191 4802 3782 4884">
    <p class='ocr_par' dir='ltr' id='par_1_107' title="bbox 2191 4802 3782 4884">
     <span class='ocr_line' id='line_1_107' title="bbox 2191 4802 3782 4884; baseline -0.006 -14"><span class='ocrx_word' id='word_1_797' title='bbox 2191 4824 2313 4870; x_wconf 85' lang='lat' dir='ltr'><strong>esse</strong></span> <span class='ocrx_word' id='word_1_798' title='bbox 2339 4812 2676 4884; x_wconf 89' lang='lat' dir='ltr'><strong>apertissime</strong></span> <span class='ocrx_word' id='word_1_799' title='bbox 2703 4811 2907 4867; x_wconf 81' lang='lat' dir='ltr'><strong>dnouit.</strong></span> <span class='ocrx_word' id='word_1_800' title='bbox 2948 4806 3082 4864; x_wconf 78' lang='lat' dir='ltr'><strong>Nam</strong></span> <span class='ocrx_word' id='word_1_801' title='bbox 3105 4802 3304 4863; x_wconf 85' lang='lat' dir='ltr'><strong>ibidem</strong></span> <span class='ocrx_word' id='word_1_802' title='bbox 3330 4806 3492 4879; x_wconf 79' lang='lat' dir='ltr'><strong>paulo</strong></span> <span class='ocrx_word' id='word_1_803' title='bbox 3514 4812 3635 4877; x_wconf 67' lang='lat' dir='ltr'><strong>posit</strong></span> <span class='ocrx_word' id='word_1_804' title='bbox 3655 4805 3782 4861; x_wconf 86' lang='lat' dir='ltr'><strong>sub-</strong></span> 
     </span>
    </p>
   </div>
   <div class='ocr_carea' id='block_1_108' title="bbox 2188 4899 3781 4979">
    <p class='ocr_par' dir='ltr' id='par_1_108' title="bbox 2188 4899 3781 4979">
     <span class='ocr_line' id='line_1_108' title="bbox 2188 4899 3781 4979; baseline -0.006 -17"><span class='ocrx_word' id='word_1_805' title='bbox 2188 4906 2395 4979; x_wconf 80' lang='lat' dir='ltr'><strong>junxit:</strong></span> <span class='ocrx_word' id='word_1_806' title='bbox 2428 4924 2447 4959; x_wconf 85' lang='grc' dir='ltr'><strong>ι</strong></span> <span class='ocrx_word' id='word_1_807' title='bbox 2469 4906 2607 4962; x_wconf 89' lang='lat' dir='ltr'><strong>Sunt</strong></span> <span class='ocrx_word' id='word_1_808' title='bbox 2636 4905 2827 4960; x_wconf 71' lang='lat' dir='ltr'><strong>medim</strong></span> <span class='ocrx_word' id='word_1_809' title='bbox 2856 4900 3150 4974; x_wconf 79' lang='lat' dir='ltr'><strong>qualitatis,</strong></span> <span class='ocrx_word' id='word_1_810' title='bbox 3174 4902 3313 4956; x_wconf 89' lang='lat' dir='ltr'><strong>sicut</strong></span> <span class='ocrx_word' id='word_1_811' title='bbox 3331 4899 3781 4955; x_wconf 72' lang='lat' dir='ltr'><strong>Christaauetore</strong></span> 
     </span>
    </p>
   </div>
   <div class='ocr_carea' id='block_1_109' title="bbox 2190 4993 3780 5072">
    <p class='ocr_par' dir='ltr' id='par_1_109' title="bbox 2190 4993 3780 5072">
     <span class='ocr_line' id='line_1_109' title="bbox 2190 4993 3780 5072; baseline -0.006 -16"><span class='ocrx_word' id='word_1_812' title='bbox 2190 5004 2522 5072; x_wconf 71' lang='lat' dir='ltr'><strong>Compertum</strong></span> <span class='ocrx_word' id='word_1_813' title='bbox 2573 5006 2691 5065; x_wconf 89' lang='lat' dir='ltr'><strong>est,</strong></span> <span class='ocrx_word' id='word_1_814' title='bbox 2743 4998 2799 5053; x_wconf 90' lang='lat' dir='ltr'><strong>et</strong></span> <span class='ocrx_word' id='word_1_815' title='bbox 2845 4997 3068 5052; x_wconf 82' lang='lat' dir='ltr'><strong>interire</strong></span> <span class='ocrx_word' id='word_1_816' title='bbox 3096 5000 3217 5066; x_wconf 76' lang='lat' dir='ltr'><strong>quae</strong></span> <span class='ocrx_word' id='word_1_817' title='bbox 3245 4993 3486 5065; x_wconf 76' lang='lat' dir='ltr'><strong>possint,</strong></span> <span class='ocrx_word' id='word_1_818' title='bbox 3524 4993 3568 5048; x_wconf 89' lang='lat' dir='ltr'><strong>si</strong></span> <span class='ocrx_word' id='word_1_819' title='bbox 3616 4993 3780 5047; x_wconf 85' lang='lat' dir='ltr'><strong>Deum</strong></span> 
     </span>
    </p>
   </div>
   <div class='ocr_carea' id='block_1_110' title="bbox 2192 5084 3780 5166">
    <p class='ocr_par' dir='ltr' id='par_1_110' title="bbox 2192 5084 3780 5166">
     <span class='ocr_line' id='line_1_110' title="bbox 2192 5084 3780 5166; baseline -0.005 -17"><span class='ocrx_word' id='word_1_820' title='bbox 2192 5084 2590 5166; x_wconf 73' lang='lat' dir='ltr'><strong>ignoraverint;</strong></span> <span class='ocrx_word' id='word_1_821' title='bbox 2640 5092 2758 5148; x_wconf 81' lang='lat' dir='ltr'><strong>vitae</strong></span> <span class='ocrx_word' id='word_1_822' title='bbox 2786 5102 2840 5148; x_wconf 89' lang='lat' dir='ltr'><strong>et</strong></span> <span class='ocrx_word' id='word_1_823' title='bbox 2862 5090 2929 5146; x_wconf 75' lang='lat' dir='ltr'><strong>ab</strong></span> <span class='ocrx_word' id='word_1_824' title='bbox 2949 5090 3112 5146; x_wconf 82' lang='lat' dir='ltr'><strong>exitio</strong></span> <span class='ocrx_word' id='word_1_825' title='bbox 3140 5087 3355 5145; x_wconf 73' lang='lat' dir='ltr'><strong>liberari</strong></span> <span class='ocrx_word' id='word_1_826' title='bbox 3373 5133 3389 5158; x_wconf 92' lang='lat'><strong>,</strong></span> <span class='ocrx_word' id='word_1_827' title='bbox 3419 5087 3467 5143; x_wconf 79' lang='lat' dir='ltr'><strong>si</strong></span> <span class='ocrx_word' id='word_1_828' title='bbox 3485 5087 3551 5142; x_wconf 78' lang='lat' dir='ltr'><strong>ad</strong></span> <span class='ocrx_word' id='word_1_829' title='bbox 3578 5087 3696 5157; x_wconf 79' lang='lat' dir='ltr'><strong>eius</strong></span> <span class='ocrx_word' id='word_1_830' title='bbox 3721 5099 3780 5142; x_wconf 89' lang='lat' dir='ltr'><strong>se</strong></span> 
     </span>
    </p>
   </div>
   <div class='ocr_carea' id='block_1_111' title="bbox 2192 5178 3778 5260">
    <p class='ocr_par' dir='ltr' id='par_1_111' title="bbox 2192 5178 3778 5260">
     <span class='ocr_line' id='line_1_111' title="bbox 2192 5178 3778 5260; baseline -0.005 -18"><span class='ocrx_word' id='word_1_831' title='bbox 2192 5190 2365 5242; x_wconf 88' lang='lat' dir='ltr'><strong>minas</strong></span> <span class='ocrx_word' id='word_1_832' title='bbox 2396 5185 2522 5260; x_wconf 92' lang='lat' dir='ltr'><strong>(ms.</strong></span> <span class='ocrx_word' id='word_1_833' title='bbox 2551 5178 2672 5243; x_wconf 87' lang='lat' dir='ltr'><strong>cod.</strong></span> <span class='ocrx_word' id='word_1_834' title='bbox 2709 5196 2824 5257; x_wconf 80' lang='lat' dir='ltr'><strong>reg.</strong></span> <span class='ocrx_word' id='word_1_835' title='bbox 2857 5181 3073 5256; x_wconf 68' lang='lat' dir='ltr'><strong>semina)</strong></span> <span class='ocrx_word' id='word_1_836' title='bbox 3105 5180 3271 5255; x_wconf 84' lang='lat' dir='ltr'><strong>atque</strong></span> <span class='ocrx_word' id='word_1_837' title='bbox 3295 5180 3655 5253; x_wconf 76' lang='lat' dir='ltr'><strong>indulgentias</strong></span> <span class='ocrx_word' id='word_1_838' title='bbox 3681 5192 3778 5251; x_wconf 77' lang='lat' dir='ltr'><strong>ap—</strong></span> 
     </span>
    </p>
   </div>
   <div class='ocr_carea' id='block_1_112' title="bbox 2189 5278 2747 5354">
    <p class='ocr_par' dir='ltr' id='par_1_112' title="bbox 2189 5278 2747 5354">
     <span class='ocr_line' id='line_1_112' title="bbox 2189 5278 2747 5354; baseline 0 -19"><span class='ocrx_word' id='word_1_839' title='bbox 2189 5280 2458 5354; x_wconf 84' lang='lat' dir='ltr'><strong>plicarint.</strong></span> <span class='ocrx_word' id='word_1_840' title='bbox 2496 5300 2515 5333; x_wconf 72' lang='grc' dir='ltr'><strong>ι</strong></span> <span class='ocrx_word' id='word_1_841' title='bbox 2555 5278 2747 5353; x_wconf 79' lang='lat' dir='ltr'><strong>(Ibid.)</strong></span> 
     </span>
    </p>
   </div>
   <div class='ocr_carea' id='block_1_113' title="bbox 2260 5362 3783 5447">
    <p class='ocr_par' dir='ltr' id='par_1_113' title="bbox 2260 5362 3783 5447">
     <span class='ocr_line' id='line_1_113' title="bbox 2260 5362 3783 5447; baseline -0.007 -15"><span class='ocrx_word' id='word_1_842' title='bbox 2260 5374 2453 5432; x_wconf 84' lang='lat' dir='ltr'><strong>Postea</strong></span> <span class='ocrx_word' id='word_1_843' title='bbox 2480 5390 2608 5431; x_wconf 89' lang='lat' dir='ltr'><strong>vero</strong></span> <span class='ocrx_word' id='word_1_844' title='bbox 2640 5368 3082 5447; x_wconf 86' lang='lat' dir='ltr'><strong>philosophorum</strong></span> <span class='ocrx_word' id='word_1_845' title='bbox 3111 5362 3257 5426; x_wconf 70' lang='lat' dir='ltr'><strong>haud</strong></span> <span class='ocrx_word' id='word_1_846' title='bbox 3285 5367 3445 5425; x_wconf 89' lang='lat' dir='ltr'><strong>dubie</strong></span> <span class='ocrx_word' id='word_1_847' title='bbox 3475 5366 3783 5423; x_wconf 74' lang='lat' dir='ltr'><strong>Platonico-</strong></span> 
     </span>
    </p>
   </div>
   <div class='ocr_carea' id='block_1_114' title="bbox 2193 5456 3815 5541">
    <p class='ocr_par' dir='ltr' id='par_1_114' title="bbox 2193 5456 3815 5541">
     <span class='ocr_line' id='line_1_114' title="bbox 2193 5456 3815 5541; baseline -0.006 -17"><span class='ocrx_word' id='word_1_848' title='bbox 2193 5476 2311 5524; x_wconf 87' lang='lat' dir='ltr'><strong>rimi</strong></span> <span class='ocrx_word' id='word_1_849' title='bbox 2332 5512 2346 5535; x_wconf 92' lang='lat'><strong>,</strong></span> <span class='ocrx_word' id='word_1_850' title='bbox 2386 5469 2476 5541; x_wconf 87' lang='lat' dir='ltr'><strong>qui</strong></span> <span class='ocrx_word' id='word_1_851' title='bbox 2502 5470 2708 5525; x_wconf 86' lang='lat' dir='ltr'><strong>animas</strong></span> <span class='ocrx_word' id='word_1_852' title='bbox 2739 5456 3077 5523; x_wconf 77' lang='lat' dir='ltr'><strong>immortales</strong></span> <span class='ocrx_word' id='word_1_853' title='bbox 3109 5476 3230 5522; x_wconf 67' lang='lat' dir='ltr'><strong>esse</strong></span> <span class='ocrx_word' id='word_1_854' title='bbox 3259 5461 3575 5519; x_wconf 85' lang='lat' dir='ltr'><strong>asserebant</strong></span> <span class='ocrx_word' id='word_1_855' title='bbox 3601 5502 3617 5528; x_wconf 93' lang='lat'><strong>,</strong></span> <span class='ocrx_word' id='word_1_856' title='bbox 3667 5460 3783 5532; x_wconf 54' lang='lat' dir='ltr'><strong>opic</strong></span> <span class='ocrx_word' id='word_1_857' title='bbox 3812 5488 3815 5489; x_wconf 53' lang='grc' dir='ltr'><em>ν</em></span> 
     </span>
    </p>
   </div>
   <div class='ocr_carea' id='block_1_115' title="bbox 2194 5551 3780 5633">
    <p class='ocr_par' dir='ltr' id='par_1_115' title="bbox 2194 5551 3780 5633">
     <span class='ocr_line' id='line_1_115' title="bbox 2194 5551 3780 5633; baseline -0.008 -15"><span class='ocrx_word' id='word_1_858' title='bbox 2194 5564 2409 5618; x_wconf 88' lang='lat' dir='ltr'><strong>nionem</strong></span> <span class='ocrx_word' id='word_1_859' title='bbox 2442 5562 2563 5618; x_wconf 91' lang='lat' dir='ltr'><strong>ideo</strong></span> <span class='ocrx_word' id='word_1_860' title='bbox 2590 5560 2789 5618; x_wconf 87' lang='lat' dir='ltr'><strong>refellit</strong></span> <span class='ocrx_word' id='word_1_861' title='bbox 2812 5559 3000 5632; x_wconf 60' lang='grc' dir='ltr'><strong>(Μήτι,</strong></span> <span class='ocrx_word' id='word_1_862' title='bbox 3035 5566 3155 5633; x_wconf 73' lang='lat' dir='ltr'><strong>p’ag.</strong></span> <span class='ocrx_word' id='word_1_863' title='bbox 3187 5556 3259 5614; x_wconf 75' lang='lat'><strong>05</strong></span> <span class='ocrx_word' id='word_1_864' title='bbox 3282 5565 3330 5612; x_wconf 81' lang='lat' dir='ltr'><strong>et</strong></span> <span class='ocrx_word' id='word_1_865' title='bbox 3356 5554 3559 5626; x_wconf 73' lang='lat' dir='ltr'><strong>seqq.);</strong></span> <span class='ocrx_word' id='word_1_866' title='bbox 3590 5552 3712 5625; x_wconf 84' lang='lat' dir='ltr'><strong>quia</strong></span> <span class='ocrx_word' id='word_1_867' title='bbox 3735 5551 3780 5608; x_wconf 88' lang='lat' dir='ltr'><strong>si</strong></span> 
     </span>
    </p>
   </div>
   <div class='ocr_carea' id='block_1_116' title="bbox 2194 5647 3783 5726">
    <p class='ocr_par' dir='ltr' id='par_1_116' title="bbox 2194 5647 3783 5726">
     <span class='ocr_line' id='line_1_116' title="bbox 2194 5647 3783 5726; baseline -0.009 -13"><span class='ocrx_word' id='word_1_868' title='bbox 2194 5654 2247 5713; x_wconf 94' lang='lat' dir='ltr'><strong>id</strong></span> <span class='ocrx_word' id='word_1_869' title='bbox 2270 5661 2457 5712; x_wconf 80' lang='lat' dir='ltr'><strong>verum</strong></span> <span class='ocrx_word' id='word_1_870' title='bbox 2478 5654 2566 5722; x_wconf 87' lang='lat' dir='ltr'><strong>sit,</strong></span> <span class='ocrx_word' id='word_1_871' title='bbox 2587 5650 2830 5726; x_wconf 86' lang='lat' dir='ltr'><strong>quilibet,</strong></span> <span class='ocrx_word' id='word_1_872' title='bbox 2860 5653 3184 5725; x_wconf 86' lang='lat' dir='ltr'><strong>contemptis</strong></span> <span class='ocrx_word' id='word_1_873' title='bbox 3209 5648 3521 5716; x_wconf 83' lang='lat' dir='ltr'><strong>virtutibus,</strong></span> <span class='ocrx_word' id='word_1_874' title='bbox 3540 5647 3599 5702; x_wconf 84' lang='lat' dir='ltr'><strong>in</strong></span> <span class='ocrx_word' id='word_1_875' title='bbox 3624 5657 3783 5701; x_wconf 86' lang='lat' dir='ltr'><strong>omne</strong></span> 
     </span>
    </p>
   </div>
   <div class='ocr_carea' id='block_1_117' title="bbox 2195 5736 3785 5827">
    <p class='ocr_par' dir='ltr' id='par_1_117' title="bbox 2195 5736 3785 5827">
     <span class='ocr_line' id='line_1_117' title="bbox 2195 5736 3785 5827; baseline -0.011 -16"><span class='ocrx_word' id='word_1_876' title='bbox 2195 5748 2484 5827; x_wconf 78' lang='lat' dir='ltr'><strong>Voluptatis</strong></span> <span class='ocrx_word' id='word_1_877' title='bbox 2509 5757 2565 5811; x_wconf 65' lang='grc' dir='ltr'>ει</span> <span class='ocrx_word' id='word_1_878' title='bbox 2594 5740 2778 5824; x_wconf 75' lang='lat' dir='ltr'><strong>ﬂagitii</strong></span> <span class='ocrx_word' id='word_1_879' title='bbox 2824 5753 2995 5823; x_wconf 67' lang='lat' dir='ltr'><strong>genus</strong></span> <span class='ocrx_word' id='word_1_880' title='bbox 3044 5754 3168 5807; x_wconf 72' lang='lat' dir='ltr'><strong>sese</strong></span> <span class='ocrx_word' id='word_1_881' title='bbox 3213 5748 3402 5804; x_wconf 77' lang='lat' dir='ltr'><strong>secure</strong></span> <span class='ocrx_word' id='word_1_882' title='bbox 3432 5752 3490 5800; x_wconf 88' lang='lat' dir='ltr'><strong>et</strong></span> <span class='ocrx_word' id='word_1_883' title='bbox 3517 5736 3785 5811; x_wconf 78' lang='lat' dir='ltr'><strong>intrepido</strong></span> 
     </span>
    </p>
   </div>
  </div>
