3990 6072
208 195 316 261 485

1456 192 1523 256 ΙΝ
1562 186 1942 265 ARNOBIUM,
1982 195 2133 255 CAP.
2176 188 2267 254 IX.

3392 188 3494 254 186

209 318 361 373 daret
389 314 738 387 praeeipitem.
755 304 915 372 Nullo
939 312 1202 387 siquidem
1221 318 1487 385 Supremas
1513 315 1793 386 potestatis
1823 314 1875 377 Α
1902 311 2103 368 luitatis
2128 313 2297 384 possit
2317 320 2373 369 et
2399 311 2651 383 spiritum
2678 310 2995 382 subrepere,
3029 310 3133 367 nisi
3160 310 3250 383 qui
3275 310 3497 367 immor-

208 419 352 465 metu
378 410 423 464 ls
444 408 824 465 cohiberetur:
865 427 884 461 ι
920 408 1040 473 Cui,
1074 428 1092 460 ι
1121 407 1288 480 inquit
1317 400 1503 478 (lbid.,
1532 423 1656 478 pag.
1681 404 1796 477 61),

212 508 525 572 persuasum
550 496 711 556 fuerit
739 507 847 569 tam
877 514 935 556 se
960 514 1079 555 esse
1104 491 1460 554 immortalem
1489 541 1504 567 ,
1534 513 1692 568 quam
1716 497 1801 569 ip-

209 610 330 649 sum
356 595 521 650 Deum
550 594 839 663 primum.»
860 588 997 649 Tum
1027 600 1257 663 namque
1285 605 1344 646 se
1364 591 1439 645 ita
1474 593 1799 661 incorrupti-

214 688 377 744 bilem
403 702 520 743 esse
550 688 749 753 sciret;
798 696 856 742 ut
899 687 1046 742 nullo
1070 700 1291 757 prorsus
1319 685 1529 751 dolore,
1557 695 1612 740 et
1638 683 1802 739 animi

217 784 619 853 perturbatione
651 791 834 853 posset
864 781 1065 852 pulsari
1101 791 1155 835 et
1184 780 1407 851 agitari,
1439 793 1615 849 neque
1644 777 1805 833 ullius

213 878 383 947 turpis
411 876 638 931 actionis
666 874 829 946 pollui
857 872 1121 931 ftedilate.
1167 870 1499 944 Corporalem
1551 872 1806 926 enimvero

213 970 572 1033 substantiam,
605 969 680 1023 uti
712 968 802 1022 ille
831 969 904 1023 ait
926 966 1143 1039 (Ibid.),
1175 967 1267 1038 qui
1300 981 1406 1021 non
1450 963 1629 1030 habet,
1658 964 1805 1019 nulla

215 1062 373 1133 plane
405 1062 610 1132 peccati
640 1061 801 1119 sorde
822 1062 1177 1118 contaminari
1206 1069 1404 1131 potest.
1446 1059 1579 1117 lude
1627 1066 1807 1115 autem

214 1152 414 1211 factum
436 1154 589 1223 dicit,
621 1165 677 1210 ut
706 1154 969 1211 medietas
989 1196 1005 1222 ,
1050 1168 1354 1225 ancepsque
1382 1152 1684 1207 animarum
1714 1167 1810 1207 na-

213 1250 332 1303 tura
371 1246 585 1303 dederit
640 1245 998 1318 philosophiae
1048 1247 1224 1301 locum
1260 1244 1537 1302 asserendi
1561 1253 1616 1300 et
1636 1244 1810 1301 bonos

214 1340 469 1411 praemia,
502 1350 557 1396 et
597 1338 767 1396 malos
814 1355 1003 1411 poenas
1058 1354 1295 1395 manere.
1327 1338 1401 1394 Ea
1432 1352 1564 1394 vero
1591 1352 1806 1408 persua-

216 1430 371 1489 sione
400 1434 773 1505 unusquisque
799 1435 850 1488 in
880 1433 1061 1488 officio
1088 1448 1188 1489 suo
1232 1433 1563 1488 continetur.
1610 1432 1810 1500 Quam-

216 1527 403 1583 obrem
428 1526 518 1582 ille
545 1526 671 1582 inde
691 1526 965 1584 concludit
991 1545 1005 1583 :
1036 1546 1054 1580 t
1083 1526 1209 1584 Haec
1222 1543 1344 1584 cum
1372 1530 1441 1583 ita
1471 1542 1531 1584 se
1557 1527 1810 1594 habeant,

216 1625 272 1674 et
300 1634 421 1674 cum
446 1636 476 1675 a
500 1636 712 1676 summo
738 1621 988 1675 traditum
1016 1632 1293 1677 teneamus
1319 1630 1536 1677 auctore
1561 1635 1667 1675 non
1692 1633 1812 1676 esse

1904 404 2026 460 talis
2051 415 2104 461 et
2128 416 2420 477 perpetuus
2445 407 2593 462 solus
2624 415 2730 471 est,
2784 413 2838 461 et
2870 405 3066 461 nullius
3096 406 3353 476 temporis
3387 407 3498 460 cir-

1903 497 2320 567 cumscriptione
2342 497 2544 555 linitus.
2585 518 2605 551 ι
2647 497 2744 559 Ubi
2767 497 2943 553 obiter
2965 498 3195 553 observa
3224 516 3252 550 a
3279 498 3501 554 Petavio

1904 589 2156 644 traditum
2174 605 2240 645 eo
2262 592 2483 646 nomine
2507 590 2786 661 longaevas,
2811 590 2952 647 idern
2976 593 3045 648 ab
3066 592 3162 647 illo
3184 590 3496 662 significari,

1904 695 1969 735 ac
1996 682 2039 736 si
2058 680 2284 737 dixisset
2313 692 2545 738 internas
2567 682 2799 753 (Petam,
2821 692 2942 736 tom.
2960 699 2998 745 ι.
3029 682 3271 755 Titeolog.
3301 682 3502 755 dogm.,
3530 721 3537 727 -

1907 774 1996 829 lib.
2027 791 2117 842 ιιι,
2151 792 2266 857 cap.
2292 778 2355 844 5,
2392 794 2513 848 pag.
2547 775 2693 849 191).
2734 775 2806 839 At
2826 775 2941 832 haec
2964 792 3126 847 porro
3145 792 3268 833 esse
3294 776 3506 831 videtur

1905 870 2137 940 genuina
2198 871 2421 926 Arnobii
2458 873 2629 928 nostri
2675 870 2743 927 de
2794 870 2987 927 animm
3023 871 3272 926 humanae
3311 882 3504 925 natura

1908 960 2110 1039 opinio,
2135 977 2294 1031 quam
2321 972 2489 1027 certe,
2519 965 2594 1018 uti
2616 962 2790 1030 vides.
2806 977 2907 1017 nec
2925 961 3115 1030 semel,
3132 974 3233 1017 nec
3251 961 3504 1031 obscure,

1908 1053 2212 1123 explicavit.

1908 1186 1913 1211 ;
1980 1143 2087 1202 Sed
2111 1146 2339 1217 plurium
2367 1164 2428 1204 ea
2458 1147 2528 1205 de
2551 1163 2715 1204 causa
2746 1164 2991 1205 errorum
3025 1149 3349 1220 postulatur.
3384 1148 3507 1206 Pri-

1910 1255 2056 1295 mum
2082 1240 2223 1296 enim
2257 1241 2506 1298 decernit
2529 1242 2738 1298 animas
2764 1242 2935 1301 solius
2976 1243 3067 1298 Dei
3099 1243 3363 1300 beneﬁcio
3387 1258 3510 1300 esse

1910 1338 2268 1407 immortales,
2317 1356 2413 1396 sua
2455 1356 2589 1397 vero
2617 1350 2808 1399 natura
2839 1341 3116 1406 mortales,
3141 1351 3195 1397 et
3217 1341 3411 1405 morti,
3444 1355 3511 1397 ex

1909 1448 2013 1503 qua
2040 1449 2070 1485 a
2129 1434 2247 1488 solo
2281 1434 2389 1499 Deo
2440 1435 2779 1506 eripiuntur,
2811 1436 3107 1504 .obnotins.
3156 1435 3227 1490 At
3254 1433 3513 1506 quidquid

1909 1527 2144 1583 mortale
2164 1537 2268 1594 est,
2287 1528 2417 1583 illud
2445 1529 2801 1599 proculdubio
2826 1544 3150 1600 corporeum
3179 1544 3301 1585 esse
3327 1527 3509 1584 debet.

1914 1620 2046 1689 Quis
2064 1632 2244 1678 autem
2274 1624 2444 1678 nescit
2474 1623 2617 1680 hunc
2639 1633 2885 1680 veterum
2902 1623 3257 1694 quorumdam
3284 1622 3516 1693 scripto-

217 1714 425 1770 animas
456 1715 615 1787 longe
644 1715 713 1770 ab
735 1716 965 1773 hiatibus
985 1717 1172 1774 mortis
1197 1728 1249 1773 et
1272 1717 1512 1773 faucibus
1541 1715 1809 1772 eonstitu-
1842 1714 1890 1789 Β
1913 1729 2033 1778 ιίιηι
2085 1729 2329 1772 errorem
2369 1731 2491 1771 esse
2542 1716 2654 1787 jam
2683 1732 2712 1771 ιι
2746 1716 2909 1789 longo
2932 1726 3208 1788 tempere,
3253 1730 3355 1773 nec
3390 1715 3510 1772 sine

220 1819 339 1872 tas;
389 1824 546 1879 posse
576 1796 749 1873 tamen
780 1810 1051 1881 longmvas
1074 1810 1272 1866 summi
1303 1810 1561 1880 principis
1590 1824 1813 1865 munere
1917 1805 2211 1878 ignominia
2243 1808 2704 1865 condemnatum?

219 1916 282 1956 ac
310 1900 575 1957 beneﬁcio
605 1892 722 1958 fieri
746 1943 760 1966 ,
785 1903 829 1957 si
853 1904 1012 1958 modo
1038 1903 1191 1959 illum
1223 1913 1429 1959 tentent
1457 1919 1521 1959 ac
1544 1903 1814 1959 mediten-

218 2002 307 2049 tur
345 2009 732 2066 agnoscere....
779 2004 889 2050 tum
920 1996 1115 2053 deinde
1143 1994 1357 2053 feritate
1378 2005 1539 2066 atque
1565 1995 1815 2051 inhuma-

220 2088 393 2146 nitate
437 2091 733 2163 dcpositis,
784 2101 1059 2147 resumant
1107 2091 1319 2162 ingenia
1366 2091 1610 2157 mitiora;
1658 2099 1716 2146 ut
1749 2090 1816 2145 ad

218 2174 354 2239 illud
385 2184 525 2255 quod
563 2185 773 2240 dabitur
826 2200 948 2243 esse
1008 2184 1212 2253 possint
1263 2192 1502 2254 paratae,
1560 2183 1687 2255 quid
1736 2192 1821 2240 est

222 2278 370 2350 quod
399 2294 430 2332 a
455 2279 609 2345 vobis
652 2291 922 2350 tamquam
962 2280 1104 2335 bruti
1128 2290 1182 2336 ct
1205 2279 1388 2334 stolidi
1422 2279 1747 2351 judicemur,
1775 2279 1818 2335 si

226 2385 453 2444 propter
477 2362 578 2427 bos
608 2380 782 2428 metus
832 2373 1107 2428 liberatori
1148 2372 1394 2430 dedimus
1415 2384 1470 2428 et
1499 2372 1823 2444 mancipavi-

230 2481 353 2522 mus
384 2481 483 2527 nos
508 2467 637 2523 Deo.
676 2485 695 2521 ι
724 2465 913 2539 (lbid.,
943 2485 1065 2543 pag.
1099 2466 1219 2541 65.)

303 2557 488 2630 Neque
528 2559 667 2615 hanc
692 2560 759 2616 de
778 2561 1080 2617 animarum
1108 2561 1400 2618 medietate
1427 2563 1735 2633 opinionem
1757 2563 1827 2620 ab

228 2650 477 2709 Ethnicis
511 2653 661 2723 rejici
698 2669 855 2725 posse
894 2654 1170 2723 ostendit;
1210 2655 1331 2727 quia
1371 2657 1449 2712 illi
1499 2656 1632 2714 deos
1657 2673 1786 2714 suos
1809 2700 1824 2725 ,

231 2760 573 2818 quocumque
640 2747 856 2803 nomine
897 2748 965 2803 ab
1016 2748 1147 2818 ipsis
1196 2749 1631 2819 appellarentur,
1683 2751 1828 2821 ejus-

234 2836 361 2894 dem
410 2835 598 2893 medim
635 2851 839 2894 natura:
889 2854 1012 2895 esse
1050 2840 1475 2897 existimabant:
1526 2842 1828 2910 tQuitne-

235 2930 364 2999 dim,
402 2950 422 2983 ι
464 2931 638 3002 inquit
678 2931 830 3003 (ibid.
853 2974 867 2999 ,
913 2949 1034 3005 pag.
1063 2932 1194 3011 67),
1254 2953 1274 2987 ι
1311 2934 1589 3006 qualitatis
1615 2938 1827 2995 animas

237 3040 366 3106 esse
410 3041 515 3079 non
543 3024 769 3081 creditis
788 3067 803 3092 ,
831 3034 887 3083 et
913 3026 965 3083 in
1002 3027 1178 3083 medio
1206 3027 1376 3085 limite
1405 3031 1528 3085 vitae
1556 3037 1717 3103 atque
1746 3034 1831 3088 in-

1990 1900 2191 1956 Deinde
2218 1917 2347 1957 vero
2382 1904 2651 1959 Arnobius
2686 1913 2840 1975 putat
2874 1904 3081 1960 animas
3107 1888 3382 1961 hominum
3422 1905 3520 1961 Dei

1916 2002 2121 2051 tantum
2151 1995 2413 2052 beneﬁcio
2433 2037 2449 2064 ,
2477 1996 2523 2052 si
2568 2005 2748 2053 tamen
2777 2013 2903 2055 eum
2937 2000 3292 2070 agnoverint,
3324 2009 3379 2056 et
3419 1998 3523 2056 hoc

1916 2088 2219 2151 meruerint
2250 2088 2594 2157 beneficium,
2634 2091 2969 2147 immortales
2998 2090 3138 2148 ﬁeri.
3171 2094 3243 2148 At
3273 2091 3401 2148 inde
3426 2091 3526 2148 ad-

1920 2181 2026 2236 huc
2055 2181 2298 2252 s’equitur
2330 2197 2648 2252 persuasum
2679 2182 2754 2238 illi
2783 2182 2952 2239 fuisse
2990 2184 3201 2241 animas
3233 2184 3521 2256 impiorum

1922 2283 1977 2331 et
1999 2273 2295 2330 inﬁdelium
2328 2275 2582 2344 interire,
2630 2290 2734 2332 nec
2771 2291 2799 2331 a
2845 2277 2958 2333 Deo
2985 2277 3393 2336 immortalitate
3421 2278 3523 2335 do-

1922 2371 2060 2445 nari.
2108 2369 2394 2428 Secundus
2435 2382 2615 2427 autem
2660 2371 2748 2428 hic
2770 2386 2925 2428 error
2952 2384 3092 2440 est,
3139 2388 3247 2429 non
3296 2373 3523 2441 minori,

1920 2480 2084 2536 quam
2109 2465 2314 2536 primus
2330 2507 2347 2533 ,
2388 2467 2651 2525 censoriae
2693 2467 3006 2527 severitatis
3032 2477 3160 2524 nota
3187 2469 3308 2541 iure
3332 2470 3528 2528 merito

1924 2559 2156 2633 inustus.
2874 2560 2879 2565 ’

1998 2642 2149 2720 Quod
2178 2660 2359 2711 autem
2403 2652 2473 2713 ad
2516 2653 2749 2725 primum
2792 2668 3037 2713 errorem
3078 2658 3324 2729 spectat,
3368 2659 3519 2716 dictu

1928 2742 2170 2815 profecto
2201 2745 2355 2801 facile
2382 2762 2490 2801 non
2538 2756 2623 2803 est
2660 2756 2844 2805 utrum
2880 2750 3154 2807 Arnobius
3184 2751 3238 2806 in
3263 2751 3419 2807 illum
3448 2751 3527 2807 in-

1922 2836 2122 2897 ciderit
2142 2879 2157 2905 ,
2210 2838 2312 2894 nisi
2344 2841 2492 2910 prius
2520 2851 2735 2898 constet
2762 2844 2887 2914 quid
2919 2844 3109 2899 media:
3134 2844 3420 2900 mortalem
3450 2845 3535 2901 in-

1931 2939 2022 3007 ter
2047 2941 2101 2989 et
2122 2931 2484 2989 immortalem
2512 2944 2719 2990 natura)
2752 2936 2970 2991 nomine
2991 2936 3061 2991 ab
3084 2952 3152 2992 eo
3177 2936 3526 3009 intelligatur.

1932 3025 2004 3079 At
2033 3039 2165 3080 sane
2184 3025 2433 3095 quamvis
2460 3027 2510 3081 id
2536 3027 2633 3083 ille
2658 3027 2820 3098 plane
2852 3037 2910 3083 et
2934 3028 3186 3087 distincte
3213 3045 3325 3086 non
3351 3030 3540 3087 defini-

239 3120 437 3177 teritus
478 3120 777 3189 contineri,
834 3140 1013 3179 nonne
1032 3138 1223 3180 omnes
1248 3128 1472 3181 omnino
1494 3169 1509 3193 ,
1552 3142 1690 3198 quos
1716 3128 1833 3199 opi-

1941 3115 2110 3190 verit;
2168 3126 2378 3173 eertum
2410 3128 2589 3176 tamen
2635 3130 2721 3176 est
2768 3121 2874 3178 hoc
2900 3122 3025 3178 ideo
3054 3123 3124 3178 ab
3151 3126 3266 3194 ipso
3296 3139 3539 3194 pronun-

240 3216 396 3270 natio
422 3215 750 3285 suspicatur,
782 3215 893 3285 dii,
936 3219 1124 3289 Angeli
1145 3258 1159 3283 ,
1196 3218 1473 3276 daemones
1497 3230 1591 3275 aut
1616 3223 1837 3279 nomine

244 3324 587 3380 quocumque
631 3321 759 3365 sunt
808 3309 933 3375 alio,
967 3312 1242 3382 qualitatis
1267 3323 1321 3370 et
1346 3315 1443 3384 ipsi
1472 3324 1600 3370 sunt
1622 3316 1834 3385 medim,

244 3412 304 3458 et
359 3403 412 3457 in
451 3402 717 3475 ambiguae
760 3404 923 3460 sortis
976 3406 1286 3464 conditione
1336 3409 1642 3466 mutabiles.
1683 3430 1703 3464 ι
1763 3412 1840 3468 ibi

244 3509 431 3555 autem
482 3498 726 3555 Platonis
769 3513 988 3556 sensum
1041 3503 1265 3568 retulit,
1316 3514 1423 3561 non
1465 3507 1633 3561 verba
1687 3509 1839 3578 ipsa,

248 3607 376 3663 qua:
410 3592 462 3644 in
492 3607 558 3646 eo
585 3633 599 3657 ,
636 3608 793 3662 quem
835 3593 978 3649 haud
1016 3595 1180 3652 dubie
1218 3596 1502 3667 laudavit,
1534 3601 1843 3671 philosophi

249 3684 497 3753 Timaeo,
528 3696 685 3756 atque
712 3686 781 3741 ab
812 3688 1176 3759 Athenagora,
1209 3690 1475 3748 Cicerone
1512 3703 1569 3749 et
1615 3696 1738 3751 aliis
1762 3697 1843 3752 cia-

254 3789 367 3833 tata
400 3779 641 3835 invenies
696 3786 712 3848 (
732 3778 908 3846 Plato,
937 3783 991 3836 in
1032 3781 1244 3851 Timaeo,
1279 3796 1403 3853 tam,
1434 3803 1516 3854 ut,
1549 3805 1668 3861 pag.
1703 3790 1767 3845 41
1802 3801 1848 3845 ει

251 3888 429 3940 seqq.;
458 3871 731 3945 Atlteitag.,
774 3876 873 3945 leg.
919 3891 1013 3943 pro
1051 3876 1313 3933 christian.
1337 3917 1355 3945 ,
1398 3896 1517 3953 pag.
1547 3882 1612 3948 ὃς
1658 3880 1848 3955 Cicron,

255 3965 324 4018 de
353 3963 584 4019 Uttircrs.
615 3966 666 4028 in
693 3968 907 4038 fragm.,
938 3978 1062 4031 tam.
1092 3984 1152 4037 tt,
1184 3987 1305 4043 pag.
1330 3971 1445 4044 29).

339 4058 577 4127 Denique
596 4058 862 4119 Arnobius
890 4059 1026 4119 hanc
1040 4076 1192 4139 suam
1218 4063 1287 4119 de
1314 4064 1404 4119 illa
1434 4066 1628 4123 animm
1652 4078 1852 4125 nostra:

258 4158 451 4207 natura
483 4152 800 4207 sententiam
849 4152 931 4215 his
960 4152 1277 4229 clarissimis
1318 4158 1653 4230 minimeque
1677 4164 1851 4217 ambia-

256 4244 383 4316 guis
415 4242 591 4299 verbis
617 4246 867 4317 estposuit
902 4264 916 4301 :
963 4265 981 4297 ι
1012 4246 1126 4305 Non
1160 4248 1384 4325 absone,
1423 4266 1597 4322 itaque
1625 4255 1857 4313 inaniter

262 4337 537 4393 credimus
561 4335 750 4392 mediae
778 4338 1052 4413 qualitatis
1083 4354 1204 4394 esse
1230 4341 1436 4398 animas
1454 4343 1860 4414 hominum,ut-

266 4438 396 4500 pote
423 4445 453 4482 a
484 4428 644 4484 rebus
672 4445 777 4484 non
801 4430 1184 4500 principalibus
1206 4434 1379 4491 editas
1398 4477 1412 4502 ,
1448 4436 1556 4506 juri
1587 4440 1861 4510 subiectas

1941 3206 2095 3278 tiari,
2141 3210 2264 3280 quia
2307 3220 2622 3268 constanter
2662 3213 2935 3283 credidit,
2986 3216 3130 3286 quod
3175 3216 3247 3271 ah
3268 3216 3537 3289 Apostolo

1934 3309 2204 3377 assertum
2249 3302 2477 3374 legimus
2513 3304 2559 3374 (1
2597 3304 2848 3372 Timoth.~,
2892 3322 2972 3372 vr,
3016 3305 3128 3381 16),
3161 3308 3331 3364 Deum
3366 3308 3543 3366 solum

1939 3411 2131 3457 revera
2156 3411 2278 3454 esse
2303 3398 2689 3456 immortalem.
2719 3400 2859 3469 Quid
2878 3401 3137 3458 enim‘bis
3157 3403 3279 3472 ejus
3306 3403 3545 3459 aectoris

1947 3490 2113 3545 nostri
2144 3490 2363 3558 verbis,
2396 3502 2456 3546 ut
2490 3491 2592 3551 alia
2624 3493 2787 3553 missa
2811 3493 3105 3563 faciamus,
3147 3495 3350 3553 clarius
3372 3506 3428 3553 et
3447 3510 3546 3553 ex.

1949 3583 2222 3652 pressius?
2263 3602 2282 3635 ι
2314 3581 2506 3640 Nonne
2544 3585 2696 3641 solus
2736 3587 3008 3658 ingenitus
3030 3620 3048 3655 ,
3089 3588 3409 3646 immortalis
3434 3628 3449 3656 ,
3493 3598 3550 3646 et

1946 3689 2241 3767 perpetuus
2267 3678 2415 3735 solus
2442 3680 2560 3735 est?
2593 3700 2614 3733 ι
2650 3681 2869 3747 Arnob.,
2900 3680 2990 3737 lib.
3022 3698 3083 3750 tt,
3116 3700 3237 3755 pag.
3267 3683 3388 3755 95.)
3409 3682 3549 3753 Quin

1946 3752 2203 3832 ιῆἷῦἷῖὸι
2238 3773 2415 3845 ipsum
2450 3774 2628 3835 solum
2659 3776 3039 3848 incorporeum
3069 3786 3194 3835 esse
3229 3788 3505 3836 asseverat
3533 3797 3547 3833 :

1962 3882 1981 3917 ι
2019 3864 2327 3936 lngenitus,
2362 3887 2384 3919 ι
2429 3868 2604 3939 inquit
2626 3867 2840 3939 (Idem,
2875 3871 2965 3927 lib.
2989 3887 3045 3939 t,
3078 3889 3201 3944 pag.
3227 3874 3354 3944 17),
3401 3892 3421 3926 t
3453 3873 3554 3927 im-

1946 3960 2238 4031 mortalis,
2286 3972 2623 4031 perpetuus,
2673 3965 2865 4030 solus,
2916 3978 3075 4035 quem
3126 3966 3275 4021 nulla
3319 3966 3555 4022 delineat

1956 4050 2127 4107 forma
2158 4055 2479 4125 corporalis,
2515 4055 2659 4109 nullo
2689 4056 3018 4112 determinat
3043 4058 3494 4128 circumscriptio.
3528 4077 3547 4112 ι

2029 4147 2099 4203 At
2122 4146 2166 4215 si
2194 4147 2462 4203 Arnobius
2489 4164 2556 4204 eo
2582 4160 2795 4205 tantum
2824 4166 2988 4206 sensu
3014 4153 3249 4209 animam
3290 4167 3415 4209 esse
3450 4154 3555 4209 im-

1958 4240 2240 4305 mortalem
2286 4243 2533 4312 uegavit,
2575 4244 2700 4313 quia
2730 4244 2873 4312 alio,
2918 4261 3076 4316 quam
3102 4246 3269 4313 Deus,
3300 4248 3463 4304 modo
3488 4248 3560 4305 sit

1960 4332 2314 4401 immortalis,
2354 4334 2488 4389 nihil
2517 4343 2667 4391 certe
2690 4336 2911 4407 protulit
2938 4338 3045 4393 nisi
3073 4344 3264 4395 senum
3294 4352 3352 4396 et
3371 4340 3560 4397 ortho-

1958 4424 2160 4481 doxam
2192 4445 2205 4481 :
2254 4448 2271 4479 ι
2294 4426 2493 4501 Anima
2523 4429 2725 4500 quippe
2751 4429 3017 4500 hominis,
3048 4448 3070 4485 ι
3106 4433 3180 4488 ait
3206 4435 3556 4503 Augustinus,

268 4523 483 4590 mortis,
505 4539 786 4593 parvarum
803 4531 856 4578 et
880 4524 1120 4579 labilium
1159 4526 1353 4583 virium
1376 4532 1735 4600 perpetuitate
1762 4534 1862 4590 do-
1892 4526 1946 4588 D
1976 4538 1995 4572 ‘
2031 4519 2350 4579 immortalis
2377 4534 2459 4581 eat
2488 4522 2786 4585 secundum
2816 4525 3104 4595 quemdam
3134 4527 3357 4582 modum
3380 4542 3560 4584 suum.

271 4618 415 4684 nari,
442 4615 487 4671 si
516 4632 666 4688 spem
695 4617 933 4681 muneris
964 4620 1096 4674 tanti
1125 4619 1293 4696 Deum
1321 4623 1389 4677 ad
1418 4626 1714 4695 principem
1742 4644 1868 4684 con-

273 4711 457 4767 ferant
479 4753 494 4773 .
548 4710 633 4767 cui
665 4711 764 4766 soli
780 4720 1036 4783 potestas
1071 4724 1156 4769 est
1182 4715 1307 4770 talia
1336 4760 1352 4785 ,
1402 4720 1750 4788 corruptione
1774 4738 1871 4778 ett-

273 4805 455 4868 clusa,
490 4804 669 4875 largiri
702 4823 721 4855 ›
762 4805 1001 4877 (Αι-ηοὸ..
1033 4806 1123 4861 lib.
1152 4822 1212 4872 tt,
1246 4826 1365 4879 pag.
1383 4808 1497 4889 i9).

352 4896 541 4954 Nonne
570 4914 699 4970 ergo
726 4913 792 4954 ex
823 4898 1080 4956 hactenus
1106 4899 1262 4957 dictis
1283 4902 1415 4959 satis
1439 4904 1644 4974 liquido
1674 4906 1867 4975 proba-

278 5003 372 5048 tur
390 4991 684 5046 Arnobium
714 4991 766 5046 in
790 5006 851 5046 ea
879 4992 1044 5049 fuisse
1058 4995 1333 5066 opinione,
1362 4996 1569 5052 animas
1586 4997 1872 5057 boniinum

282 5084 480 5141 mediae
506 5084 781 5154 cujusdem
816 5086 1097 5143 mortalem
1126 5089 1268 5145 inter
1297 5099 1351 5145 et
1374 5089 1740 5149 immortalem
1757 5108 1878 5149 esse

284 5178 567 5250 qualitatis
609 5189 662 5234 et
718 5179 973 5236 naturae?
1040 5181 1207 5238 Docet
1271 5192 1449 5239 autem
1503 5184 1641 5241 hanc
1693 5203 1878 5244 earum

286 5270 641 5327 medietatem
674 5272 726 5325 in
750 5288 815 5325 eo
843 5273 1068 5341 positam
1097 5290 1241 5342 esse,
1269 5275 1413 5347 quod
1438 5277 1617 5332 anima
1643 5279 1758 5350 ipsa
1784 5296 1881 5337 sua

1972 4613 2088 4671 Non
2118 4615 2260 4670 enim
2283 4616 2431 4670 omni
2455 4616 2638 4683 modo,
2670 4619 2832 4687 sicut,
2855 4620 2922 4675 de
2943 4637 3051 4691 quo
3074 4621 3278 4677 dictum
3302 4625 3560 4693 estquia:

1970 4707 2135 4764 Solus
2163 4708 2322 4764 liabet
2340 4709 2821 4766 immortatitotem.
2846 4732 2869 4771 ι
2905 4714 3232 4784 (daphnim,
3257 4714 3408 4782 epist.
3434 4714 3563 4781 146,

1974 4816 2093 4871 pag.
2128 4798 2278 4872 584).
2323 4800 2458 4856 Tum
2503 4802 2698 4860 deinde
2738 4803 2979 4861 dederat
3012 4806 3282 4877 quohodo
3307 4807 3485 4862 anima
3511 4818 3568 4864 et

1975 4909 2235 4965 corporea
2266 4906 2320 4950 et
2352 4896 2666 4967 incorporea
2702 4898 2810 4953 dici
2840 4900 3017 4970 possit
3063 4915 3079 4952 :
3135 4917 3154 4954 t
3188 4899 3568 4971 liteerporeatn

1977 5006 2100 5049 esse
2146 4991 2422 5055 animam,
2467 5011 2487 5045 ι
2526 4992 2610 5049 ita
2665 4993 2757 5050 ille
2812 4995 2881 5050 ad
2936 4993 3324 5064 Hieronymum
3380 4997 3573 5054 seribit

1976 5086 2146 5157 (Ibid.
2176 5099 2223 5143 et
2276 5087 2444 5161 seqq.)
2500 5105 2515 5143 :
2546 5108 2566 5142 ι
2601 5091 2703 5146 etsi
2729 5090 2948 5147 difﬁcile
2979 5090 3309 5147 tar'dibrilms
3348 5106 3573 5162 persua-

1981 5184 2099 5241 deri
2128 5195 2344 5256 potest,
2376 5186 2511 5241 mibi
2541 5194 2718 5242 tamen
2746 5186 2922 5242 fateor
2942 5199 3067 5242 esse
3088 5198 3435 5259 persuasum.
3465 5186 3576 5245 Sed

1983 5292 2052 5333 ne
2102 5278 2248 5335 vorbi
2296 5280 2725 5336 controversiam
2773 5280 2858 5334 vel
2908 5280 3185 5350 superﬂuo
3214 5282 3446 5348 faciam,
3492 5281 3579 5338 vel

290 5373 485 5424 natura
521 5368 591 5419 sit
621 5366 863 5423 mortalis
886 5413 900 5438 ,
946 5376 1002 5424 et
1048 5369 1206 5425 unius
1246 5380 1448 5427 tantum
1502 5372 1597 5427 Diri
1628 5373 1774 5430 dono
1821 5389 1885 5430 ac
1984 5371 2180 5427 merito
2208 5372 2415 5440 patiar;
2461 5373 2715 5443 quoniam
2744 5386 2867 5428 cem
2897 5372 2966 5429 de
2995 5384 3054 5429 re
3076 5381 3318 5445 constat,
3359 5386 3468 5431 non
3498 5384 3585 5432 est

290 5456 559 5515 beneﬁcio
592 5459 905 5515 immortalis
928 5460 1039 5516 liat.
1080 5463 1419 5534 Quapropter
1442 5464 1533 5520 ille
1563 5466 1738 5523 adhuc
1764 5482 1889 5539 pos-
1989 5479 2126 5534 opus
2153 5475 2366 5522 certare
2384 5466 2451 5521 de
2470 5466 2685 5521 nomine
2708 5485 2720 5519 :
2744 5467 3009 5539 sicorpus
3032 5478 3115 5523 est
3136 5469 3315 5523 munis
3330 5469 3586 5525 subitan-

293 5562 386 5607 tea
430 5552 709 5623 perspicue
751 5552 990 5615 declarat
1024 5555 1226 5625 (lbid.,
1256 5574 1377 5630 pag.
1402 5556 1505 5632 87)
1547 5577 1560 5614 :
1610 5579 1629 5613 ι
1662 5561 1891 5620 Servare
1994 5562 2106 5629 tia,
2147 5561 2234 5617 vel
2262 5561 2499 5618 essentia
2524 5584 2567 5628 ,-
2592 5560 2681 5616 vel
2708 5561 2911 5633 siquid
2937 5562 3119 5635 aptius
3140 5568 3486 5632 moriatur
3508 5555 3588 5629 id,

293 5644 514 5719 animas
538 5646 696 5711 alius,
748 5647 851 5702 nisi
880 5646 1023 5704 Deus
1047 5650 1394 5720 omnipotens
1420 5666 1530 5708 non
1565 5662 1760 5724 potest,
1786 5669 1892 5715 nec
1998 5655 2142 5727 quod
2175 5655 2528 5727 aliquemsdo
2556 5655 2722 5711 estin
2744 5658 2809 5713 se
2856 5656 2975 5728 ipso
2999 5700 3013 5725 ,
3056 5668 3260 5725 corpus
3285 5654 3597 5710 estaniml.

296 5748 569 5815 praeterea
614 5742 897 5813 quisquam
937 5750 1021 5801 est
1047 5744 1136 5815 qui
1166 5743 1435 5814 longaevas
1464 5745 1666 5816 facere,
1693 5762 1892 5817 perpe-

2001 5752 2132 5810 ltcm
2162 5751 2208 5807 si
2234 5768 2355 5811 eam
2394 5751 2565 5808 solam
2597 5751 2972 5822 incorpoream
3000 5752 3180 5824 placet
3215 5747 3502 5828 apponere
3519 5760 3614 5800 na-
