3990 6072
454 5886 487 5896 ’ρο

486 126 587 184 487

1754 133 2205 195 DISSERTATIO
2242 140 2518 206 PRIEVIA

3664 167 3772 224 488

488 254 661 354 turam
681 286 697 314 ,
743 259 862 318 quae
893 259 1102 354 summe
1127 245 1693 354 incommutabilis-et
1718 251 1915 354 ubique
1957 262 2063 354 tota
2092 268 2147 327 Α
2172 278 2291 333 pag.
2325 265 2394 320 90
2422 276 2468 319 et
2493 264 2679 340 seqq).
2709 267 2900 326 Utrum
2927 282 3106 330 autem
3136 275 3252 333 htec
3280 278 3396 350 ipsa
3426 294 3661 354 veraque
3689 283 3768 338 sit

489 346 614 407 est,
642 355 836 412 corpus
880 351 964 396 est
993 341 1203 408 anima;
1250 341 1524 413 quoniam!
1556 343 1660 398 tale
1714 345 1914 416 aliquid
1957 345 2069 414 ipsa

488 450 596 490 non
624 448 724 492 est.
767 436 932 492 Porro
963 437 1006 492 si
1035 451 1232 507 corpus
1258 453 1363 492 non
1393 447 1512 502 est,
1545 438 1645 493 nisi
1677 440 1816 509 quod
1847 455 1942 510 per
1971 439 2070 493 loci

487 529 716 599 Spatium
746 529 923 599 aliqua
952 529 1288 600 longitudine
1307 573 1324 599 ,
1355 531 1654 598 latitudine,
1691 533 1971 588 altitudine
2002 533 2070 586 ita

485 621 725 688 sistitur,
771 622 855 677 vel
891 631 1156 687 movetur,
1199 632 1258 676 ut
1287 622 1492 694 majore
1521 623 1602 678 sui
1636 632 1786 693 parte
1811 624 2072 694 majorem

483 715 659 771 locum
680 723 926 784 occupet,
973 725 1025 770 et
1055 714 1303 770 breviore
1324 715 1624 771 breviorem
1644 757 1658 781 ,
1698 717 1977 787 minusque
2007 716 2076 771 sit

487 809 540 864 in
573 816 720 879 parte
745 850 759 874 ,
792 824 950 878 quam
989 807 1042 862 in
1079 815 1224 875 toto,
1268 825 1374 864 non
1415 818 1498 864 est
1522 823 1717 880 corpus
1742 809 1938 864 anima.
1975 809 2075 864 Per

488 915 658 962 totum
687 905 884 976 quippe
907 920 1134 974 corpus,
1166 904 1309 974 quod
1339 905 1562 970 animat,
1596 920 1701 959 non
1732 905 1884 959 locali
1913 903 2075 958 dill'u-

487 999 641 1054 sione
667 1041 682 1065 ,
727 997 822 1054 sed
872 997 1101 1069 quadam
1132 998 1280 1053 vitali
1328 997 1630 1053 intensione
1668 997 2072 1068 porrigitur....,

489 1095 822 1163 Quapropter
839 1092 883 1147 si
905 1091 1081 1146 anima
1103 1105 1300 1162 corpus
1327 1105 1449 1146 esse
1474 1089 1698 1145 dicenda
1725 1099 1827 1154 est,
1856 1104 1964 1144 non
1993 1099 2077 1144 est

488 1197 638 1243 certe
661 1202 858 1258 corpus
879 1229 894 1255 ,
937 1186 1095 1258 quale
1124 1197 1398 1241 terrenum
1428 1194 1512 1240 est
1536 1225 1549 1249 ,
1586 1200 1685 1240 nec
1715 1185 1874 1255 quale
1903 1184 2080 1238 humi-

425 1283 433 1294 '
490 1280 656 1346 dum,
710 1291 802 1336 aut
825 1295 1064 1346 aereum,
1112 1287 1206 1334 aut
1235 1279 1651 1335 :ethereum.....
1699 1279 1852 1335 Unde
1884 1279 2084 1334 intelli-

490 1375 634 1445 gitur
662 1375 864 1441 anima,
907 1374 1019 1429 sive
1049 1388 1265 1446 corpus,
1305 1374 1418 1429 sive
1443 1388 1702 1444 corporea
1723 1372 1945 1428 dicenda
1987 1374 2079 1438 sit,

492 1467 762 1540 propriam
815 1466 1104 1538 quamdam
1155 1466 1357 1521 habere
1401 1479 1670 1530 naturam,
1714 1466 1966 1520 omnibus
1998 1465 2083 1521 his

493 1567 776 1620 mundanae
826 1565 986 1620 molis
1031 1564 1316 1619 elementis
1353 1563 1738 1620 exeellentiore
1782 1562 2084 1619 substantia

2175 355 2395 413 Arnohii
2424 363 2711 427 sententia,
2735 367 3008 437 expendas
3038 371 3196 427 velim
3217 414 3232 439 ,
3261 389 3325 430 ac
3351 375 3635 447 dijudices.
3663 377 3777 434 Sed

2176 450 2392 506 interim
2424 455 2698 514 videamus
2728 469 2905 514 utrum
2953 477 3140 518 revera
3185 468 3455 534 putaverit
3495 469 3780 525 immorta-

2178 543 2281 599 lem
2313 561 2536 615 prorsus
2567 566 2689 607 esse
2723 550 2956 610 hominis
2991 557 3248 614 animam.

2772 707 3062 749 ARTICULUS
3100 711 3171 751 IV.

2179 818 2357 902 Utrum.
2380 821 2637 902 :truob‘ius
2679 825 2921 902 dpcuerit_
2950 834 3134 902 animas
3166 834 3420 898 impiorum
3444 838 3707 902 aliquando
3731 841 3780 890 iu

2240 884 2443 962 nihilum
2476 889 2798 962 redigendas,
2845 899 2929 962 aut
2972 894 3181 945 futuram
3217 884 3781 962 comarum—nostrorum

2177 945 2202 1007 εἴ
2240 945 2658 1002 resurrectionem)
2690 945 2966 1018 negaverit.

2249 1071 2520 1139 Quosdam
2561 1091 2682 1132 cum
2740 1078 2972 1136 lleraldo
2997 1083 3223 1156 aliisque
3266 1089 3544 1145 nonnullis
3586 1091 3785 1148 audire

2181 1164 2333 1218 nobis
2358 1165 2622 1233 videmur,
2653 1172 2740 1240 qui
2772 1181 2962 1228 contra
2985 1179 3282 1247 expositam
3301 1195 3331 1234 a
3356 1181 3509 1236 nobis
3538 1183 3766 1239 Arnobii

2181 1256 2250 1312 de
2278 1259 2472 1314 anima:
2513 1260 2759 1318 humana:
2805 1265 3210 1326 immortalitate
3242 1272 3551 1341 opinionem
3583 1276 3788 1330 acriter

2184 1362 2377 1422 urgent
2407 1354 2555 1410 illum
2599 1372 2788 1412 revera
2822 1359 3218 1418 existimavisse
3252 1365 3538 1436 impiorum
3571 1370 3787 1426 animas

2187 1447 2320 1499 mori
2345 1487 2361 1512 ,
2396 1462 2459 1502 ac
2479 1451 2726 1518 quamvis
2746 1467 2849 1506 non
2874 1454 3491 1529 statimAextinguantur,
3539 1464 3789 1518 consumi

2188 1545 2365 1592 tamen
2395 1539 2694 1610 longissimi
2723 1547 2981 1616 temporis
3008 1550 3354 1606 cruciatibus.
3401 1553 3518 1608 Non
3547 1555 3784 1615 obscure

491 1667 750 1724 creatam,
774 1673 892 1725 Quae
917 1657 1184 1712 veraciter
1207 1672 1310 1711 non
1339 1656 1506 1726 possit
1528 1657 1578 1710 iu
1597 1657 1772 1726 aliqua
1799 1654 2080 1725 phantasia
2113 1678 2161 1738 Β
2187 1629 2450 1736 Si‘luide'"
2479 1676 2493 1698 ν
2523 1635 2617 1738 θεῖά
2648 1636 2792 1738 ﬁla“?
2821 1648 2875 1694 ει
2901 1651 3089 1738 “Perii?
3115 1642 3182 1698 de
3212 1644 3276 1699 iis
3312 1646 3445 1701 άίκίῐ
3473 1666 3486 1702 ε
3543 1667 3560 1700 α
3591 1648 3645 1702 III
3676 1647 3782 1702 ﬂu-

492 1751 852 1820 corporalium
875 1750 1188 1820 imaginum,
1237 1765 1372 1820 quas
1410 1766 1504 1820 per
1528 1766 1720 1805 sensus
1742 1751 1924 1806 carnis
1958 1764 2082 1819 pcr-

494 1844 756 1913 cipimus,
814 1844 1082 1914 cogitari,
1136 1842 1230 1899 sed
1287 1855 1467 1898 mente.
1520 1843 1792 1914 intelligi,
1860 1844 2076 1914 vitaque

495 1937 704 1991 sentiri.
744 1955 762 1988 ι

568 2031 786 2086 Fatetur
813 2031 994 2102 itaque
1025 2027 1354 2103 Augustinus
1384 2031 1617 2086 animam
1658 2030 1893 2087 hominis
1920 2029 2087 2085 variis

497 2125 747 2196 loquendi
802 2125 976 2180 modis
1025 2124 1128 2180 dici
1170 2141 1329 2196 posse
1378 2141 1691 2195 corpoream
1738 2137 1793 2181 et
1839 2124 2087 2204 incorpo-

497 2236 683 2286 ream,
736 2220 1019 2276 mortalem
1070 2230 1124 2276 et
1178 2221 1556 2275 immortalem.
1624 2219 1763 2288 Quid
1817 2233 1991 2288 ergo,
2041 2217 2086 2271 si

498 2314 672 2386 primo
693 2329 853 2370 sensu
884 2312 1154 2369 Arnobius
1183 2313 1382 2369 dixerit
1409 2329 1531 2370 esse
1556 2328 1902 2384 corpoream,
1927 2321 2088 2382 atque

499 2425 559 2463 ea
583 2424 796 2480 quoque
826 2409 1034 2462 ratione
1061 2408 1344 2462 mortalem
1367 2448 1382 2472 ,
1427 2407 1548 2476 quia
1580 2407 1647 2461 ab
1685 2406 1915 2476 ipsumet
1953 2405 2084 2472 Deo,

497 2517 528 2556 a
578 2517 683 2573 quo
726 2513 904 2557 creata
950 2509 1070 2568 est,
1118 2500 1274 2556 sicuti
1327 2500 1393 2555 de
1438 2499 1665 2554 Tatiauo
1714 2498 2088 2553 annotavimus

500 2594 644 2666 (tom.
691 2610 740 2657 ι,
799 2594 1048 2666 Apparet.
1098 2592 1187 2648 lib.
1231 2608 1303 2658 tt,
1355 2592 1556 2646 dissert.
1592 2592 1657 2658 5,
1695 2609 1813 2662 cap.
1871 2592 1927 2659 ἓ,
1958 2589 1986 2661 §
2019 2589 2087 2656 ι,

500 2709 621 2762 pag.
649 2688 811 2762 559),
860 2704 1013 2744 suam
1053 2686 1511 2742 immortalitatem
1557 2685 1870 2756 acceperit?
1917 2683 2087 2738 Num-

499 2781 627 2854 quid
658 2781 806 2837 illum
835 2781 903 2835 ab
932 2794 1122 2835 errore
1152 2777 1373 2848 negabis
1401 2777 1769 2832 vindicatum?

495 2891 532 2942 {tu
569 2875 730 2946 Atqui
760 2879 896 2928 hanc
928 2873 1095 2927 fuisse
1123 2871 1239 2941 ejus
1265 2880 1498 2926 mentem
1535 2880 1588 2924 et
1614 2870 1925 2939 opinionem
1957 2884 2091 2923 non-

500 2987 569 3026 ne
607 2985 676 3026 ex
707 2969 789 3024 his
816 2966 1010 3024 confici
1057 2975 1234 3036 potest
1290 2964 1468 3020 verbis
1501 3006 1514 3029 ,
1571 2963 1764 3034 quibus
1795 2963 1950 3018 ismm
1983 2962 2086 3017 sibi

2189 1727 2331 1781 mina
2366 1729 2622 1785 torrentia
2654 1730 2991 1788 ﬂammarum
3016 1735 3324 1806 jaciuntur,
3366 1749 3421 1795 et
3457 1741 3523 1795 ad
3557 1741 3784 1797 nihiltun

2189 1821 2458 1892 redactae,
2522 1825 2845 1884 interitionis
2881 1839 3153 1901 perpetua:
3199 1833 3548 1893 frustratione
3585 1853 3785 1893 vanes-

2189 1925 2316 1970 eunt
2349 1935 2367 1968 ι
2415 1918 2664 1989 (Arnob.,
2711 1921 2798 1975 lib.
2833 1938 2900 1989 n,
2947 1942 3063 1994 pag.
3101 1924 3214 1996 52).
3265 1925 3374 1983 Nec
3427 1931 3624 2000 Opponi
3681 1930 3783 1986 sibi

2191 2010 2465 2079 patiuntur
2494 2011 2562 2066 ibi
2589 2012 2655 2065 ah
2677 2013 2768 2068 illo
2799 2017 2975 2071 minus
2999 2033 3173 2086 suam,
3199 2036 3361 2090 quam
3385 2021 3627 2079 Platonis
3651 2041 3783 2079 sen-

2192 2104 2409 2158 tentiam
2438 2103 2646 2159 referri.
2687 2106 2820 2162 Nam
2850 2109 2967 2164 haec
2998 2110 3197 2166 ibidem
3229 2113 3530 2184 subjunxit.
3576 2135 3594 2166 ί
3633 2116 3698 2171 Ει
3728 2128 3786 2175 ιιι

2191 2198 2332 2266 quod
2357 2198 2593 2267 ignotum
2619 2209 2702 2254 est
2727 2212 2926 2271 pateat,
2953 2203 3068 2258 haec
3093 2215 3175 2259 est
3198 2205 3433 2262 hominis
3462 2223 3606 2264 mors
3631 2226 3778 2277 vera,

2191 2289 2307 2344 lucc
2328 2291 2456 2346 nihil
2487 2293 2757 2349 residuum
2792 2295 3012 2351 faciens.
3043 2298 3177 2355 Nam
3205 2301 3314 2369 illa,
3346 2318 3465 2374 qua:
3491 2305 3590 2359 sub
3611 2307 3782 2362 oculis

2190 2384 2446 2452 cernitur,
2478 2386 2779 2443 animarum
2795 2398 2925 2444 esta
2951 2406 3179 2460 corpore
3207 2393 3484 2466 dijugatio,
3524 2414 3627 2453 non
3662 2399 3781 2456 finis

2191 2479 2497 2534 abolitionis
2523 2491 2821 2538 extremus.
2842 2484 2989 2552 Haec,
3014 2485 3249 2558 inquam,
3276 2499 3358 2543 est
3374 2487 3606 2546 hominis
3634 2507 3781 2548 mors

2191 2587 2316 2627 vera
2341 2615 2356 2640 ,
2393 2589 2514 2628 cum
2545 2576 2740 2632 animm
2779 2580 3082 2634 nescientes
3120 2579 3323 2646 Deum,
3359 2598 3457 2654 per
3481 2583 3778 2655 longissimi

2194 2667 2450 2737 temporis
2479 2669 2773 2725 cruciatum
2802 2683 3194 2728 consmnentur
3219 2675 3324 2747 igni
3355 2680 3501 2742 fero,
3537 2680 3588 2734 in
3618 2697 3776 2751 quem

2193 2757 2523 2827 illasjacient
2543 2762 2759 2831 quidam
2782 2764 3074 2820 crudeliter
3102 2768 3253 2834 smvi,
3281 2779 3337 2823 et
3355 2781 3480 2826 ante
3501 2771 3772 2826 Christum

2193 2851 2481 2922 incogniti,
2527 2865 2581 2909 et
2619 2855 2688 2910 ab
2729 2857 2845 2910 solo
2875 2858 3082 2914 sciente
3106 2859 3336 2930 {detectL
3371 2881 3390 2914 ι
3435 2863 3625 2920 Νοτιηο
3651 2883 3780 2936 ergo

2192 2944 2283 3000 ille
2306 2945 2418 3015 ipse
2449 2946 2554 3012 ibi,
2594 2947 2872 3018 inquiunt,
2910 2952 3189 3021 perspicue
3225 2953 3506 3024 palamque
3539 2973 3776 3026 pronun-

499 3065 614 3136 ipse
643 3062 892 3136 proponit
935 3059 1327 3132 quaestionem?
1359 3077 1377 3109 ‹
1437 3055 1505 3112 Et
1528 3055 1980 3128 quemadmodum
2029 3069 2089 3110 se
2117 3063 2162 3126 Ο
2196 3037 2289 3136 Eii“
2324 3038 2540 3136 _“"_im_3s
2593 3040 2880 3136 ἰηιρίοτιιξη
2933 3052 2988 3097 ει
3036 3044 3202 3100 Deum
3237 3046 3636 3116 ignorantium.
3687 3067 3781 3120 [νῦν

500 3169 727 3234 possunt
769 3155 1195 3227 iucorporalibus
1237 3167 1463 3224 corpora
1499 3152 1856 3222 conjungere,
1885 3161 2011 3215 aut,
2058 3164 2089 3202 a

500 3255 613 3309 Deo
642 3252 902 3324 principe,
955 3265 1040 3305 res
1069 3247 1224 3302 facta:
1267 3247 1336 3302 ab
1377 3244 1763 3300 infirmioribus
1799 3243 1977 3298 causis
2022 3243 2088 3296 ad

500 3345 756 3401 vitiorum
786 3343 1269 3399 dehonestamenta
1317 3337 1520 3392 traduci
1546 3357 1566 3389 ι
1602 3335 1843 3407 (Arnob.,
1894 3335 1984 3388 lib.
2015 3349 2086 3403 n_,

502 3459 623 3514 pag.
655 3437 787 3510 55)?
813 3437 892 3492 Ad
933 3436 1080 3491 illam
1131 3433 1274 3489 enim
1323 3431 1677 3502 quaestionem
1707 3430 1834 3500 quid
1868 3443 2090 3518 respon:

500 3537 647 3601 deat,
673 3533 935 3593 animum,
961 3528 1145 3593 velim,
1174 3526 1442 3581 advertas.
1477 3525 1559 3579 Ab
1591 3524 1832 3578 Ethnicis
1857 3521 2088 3577 vicissim

501 3627 635 3701 petit
661 3623 854 3699 (Ibid.)
879 3632 1080 3684 utrum,
1111 3619 1276 3675 animi
1309 3617 1520 3672 fastidio
1550 3616 1966 3687 arrogantiaque
1991 3613 2088 3669 de-

501 3722 691 3794 positis
711 3763 727 3788 ,
771 3726 944 3776 unam'
963 3716 1318 3785 eamdemque
1341 3728 1460 3767 cum
1493 3712 1602 3767 Deo
1630 3711 1788 3766 Patre
1815 3711 2091 3765 immorta-

501 3816 705 3871 litatem
729 3829 788 3870 se
810 3810 1132 3884 participare
1160 3806 1511 3863 contendant.
1547 3807 1734 3860 Postea
1765 3815 1943 3859 autem
1974 3821 2091 3858 rur-

501 3925 594 3964 sus
615 3907 706 3964 ille
732 3905 981 3962 eumdem
1004 3901 1446 3975 philosophorum
1476 3898 1824 3952 Ethnicorum
1851 3912 2090 3952 errorem

502 4001 799 4061 refellendo
842 4018 855 4054 :
919 4017 936 4049 ι
963 3995 1120 4066 Quod
1151 3995 1198 4050 si
1233 3994 1480 4048 homines
1509 4035 1525 4059 ,
1561 4012 1580 4045 ι
1631 3991 1805 4062 inquit
1848 3989 2088 4060 (ibidem,

501 4115 624 4171 pag.
658 4095 774 4167 56),
809 4112 828 4146 ι
883 4092 1092 4164 penitus
1131 4097 1222 4143 aut
1261 4090 1406 4158 ipsos
1437 4103 1496 4143 se
1527 4094 1784 4154 nossent,
1814 4096 1905 4141 aut
1929 4085 2090 4140 intel-

503 4191 699 4247 lectum
726 4189 817 4244 Dei
841 4184 1160 4256 suspicionis
1177 4181 1404 4261 alicujus
1425 4181 1733 4250 accipereut.
1751 4196 1901 4245 aura,
1930 4195 2088 4234 num-

504 4297 664 4352 quam
692 4280 796 4335 sibi
826 4278 1189 4333 adseiseerent
1223 4273 1460 4329 divinam
1502 4273 1963 4344 immortalemque
1995 4287 2090 4326 na-

506 4385 699 4431 turam.
735 4392 755 4425 »
817 4369 1007 4426 Nonne
1056 4377 1231 4423 autem
1285 4366 1410 4421 hinc
1453 4365 1629 4436 colligi
1679 4364 1822 4420 haud
1871 4379 2091 4435 prorsus

2195 3130 2492 3202 longissimi
2519 3134 2888 3190 tantummodo
2917 3137 3178 3206 temporis
3210 3138 3571 3208 intervallum,
3594 3142 3689 3198 scd
3714 3145 3780 3197 fi-

2193 3227 2402 3282 niendis
2424 3228 2712 3299 aliquando
2737 3229 3067 3287 cruciatibus
3093 3233 3442 3304 torquendus,
3472 3250 3535 3290 ac
3563 3235 3778 3293 tandem

2194 3321 2511 3392 redigendas
2536 3322 2603 3377 ad
2635 3323 2910 3379 nihilum?

2265 3414 2403 3482 Quid
2429 3431 2578 3479 vero,
2602 3415 2742 3486 quod
2772 3417 2861 3473 ille
2884 3418 3060 3474 adhuc
3089 3430 3276 3490 postea
3298 3422 3503 3480 diserte
3531 3425 3780 3485 tradidit:

2199 3527 2217 3559 ι
2251 3509 2369 3577 Quo
2416 3519 2571 3580 pacto
2608 3510 2984 3567 immortalitas
3024 3515 3292 3586 largitoris
3339 3528 3423 3573 est
3457 3519 3656 3575 donum
3689 3522 3780 3578 Dei

2193 3604 2334 3660 circa
2361 3605 2597 3674 prolatos
2621 3605 2753 3662 deos
2775 3649 2790 3673 ,
2831 3617 2884 3663 et
2909 3608 3115 3665 animas
3154 3611 3255 3667 hoc
3294 3623 3451 3683 pacto
3477 3615 3782 3688 dignabitur

2193 3695 2594 3752 immortalitate
2622 3697 2862 3765 donare,
2893 3702 3138 3770 quamvis
3165 3718 3258 3758 eas
3279 3721 3426 3762 mors
3455 3723 3594 3762 smva
3625 3726 3784 3780 posse

2194 3797 2437 3853 videatur
2489 3799 2843 3870 extinguere,
2899 3809 2954 3855 et
2993 3801 3059 3856 ad
3102 3803 3324 3859 nihilum
3372 3805 3617 3863 redactas
3649 3809 3783 3866 irre-

2194 3892 2408 3949 meahili
2437 3892 2727 3948 abolitione
2781 3893 2962 3950 delere
2993 3915 3010 3947 ι
3046 3895 3233 3966 (lbid.,
3269 3916 3389 3968 pag.
3419 3898 3533 3971 68).

2269 3984 2374 4040 Sed
2408 3985 2458 4040 in
2481 3984 2582 4041 hoe
2603 3987 2889 4056 posteriori
2909 3987 3029 4043 loco
3053 3989 3186 4045 nihil
3208 3992 3350 4047 aliud
3380 3994 3603 4052 innuere
3631 3997 3782 4053 vide-

2197 4089 2301 4143 tur,
2333 4079 2434 4133 nisi
2467 4079 2672 4133 animas
2704 4091 2952 4148 nostras,
2994 4085 3340 4152 quantumvis
3369 4085 3703 4158 incorporea:
3732 4099 3786 4145 et

2193 4170 2488 4241 spiritualis
2507 4170 2823 4226 substantia:
2852 4173 2982 4238 sint,
3009 4189 3186 4244 posse,
3218 4177 3358 4246 quod
3392 4180 3570 4236 nullus
3597 4191 3778 4254 negat,

2192 4282 2221 4321 a
2251 4266 2379 4332 Deo,
2405 4280 2589 4320 earum
2612 4276 2874 4335 creatore,
2909 4269 3122 4338 penitus
3157 4269 3365 4328 destrui
3388 4284 3443 4330 et
3467 4275 3530 4330 ad
3555 4276 3780 4332 nihilmn

2194 4360 2387 4428 redigi.
2431 4359 2566 4416 Tota
2590 4370 2769 4416 autem
2818 4360 3107 4418 difficultas
3147 4365 3200 4418 in
3229 4380 3296 4421 eo
3325 4378 3573 4423 versatur
3603 4381 3781 4426 utrum

503 4470 682 4540 inepte
734 4474 910 4536 potest
968 4461 1189 4518 Arnohii
1231 4460 1539 4530 opinionem
1583 4459 1746 4515 fuisse
1777 4500 1791 4525 ,
1851 4459 2086 4514 animam
2115 4466 2169 4528 Ῑ)
2191 4451 2481 4510 crediderit
2507 4454 2714 4507 animas
2740 4454 3126 4510 sceleratorum
3166 4456 3440 4514 hominum
3469 4477 3657 4517 revera
3689 4479 3783 4533 pe-

504 4559 740 4617 hominis
779 4573 886 4612 non
931 4554 1123 4611 eodem
1155 4595 1170 4620 ,
1210 4568 1318 4624 quo
1363 4552 1541 4618 Deus,
1590 4553 1684 4606 sed
1721 4551 1826 4604 alio
1869 4565 2090 4621 prorsus

502 4659 664 4717 modo
693 4669 815 4712 esse
841 4651 1201 4709 immortalem
1224 4691 1238 4716 ,
1269 4663 1331 4704 ea
1364 4647 1614 4702 nimirum
1653 4646 2087 4714 immortalitate,

502 4766 662 4824 quam
693 4764 720 4803 a
748 4762 808 4803 se
835 4760 944 4800 non
970 4745 1166 4800 habeat
1185 4785 1199 4809 ,
1237 4742 1331 4797 sed
1357 4757 1386 4796 a
1417 4742 1528 4797 Deo
1552 4739 1852 4811 acceperit,
1887 4750 1942 4794 et
1968 4755 2089 4811 qua:

501 4861 568 4902 ex
601 4844 745 4900 illius
774 4838 1008 4912 pendeat
1038 4836 1341 4907 potestate?
1366 4835 1435 4890 At
1468 4833 1512 4888 si
1544 4833 1660 4888 hzcc
1689 4832 1804 4902 ejus
1833 4831 1903 4887 sit
1935 4845 2088 4886 mens

502 4949 560 4995 et
599 4935 863 4994 sententia
894 4974 909 5001 ,
951 4945 1054 4987 nec
1105 4931 1264 4984 aliam
1314 4927 1595 4998 agnoverit
1647 4927 1840 4981 anima:
1889 4935 2091 4980 nostrae

493 5003 890 5096 medietatem,
954 5025 1057 5081 nisi
1112 5039 1230 5078 eam
1273 5037 1374 5092 qua
1436 5022 1576 5077 inter
1620 5019 1980 5075 immortalem
2036 5029 2093 5076 et

505 5124 875 5195 incorpoream
909 5119 1036 5187 Dei,
1079 5128 1238 5188 atque
1266 5116 1399 5170 alias
1427 5115 1682 5171 mortales
1711 5130 1774 5170 ac
1801 5130 2090 5183 corporeas

503 5225 727 5273 naturas
753 5213 929 5268 media
953 5212 1057 5267 dici
1089 5218 1298 5281 potest,
1350 5206 1621 5263 fatendum
1665 5216 1750 5262 est
1801 5206 1950 5261 illum
1982 5223 2088 5262 non

503 5307 726 5366 omnino
753 5319 983 5360 errasse.
1006 5303 1245 5359 Plurium
1272 5300 1534 5371 siquidem
1555 5312 1802 5356 veterum
1835 5299 2092 5356 Ecclesia:

503 5403 724 5461 Patrum
773 5397 1091 5453 auctoritate
1147 5394 1392 5466 probavit
1442 5393 1693 5450 Petavius
1746 5395 1868 5450 ideo
1915 5395 2091 5451 solum

502 5495 672 5557 Deum
715 5509 838 5552 esse
878 5491 1265 5560 immortalem,
1310 5489 1432 5562 quia
1477 5505 1584 5544 non
1625 5490 1693 5544 ab
1735 5489 1840 5544 alio
1885 5491 2093 5561 accepit

501 5589 988 5651 immortalitatem,
1032 5598 1096 5640 ac
1122 5599 1346 5654 prorsus
1372 5583 1718 5639 immutabilis
1747 5593 1829 5640 est
1857 5581 2088 5657 (Petam,

505 5685 630 5748 tam.
650 5701 687 5744 ι.
717 5682 967 5755 Theolog.
998 5679 1198 5748 dogm.,
1233 5678 1321 5733 lib.
1354 5694 1433 5746 Ill,
1461 5694 1578 5749 cap.
1611 5679 1666 5745 4,
1699 5678 1820 5750 §10
1847 5689 1894 5734 et
1923 5695 2088 5752 seqq.c

2198 4549 2423 4613 rituras,
2467 4555 2748 4618 postquam
2789 4561 2886 4617 per
2913 4547 3209 4619 longissimi
3253 4554 3510 4622 temporis
3549 4555 3781 4624 spatium

2196 4642 2318 4712 igne
2347 4641 2668 4697 excruciata:
2696 4639 2916 4696 fuerint.
2962 4642 3030 4697 At
3073 4652 3225 4700 certe
3265 4660 3387 4700 cum
3415 4648 3623 4703 animas
3654 4648 3783 4705 fide-

2194 4734 2325 4789 lium
2355 4745 2407 4790 et
2437 4735 2643 4804 piorum
2674 4734 2982 4802 hominum,
3019 4734 3094 4790 uti
3125 4735 3359 4794 diximus
3379 4782 3392 4805 ,
3425 4739 3541 4794 solo
3571 4740 3663 4794 Dei
3687 4741 3780 4797 be-

2194 4828 2386 4883 neficio
2429 4827 2763 4883 immortales
2807 4828 2924 4883 fieri
2973 4828 3267 4885 arbitretur
3299 4874 3314 4898 ,
3368 4831 3491 4886 inde
3539 4833 3783 4902 profecto

2193 4921 2474 4976 conficitur
2502 4936 2624 4976 eum
2667 4930 2900 4990 putasse-
2924 4920 3132 4976 animas
3173 4923 3469 4978 infidelium
3497 4966 3512 4989 ,
3546 4924 3649 4980 hoc
3680 4926 3783 4980 im-

2196 5016 2538 5071 mortalitatis
2560 5031 2785 5072 munere
2813 5016 3072 5087 privatas,
3109 5033 3296 5073 revera
3326 5018 3614 5089 aliquando
3642 5019 3783 5075 inte-

2168 5111 2302 5189 \rire
2347 5119 2402 5165 et
2456 5109 2675 5164 omnino
2712 5111 3006 5182 exstingui.
3033 5111 3391 5179 Quamobrem
3416 5113 3673 5169 Ethnicos
3701 5113 3783 5170 his

2192 5204 2372 5260 verbis
2401 5204 2689 5273 compellat
2733 5223 2748 5260 :
2791 5224 2810 5257 ι
2844 5205 2949 5261 Res
2977 5218 3150 5261 vestra
3192 5207 3242 5260 in
3283 5207 3498 5278 ancipiti
3543 5208 3644 5262 sita
3675 5219 3778 5275 est,

2194 5300 2343 5356 salus
2371 5300 2492 5356 dico
2521 5298 2821 5356 animarum
2872 5311 3170 5356 vestrarum
3209 5320 3221 5356 :
3264 5313 3318 5357 el
3345 5303 3446 5358 nisi
3489 5318 3585 5358 vos
3613 5303 3786 5373 appli-

2195 5394 2331 5450 catis
2370 5394 2460 5448 Dei
2495 5395 2754 5465 principis
2793 5394 3028 5461 notioni,
3084 5411 3115 5450 a
3145 5396 3514 5466 torporalibus
3556 5395 3784 5452 vinculis

2198 5490 2472 5546 exsolutus
2519 5499 2795 5560 exspectat
2834 5505 2980 5545 mors
3008 5505 3167 5556 saeva,
3214 5507 3320 5545 non
3348 5490 3684 5561 repentinam
3707 5490 3786 5543 af-

2194 5583 2374 5641 ferens
2401 5584 2784 5640 extinctionem
2820 5627 2832 5650 ,
2867 5585 2960 5640 sed
2985 5600 3080 5655 per
3110 5594 3338 5640 tractum
3369 5583 3628 5652 temporis
3655 5598 3782 5638 cru-

2191 5678 2400 5735 eiahilis
2423 5694 2598 5751 preme
2618 5679 2912 5737 acerbitate
2924 5695 3251 5737 consumens
3267 5700 3283 5733 ι
3313 5676 3498 5750 (lbid.,
3525 5694 3646 5749 pag.
3670 5676 3782 5750 86).
