3990 6072
210 187 305 246 «189

1484 177 1965 260 IN;ARNOBIUM,
2005 176 2159 234 CAP.
2203 178 2293 268 χη

3369 183 3471 240 490

211 309 280 364 De
305 305 644 364 ethnicorum
684 304 904 378 itaque,
947 303 1051 362 hoc
1089 312 1204 370 est,
1258 302 1556 361 inﬁdelium
1603 303 1781 384 homi.
1811 301 1988 359 Anec
2029 298 2302 352 minimam
2357 295 2572 368 quidem
2629 296 2858 368 proferri
2904 311 3063 368 posse
3115 313 3239 357 mox
3294 311 3474 360 osten-

210 417 327 457 num
357 399 636 470 suppliciis
665 407 788 471 post
833 407 1064 455 mortem
1110 397 1318 454 luendis
1359 399 1625 470 loquitur,
1668 406 1786 454 tan-

211 509 363 565 quam
399 504 600 550 aeterna
630 508 738 549 non
759 492 868 549 sint
889 535 904 559 ,
943 492 1039 549 sed
1068 492 1229 548 ﬁnem
1258 507 1380 548 cum
1423 493 1641 548 illorum
1670 492 1788 548 ani-

213 586 396 642 mabus
419 584 707 657 aliquando
732 584 998 641 habitura.

283 677 658 734 Verumtamen
703 691 810 731 non
851 677 1030 732 minus
1067 676 1226 747 plane
1261 685 1318 734 et
1355 675 1590 733 dilucide
1627 674 1790 731 docet

215 772 359 844 ignes
419 769 683 842 quosdam
748 783 868 827 esse
917 770 1354 842 inextinguibiles
1390 814 1405 840 ,
1468 771 1662 842 quibus
1687 769 1792 824 illas

217 865 496 936 impiorum
527 864 720 920 anima:
771 873 1107 935 torquentur.
1163 865 1297 920 Nam
1353 863 1603 920 ethnicos
1654 862 1794 917 hanc

216 959 625 1016 christianorum
669 958 974 1030 opinionem
1016 956 1301 1014 irridentes
1339 957 1418 1013 sic
1465 954 1794 1027 alloquitur:

222 1074 240 1106 ι
272 1053 493 1110 Audetis
537 1052 712 1109 ridere
757 1068 858 1109 nos
884 1093 900 1118 ,
947 1068 1068 1109 cum
1115 1051 1388 1124 gehennas
1427 1051 1697 1114 dicimus,
1745 1057 1800 1102 et

217 1145 651 1218 inextinguibiles
717 1144 979 1218 quosdam
1035 1144 1188 1216 ignes
1223 1187 1238 1212 ,
1304 1144 1357 1198 in
1405 1157 1540 1215 quos
1593 1140 1799 1196 animas

217 1239 368 1311 dejici
418 1240 487 1296 ab
539 1255 723 1296 earum
780 1238 1020 1294 hostibus
1071 1236 1406 1308 inimicisque
1451 1234 1801 1306 cognovimus

219 1332 401 1406 (Ibid.,
423 1349 546 1406 pag.
571 1330 683 1401 52).
713 1351 733 1385 ›
771 1330 842 1386 Et
865 1330 1013 1400 alibi,
1044 1329 1247 1387 diserte
1272 1328 1542 1400 appellat,
1579 1330 1803 1384 inextin-

221 1426 428 1500 guibifes
473 1427 714 1498 gehennae
756 1427 994 1495 [lauimus
1033 1425 1265 1495 (.lib.tv,
1318 1441 1439 1496 pag.
1488 1422 1650 1496 159).
1697 1423 1805 1480 Ne—

218 1536 317 1592 que
365 1519 695 1591 respondeas
736 1519 900 1590 ignes.
926 1517 1141 1590 quidem
1193 1519 1260 1573 ab
1294 1523 1395 1587 ;eo,
1422 1516 1526 1574 dici
1576 1517 1804 1572 inextin-

221 1612 484 1685 guibiles,
529 1611 627 1669 sed
673 1611 892 1668 silentio
933 1611 1268 1682 praetermitti
1310 1618 1483 1666 utrum
1516 1609 1802 1681 impiorum

1888 389 2098 446 demus.

1908 557 1912 560 ὐ
1962 485 2196 542 Heraldo
2221 496 2398 542 autem
2430 487 2600 544 haeret
2628 500 2786 559 aqua,
2814 502 3122 560 ancepsque
3149 499 3198 546 et
3247 491 3481 547 incertus

1892 579 2108 636 videtur
2132 579 2411 650 cujusnam
2439 580 2508 636 de
2552 596 2834 650 corporum
2861 584 3255 639 resurrectione
3283 584 3484 639 erroris

1894 674 2192 730 Arnobium
2222 675 2515 731 insimulet.
2568 675 2699 730 Nam
2731 675 2878 731 illum
2910 677 2975 732 ad
3023 679 3206 734 falsam
3239 679 3486 748 Origenis

1896 768 2226 838 opinionem,
2263 769 2424 823 modo
2452 768 2519 823 ad
2545 769 2868 839 graviorem,
2899 770 3058 826 modo
3084 771 3151 825 ad
3199 771 3486 827 Marcionis

1897 860 2161 916 insaniam
2179 861 2494 928 accessisse,
2516 861 2676 917 modo
2698 861 2831 917 nihil
2852 864 2983 917 certi
3005 863 3071 919 de
3088 864 3488 920 resurrectione

1899 966 1991 1010 aut
2020 955 2326 1020 tradidisse,
2358 964 2452 1010 aut
2479 956 2810 1026 comperisse
2837 955 3128 1026 redarguit.

1971 1048 2077 1104 Sed
2110 1057 2216 1102 tam
2246 1048 2404 1118 hujus
2445 1064 2606 1119 quam
2639 1048 3022 1105 Elmenhorstii
3053 1050 3246 1123 iniqua:
3273 1068 3494 1122 prorsus

1902 1151 1956 1196 et
1976 1141 2268 1210 nugatoria:
2285 1149 2410 1196 sunt
2425 1155 2668 1195 censurae
2690 1152 2744 1196 et
2764 1143 3184 1199 criminationes.
3214 1143 3325 1200 Non
3347 1147 3491 1202 enim

1894 1235 1974 1290 ibi
2003 1235 2274 1292 Arnobius
2303 1235 2427 1290 data
2455 1251 2620 1306 opera
2663 1235 2731 1292 de
2758 1250 3092 1293 mortuorum
3125 1237 3396 1296 hominum
3422 1242 3494 1298 ad

1903 1331 2067 1385 vitam
2097 1345 2345 1401 regressu
2378 1330 2614 1400 diSputat
2641 1349 2654 1385 :
2685 1333 2778 1388 sed
2805 1333 3064 1391 adversus
3090 1335 3355 1403 ethnicos,
3403 1340 3494 1409 qui

1905 1424 2118 1479 tametsi
2162 1423 2294 1478 nihil
2323 1425 2376 1478 in
2409 1425 2636 1496 negotiis
2682 1426 2799 1482 sine
2842 1428 2947 1484 fide
2993 1439 3232 1500 agerent,
3286 1432 3498 1486 tametsi

1907 1517 2352 1587 philosophorum
2379 1518 2612 1588 placitis,
2638 1519 2836 1590 aliquid
2869 1538 3269 1593 nonnumquam
3301 1525 3500 1579 nostris

1906 1611 2068 1668 afﬁne
2092 1612 2434 1678 habentibus,
2461 1611 2619 1667 ﬁdem
2650 1612 2872 1679 darent;
2901 1613 3221 1671 christianos
3250 1626 3426 1671 tamen
3448 1624 3503 1672 et

221 1708 408 1763 animae
433 1706 501 1762 iis
531 1721 746 1777 semper
775 1716 830 1762 et
869 1706 924 1761 in
968 1714 1286 1777 perpetuum
1331 1703 1439 1759 sint
1465 1703 1796 1775 torquendus.
1834 1697 1881 1758 B
1906 1705 2145 1775 Christo,
2169 1719 2222 1761 et
2247 1705 2498 1761 omnibus
2525 1705 2785 1762 doctrina:
2813 1707 2932 1778 ejus
2954 1709 3196 1765 articulis
3217 1709 3505 1766 credentes

220 1802 348 1860 Eam
376 1801 573 1873 quippe
601 1803 672 1858 ob
692 1802 956 1857 rationem
985 1802 1135 1870 ignes
1161 1799 1283 1855 illos
1311 1797 1531 1853 accendi
1582 1796 1804 1863 asserit;

221 1905 276 1952 ut
316 1897 368 1952 in
397 1911 493 1952 eos
517 1895 710 1951 animae
763 1895 1044 1964 impiorum
1073 1893 1140 1949 ab
1167 1907 1349 1948 earum
1379 1890 1622 1946 hostibus
1647 1933 1662 1958 ,
1704 1891 1808 1946 hoc

221 2001 300 2046 est
325 2031 340 2052 ,
373 1988 709 2045 dtemonibus
735 1987 1073 2058 dejiciantur.
1109 1985 1267 2055 Atqui
1297 1985 1341 2040 si
1364 1981 1678 2055 sempiterni
1699 1983 1808 2038 sint

219 2084 368 2154 ignes
396 2081 510 2148 illi,
543 2090 600 2137 et
623 2080 818 2136 animae
849 2087 1025 2134 tamen
1057 2079 1108 2133 in
1135 2077 1358 2132 nihilum
1389 2075 1676 2146 aliquando
1716 2091 1805 2130 re-

220 2175 487 2248 digendae,
517 2185 629 2232 tum
660 2183 809 2231 certe
829 2174 1045 2229 inutiles
1073 2171 1273 2241 forent,
1311 2180 1590 2241 postquam
1618 2184 1807 2226 omnes

222 2271 424 2328 eadem
472 2271 666 2326 animae
703 2285 810 2325 non
836 2267 1124 2324 exstabunt
1157 2266 1430 2337 amplius..
1479 2264 1536 2320 In
1571 2277 1675 2321 tam
1715 2265 1809 2320 ab-

221 2365 436 2422 surdam
483 2373 660 2420 antem
705 2362 1012 2434 Opinionem
1056 2361 1217 2416 ivisse
1248 2358 1583 2423 Arnobium,
1623 2368 1678 2414 et
1707 2358 1808 2415 sibi

222 2460 321 2530 ipsi
347 2468 453 2514 tam
478 2457 710 2514 absurde
737 2455 1128 2512 contradixisse
1146 2496 1160 2521 ,
1191 2452 1308 2524 quis
1334 2452 1490 2508 nobis
1520 2451 1809 2522 persuade-

221 2553 338 2609 bit?
373 2553 430 2609 Si
469 2552 589 2623 quis
628 2561 806 2607 tamen
849 2549 902 2605 id
945 2549 1013 2604 ab
1039 2563 1105 2605 eo
1143 2557 1409 2603 assertum
1458 2545 1624 2602 fuisse
1662 2556 1810 2602 recte

220 2645 559 2721 probaverit,
600 2645 855 2703 cedemus
883 2642 1052 2710 illico,
1082 2653 1137 2698 et
1166 2641 1315 2696 illum
1347 2640 1571 2711 turpiter
1596 2654 1809 2694 errasse

222 2743 526 2800 fatebimur.

294 2835 400 2893 Sed
432 2833 712 2892 Arnobius
738 2831 1000 2906 gravioris
1020 2830 1195 2887 adhuc
1219 2871 1234 2895 ,
1262 2829 1310 2885 si
1334 2829 1444 2885 Deo
1470 2828 1682 2899 placet,
1725 2841 1812 2882 er-

226 2931 362 2989 roris
396 2930 466 2986 ab
498 2927 897 2985 Elmenhorstio
925 2934 980 2982 et
1014 2923 1252 2982 'rleraldo
1297 2922 1539 2994 arguitur
1562 2963 1576 2988 ,
1629 2920 1716 2976 ubi
1745 2917 1813 2974 de

224 3041 512 3096 corporum
535 3033 847 3080 nostrorum
873 3019 1270 3076 resurrectione
1289 3016 1369 3073 sic
1394 3024 1584 3072 contra
1616 3011 1812 3068 Ethni-

1909 1801 2227 1858 irridebaut.
2261 1800 2330 1857 At
2351 1801 2529 1856 varios
2557 1800 2780 1870 hujusce
2806 1802 3068 1859 doctrinm
3097 1805 3353 1860 articulos
3382 1821 3503 1876 per—

1909 1897 2196 1963 currendo,
2229 1897 2296 1951 ad
2328 1895 2457 1951 illud
2487 1895 2556 1951 de
2584 1912 2872 1966 corporum
2915 1909 3226 1954 nostrorum
3259 1916 3505 1957 resurre-

1909 1992 2090 2048 ctione
2117 1990 2404 2047 delabitur.
2455 1989 2533 2045 lbi
2580 1999 2759 2046 autem
2805 2000 3011 2047 tantum
3057 2002 3394 2064 argumento,
3452 2002 3511 2050 ut

1909 2084 2056 2156 loqui
2081 2093 2285 2150 amant,
2320 2083 2388 2138 ad
2414 2082 2690 2138 hominem
2717 2082 2956 2139 ostendit
2984 2083 3237 2139 insulsam
3285 2099 3508 2155 prorsus

1911 2195 2034 2236 esse
2062 2178 2210 2233 illam
2239 2177 2582 2234 ethnicorum
2604 2177 3057 2243 criminationem,
3085 2179 3207 2249 quia
3231 2179 3510 2234 christiani

1910 2273 2229 2331 certissimis
2257 2273 2501 2344 Apostoli
2554 2272 2620 2325 ad
2661 2272 3178 2329 Thessalonicenses
3224 2275 3512 2330 scribentis

1910 2367 2090 2424 verbis
2123 2366 2355 2421 debitam
2401 2364 2454 2436 (Ι
2490 2363 2697 2432 Tltess.,
2739 2381 2817 2430 tv,
2866 2365 2932 2418 12
2978 2375 3023 2420 et
3065 2366 3263 2438 seqq.),
3318 2367 3520 2442 ethnici

1912 2479 2042 2519 vero
2087 2462 2250 2519 dubio
2299 2462 2458 2532 plane
2505 2460 2744 2516 Platonis
2793 2460 2862 2516 de
2914 2463 3212 2518 animarum
3244 2464 3311 2518 ad
3348 2464 3516 2520 vitam

1910 2556 2091 2614 reditu
2122 2555 2445 2611 documento
2475 2552 2765 2608 indebitam
2795 2555 3122 2622 praestabant
3149 2555 3332 2611 ﬁdem.
3374 2557 3516 2624 Quid

1911 2661 2093 2705 autem
2120 2649 2220 2704 hac
2243 2648 2296 2703 in
2324 2648 2792 2719 argumentatione
2821 2656 2998 2716 potest
3018 2648 3242 2716 erroris,
3268 2648 3512 2718 insanire,

1910 2743 2116 2798 furoris
2144 2742 2331 2812 argui?
2361 2738 2499 2808 Quid
2527 2738 2719 2794 amabo
2747 2748 2818 2803 te,
2865 2739 3080 2809 iniquis,
3127 2756 3287 2811 quam
3335 2741 3514 2796 Arno-

1912 2835 2066 2892 bium
2096 2834 2240 2888 illius
2267 2833 2468 2888 erroris
2517 2832 2851 2895 insimulare,
2901 2848 3058 2902 quem
3116 2833 3405 2902 proscribit
3457 2851 3522 2890 ac

1916 2927 2198 2999 repudiat?
2249 2925 2433 2994 Neque
2477 2924 2700 2994 objicias
2732 2925 2880 2979 illum
2913 2941 3064 2980 suam
3098 2925 3170 2980 ibi
3201 2943 3305 2982 non
3339 2927 3517 2998 expli-

1925 3035 2080 3076 casse
2106 3018 2453 3074 sententiam.
2484 3017 2618 3072 Nam
2650 3033 2716 3072 ex
2744 3017 2860 3085 ejus
2887 3017 3104 3073 silentio
3151 3020 3284 3074 nihil
3333 3028 3522 3074 contra

231 3094 339 3176 cos—
371 3117 612 3188 disputat
638 3136 651 3172 :
701 3133 719 3167 ‹
757 3113 1011 3180 Audetis,
1038 3132 1056 3165 ι
1113 3110 1289 3182 inquit
1331 3107 1525 3162 Arnob.
1549 3149 1564 3173 ,
1620 3105 1711 3159 lib.
1747 3119 1784 3158 ιι
1805 3147 1819 3171 ,
1854 3094 1899 3158 C
1931 3114 2080 3169 illum
2110 3111 2310 3168 inferre
2341 3110 2421 3166 fas
2445 3119 2547 3166 est.
2582 3110 2784 3166 Deinde
2814 3125 2943 3166 vero
2977 3110 3062 3165 hic
3087 3112 3237 3168 locus
3268 3128 3372 3168 non
3402 3122 3524 3168 erat

229 3230 350 3286 pag.
384 3210 502 3283 51),
551 3229 570 3262 ι
600 3209 780 3266 ridere
820 3221 920 3263 nos
945 3249 960 3274 ,
1009 3204 1152 3278 quod
1202 3210 1536 3258 mortuorum
1581 3197 1826 3254 dicamus

229 3303 688 3364 resurrectionem
735 3301 1009 3366 futuram;
1058 3313 1219 3370 quam
1264 3294 1480 3368 quidem
1509 3307 1610 3348 nos
1645 3291 1828 3346 dicere

231 3399 558 3457 confitemur
588 3413 604 3450 :
635 3394 731 3452 sed
767 3409 797 3449 a
841 3391 996 3449 vobis
1039 3392 1229 3456 aliter,
1279 3403 1440 3459 quam
1492 3383 1824 3449 sentiamus,

233 3494 432 3551 audiri.
464 3491 606 3560 Quid
638 3492 690 3546 in
721 3488 956 3545 Politico
984 3486 1174 3542 Plato?
1222 3484 1416 3540 Nonne
1446 3497 1570 3538 cum
1599 3479 1831 3536 mundus

237 3584 538 3658 occteperit
564 3584 633 3640 ab
659 3581 903 3640 occiduis
934 3577 1180 3650 partibus
1208 3573 1450 3642 exoriri,
1478 3582 1533 3629 et
1561 3572 1617 3628 in
1654 3569 1836 3627 cardi-

237 3699 366 3742 nem
386 3695 634 3753 vergere,
667 3678 760 3750 qui
780 3675 1010 3733 orientis
1036 3682 1120 3730 est
1149 3671 1304 3739 solis,
1331 3683 1522 3726 rursus
1548 3673 1838 3737 erupturos

171 3827 176 3836 .
239 3775 492 3834 homines
515 3771 723 3830 telluris
751 3785 783 3826 e
809 3767 1015 3842 gremio
1042 3764 1264 3833 scribit,
1291 3777 1484 3829 senes,
1517 3773 1707 3821 canos,
1738 3757 1836 3813 de-

241 3869 517 3938 crepitos,
558 3874 614 3922 et
639 3879 761 3921 cum
788 3862 916 3918 anni
941 3859 1208 3930 cmperint
1245 3857 1508 3913 accedere
1539 3853 1838 3926 longiores,

241 3978 345 4036 per
383 3959 604 4018 eosdem
639 3955 838 4029 gradus
859 3997 875 4024 ,
915 3953 1112 4026 quibus
1140 3950 1302 4006 hodie
1331 3948 1618 4014 crescitur,
1661 3944 1728 4001 ad
1759 3946 1841 3999 in-

243 4053 516 4114 cunabula
554 4049 794 4108 infantiaa
826 4047 1110 4105 exituros?
1142 4064 1161 4099 ι
1206 4043 1276 4099 Ει
1320 4043 1410 4098 hic
1455 4039 1674 4112 quidem
1720 4036 1845 4093 Pla-

245 4148 395 4205 tonis
423 4146 596 4213 locus,
622 4142 777 4215 cujus
802 4154 1054 4204 sensum,
1089 4138 1431 4207 potiusquam
1466 4133 1631 4190 verba
1663 4130 1844 4187 Arno-

245 4240 374 4298 bius
402 4239 656 4302 exhibet,
698 4237 754 4292 in
791 4235 956 4291 citato
980 4233 1099 4304 ejus
1131 4229 1359 4288 Politico
1389 4227 1585 4300 legitur
1613 4224 1844 4298 (Plato.,

249 4348 378 4393 tam.
396 4350 456 4397 tt,
479 4331 715 4398 Politia,
746 4328 967 4403 p.170).
990 4327 1109 4399 Ipsa
1141 4333 1322 4382 autem
1340 4323 1506 4380 verba
1535 4321 1622 4376 hic
1643 4319 1850 4375 referre

250 4431 389 4488 nihil
439 4441 664 4485 necesse
691 4433 811 4491 est;
840 4437 965 4479 nam
997 4431 1052 4478 et
1078 4419 1131 4476 id
1165 4419 1428 4491 longioris
1453 4423 1602 4473 esset
1629 4429 1849 4486 operte,

255 4532 316 4582 et
339 4522 409 4579 de
431 4523 496 4578 iis
519 4519 667 4576 nulla
691 4533 913 4590 prorsus
939 4530 1060 4573 esse
1080 4522 1260 4586 potest
1286 4511 1680 4570 controversia.

333 4619 408 4674 At
433 4615 626 4672 mirum
677 4629 809 4670 sane
854 4621 1287 4684 quantacumque
1317 4608 1532 4664 infamis
1556 4621 1664 4661 non
1709 4617 1860 4662 erro—

255 4714 339 4773 ris
367 4720 594 4776 tantum,
625 4706 721 4764 sed
763 4705 986 4762 insaniae
1015 4713 1069 4760 et
1094 4701 1292 4759 furoris
1320 4708 1444 4757 nota
1473 4698 1694 4757 Auctori
1727 4713 1854 4754 nos-

257 4816 350 4865 tro
376 4804 504 4861 inde
531 4803 792 4858 inuratur.
845 4799 904 4856 Si
943 4797 1086 4855 enim
1119 4793 1520 4853 Elmenhorstio
1548 4792 1816 4849 credimus
1846 4808 1860 4846 ε

266 4921 288 4953 ‹
329 4898 537 4956 insanit
562 4911 683 4952 cum
715 4892 1014 4950 furentibus
1065 4889 1391 4954 hominibus,
1425 4884 1717 4952 Marciane,
1766 4884 1865 4939 Ba-

223 4991 447 5054 -silide,
499 4999 556 5045 et
601 4987 854 5059 Origene,
909 4984 999 5054 qui
1050 4983 1500 5040 resurrectionem
1530 4995 1638 5035 non
1663 4977 1864 5041 carnis,

259 5085 365 5143 sed
399 5082 666 5154 corporis,
713 5090 770 5138 et
804 5078 1050 5149 corporis
1079 5077 1296 5150 quidem
1344 5075 1640 5148 spiritualis
1677 5071 1868 5128 crede-

264 5181 428 5238 bant.
465 5197 485 5230 ι
517 5173 764 5233 Totidem
793 5175 912 5230 haec
939 5181 1066 5228 sunt
1096 5171 1238 5226 illius
1285 5169 1586 5226 Arnobium
1617 5175 1721 5222 tam
1747 5179 1870 5236 gra-

267 5273 415 5330 viter
442 5287 604 5344 quam
626 5279 825 5327 temere
844 5266 1148 5324 accusantis
1170 5265 1353 5337 verba,
1378 5279 1497 5335 quae
1525 5262 1648 5318 ideo
1673 5258 1875 5316 descri-

268 5368 512 5442 psimus,
545 5383 613 5426 ne
635 5367 754 5439 quis
779 5367 896 5421 hmc
923 5363 1080 5419 nobis
1101 5360 1402 5417 dicentibus
1431 5359 1588 5414 ﬁdem
1609 5357 1874 5427 derogan-

271 5461 410 5519 dam
441 5469 678 5516 censeat.
729 5459 860 5525 Quae
904 5467 1085 5512 autem
1144 5453 1316 5525 major
1363 5453 1661 5516 temeritas,
1717 5463 1875 5520 quam

272 5554 723 5624 antiquissimum
753 5563 1024 5609 auctorem
1056 5550 1280 5616 erroris,
1313 5547 1556 5613 insaniae,
1601 5555 1657 5603 et
1680 5541 1880 5600 furoris

272 5645 549 5705 audacter
595 5661 871 5711 accusare,
923 5653 979 5701 et
1033 5642 1231 5700 nullam
1273 5639 1632 5699 accusationis
1688 5637 1884 5694 aﬂ‘erre

275 5740 611 5804 rationem?
663 5737 880 5798 Nullam
931 5745 1111 5794 autem
1159 5734 1589 5796 Elmenhorstius
1647 5732 1885 5805 profert,

742 5833 1016 5909 Ρηιιοι.
1049 5831 1128 5894 ν.

1928 3208 2248 3266 sententiam
2297 3223 2447 3263 suam
2488 3207 2813 3277 explicandi,
2861 3207 2946 3262 ubi
3009 3207 3240 3263 insulsas
3286 3219 3524 3265 tantum-

1929 3303 2091 3360 modo
2145 3300 2424 3373 gentilium
2482 3300 2551 3355 de
2606 3299 3060 3363 christianorum,
3118 3300 3196 3355 uti
3251 3301 3526 3369 diximus,

1931 3397 2039 3453 fide
2080 3395 2450 3452 cavillationes
2479 3392 2994 3464 criminationesque
3040 3393 3258 3464 repellit
3302 3403 3355 3450 et
3403 3411 3530 3453 exa-

1933 3488 2083 3560 gitat.
2141 3485 2246 3543 Sed
2297 3485 2367 3544 de
2409 3485 2497 3541 illa
2547 3483 2966 3542 christianorum
3009 3485 3118 3542 fide
3168 3501 3313 3544 nunc
3359 3485 3529 3545 fusius

1935 3581 2226 3654 agendum.

2563 3714 2789 3771 CAPUT
2830 3714 2872 3769 X
2884 3752 2898 3770 .

1943 3854 2021 3914 De
2039 3855 2431 3912 christianorum
2455 3853 2577 3923 ﬁde,
2607 3871 2719 3924 spe,
2744 3854 2988 3918 ecclesiis,
3017 3853 3178 3910 sacris
3218 3855 3528 3927 Scripturis,

2081 3949 2353 4018 altaribus,
2384 3947 2693 4011 simulacris,
2737 3946 3035 4018 synaxibus,
3077 3965 3137 4002 ac
3166 3949 3393 4019 precibus

2477 4039 2628 4094 etiam
2654 4054 2747 4109 pro
2768 4037 3000 4093 mortuis.

2471 4190 2766 4232 ARTICULUS
2806 4191 3014 4231 Ριηιωε.

1951 4316 2028 4370 De
2043 4318 2413 4368 cbristianorum
2435 4313 2532 4363 ﬁde
2551 4313 2757 4374 ejusque
2775 4313 3092 4372 necessitate,
3115 4330 3170 4365 ac
3192 4322 3330 4367 certa
3347 4318 3542 4370 illorutn

2014 4383 2079 4452 de
2097 4381 2270 4430 futurae
2281 4379 2542 4452 _vit33“5pe,
2562 4381 2898 4440 quantumque
2923 4389 2983 4426 ea
3020 4378 3282 4440 gentilium
3305 4383 3544 4446 0ιήῠὶοηὶ-

2016 4446 2110 4496 bus
2127 4446 2348 4508 Opposita
2371 4446 2453 4492 sit.

2032 4598 2351 4669 Supremam
2394 4589 2596 4647 Christi
2643 4586 2848 4644 domini
2896 4587 3227 4646 divinitatem
3257 4592 3439 4658 variis,
3471 4595 3550 4651 uti

1962 4693 2217 4755 vidimus,
2244 4688 2511 4745 rationum
2545 4683 2830 4739 momentis
2855 4698 2975 4738 cum
3017 4681 3284 4740 Arnobius
3327 4686 3551 4743 demon-

1963 4785 2236 4848 straverit,
2265 4797 2371 4838 non
2412 4778 2606 4835 mirum
2649 4792 2779 4832 sane
2820 4776 2866 4830 si
2913 4775 3070 4831 dictis
3114 4777 3248 4847 ejus,
3282 4787 3551 4843 tamquam

1967 4883 2163 4940 divinis
2181 4878 2338 4935 ﬁdem
2361 4877 2429 4932 ab
2451 4872 2703 4930 omnibus
2722 4871 3080 4927 adhibendam
3103 4887 3222 4928 esse
3246 4872 3556 4935 ﬁrmissime

1969 4982 2259 5033 asseveret.
2307 4969 2556 5026 Totidem
2603 4967 2881 5022 enimvero
2910 4965 3236 5036 argumentis
3266 4983 3391 5024 eum
3430 4986 3557 5029 vera

1969 5070 2208 5136 dixisse,
2257 5074 2312 5121 et
2365 5063 2441 5118 illi
2491 5060 2822 5136 credendum
2874 5074 2994 5113 esse
3044 5060 3315 5126 ostendit,
3366 5065 3561 5134 quibus

1972 5178 2236 5222 summam
2267 5159 2409 5215 illius
2437 5156 2770 5212 divinitatem
2793 5135 2799 5146 ’
2819 5151 3014 5207 asserit
3043 5162 3099 5207 et
3145 5153 3400 5211 vindicat.
3455 5157 3562 5214 Sed

1975 5263 2098 5333 quia
2128 5257 2354 5330 gentiles
2389 5252 2529 5308 hanc
2557 5249 2971 5306 ehristianorum
3015 5245 3174 5303 ﬁdem
3220 5248 3446 5306 irridere
3476 5266 3564 5308 so-

1977 5357 2179 5418 lebant,
2213 5350 2338 5405 hinc
2365 5356 2554 5402 auctor
2601 5350 2783 5398 noster
2828 5339 2978 5395 brevi
3027 5339 3336 5400 inductione
3379 5348 3570 5414 proba;

1981 5449 2142 5505 ﬁdem
2163 5445 2322 5501 etiam
2343 5443 2629 5497 humanam
2655 5445 2816 5490 tantae
2835 5448 2958 5489 esse
2970 5434 3304 5491 necessitatis
3327 5437 3567 5507 (Arnab.,

1980 5543 2071 5600 lib.
2111 5555 2169 5604 ιι,
2199 5555 2250 5607 p.
2278 5532 2404 5604 47);
2438 5540 2498 5584 ut
2523 5526 2738 5599 ipsimet
2764 5527 2990 5599 gentiles
3017 5526 3162 5581 illam
3193 5527 3306 5583 suis
3332 5544 3443 5585 non
3489 5548 3578 5588 so-

1988 5637 2098 5692 lum
2119 5636 2379 5700 cogantur
2407 5622 2608 5678 habere
2651 5618 2961 5676 auctoribus
3008 5629 3166 5688 atque
3218 5620 3585 5692 philosomris,

1992 5725 2087 5789 sed
2105 5721 2253 5785 nulla
2272 5718 2434 5779 etiam
2455 5711 2689 5787 negotia,
2705 5712 3093 5785 navigationes,
3118 5719 3296 5773 terra:
3308 5713 3598 5784 culturam,

3021 5804 3098 5871 16
