3990 6072
467 232 567 290 491

1693 224 1714 239 ⁵
1772 211 2173 276 ISSERTATIO
2210 208 2495 275 PREVIA

3637 202 3750 262 ιθιι

467 346 738 421 conjugis,
765 344 928 410 bella,
957 341 1200 412 aliasque
1222 351 1313 396 res
1342 335 1457 393 sive
1478 329 1765 397 humanas,
1790 332 1905 388 sive
1925 330 2060 386 divi-
2085 340 2140 401 Α
2163 336 2372 421 nentes,
2402 323 2781 421 existimabant
2820 336 2881 380 se
2909 323 3026 379 solo
3053 331 3248 381 conatu
3277 336 3377 421 suo
3402 321 3698 421 ﬁeri-deos
3730 336 3748 375 :

469 459 586 510 nas,
613 440 716 496 nisi
739 434 846 493 ﬁde
867 443 1161 506 praeeunte,
1189 431 1461 501 suscipere
1485 436 1829 500 praesumant.
1850 424 2056 482 Eodem

466 550 679 606 quoque
702 537 1021 603 argumento
1046 535 1231 598 postea
1260 524 1486 582 Ruﬁnus
1510 523 1588 579 sic
1619 536 1750 579 usus
1777 531 1881 589 est,
1904 518 2058 591 quasi

466 627 596 684 illud
638 625 706 681 ab
749 625 867 696 ipso
906 629 1125 676 auctore
1154 626 1341 675 nostro
1368 616 1674 673 delibasset.
1700 613 1833 669 Nam
1865 612 2057 671 eadem

467 717 697 789 sumpsit
724 711 991 785 exempla,
1025 719 1185 783 atque
1206 726 1269 766 ex
1295 704 1377 766 eis
1405 709 1545 764 hunc
1575 707 1813 778 disputat
1858 706 1910 761 in
1941 720 2059 761 meo

467 813 595 869 dum
625 830 639 865 :
673 828 693 862 ι
728 807 799 866 Ut
824 804 1194 876 intelligentize
1226 801 1321 857 tibi
1365 801 1543 856 aditus
1594 807 1856 871 patescat,
1910 807 2058 854 recte

466 906 640 977 primo
682 900 922 957 omnium
949 909 1002 955 te
1028 896 1250 955 credere
1280 895 1579 969 proﬁteris;
1626 894 1752 965 quia
1783 906 1880 948 nec
1910 904 2063 947 mare

466 996 585 1069 quis
611 993 929 1066 ingreditur,
947 999 1003 1048 et
1024 989 1225 1062 liquido
1249 1004 1311 1043 ac
1338 985 1601 1059 profundo
1622 1000 1742 1042 sese
1773 981 2063 1040 committit

467 1090 761 1150 elemento.
802 1084 903 1141 nisi
950 1098 1009 1139 se
1056 1083 1202 1152 prius
1246 1078 1432 1135 credat
1482 1094 1640 1150 posse
1685 1077 1898 1133 salvari.
1951 1073 2062 1130 Nec

467 1179 700 1253 agricola
743 1177 949 1234 semina
995 1174 1157 1230 sulcis
1187 1172 1384 1238 obruit,
1434 1181 1490 1227 et
1536 1170 1714 1241 fruges
1761 1159 1964 1240 spargit
2006 1168 2061 1222 in

469 1285 687 1342 terram,
745 1271 847 1327 nisi
874 1268 1163 1326 crediderit
1194 1281 1448 1322 venturos
1479 1263 1684 1321 imbres
1706 1305 1721 1329 ,
1772 1261 2062 1317 affuturum

468 1383 679 1441 quoque
705 1364 845 1421 Solis
876 1373 1135 1435 teporem,
1169 1360 1362 1431 quibus
1394 1369 1535 1413 terra
1586 1354 1822 1423 confota,
1853 1364 2063 1426 segetes

469 1459 817 1530 multiplicata
866 1456 1019 1527 fruge
1074 1453 1353 1525 producat,
1401 1466 1465 1505 ac
1514 1447 1690 1505 ventis
1739 1446 2063 1517 spirantibus

469 1552 687 1608 nutriat.
732 1547 876 1606 Nihil
905 1547 1136 1618 denique
1184 1553 1286 1610 est,
1322 1542 1462 1613 quod
1494 1541 1546 1596 iu
1574 1542 1683 1595 vita
1711 1542 1824 1612 geri
1870 1538 2058 1610 possit,

467 1646 514 1701 si
541 1658 647 1699 non
690 1640 981 1699 credulitas
1026 1648 1149 1692 ante
1177 1634 1537 1706 praecesserit.
1585 1631 1724 1701 Quid
1764 1630 1925 1703 igitur
1965 1629 2066 1685 mi-

2158 420 2439 476 cbristiani
2467 434 2593 475 vero
2622 418 2851 474 inﬁrmae
2878 424 3082 472 naturae
3121 431 3233 473 suae.
3256 416 3465 472 viribus
3496 413 3754 471 difﬁden-

2161 522 2261 578 tes,
2283 509 2432 567 illam
2463 510 2531 566 ab
2556 509 2939 582 omnipotentis
2974 507 3072 564 Dei
3099 507 3466 565 misericordia
3502 517 3756 578 expecta-

2158 604 2308 659 bant.
2339 602 2578 659 Gentiles
2603 602 2959 674 opinabantur
2987 601 3100 657 alas
3126 600 3229 658 sibi
3258 610 3380 672 post
3405 611 3633 657 mortem
3662 600 3751 656 fu-

2162 707 2328 764 turas,
2380 697 2575 773 quibus
2617 696 2674 752 in
2714 695 2912 753 ccelum
2963 694 3337 751 convolarent.
3399 693 3541 762 Quin
3584 692 3754 749 immo

2160 797 2560 853 somniaveram
2586 794 2846 868 quasdam
2877 808 3000 851 esse
3021 801 3339 864 potestates,
3369 806 3494 862 quae
3512 800 3759 848 secreta-

2159 904 2279 944 rum
2308 887 2505 944 artium
2532 886 3024 958 superstitionibus,
3053 894 3109 942 et
3153 883 3607 941 commendatitiis
3633 898 3756 939 ma—

2157 997 2349 1054 gorum
2379 982 2628 1053 precibus
2676 981 2923 1046 mollitae,
2978 980 3192 1036 facilem
3216 978 3272 1033 in
3302 977 3498 1034 ctelum
3529 986 3762 1033 centen-

2162 1075 2414 1132 dentibus
2436 1075 2638 1131 dabant
2676 1074 2878 1131 aditum
2909 1072 3097 1146 (Ibid.,
3146 1089 3267 1144 pag.
3311 1071 3382 1128 52
3408 1080 3454 1126 et
3481 1070 3609 1143 87).
3640 1071 3761 1139 Qua

2162 1168 2229 1225 de
2259 1185 2320 1226 re
2350 1169 2502 1226 Plato
2546 1170 2601 1225 in
2628 1168 2879 1241 genuinis
2904 1167 3020 1224 sive
3084 1167 3266 1222 nothis
3318 1166 3431 1222 suis
3473 1165 3759 1237 operibus,

2163 1263 2411 1331 Servius,
2471 1272 2529 1319 et
2567 1263 2710 1333 apud
2755 1262 3112 1333 Augustinum
3162 1258 3496 1332 Porphyrius
3549 1256 3765 1330 legendi

2164 1354 2364 1425 (Plato,
2396 1357 2451 1409 in
2476 1354 2760 1423 Phaniam,
2790 1363 2913 1410 tam.
2945 1369 2985 1422 ι,
3015 1372 3068 1425 p.
3103 1353 3230 1418 107,
3277 1362 3325 1409 et
3366 1352 3584 1420 Λαπίθου,
3634 1362 3763 1410 tam.

2160 1464 2237 1516 tu,
2263 1468 2315 1520 p.
2348 1450 2486 1516 571;
2516 1450 2689 1516 Serm,
2717 1450 2773 1505 in
2798 1450 2888 1506 lib.
2918 1456 2993 1515 vi,
3017 1447 3259 1515 arma,
3300 1463 3430 1504 vers.
3463 1448 3608 1514 758;
3654 1448 3766 1502 Au-

2163 1552 2299 1612 gust.
2336 1541 2423 1596 lib.
2454 1558 2511 1609 ι,
2540 1542 2604 1598 de
2629 1542 2794 1609 civit,
2840 1559 2890 1598 c.
2932 1542 2968 1598 9
3010 1551 3057 1596 et
3099 1540 3188 1608 10,
3238 1557 3291 1611 p.
3330 1539 3438 1596 216
3481 1551 3527 1595 et
3569 1538 3765 1612 ιαμ).

2164 1634 2367 1692 Verum
2398 1635 2715 1691 christianis
2737 1635 3002 1691 incertum
3032 1643 3116 1691 est
3147 1644 3326 1689 utrum
3355 1633 3516 1689 vitam
3541 1632 3769 1688 immor-

466 1750 607 1805 rum,
655 1735 699 1790 si
746 1731 1064 1789 accedentes
1112 1728 1179 1784 ad
1231 1728 1417 1792 Deum,
1466 1724 1691 1781 credere
1743 1739 1840 1779 nos
1889 1724 2062 1795 primo
2092 1738 2140 1799 Β
2167 1730 2332 1784 talem
2378 1729 2628 1800 accipere
2656 1728 2943 1799 aliquando
2983 1739 3317 1785 mereantur.
3348 1727 3769 1783 Arbitrabantur

471 1828 706 1884 omnium
732 1823 1065 1896 proﬁtemur,
1086 1836 1206 1877 cum
1228 1819 1345 1875 sine
1364 1821 1464 1873 hoc
1490 1833 1589 1874 nec
1605 1817 1720 1888 ipsa
1736 1816 1876 1887 exigi
1893 1816 2066 1887 possit

469 1921 574 1978 vita
604 1917 923 1975 communis.
961 1915 1083 1970 Haec
1114 1922 1292 1968 autem
1325 1910 1526 1966 idcirco
1555 1911 1609 1965 in
1634 1909 1898 1981 principio
1928 1922 2067 1978 prae-

472 2012 748 2076 misimus,
781 2009 904 2080 quia
951 2005 1140 2077 pagani
1170 2004 1326 2059 nobis
1372 2001 1609 2073 objicere
1656 2000 1875 2065 solent,
1921 1999 2065 2070 quod

468 2108 659 2179 religio
680 2115 882 2165 nostra,
907 2102 1027 2172 quia
1053 2099 1350 2155 rationibus
1375 2096 1577 2163 deﬁcit,
1602 2097 1655 2151 in
1675 2096 1787 2151 sola
1810 2093 2067 2152 credendi

470 2199 820 2273 persuasione
861 2196 1140 2250 consistat.
1195 2192 1259 2248 Et
1303 2192 1425 2247 ideo
1455 2191 1790 2246 ostendimus
1817 2204 1919 2244 nec
1947 2187 2063 2259 agi,

470 2307 570 2349 nec
590 2298 737 2347 stare
756 2288 953 2360 aliquid
985 2300 1163 2356 posse,
1194 2284 1295 2340 nisi
1325 2284 1661 2354 przccesserit
1680 2282 1758 2337 vis
1784 2280 2062 2336 credendi.

469 2384 715 2454 Denique
739 2393 794 2438 et
844 2378 1185 2436 matrimonia
1216 2375 1627 2441 contrahuntur,
1676 2375 1799 2445 quia
1830 2372 2068 2429 creditur

471 2489 789 2535 successum
821 2473 1108 2545 posteritas
1139 2489 1153 2524 :
1182 2478 1239 2526 et
1259 2469 1408 2541 pueri
1439 2468 1710 2525 discendis
1730 2465 1934 2521 artibus
1957 2476 2066 2521 tra-

469 2572 687 2634 duntur,
706 2568 829 2640 quia
846 2565 1222 2637 magistrorum
1249 2565 1303 2620 in
1326 2563 1619 2634 discipulos
1646 2559 2068 2616 transfundenda

469 2664 705 2723 creditur
724 2660 1007 2731 disciplina
1038 2676 1050 2712 :
1085 2667 1141 2714 et
1163 2657 1372 2727 imperii
1404 2656 1633 2725 insignia
1660 2667 1798 2709 unus
1821 2651 2064 2724 suscipit,

471 2762 596 2816 dum
619 2755 793 2814 credit
811 2752 1041 2825 populos
1061 2762 1115 2806 et
1143 2750 1326 2815 urbes,
1350 2758 1405 2805 et
1429 2756 1694 2803 armatum
1724 2747 1886 2802 etiam
1911 2758 2068 2801 exer-

468 2857 634 2913 citum
686 2849 981 2922 periturum
1019 2865 1038 2899 ι
1092 2843 1385 2918 (Ruﬁnus,
1439 2839 1719 2898 Comment.
1750 2841 1802 2893 in
1848 2838 2066 2911 symbol.

468 2936 749 3019 post‘init"
782 2960 836 3014 p.
862 2939 1009 3011 171).
1041 2939 1195 2993 Prius
1217 2950 1347 2992 vero
1366 2933 1555 2991 eadem
1583 2931 2066 3006 argumentatione,

467 3040 768 3108 iisdemque
816 3032 1074 3103 exemplis
1120 3028 1336 3085 Celsum
1387 3026 1669 3099 Origenes,
1702 3036 1757 3081 et
1801 3022 2068 3079 Eusebius

2167 1822 2404 1893 denique
2433 1821 2636 1878 ethnici
2666 1838 2725 1878 se
2750 1833 2946 1893 sponte
2976 1838 3095 1891 sua,
3128 1823 3385 1893 nulloque
3416 1822 3765 1893 prohibente,

2170 1916 2222 1971 in
2250 1915 2597 1981 dominicam,
2634 1925 2888 1988 tanquam
2919 1932 3074 1973 suam
3105 1917 3377 1987 propriam
3405 1916 3592 1972 sedem
3622 1916 3772 1973 redi.

2170 2020 2340 2066 turos.
2392 2007 2595 2066 Contra
2644 2025 2775 2066 vero
2804 2010 3081 2066 christiani
3126 2010 3271 2065 istud
3304 2011 3612 2081 ﬁeriposse
3653 2026 3768 2067 non

2168 2104 2481 2174 sperabant,
2524 2106 2643 2161 sine
2667 2092 2850 2161 rerum
2893 2105 3133 2160 omnium
3164 2103 3415 2171 Domino,
3446 2102 3499 2158 id
3527 2112 3632 2166 est,
3662 2102 3770 2160 nisi

2174 2196 2312 2251 Deus
2328 2196 2692 2269 omnipotens,
2716 2207 2770 2252 et
2786 2197 3031 2253 Christus
3049 2196 3307 2254 Dominus
3324 2195 3766 2263 immortalitatis,

2168 2306 2255 2356 eo,
2289 2308 2395 2362 quo
2424 2292 2671 2364 superius
2715 2292 2953 2349 diximus
2984 2292 3134 2364 (Cap.
3164 2308 3338 2364 super.
3365 2300 3468 2347 art.
3491 2291 3571 2364 4),
3601 2291 3769 2348 modo

2169 2385 2419 2457 gratiam,
2436 2397 2492 2443 et
2513 2398 2732 2443 aeternae
2755 2385 3024 2443 felicitatis
3040 2387 3319 2457 praemium
3338 2385 3771 2457 promerentibus

2168 2478 2481 2534 contulerit.
2516 2478 2681 2535 Visne
2707 2479 3004 2536 Arnobium
3039 2489 3281 2536 nostrum
3319 2481 3627 2551 loquentem
3666 2495 3768 2535 au-

2169 2573 2324 2629 dire?
2342 2573 2423 2629 En
2451 2574 2569 2645 ejus
2597 2574 2761 2631 verba
2788 2592 2802 2631 :
2834 2594 2853 2629 α
2887 2575 2990 2632 Per
3016 2575 3159 2631 hunc
3183 2575 3359 2633 solum
3384 2584 3469 2631 est
3488 2576 3769 2647 ingressus

2169 2668 2237 2721 ad
2283 2666 2503 2735 Lucem,
2549 2682 2727 2738 neque
2752 2668 2887 2725 alias
2930 2670 3114 2725 datum
3149 2677 3235 2724 est
3263 2669 3348 2725 vel
3385 2669 3647 2739 irrepere,
3680 2668 3768 2725 vel

2170 2759 2446 2828 invadere,
2480 2761 2693 2816 caeteris
2722 2762 2969 2817 omnibus
2992 2762 3212 2828 clausis,
3245 2771 3408 2833 atque
3431 2762 3769 2833 inexpugna-

2172 2853 2265 2908 bili
2293 2868 2419 2910 arce
2443 2854 2685 2911 munitis.
2719 2853 2869 2910 Licet
2892 2871 3021 2926 ergo
3042 2871 3229 2925 purus,
3257 2865 3315 2910 et
3338 2854 3406 2909 ab
3426 2854 3572 2909 omni
3600 2853 3768 2910 fueris

2172 2946 2419 3003 vitiorum
2447 2948 2907 3005 contaminatione
2927 2956 3205 3019 purgatus,
3232 2947 3607 3004 conciliaveris
3638 2947 3765 3003 illas

2171 3047 2331 3107 atque
2385 3038 2661 3096 inﬁexeris
2708 3050 3026 3111 potestates,
3075 3041 3143 3096 ad
3193 3040 3390 3097 cmlum
3421 3039 3672 3098 redeunti
3699 3054 3770 3096 ne

469 3132 736 3207 quoslibet
763 3128 1009 3185 ethnicos
1053 3124 1324 3190 refellunt,
1370 3120 1436 3176 ad
1466 3116 1590 3176 ﬁdei
1619 3120 1849 3190 probant
1879 3132 2069 3173 neces—
2095 3133 2142 3196 ρ
2171 3132 2283 3186 vias
2311 3131 2589 3199 claudam,
2619 3145 2783 3205 atque
2808 3134 3095 3205 obsepiam
3122 3135 3427 3201 transitum,
3457 3134 3523 3189 ad
3543 3134 3769 3189 ίηιιηοιι.

470 3229 682 3286 sitatem
712 3222 884 3294 (Orig.
918 3219 1003 3275 lib.
1035 3236 1072 3284 ι,
1106 3228 1283 3272 contra
1322 3212 1482 3282 Cels.,
1516 3232 1637 3287 pug.
1682 3214 1715 3269 9
1759 3223 1805 3268 et
1837 3214 1936 3278 10;
1962 3210 2069 3267 Eu-

471 3320 599 3388 seb.,
629 3316 721 3374 lib.
763 3332 814 3380 ι,
864 3310 1158 3384 Prwparat.
1193 3308 1416 3380 Evang.,
1447 3324 1492 3361 c.
1524 3308 1578 3372 5,
1610 3323 1660 3378 p.
1696 3306 1763 3361 14
1790 3314 1836 3361 et
1865 3320 2001 3375 seqq.
2024 3303 2068 3377 ).

472 3416 603 3485 Qua:
633 3409 848 3484 quidem
882 3408 959 3463 illi
981 3405 1158 3462 adhuc
1184 3403 1405 3459 uberius
1426 3410 1842 3472 prosequuntur.
1872 3400 2072 3468 Quam-

471 3510 658 3565 obrem
689 3504 898 3575 longius
929 3499 1169 3572 profecto
1198 3495 1336 3552 foret
1364 3496 1544 3551 omnia
1569 3509 1753 3550 eorum
1783 3493 1944 3547 verba
1974 3491 2071 3549 de-

471 3601 730 3665 scribere,
779 3611 899 3667 qute
946 3594 1015 3649 ab
1063 3589 1311 3646 omnibus
1362 3590 1414 3643 in
1470 3588 1682 3643 illorum
1711 3587 1883 3655 libris,
1917 3587 2074 3643 facile

379 3692 393 3707 '
473 3692 691 3750 cuilibet
737 3689 932 3754 obviis,
964 3685 1069 3757 legi
1111 3693 1359 3755 possunt.
1391 3682 1472 3737 Ad
1500 3696 1594 3737 eos
1624 3695 1784 3751 porro
1804 3679 1954 3735 adire
1980 3679 2073 3750 qui

473 3785 727 3852 voluerit,
754 3798 935 3854 operte
962 3780 1187 3851 forsitan
1232 3791 1344 3833 sua
1372 3792 1477 3832 non
1510 3775 1808 3846 paenitebit,
1833 3782 2072 3845 gratum-

475 3897 582 3952 que
604 3878 757 3934 nobis
787 3875 966 3941 faciet,
998 3873 1044 3928 si
1071 3869 1499 3939 deprehendere,
1531 3868 1876 3938 iudicareque
1906 3866 2076 3937 possit

478 3982 655 4031 utrum
686 3986 823 4028 unus
851 3984 918 4026 ex
964 3967 1072 4022 illis
1102 3967 1170 4021 ab
1196 3963 1307 4020 alio
1333 3979 1428 4018 sua
1457 3960 1811 4032 decerpserit.
1846 3960 1922 4017 De
1948 3958 2073 4015 ﬁdei

476 4081 643 4141 porro
685 4062 1011 4121 necessitate
1058 4058 1184 4115 alibi
1231 4055 1622 4127 disputavimus
1657 4052 1678 4126 (
1708 4063 1829 4108 tom.
1868 4069 1912 4120 ι,
1962 4052 2071 4123 Ap-

481 4169 673 4234 parat.,
722 4158 810 4213 lib.
844 4172 905 4224 ιι,
935 4153 1150 4208 Dissert.
1190 4151 1247 4216 2,
1277 4165 1322 4205 c.
1372 4147 1462 4215 11,
1501 4155 1600 4201 art.
1643 4146 1699 4213 2,
1745 4164 1799 4217 p.
1845 4144 1984 4201 1025
2028 4154 2075 4199 et

475 4251 679 4326 θείη)-
763 4340 776 4344 _
1161 4335 1215 4344 _,
1270 4336 1281 4344 ,
1341 4334 1354 4344 .
1754 4316 1909 4344 ,η

555 4347 634 4401 Ex
680 4340 871 4401 eadem
900 4347 1104 4395 asserta
1156 4334 1357 4391 Christi
1399 4333 1674 4391 divinitate
1717 4331 1967 4396 efﬁcitur,
2018 4339 2078 4386 ut

481 4436 671 4499 salutis
688 4443 924 4498 aeternet,
944 4439 999 4485 et
1013 4444 1202 4486 eorum
1225 4442 1343 4498 quae
1365 4425 1612 4483 Christus
1632 4422 1899 4496 promisit,
1919 4420 2074 4477 ﬁrma

482 4532 702 4589 omnino
719 4536 970 4596 certaque
983 4526 1053 4579 sit
1073 4522 1490 4578 Christianorum
1513 4533 1637 4589 Spes
1669 4529 1724 4574 et
1744 4516 2067 4587 expectatio.
2097 4524 2151 4587 Β

483 4626 626 4682 Deus
655 4622 798 4679 enim
832 4619 924 4673 ille
944 4617 1129 4686 utique
1154 4628 1275 4669 esse
1304 4628 1407 4668 non
1436 4620 1633 4684 potest,
1663 4610 1752 4681 qui
1799 4608 2077 4680 promissis

484 4732 590 4774 non
617 4711 893 4772 satisfacit.
941 4709 1124 4776 Neque
1170 4705 1437 4762 Arnobius
1475 4703 1604 4759 sinit
1622 4703 1722 4758 sibi
1753 4703 1820 4757 ab
1850 4702 2078 4758 ethnicis

480 4814 639 4886 objici
685 4824 878 4866 vanam
928 4813 985 4861 et
1032 4818 1239 4859 cassam
1292 4816 1413 4857 esse
1456 4798 1869 4854 Christianorum
1925 4811 2074 4867 spem

2176 3228 2394 3283 talitatis
2438 3229 2700 3285 accedere
2728 3230 3124 3300 nullispoteris
3158 3229 3596 3285 contentionibus
3625 3242 3768 3297 prae-

2174 3322 2365 3390 mium,
2390 3321 2491 3377 nisi
2521 3321 2664 3393 quod
2692 3322 2861 3393 ipsam
2886 3322 3348 3378 immortalitatem
3375 3321 3522 3391 facit,
3550 3320 3771 3378 Christo

2175 3414 2521 3483 attribuente,
2570 3416 2901 3487 perceperis,
2953 3425 3009 3472 et
3054 3432 3239 3472 veram
3283 3415 3452 3472 fueris
3499 3414 3775 3472 admissus

2174 3507 2241 3563 ad
2271 3508 2436 3563 vitam
2468 3508 2724 3579 (Arnob.,
2758 3508 2850 3564 lib.
2873 3525 2929 3573 tt.
2961 3525 3082 3579 pag.
3114 3507 3227 3580 90).
3260 3527 3280 3562 ι

2246 3600 2466 3659 Summa
2488 3616 2618 3674 ergo
2644 3612 2764 3659 erat
2789 3603 3069 3672 gentilium
3095 3602 3388 3667 dementia,
3435 3603 3530 3673 qui
3555 3600 3771 3659 beatam

2175 3696 2635 3754 immortalitatem
2665 3714 2693 3751 a
2741 3698 3097 3769 potestatibus
3128 3698 3312 3754 nescio
3356 3696 3571 3769 quibus,
3625 3696 3769 3752 vela

2173 3788 2365 3859 seipsis
2391 3791 2766 3860 expectabant.
2813 3792 3011 3847 Contra
3053 3806 3182 3846 vero
3207 3789 3505 3846 certissima
3534 3798 3619 3844 est
3644 3802 3771 3859 spes

2174 3882 2619 3952 cbristianorum,
2638 3884 2727 3956 qui
2752 3885 2797 3941 si
2827 3884 2974 3955 digni
2994 3884 3121 3952 sint,
3152 3885 3290 3939 hanc
3313 3884 3525 3940 beatam
3552 3886 3774 3939 immor-

2176 3977 2435 4033 talitatem
2482 3978 2550 4033 ab
2579 3979 2948 4047 omnipotente
2978 3978 3110 4047 Deo,
3139 3979 3261 4035 solo
3287 3976 3431 4036 illius
3456 3977 3682 4046 datare,
3706 3964 3772 4034 se

2116 4130 2121 4133 ,
2174 4080 2494 4140 accepturos
2520 4070 2817 4128 conﬁdunt.

2781 4218 3075 4263 ARTICULUS
3101 4220 3156 4261 11.

2175 4345 2253 4410 De
2276 4346 2651 4396 Christianorum
2684 4347 2933 4410 ecclesiis,
2975 4349 3126 4399 sacris
3165 4348 3450 4410 Scripturis,
3491 4352 3545 4399 et
3576 4351 3773 4410 synaxio

2236 4409 2357 4522 bu’s‘,a
2373 4421 2534 4521 qtgve
2559 4411 2658 4460 ritu
2683 4408 2842 4459 Deum
2864 4408 2927 4462 in
2939 4412 3013 4462 eis
3036 4408 3376 4474 precarentur,
3410 4423 3466 4461 ac
3487 4408 3617 4474 quid
3630 4413 3691 4462 ab
3708 4425 3772 4463 eo

2240 4486 2301 4522 ne
2359 4485 2416 4521 re
2477 4510 2488 4520 .

2240 4486 2488 4535 peterem.

2250 4599 2329 4654 Ad
2357 4599 2480 4667 alia,
2512 4616 2629 4670 quas
2660 4600 2983 4657 christianos
3010 4600 3186 4657 adhuc
3229 4610 3495 4674 spectant,
3542 4602 3769 4674 gradum

2180 4701 2240 4748 ut
2287 4690 2568 4765 faciamus,
2615 4694 2847 4751 ethnicis
2897 4694 3271 4765 objicientibus
3317 4695 3494 4752 nullas
3541 4695 3609 4752 ab
3665 4696 3771 4751 illis

2180 4787 2538 4843 exmdiﬁcatas
2563 4805 2736 4845 sacras
2777 4787 2931 4856 uades,
2961 4788 3232 4845 Arnobius
3260 4789 3336 4844 sic
3366 4789 3680 4860 respondet,
3711 4797 3773 4846 ut

479 4909 501 4980 (
520 4880 733 4973 Arnob”
765 4902 853 4957 lib.
894 4916 951 4964 ll,
984 4916 1036 4970 p.
1068 4896 1191 4967 ii):
1222 4908 1319 4950 nec
1344 4909 1403 4948 ea
1435 4908 1466 4949 a
1495 4890 1709 4947 Christo
1758 4889 1978 4959 impleta
2026 4894 2081 4945 et
2178 4880 2599 4980 iditctttt‘aqulam
2631 4881 2844 4980 difﬁteri
2890 4882 3132 4980 videatur
3160 4882 3396 4980 (Arnob,
3419 4881 3506 4980 lib.
3540 4898 3615 4980 vi,
3648 4899 3770 4980 pag.

477 4998 621 5063 data,
666 5010 785 5068 quas
830 4992 1026 5062 smpius
1076 4987 1344 5059 pollicitus
1390 4984 1581 5040 fuerat.
1610 4983 1740 5039 Nam
1771 4981 2073 5052 promissis,

482 5093 773 5150 consﬁtuto
800 5097 1063 5157 tempore,
1110 5081 1291 5145 stetit;
1340 5088 1501 5149 atque
1553 5076 1669 5147 ejus
1711 5075 1988 5140 miracula,
2021 5078 2077 5130 et

482 5187 584 5242 alia
607 5183 675 5238 ab
703 5184 820 5253 ipso
846 5179 1100 5234 divinitus
1131 5174 1287 5239 facta,
1318 5186 1419 5227 nec
1443 5170 1662 5226 dubium
1690 5183 1839 5234 sane,
1874 5182 1971 5221 nec
1993 5166 2074 5222 in-

484 5288 691 5335 certum
740 5273 967 5328 aliarum
1013 5270 1129 5340 ejus
1176 5264 1590 5339 promissionum
1635 5269 1756 5317 sunt
1788 5260 1977 5332 pignus
2021 5267 2077 5315 et

485 5368 876 5441 comprobatio.

553 5461 799 5519 Ostendit
844 5458 1060 5526 insuper
1104 5453 1372 5509 Arnobius
1416 5457 1672 5522 quantum
1699 5446 1978 5502 christiani
2024 5452 2078 5501 et

480 5557 678 5617 ethnici
709 5557 779 5613 de
803 5554 999 5610 ΐιιιιιινίῐι
1027 5549 1320 5603 animarum
1355 5557 1475 5619 post
1499 5552 1725 5600 mortem
1758 5543 1947 5599 salutis
1973 5556 2070 5612 spe

481 5654 623 5709 inter
646 5666 705 5707 se
730 5644 1100 5704 dissentirent.
1130 5640 1388 5709 Gentiles,
1443 5639 1615 5711 inquit
1657 5634 1857 5711 (Idem,
1887 5636 1973 5691 lib.
2009 5650 2065 5703 tt,

481 5764 532 5819 p.
566 5744 682 5817 66),
711 5742 938 5801 salutem
992 5736 1287 5794 animarum
1320 5748 1537 5791 suarum
1566 5733 1621 5788 in
1650 5746 1709 5789 se
1735 5731 1865 5803 ipsis
1909 5743 2069 5801 repo-

2182 4972 2326 5045 189).
2380 4973 2521 5043 Quid
2563 4974 2731 5046 ergo?
2778 4974 3047 5046 Numquid
3077 4990 3263 5030 revera
3290 4974 3569 5030 christiani
3597 4975 3774 5032 nullas

2176 5067 2344 5137 ipsius
2373 5077 2613 5136 tempore
2633 5067 2895 5122 habebant
2919 5083 3101 5122 sacras
3130 5066 3309 5134 mdes,
3341 5067 3561 5128 domos,
3592 5066 3774 5123 eccle-

2173 5160 2304 5221 sias,
2336 5159 2448 5216 sive
2480 5160 2700 5230 templa,
2734 5160 2786 5214 in
2818 5160 3009 5230 quibus
3036 5175 3226 5216 omnes
3250 5159 3411 5215 simul
3442 5158 3771 5228 congregati,

2177 5254 2344 5311 Deum
2376 5253 2760 5323 precarentur?
2790 5252 3007 5309 Minime
3035 5253 3275 5325 quidem.
3304 5252 3437 5307 Nam
3467 5253 3649 5325 plures
3677 5250 3772 5306 ha-

2175 5348 2428 5412 buerunt,
2478 5360 2611 5416 quas
2655 5346 2944 5416 Apostolus
2974 5346 3254 5413 ecclesias,
3285 5342 3555 5402 Eusebius
3584 5359 3717 5401 vero
3753 5361 3768 5399 :

2173 5446 2590 5521 προσευκτηρίων
2621 5427 2739 5502 rei);
2764 5439 2952 5507 οἴκους,
2984 5441 3183 5508 domos,
3212 5441 3264 5495 in
3287 5440 3468 5511 quibus
3496 5438 3773 5511 precaban-

2175 5546 2275 5601 tur,
2329 5535 2556 5606 ipsemet
2586 5542 2762 5589 autem
2813 5533 3085 5590 Arnobius
3115 5533 3465 5590 conventicula
3496 5531 3774 5604 appellant

2170 5628 2376 5702 (Paul.,
2406 5623 2575 5697 Epist.
2620 5643 2659 5692 ι,
2688 5626 2757 5681 ad
2782 5624 2928 5695 Con,
2958 5642 3073 5698 cap.
3102 5642 3201 5695 xv,
3231 5642 3360 5681 vers.
3394 5622 3505 5691 15;
3554 5623 3768 5692 Euseb.,

2169 5723 2257 5780 lib.
2287 5734 2397 5791 vni,
2427 5718 2574 5779 Eccl.
2610 5716 2839 5789 Hirtam
2880 5736 2997 5793 cap.
3022 5721 3080 5791 2,
3109 5734 3228 5795 pag.
3258 5716 3402 5791 295;
3431 5718 3646 5789 Arnob.,
3674 5718 3770 5784 lib,
