3990 6072
116 148 135 172 ⁵
204 160 312 216 «193

1444 158 1511 218 ΙΝ
1548 160 1921 231 ΑΒΝΟΒΠΙΗ,
1961 164 2109 223 CAP.
2151 168 2222 223 Χ.

3372 179 3479 238 494

203 292 279 342 iv,
300 292 421 347 pag.
452 277 609 348 £59).-
634 277 744 335 Sed
771 279 889 335 haec
916 278 1010 335 ille
1030 280 1099 336 ab
1124 279 1356 336 ethnicis
1376 280 1573 349 diruta,
1602 297 1789 352 quem-
1815 280 1870 340 A
1894 284 2090 355 logesis
2120 286 2490 356 prosternendi
2515 296 2569 343 et
2604 286 2919 344 bumiliandi
2940 289 3174 347 hominis
3199 290 3481 362 disciplina
3544 364 3551 367 _

200 367 491 424 admodum
522 370 934 427 ehristianorum
965 372 1167 443 scripta
1197 372 1408 443 ignibus
1454 373 1578 428 data
1625 372 1789 431 fuisse

197 470 307 517 tam
329 478 537 526 amaro.
559 478 718 534 quam
742 479 898 534 aequo
927 463 1134 522 doloris
1151 480 1316 521 sensu
1337 466 1423 522 his
1442 466 1791 537 conqueritur

195 552 425 611 verbis:
462 575 482 609 α
514 554 709 612 Nostra
756 556 993 629 quidem,
1033 578 1052 609 i
1103 558 1178 613 ait
1222 559 1337 627 ille,
1394 578 1412 612 ‹
1443 561 1641 632 scripta
1691 576 1790 617 cur

193 647 412 719 ignibus
438 647 555 703 dari
579 650 928 707 meruerunt?
952 648 1061 707 Cur
1084 650 1391 708 immaniter
1417 651 1788 710 conventicula

190 738 361 807 dirui,
404 740 458 795 in
503 742 700 811 quibus
728 745 971 800 summus
997 755 1182 799 oratur
1212 744 1386 801 Deus?
1415 765 1434 799 ι
1468 735 1617 803 Sicut
1658 762 1787 818 ergo

188 837 372 893 nullus
395 836 568 907 potuit
589 852 821 908 unquam
846 852 1042 909 negare
1068 838 1392 894 christianos
1419 854 1517 895 sua
1540 840 1788 898 imbuisse

185 932 413 1003 scripta,
439 945 732 1003 sacrosque
752 931 945 988 divina:
969 934 1250 1004 scriptura:
1270 934 1457 1003 libros,
1487 935 1557 990 ita
1582 935 1787 991 inlicias

187 1041 351 1083 nemo
406 1027 486 1083 ire
537 1036 713 1096 potest
759 1043 853 1083 eos
902 1036 1028 1083 ante
1074 1028 1298 1084 Arnobii
1347 1037 1556 1099 tempus
1587 1038 1641 1084 et
1669 1030 1787 1098 ejus

185 1131 430 1192 tempore
452 1135 580 1176 suas
604 1120 858 1178 habuisse
881 1121 1158 1186 ecclesias.
1182 1122 1270 1179 vel
1299 1133 1357 1177 ut
1380 1123 1472 1178 ille
1499 1122 1640 1192 loqui
1674 1137 1786 1177 ma-

183 1212 305 1278 luit,
337 1215 713 1283 conventicula,
745 1215 836 1269 ubi
863 1214 933 1271 ab
961 1213 1194 1270 ethnicis
1223 1214 1497 1271 destructa
1527 1231 1633 1270 non
1664 1214 1784 1271 fue-

183 1317 328 1364 rant.
360 1306 438 1363 De
464 1316 646 1363 notata
690 1315 870 1363 autem
913 1306 982 1363 ab
1024 1322 1091 1363 eo
1137 1306 1329 1362 harum
1378 1307 1682 1368 eversione.
1733 1316 1786 1364 et

182 1414 463 1455 sacrorum
514 1400 776 1455 librorum
828 1400 1142 1456 incensione
1185 1415 1349 1472 supra
1391 1399 1785 1470 disputavimus

186 1492 398 1564 (Supra,
434 1509 554 1563 cap.
585 1494 641 1559 2,
670 1503 770 1548 art.
807 1494 860 1559 1,
893 1504 1014 1549 (om.
1057 1510 1094 1561 ι,
1124 1492 1405 1566 Apparat.,
1442 1511 1563 1566 pag.
1609 1494 1705 1551 751
1738 1504 1786 1549 et

179 1601 319 1656 ιαμ
350 1584 570 1641 Dissert.
595 1587 649 1641 in
677 1585 905 1652 Mirum,
946 1603 1062 1658 cap.
1095 1587 1184 1653 12,
1236 1598 1336 1642 art.
1384 1586 1464 1660 2).
1498 1587 1783 1643 Rationem

1892 388 1974 432 est
2006 377 2193 446 (Idem,
2247 380 2315 435 ib.
2345 381 2407 434 de
2442 379 2650 449 Paenit.,
2694 397 2810 453 cap.
2844 382 2922 452 9).
2957 404 2974 435 ι
3006 382 3111 439 Sed
3136 383 3246 454 jam
3277 400 3478 441 conce-

1890 471 2034 528 ditur
2065 473 2167 528 lioc
2195 472 2263 529 de
2290 474 2531 544 pluribus
2561 475 2870 531 christianis
2910 477 3342 548 intelligendum.
3367 477 3480 535 Nec

1889 566 2068 622 minus
2093 575 2298 622 certum
2331 568 2780 640 manifestumque
2805 579 2908 635 est,
2938 571 3083 641 quod
3111 571 3382 628 Arnobius
3407 572 3476 628 de

1890 659 2139 716 omnibus
2165 663 2463 732 generatim
2506 660 2642 717 dixit
2691 661 2999 719 cbristianis
3029 662 3280 734 (Arnob.,
3313 666 3403 721 lib.
3435 681 3475 730 ι,

1890 771 2012 826 pag.
2044 754 2159 826 15),
2201 756 2290 825 qui
2322 756 2376 811 in
2406 756 2696 828 synaxibus
2720 757 2831 812 suis
2858 756 3026 812 Deum
3068 760 3321 827 prostrati
3347 775 3473 829 pre-

1889 850 2166 916 cabantur,
2197 863 2259 905 ac
2284 849 2503 917 collatis,
2538 861 2597 905 ut
2624 850 2716 905 ille
2755 849 2847 915 ait,
2902 849 3131 921 precibus
3159 851 3475 907 adorabant.

1888 938 2076 995 Nonne
2118 940 2259 994 enim
2313 940 2396 995 hac
2446 940 2655 997 collata:
2704 955 2909 1011 praeces
2958 951 3111 1007 sunt,
3167 942 3234 997 de
3286 943 3479 1012 quibus

1888 1033 2013 1087 alibi
2064 1032 2425 1089 Tertullianus
2479 1051 2492 1087 :
2558 1053 2577 1085 ι
2634 1034 2860 1106 Corpus,
2927 1053 2946 1087 ι
3006 1035 3174 1105 inquit
3226 1033 3482 1108 (Tertul-

1890 1123 2040 1188 lian.,
2085 1123 2327 1195 ApOIOg.,
2380 1140 2495 1195 cap.
2539 1124 2631 1190 59,
2669 1142 2789 1197 pag.
2839 1125 2952 1195 54),
2990 1144 3010 1177 ‹
3047 1140 3231 1181 sumus
3255 1125 3325 1183 de
3348 1144 3479 1183 con-

1888 1216 2113 1271 scientia
2144 1216 2437 1287 religionis,
2470 1224 2525 1272 et
2552 1215 2851 1288 disciplina:
2876 1218 3106 1283 unitate,
3138 1226 3192 1273 et
3221 1217 3343 1275 ﬁdei
3374 1219 3476 1278 f0:-

1888 1308 2038 1365 dere.
2069 1308 2287 1366 Coimus
2315 1310 2383 1364 ad
2429 1310 2620 1379 Deum,
2670 1312 2822 1383 quasi
2853 1328 3012 1367 manu
3038 1311 3179 1368 facta
3212 1316 3477 1385 precatio-

1888 1402 2046 1457 nibus
2071 1401 2390 1457 ambiamus.
2421 1403 2547 1458 Htec
2576 1403 2658 1459 vis
2704 1404 2814 1461 Deo
2843 1416 2994 1476 grata
3021 1418 3104 1462 est
3125 1407 3153 1461 ἲ
3176 1426 3195 1459 ›
3230 1407 3301 1464 At
3328 1419 3477 1466 certe

1888 1495 1990 1552 hoc
2019 1498 2347 1567 precantium
2379 1497 2591 1568 agmine
2637 1507 2843 1569 gratam
2874 1499 2985 1555 Deo
3026 1501 3135 1555 vim
3186 1502 3473 1571 iaciebant,

1889 1596 1948 1642 ut
1966 1589 2034 1643 ab
2061 1589 2169 1656 illo,
2192 1589 2366 1660 inquit
2386 1588 2562 1644 adhuc
2587 1589 2856 1646 Arnobius
2886 1589 3099 1665 (Ibid.),
3119 1592 3473 1663 impetrarent

177 1694 397 1751 quoque
423 1680 546 1735 alibi
574 1679 906 1737 reddidimus
932 1696 1027 1737 cur
1053 1681 1324 1737 Arnobius
1343 1679 1503 1736 fateri
1534 1680 1779 1736 videatur
1807 1677 1856 1739 B
1882 1683 2184 1738 innocentia:
2216 1684 2528 1739 voluntatem
2557 1693 2606 1739 ct
2636 1683 2699 1739 ab
2730 1687 2870 1740 omni
2892 1686 3003 1742 labe
3036 1686 3336 1743 delictorum
3363 1705 3474 1745 om-

177 1772 358 1827 nullas
385 1771 553 1828 fuisse
581 1771 888 1828 cbristianis
926 1774 1202 1839 ecclesias,
1231 1775 1346 1830 sive
1371 1758 1538 1839 nulla,
1583 1788 1778 1845 quem-

176 1868 469 1925 admodum
500 1867 723 1936 ethnici,
781 1868 999 1939 templa,
1054 1870 1270 1925 tametsi
1311 1869 1661 1924 conventicula
1707 1867 1775 1923 ab

174 1960 283 2017 illis
311 1971 556 2018 extructa
595 1960 762 2017 fuisse
792 1961 1135 2033 apertissime
1163 1961 1422 2017 declaret.
1452 1961 1585 2017 Cum
1616 1976 1776 2016 nemo

172 2064 357 2110 autem
402 2068 547 2110 sanae
578 2055 779 2111 mentis
802 2054 962 2109 homo
1007 2054 1059 2109 id
1089 2054 1357 2127 denegare
1385 2062 1564 2126 queat,
1597 2053 1775 2110 nullus

174 2147 343 2202 etiam
397 2146 627 2202 inﬁciari
676 2156 853 2218 potest
903 2147 955 2201 in
1014 2148 1101 2203 his
1155 2146 1581 2209 conventiculis,
1637 2162 1774 2218 quo-

172 2254 409 2312 cumque
472 2241 688 2297 nomine
744 2241 1111 2312 appellentur,
1163 2250 1311 2297 actas
1354 2240 1774 2298 Christianorum

174 2348 435 2405 synaxes.

251 2426 313 2483 ln
361 2425 426 2482 iis
472 2440 602 2483 vero
650 2410 777 2498 quid
815 2434 1057 2499 agerent,
1108 2412 1155 2482 si
1200 2426 1339 2482 scire
1365 2414 1661 2494 desideres,
1694 2424 1777 2481 bis

174 2521 365 2591 accipe
388 2519 521 2591 ipsis
548 2520 789 2592 ejusdem
818 2504 1043 2576 Arnobii
1075 2518 1252 2576 verbis
1278 2537 1291 2573 :
1325 2538 1344 2571 ι
1369 2506 1623 2575 Summus
1650 2534 1775 2574 ora-

182 2628 271 2672 tur
301 2616 462 2681 Deus,
496 2630 599 2686 pax
626 2614 833 2671 cunctis
860 2625 914 2670 et
937 2614 1090 2671 venia
1122 2600 1424 2684 postulatur
1455 2613 1779 2683 magistrati-

177 2709 307 2775 bus,
335 2708 681 2776 exercitibus,
713 2692 947 2779 regibus,
990 2692 1364 2774 familiaribus,
1400 2706 1631 2762 inimicis
1659 2705 1779 2778 (Ar-

178 2803 331 2868 nob.,
357 2804 447 2858 tib.
477 2819 556 2871 iv,
590 2819 709 2875 pag.
746 2790 897 2874 152).
921 2800 1144 2858 Accedit
1166 2790 1522 2871 adstipulator
1544 2784 1779 2873 Cyrillus

179 2898 727 2967 Hierosolymitanus,
760 2898 849 2967 qui
877 2896 1037 2968 paulo
1061 2878 1232 2950 fusius
1261 2894 1398 2952 dixit
1424 2892 1625 2968 (ϐψ-ῆι.
1654 2893 1779 2948 Hie—

180 3008 414 3063 ronym.,
442 2992 638 3045 cateclt.
672 2974 731 3055 ὅ,
758 2980 1009 3060 Mystag.,
1040 3006 1158 3060 pag.
1187 2975 1311 3060 539)
1346 3007 1358 3042 :
1383 2989 1777 3064 Παρακαλοῦμεν

1880 1779 2445 1860 niunqpurgationem.

1950 1871 2067 1926 Non
2096 1871 2289 1925 mirum
2315 1886 2443 1941 ergo
2463 1870 2508 1925 si
2531 1870 2622 1927 ille
2642 1871 2817 1942 palam
2844 1882 3121 1930 asseveret
3143 1875 3279 1931 nihil
3314 1877 3475 1947 plane

1878 1966 1934 2021 in
1970 1964 2267 2037 synaxibus
2300 1964 2565 2031 auditum,
2593 1983 2611 2016 ι
2642 1965 2745 2020 nisi
2789 1966 2933 2036 quod
2973 1967 3241 2024 humanos
3284 1969 3470 2035 iaciat,

1880 2060 1981 2114 nisi
2012 2059 2153 2130 quod
2185 2058 2367 2125 mites,
2408 2058 2762 2125 verecundos,
2793 2060 3039 2130 pudicos,
3076 2072 3276 2127 castos,
3309 2062 3474 2117 fami-

1878 2152 2029 2207 liaris
2054 2152 2545 2208 communicatores
2569 2152 2669 2217 rei,
2690 2160 2886 2208 etcum
2909 2148 3160 2210 omnibus
3180 2154 3473 2210 consolidze

1877 2244 2674 2316 germanitatisnecessitudine
2693 2243 2995 2316 capulatos.
3023 2265 3043 2298 ›
3072 2244 3263 2320 (Idem,
3283 2247 3370 2302 lib.
3396 2263 3471 2317 iv,

1879 2355 2001 2409 pag.
2034 2337 2184 2410 152.)
2221 2337 2558 2409 Quapropter
2601 2338 2931 2409 Augustinus
2970 2339 3187 2395 brevius
3229 2340 3470 2412 quidem,
3505 2361 3508 2364 ’

1878 2430 1973 2487 sed
2016 2446 2122 2487 non
2166 2434 2345 2487 minus
2384 2431 2688 2487 luculenter
2726 2430 2896 2490 dixit:
2925 2451 2945 2485 ι
2972 2422 3164 2503 Populi
3193 2430 3475 2489 conﬂuunt

1879 2523 1948 2578 ad
2000 2523 2273 2581 Ecclesias
2325 2534 2474 2581 casta
2521 2512 2875 2594 celebritate,
2915 2526 3142 2582 honesta
3191 2529 3473 2599 utriusque

1879 2631 2041 2673 sexus
2079 2617 2431 2685 discretione,
2476 2617 2565 2672 ubi
2611 2616 2833 2673 audiant
2873 2634 3034 2687 quam
3084 2617 3225 2673 bene
3269 2617 3357 2673 hic
3402 2617 3471 2674 ad

1881 2719 2093 2781 tempus
2134 2712 2314 2767 vivere
2353 2710 2609 2773 debeant,
2656 2719 2714 2765 ut
2758 2719 2879 2781 post
2924 2709 3064 2766 banc
3104 2712 3267 2766 vitam
3312 2710 3471 2767 beate

1879 2816 2198 2874 semperque
2245 2790 2429 2858 vivere
2478 2813 2805 2858 mereantur.
2838 2823 2859 2857 ι
2886 2801 3152 2876 (August.,
3194 2803 3284 2858 lib.
3319 2820 3378 2871 tt,
3408 2805 3472 2883 de

1879 2895 2039 2962 civit.,
2067 2912 2183 2965 cap.
2215 2894 2308 2962 28,
2340 2911 2462 2966 pag.
2484 2884 2600 2968 57.)
2628 2892 2734 2950 Sed
2760 2890 2829 2951 de
2856 2894 2965 2961 liis,
2992 2912 3111 2966 quae
3140 2896 3192 2951 in
3220 2896 3472 2955 christia-

1880 3002 2070 3042 norum
2112 2986 2405 3057 synaxibus
2452 2986 2769 3058 agebantur,
2822 2984 2951 3044 alibi
2992 2986 3372 3058 disseruimus,
3418 2999 3475 3046 et

175 3086 262 3141 τὸν
298 3087 404 3141 θεὸν
428 3084 560 3157 ὑπὲρ
586 3092 753 3145 κοινῆς
777 3090 878 3139 τῶν
905 3072 1203 3142 Ἐκκληᾱιῶν
1232 3085 1432 3159 εἰρήνης
1458 3124 1473 3149 ,
1504 3082 1636 3160 ὑπὲρ
1684 3091 1776 3144 τῆς

1882 3078 1997 3138 ιιωο
2037 3083 2216 3137 omnia
2248 3082 2315 3136 ab
2346 3080 2584 3137 Arnobio
2614 3090 2935 3150 memorata,
2975 3084 3177 3140 clarius
3207 3084 3385 3141 adhuc
3416 3087 3470 3141 in

175 3185 270 3235 τοῦ
298 3179 511 3251 κόσμου,
524 3177 843 3241 εὐσταθείας,
875 3158 1007 3252 ὖπέρ
1038 3174 1309 3247 βασιλέων,
1348 3174 1479 3250 ὑπὲρ
1523 3194 1775 3251 στρατιω·

172 3282 301 3341 τῶν,
328 3276 419 3329 καὶ
440 3264 757 3345 συμμάχων,
788 3270 920 3344 ὑπὲρ
946 3276 1045 3325 τῶν
1078 3271 1129 3324 ἐὺ
1170 3252 1468 3332 ἀσθενείαις,
1508 3268 1640 3343 ὑπὲρ
1674 3274 1772 3321 τῶν

174 3353 632 3439 καταπονουμένων
649 3406 666 3432 ,
702 3368 788 3422 καὶ
813 3363 1146 3430 ἁπαξαπλῶς,
1170 3362 1302 3440 ὑπὲρ
1323 3364 1525 3418 πάππων
1542 3361 1774 3433 βοηθείας

174 3459 446 3533 Scopinas.
474 3477 493 3512 ι
513 3458 870 3514 Obsecremus
896 3452 1064 3510 Deum
1090 3471 1185 3525 pro
1211 3453 1485 3510 communi
1508 3452 1775 3509 Ecclesia-

175 3570 301 3611 rnm
326 3567 484 3623 pace,
507 3552 607 3624 pro
629 3548 1019 3619 tranquillitate
1048 3546 1257 3615 mundi,
1281 3561 1380 3619 pro
1401 3548 1641 3619 regibus,
1676 3561 1774 3618 pro

174 3644 469 3712 militibus,
496 3659 596 3716 pro
625 3636 809 3708 sociis,
845 3656 940 3712 pro
971 3642 1208 3713 aegrotis,
1246 3656 1343 3713 pro
1368 3632 1604 3708 afﬂictis,
1634 3647 1690 3696 et
1718 3640 1771 3695 in

175 3755 390 3798 summa
416 3754 514 3810 pro
541 3737 607 3793 iis
645 3724 917 3804 omnibus,
966 3735 1062 3807 qui
1102 3744 1261 3807 egent
1302 3734 1523 3790 auxilio.
1555 3753 1576 3788 ι
1611 3733 1775 3799 Addit

175 3820 271 3891 ille
301 3838 492 3890 omnes
520 3818 845 3887 christianos
892 3828 1003 3885 tum
1034 3844 1217 3885 orasse
1259 3818 1607 3901 patriarchas,
1642 3834 1771 3900 pro-

174 3924 396 3997 phetas,
422 3914 696 3996 apostolos
719 3924 772 3979 et
802 3922 1092 3996 martyres,
1118 3931 1177 3977 ut
1203 3922 1268 3979 iis
1293 3921 1767 3990 intercedentibus,

177 4019 325 4077 Deus
352 4012 567 4075 illorum
596 4018 880 4074 exaudiret
909 4022 1120 4088 preces,
1154 4024 1208 4073 et
1238 4017 1560 4074 concederet
1588 4028 1773 4086 postu-

177 4098 308 4168 lata.
351 4102 459 4168 Sed
501 4110 683 4167 dehis
710 4111 862 4182 plura
914 4118 1039 4166 ante
1085 4113 1372 4181 utrumque
1411 4109 1773 4166 Tertullianus

177 4216 238 4260 ut
286 4219 387 4262 suo
436 4192 557 4263 loco
598 4203 900 4261 videbimus
954 4198 1332 4275 (Tertullian.,
1361 4202 1604 4277 Apolog,
1654 4219 1766 4274 cap.

188 4468 197 4477 ν
249 4386 395 4462 Quid
440 4402 621 4448 autem
648 4432 663 4457 ,
711 4392 886 4463 quove
914 4392 1019 4447 ritu
1064 4402 1138 4447 et.
1166 4400 1318 4447 more
1371 4379 1445 4445 ibi
1496 4389 1774 4447 citrisﬁani

1878 3186 2061 3232 nostra
2087 3175 2152 3231 de
2173 3168 2495 3231 Tertulliani
2519 3170 2873 3246 Apologetico
2896 3176 3279 3235 dissertatione
3300 3180 3469 3251 expli.

1876 3269 2144 3326 cabuntur
2193 3268 2342 3343 (tom.
2375 3286 2412 3325 ι.
2455 3264 2708 3342 Apparat.
2741 3287 2861 3343 pag.
2893 3271 2967 3327 25
2995 3280 3043 3327 et
3079 3270 3218 3341 4M;
3251 3268 3465 3331 Dium.

1874 3366 1930 3420 in
1956 3362 2261 3421 Tertullian.
2289 3380 2404 3435 cap.
2441 3360 2530 3430 15,
2559 3373 2660 3417 art.
2692 3362 2729 3417 2'
2756 3372 2805 3418 et
2831 3362 3019 3437 seqq.).

2470 3490 2761 3533 ARTICULUS
2799 3492 2878 3532 111.

2123 3611 2201 3664 De
2223 3614 2596 3665 ciu-istiaan
2620 3614 2855 3677 precibus
2874 3622 2962 3678 pro
2984 3617 3209 3667 mortuis.

1946 3734 2241 3798 Christiani
2283 3742 2456 3798 sacris
2492 3741 2607 3798 suis
2639 3739 2693 3798 in
2725 3744 3019 3816 synaxibus
3051 3742 3222 3801 Deum
3254 3744 3466 3817 publice

1875 3849 1980 3888 non
2024 3833 2199 3888 solum
2240 3849 2339 3905 pro
2378 3833 2517 3890 vivis
2545 3834 2855 3891 hominibus
2884 3836 3133 3906 orabant,
3165 3838 3263 3895 sed
3301 3841 3464 3896 etiam

1874 3941 1973 3997 pro
2004 3926 2250 3982 mortuis.
2282 3918 2342 3983 in
2382 3916 2449 3983 iis
2480 3928 2749 3999 siquidem
2779 3949 2799 3983 ι
2828 3944 3095 3999 summus,
3124 3951 3144 3985 ι
3174 3933 3248 3988 ait
3286 3933 3462 3990 Arno-

1873 4014 1994 4076 bius
2021 4018 2259 4093 (Arnob.,
2285 4021 2373 4075 lib.
2404 4038 2478 4087 tv,
2506 4038 2629 4095 pag.
2657 4022 2809 4097 152),
2839 4045 2857 4076 ε
2887 4034 3071 4079 aratur
3092 4016 3255 4089 Deus,
3283 4041 3384 4096 pax
3408 4037 3464 4083 et

1875 4112 2035 4169 venia
2064 4108 2505 4184 postulatur......
2534 4108 2713 4170 adhuc
2736 4116 2899 4170 vitam
2927 4116 3266 4187 degentibus,
3297 4126 3354 4174 et
3378 4133 3464 4173 re-

1873 4207 2063 4265 solutis
2090 4218 2376 4278 corporum
2406 4208 2699 4266 vinctione.
2731 4230 2751 4264 »
2779 4209 2910 4265 Tam
2955 4212 3239 4282 perspicua
3279 4223 3460 4270 autem

1872 4315 2238 4371 expressaque
2266 4312 2393 4357 sunt
2421 4302 2538 4358 brec
2576 4303 2761 4371 verba,
2804 4312 2863 4363 ut
2901 4302 3215 4362 heterodoxi
3244 4305 3461 4378 quidam

1874 4411 2065 4452 eorum
2105 4394 2456 4469 splendorem
2497 4396 2840 4455 dissimulare
2875 4414 2983 4455 non
3025 4400 3317 4470 potuerint.
3354 4396 3461 4456 Vc-

178 4473 350 4542 Deum
400 4480 769 4557 precarentur,
811 4484 890 4540 sic
944 4484 1213 4540 Arnobius
1255 4483 1485 4555 cxpliéat
1529 4502 1543 4539 :
1589 4473 1995 4544 (HuicDrum
2038 4504 2145 4561 quo
2183 4490 2354 4560 magis
2392 4488 2539 4545 clara
2576 4499 2723 4557 sunt,
2767 4505 2833 4547 eo
2868 4491 3040 4562 magis
3077 4501 3251 4547 atram
3296 4492 3460 4548 bilem

177 4588 372 4637 omnes
397 4594 459 4635 ex
492 4595 645 4635 more
674 4578 1085 4649 prosternimus,
1118 4570 1261 4634 hunc
1288 4578 1496 4633 collatis
1522 4578 1773 4650 precibus

177 4672 508 4729 adoramus:
536 4660 604 4729 ab
647 4670 749 4730 hoc
791 4672 955 4743 jnsta,
1000 4678 1056 4728 et
1101 4670 1285 4727 auditu
1340 4673 1459 4741 ejus
1507 4672 1771 4742 condigna

175 4756 547 4840 deposcimus.
592 4764 712 4824 Non
742 4784 851 4840 quo
880 4764 1153 4824 desideret
1190 4764 1460 4838 supplices
1501 4782 1600 4821 nos
1626 4782 1768 4833 esse,

175 4869 277 4916 aut
300 4872 446 4917 amet
472 4858 739 4919 substerni
770 4871 848 4917 tot
875 4858 1099 4917 millium
1132 4862 1532 4917 venerationem
1564 4858 1765 4917 videre.

180 4946 397 5013 Utilitas
424 4952 541 5011 haec
572 4966 752 5012 nostra
782 4964 895 5024 est,
928 4958 982 5012 et
1008 4956 1277 5012 commodi
1309 4956 1476 5011 nostri
1506 4956 1767 5010 rationem

174 5057 432 5119 spectans
463 5038 702 5120 (Arnob.,
734 5040 823 5103 lib.
873 5064 911 5116 ι,
956 5066 1076 5120 pag.
1108 5036 1175 5103 11
1206 5050 1251 5103 et
1277 5046 1461 5122 seqq.).
1504 5069 1527 5102 ι
1556 5048 1771 5103 Tertul.

177 5139 363 5196 lianus
392 5140 544 5207 vero,
571 5132 665 5195 ubi
711 5130 969 5196 adversus
998 5132 1282 5196 Marcionis
1311 5141 1378 5196 de.
1423 5140 1630 5196 duobus
1669 5132 1770 5195 diis

177 5250 425 5290 errorem
447 5234 666 5290 dimicat
696 5252 709 5288 :
746 5253 765 5287 ‹
794 5235 850 5289 1η
873 5235 1130 5302 alienum,
1162 5254 1182 5287 ι
1209 5235 1383 5307 inquit
1411 5234 1769 5306 (Tertullian.,

178 5320 334 5392 (56.1,
365 5327 482 5382 adv.
518 5320 711 5393 Mora,
750 5332 865 5399 cap.
894 5324 1012 5398 24),
1049 5346 1068 5379 ι
1097 5329 1295 5385 etclam
1327 5326 1419 5383 a‘lii
1450 5331 1561 5383 Deo
1581 5336 1770 5385 exten-

177 5416 350 5485 dltur,
376 5421 429 5475 in‘
456 5419 631 5475 aliena
653 5422 795 5476 terra
818 5420 907 5476 alii
935 5410 1046 5477 Deo
1072 5422 1352 5479 slernitor.
1384 5443 1404 5475 ι
1435 5407 1601 5478 Nobis
1625 5430 1772 5478 certe

177 5512 331 5573 dicet.
349 5502 672 5607 aliquislioc
696 5518 939 5574 ultimum
966 5520 1184 5576 verbum
1204 5520 1465 5586 sternitur,
1499 5536 1528 5575 a
1554 5519 1776 5592 quibus-

180 5610 313 5666 dau‘i
363 5607 433 5664 de
475 5606 738 5679 publicam
784 5606 1156 5680 paenitentiam
1188 5608 1469 5684 agentibus
1498 5614 1772 5684 explicari,

173 5704 333 5777 juxta
366 5690 498 5760 illud
525 5698 767 5777 ejusdem
816 5696 1135 5763 Tertulliani
1181 5696 1399 5766 effatum
1430 5723 1444 5764 :
1480 5714 1499 5761 ι
1536 5696 1773 5765 Exomo-

1872 4580 1992 4637 aliis
2020 4592 2328 4650 moverunt,
2361 4583 2454 4654 qui
2484 4583 2687 4654 optime
2716 4584 2898 4641 vident
2927 4586 3052 4642 inde
3076 4585 3217 4642 haud
3248 4588 3459 4643 incerto

1872 4679 2050 4750 colligi
2082 4674 2298 4750 aliquod
2334 4694 2455 4735 esse
2483 4681 2853 4750 purgatorium,
2887 4680 3001 4736 sive
3032 4681 3290 4753 aliquem,
3320 4696 3456 4752 quo-

1872 4770 2004 4829 libet
2029 4770 2247 4826 nomine
2279 4780 2523 4838 vocetur,
2552 4772 2751 4837 locum,
2786 4771 2874 4825 tibi
2908 4772 3251 4827 morientium
3274 4772 3452 4842 justo-

1874 4875 1991 4915 rum
2016 4864 2232 4927 animm,
2256 4863 2574 4935 quibusdam
2608 4863 2870 4920 leviorum
2901 4872 3239 4935 peccatorum
3269 4879 3456 4919 macu-

1871 4954 1937 5011 lis
1985 4958 2347 5028 coinquinatae
2397 4967 2710 5029 purgantur.
2760 4957 3119 5026 Quantumvis
3168 4960 3350 5012 tamen
3400 4955 3458 5013 lti

1872 5046 2125 5105 dentibus
2164 5050 2470 5119 frendeant,
2506 5067 2804 5123 omnesque
2831 5047 3124 5105 adhibeant
3155 5046 3454 5114 machinas,

1873 5146 2144 5215 nunquam
2186 5161 2318 5202 sane
2362 5144 2583 5201 Arnobii
2612 5143 2984 5200 auctoritatem
3014 5136 3320 5198 elevabant.
3353 5142 3459 5199 Cur

1872 5237 2036 5301 enim,
2070 5228 2261 5292 amabo
2301 5240 2376 5304 te',
2409 5238 2596 5293 harum
2642 5242 2887 5307 precum,
2926 5242 3061 5307 quas
3092 5236 3204 5302 ille,
3234 5235 3458 5291 minime

1871 5330 2152 5385 diminutis
2173 5332 2475 5401 argumenti
2498 5332 2578 5385 sui
2604 5330 2829 5397 viribus,
2861 5330 3278 5399 prm'termittere
3306 5338 3460 5400 pole-

1872 5433 1975 5491 rat,
1999 5423 2326 5481 mentionem
2356 5424 2518 5480 facit?
2543 5425 2653 5481 Cur
2679 5440 2769 5478 eas
2810 5424 3041 5480 ethnicis
3072 5432 3177 5480 tam
3207 5424 3463 5481 audacter

1873 5518 2128 5589 obiectat,
2162 5520 2265 5575 nisi
2297 5520 2421 5592 quia
2462 5526 2610 5575 certo
2639 5517 2840 5574 certius
2878 5524 3120 5579 noverat,
3156 5518 3458 5587 antiquum,

1875 5620 2237 5675 communem,
2276 5622 2339 5667 ac
2378 5612 2523 5683 pium
2563 5612 2730 5667 fuisse
2764 5612 3187 5670 cliristianorum
3222 5622 3467 5677 morem;

1875 5712 1984 5781 duo
2012 5706 2182 5766 Deum
2204 5718 2304 5779 pro
2323 5705 2551 5765 marinis
2570 5703 2882 5766 hominibus
2900 5714 3060 5766 orare
3078 5698 3367 5762 solebant?
