3990 6072
515 224 622 282 493

1762 217 2212 278 DISSERTATIO
2251 211 2531 276 PRIEVIA

3683 214 3787 271 496

590 340 658 395 Et
688 353 815 394 vero
849 337 953 392 hoc
981 335 1399 393 christianorum
1429 333 1668 390 Arnobio
1716 335 2092 405 coaequalium,

2213 355 2284 396 re;
2326 337 2469 406 ἡμεῖς
2499 335 2628 410 ὑπὲρ
2672 333 2902 397 πάντων,
2933 331 3110 392 ἁπλῶς
3142 340 3240 386 τῶν
3269 332 3318 386 ἐν
3370 333 3490 402 ἡμῖν
3518 351 3790 407 «pensitat-

517 445 680 506 atque
710 433 1069 502 antiquiorum
1110 429 1411 486 institutum
1453 444 1767 501 moremque
1804 429 1969 485 fuisse
1995 445 2099 486 non

515 526 688 582 solum
720 525 1014 595 scriptores
1043 522 1281 578 Arnobio
1332 530 1489 577 aetate
1519 537 1693 592 pares,
1726 537 1908 578 verum
1939 523 2100 578 etiam

515 617 826 688 superiores
871 617 961 671 alii
1015 614 1252 687 plurimi,
1310 614 1454 686 iique
1499 617 1646 670 omni
1694 615 1799 671 ﬁde
1845 615 2098 686 majores,

514 711 854 781 apertissime
907 709 1282 766 testiﬁcantur.
1327 707 1458 762 Nam
1502 707 1867 764 Tertullianus
1917 717 2102 763 contra

513 803 755 874 bigamos
799 801 916 857 hmo
954 802 1142 858 scribit
1180 803 1233 876 in
1274 801 1440 858 verba
1481 819 1493 855 :
1529 821 1546 853 ι
1595 801 1777 872 Neque
1821 801 2106 872 pristinam

513 912 738 953 uxorem
767 883 968 966 poteris
1021 898 1225 965 odisse,
1266 898 1352 954 cui
1387 898 1550 954 etiam
1582 898 1973 969 religiosiorem
2019 913 2106 953 re-

511 1005 697 1045 servas
726 991 1088 1059 ail'ectionem,
1122 1002 1181 1048 ut
1211 993 1322 1062 jam
1359 1001 1592 1061 receptae
1619 991 1759 1062 apud
1794 991 2103 1057 Dominum,

509 1099 612 1154 pro
632 1084 786 1156 cujus
809 1085 1004 1153 spiritu
1035 1086 1291 1155 postulas,
1319 1100 1416 1155 pro
1443 1100 1545 1154 qua
1573 1084 1873 1140 oblationes
1899 1099 2105 1139 annuas

512 1176 720 1232 reddis.
755 1196 773 1228 ι
804 1175 1162 1245 (Tertullian.,
1196 1176 1285 1230 lib.
1321 1175 1382 1230 de
1422 1174 1647 1230 Exhort.
1677 1178 1868 1240 castit.,
1895 1191 2012 1244 cap.
2043 1190 2099 1240 ll,

511 1288 635 1342 pag.
667 1269 821 1343 671.)
863 1271 1070 1327 Rursus
1112 1280 1290 1326 autem
1326 1270 1572 1341 sequenti
1617 1269 1796 1325 libro:
1830 1288 1848 1320 ‹
1883 1268 2045 1336 Uxor,
2079 1287 2097 1319 ›

510 1366 882 1437 ἱιιίιυὶι,‹ριό
934 1365 1112 1420 anima
1167 1365 1268 1419 viri
1322 1364 1406 1419 sui
1463 1373 1602 1427 orat,
1659 1373 1712 1419 et
1766 1361 2103 1432 refrigerium

508 1455 729 1513 interim
761 1457 1070 1528 adpostulat
1093 1457 1164 1523 ei,
1199 1466 1255 1512 et
1280 1457 1332 1510 in
1364 1458 1534 1526 prima
1559 1456 1956 1512 resurrectione
1975 1471 2104 1510 con-

511 1552 763 1623 sortium,
794 1561 848 1607 et
881 1550 1040 1606 oﬂ‘ert
1078 1550 1273 1605 annuis
1303 1550 1492 1605 diebus
1531 1549 1873 1605 dormitionis
1910 1548 2046 1619 ejus.
2079 1567 2098 1600 ι

512 1645 707 1718 (Idem,
739 1647 827 1701 lib.
858 1646 921 1700 de
951 1645 1190 1715 Monog.,
1224 1662 1341 1715 cap.
1375 1645 1465 1710 10,
1500 1661 1619 1716 pag.
1651 1642 1804 1714 68‘2.)

583 1739 693 1794 Nec
720 1747 804 1795 est
829 1753 962 1794 sane
990 1738 1134 1810 quod
1167 1738 1322 1792 nobis
1350 1736 1717 1792 heterodoxus
1745 1736 1940 1806 aliquis
1962 1735 2101 1806 obji-

511 1835 617 1890 ciat
665 1833 1079 1899 Tertullianum,
1121 1848 1244 1888 cum
1287 1830 1386 1886 hos
1431 1831 1598 1886 libros
1644 1829 1984 1896 conﬁciebat,
2036 1827 2104 1885 ad

510 1928 890 1984 haereticorum
915 1926 1026 1997 jam
1056 1937 1237 1997 partes
1259 1924 1545 1989 defecisse,
1574 1934 1735 1995 atque
1757 1939 1823 1980 ex
1853 1924 2104 1980 Montano

509 2022 651 2076 hanc
675 2019 943 2076 delibasse
974 2019 1297 2074 doctrinam.
1323 2019 1620 2074 Enimvero
1650 2027 1936 2090 antequam
1966 2017 2104 2073 hanc

504 2115 560 2170 in
610 2114 859 2170 haeresim
903 2113 1186 2184 prolapsus
1233 2122 1398 2178 esset,
1449 2127 1632 2167 sacros
1682 2112 2104 2168 Christianorum

510 2211 647 2266 ritus
684 2210 926 2266 breviter
964 2207 1320 2274 recensendo,
1349 2206 1538 2263 eadem
1569 2221 1790 2277 prorsus
1818 2206 2105 2263 tradidisse

509 2304 748 2374 legitur:
780 2320 798 2353 ι
827 2300 1159 2364 Oblationes,
1192 2319 1212 2352 ›
1244 2299 1417 2369 inquit
1452 2298 1644 2370 (Idem,
1677 2299 1794 2364 lib.,
1824 2299 1886 2354 de
1913 2297 2102 2354 Coron.

510 2399 688 2464 milit.,
719 2413 836 2466 cap.
870 2395 952 2466 5),
983 2415 1002 2447 ι
1031 2410 1128 2466 pro
1156 2392 1446 2460 defunctis,
1488 2407 1584 2463 pro
1624 2392 1884 2447 natalitiis
1928 2408 2104 2447 annua

511 2491 600 2548 die
642 2490 889 2546 facimus.
921 2507 940 2541 ι
972 2487 1203 2543 Tantum
1234 2488 1395 2558 igitur
1433 2486 1608 2550 abest,
1640 2495 1702 2541 ut
1742 2486 2103 2542 heterodoxo-

508 2604 629 2644 rum
660 2585 1017 2656 responsione
1045 2581 1306 2638 inﬁrmari
1339 2581 1511 2651 possit
1540 2581 1684 2636 illius
1713 2580 1781 2636 de
1813 2580 1896 2635 his
1924 2581 2103 2651 preci-

510 2681 612 2739 bus
651 2680 1052 2745 testimoninm;
1084 2677 1211 2748 quin
1255 2675 1434 2748 potius
1475 2675 1599 2731 inde
1639 2675 1853 2745 plenius
1883 2675 2106 2730 demon-

509 2786 714 2833 stretur
741 2776 845 2831 hoc
873 2773 1040 2830 fuisse
1063 2783 1169 2827 tam
1193 2771 1596 2836 haereticorum,
1625 2787 1785 2842 quam
1813 2770 2106 2826 catholico-

512 2887 633 2928 rum
660 2877 939 2933 constans,
967 2877 1283 2937 certumque
1313 2865 1715 2920 documentum.

584 2962 1007 3034 Antiquissimus
1027 2976 1159 3016 vero
1183 2957 1643 3014 Constitutionnm
1673 2958 2104 3029 Apostolicarum

512 3067 700 3114 auctor
738 3055 1064 3112 christianos
1105 3054 1171 3108 ad
1216 3054 1385 3110 Deum
1429 3069 1528 3125 pro
1573 3055 1803 3109 mortuis
1848 3052 2106 3108 fratribus

511 3153 624 3208 suis
644 3149 908 3207 orandum
934 3150 1014 3206 sic
1033 3148 1350 3204 hortabatur
1375 3167 1387 3203 :
1418 3167 1436 3200 ‹
1470 3148 1574 3204 Pro
1598 3147 1856 3204 fratribus
1879 3147 2100 3215 nostris,
2132 3173 2177 3235 ρ

513 3247 604 3318 qui
654 3247 706 3301 in
755 3243 976 3301 Christo
1023 3244 1404 3316 requieverunt
1443 3258 1682 3309 oremus,
1726 3252 1784 3297 ut
1826 3242 2104 3296 hominum

515 3355 704 3396 amans
731 3339 892 3405 Deus,
917 3338 1008 3408 qui
1034 3339 1269 3392 animam
1298 3336 1538 3392 defuncti
1563 3337 1816 3407 suscepit,
1844 3336 1890 3390 ei
1922 3335 2107 3390 remit-

517 3441 596 3488 tat
618 3447 780 3487 omne
802 3442 1078 3502 peccatum
1103 3430 1463 3485 voluntarium
1492 3445 1555 3485 ac
1577 3446 1681 3484 non
1706 3427 2102 3494 voluntarium;

515 3535 573 3586 et
613 3525 876 3598 propitius
913 3524 1262 3592 clemensque
1291 3523 1485 3588 factus,
1527 3523 1754 3578 collocet
1785 3538 1906 3576 eum
1939 3523 1991 3577 in
2023 3537 2108 3576 re-

514 3620 675 3692 gione
699 3619 932 3690 piorum,
955 3617 1351 3687 quiescentium
1375 3617 1427 3670 in
1450 3615 1570 3670 sinu
1592 3615 1907 3682 Abrahami,
1937 3615 2108 3671 lsaaci

515 3721 573 3768 et
597 3711 780 3766 Jacobi
803 3726 923 3766 cum
947 3709 1219 3775 omnibus,
1244 3709 1389 3780 quia
1413 3708 1612 3763 saeculo
1648 3709 1965 3778 placuerunt
1999 3706 2107 3763 Deo

516 3822 586 3862 ac
629 3802 745 3876 ejus
790 3805 1122 3861 voluntatem
1174 3806 1446 3872 fecerunt,
1498 3803 1639 3859 unde
1683 3803 1888 3874 aufugit
1927 3802 2104 3870 dolor,

516 3899 731 3956 tristitia
778 3907 833 3954 et
886 3897 1138 3970 gemitus.
1185 3917 1203 3950 ι
1253 3896 1492 3968 (Constit.
1543 3896 1799 3967 Apostol.,
1849 3896 1936 3950 lib.
1994 3911 2107 3962 vnt,

517 4009 637 4063 cap.
668 3993 738 4049 40
772 4001 819 4046 et
857 3989 951 4058 4i,
990 4008 1111 4062 pag.
1159 3991 1261 4047 769
1299 4001 1346 4044 et
1385 3989 1547 4063 seqq.)
1593 3990 1798 4046 Deinde
1837 4007 1966 4046 vero
1996 3989 2112 4046 vult

517 4086 660 4142 diem
697 4085 767 4140 ab
807 4100 995 4140 eorum
1035 4093 1209 4140 ntorte
1254 4085 1491 4151 tertium,
1535 4101 1760 4154 nonum,
1805 4086 2108 4158 quadrage-

518 4180 747 4247 simum,
806 4185 861 4236 et
903 4178 1334 4236 anniversarium
1393 4180 1526 4236 fusis
1581 4180 1829 4237 similiter
1859 4181 2110 4253 precibus

519 4273 782 4330 celebrari
795 4315 808 4329 .

593 4366 865 4425 Praeterea
907 4367 1206 4441 Cyprianus
1246 4367 1312 4425 ad
1360 4367 1683 4425 lt‘urnitanos
1727 4368 1843 4426 haec
1881 4371 2106 4427 scribit:

529 4479 550 4515 ι
578 4459 733 4529 Quod
765 4460 1004 4532 episcopi
1034 4472 1406 4517 antecessores
1449 4461 1620 4517 nostri
1662 4473 2009 4530 censuerunt,
2043 4478 2113 4517 ne

2205 428 2455 498 μημένων,
2489 428 2732 499 μεγίστην
2762 420 2930 482 ὄνησιν
2959 426 3285 486 πιστεύοντες
3319 423 3524 481 ἔσεσθαι
3551 433 3665 484 ταῖς
3688 423 3792 496 ψυ-

2204 527 2348 589 χαῖς,
2380 520 2510 591 ὑπὲρ
2543 515 2608 571 ὧν
2637 515 2808 579 δέησις
2853 519 3152 594 ἀναφέρεται
3181 526 3270 577 τῆς
3297 516 3465 592 ἁγίας,
3496 521 3582 573 καὶ
3607 539 3796 594 φρικω-

2204 608 2454 670 sea-rem,—
2508 610 2837 687 προκειμένης
2886 611 3085 669 θυσίας.
3151 606 3410 678 Rogamus
3474 625 3644 663 omnes
3701 625 3795 680 pro

2205 702 2460 767 omnibus,
2491 703 2579 772 qui
2603 701 2735 755 inter
2759 717 2852 755 nos
2881 702 2984 754 vita
3018 701 3180 771 functi
3207 710 3346 768 sunt,
3369 703 3650 756 maximum
3690 719 3798 758 esse

2205 798 2462 852 credentes
2493 797 2785 850 animarum
2802 795 3066 867 juvamen,
3103 811 3195 866 pro
3221 795 3402 865 quibus
3429 794 3645 862 offertur
3674 812 3794 864 pre-

2205 893 2337 946 catio
2371 891 2535 947 sancti
2573 891 2713 945 illius
2753 899 2799 944 et
2837 889 3104 954 tremendi,
3137 888 3271 959 quod
3310 889 3363 942 in
3393 888 3546 942 altari
3575 890 3798 957 positum

2209 993 2302 1050 est,
2333 984 2596 1052 sacriﬁcii.
2620 983 2692 1037 At
2713 983 2828 1037 haec
2856 982 3042 1054 Cyrilli
3067 981 3231 1036 verba
3260 981 3442 1036 citavit
3470 981 3797 1049 Eustratins,

2207 1077 2820 1149 Constantinopolitanae
2865 1074 3129 1130 Ecclesiae
3173 1073 3477 1146 presbyter,
3528 1076 3582 1129 in
3634 1074 3800 1142 libro,

2206 1189 2365 1243 quem
2423 1173 2567 1227 circa
2622 1170 2859 1227 medium
2916 1169 3169 1225 saeculum
3226 1177 3436 1224 sextum
3485 1169 3552 1224 de
3605 1168 3802 1226 iisdem

2208 1267 2626 1323 Christianorum
2669 1265 2922 1336 precibus
2961 1281 3058 1335 pro
3093 1263 3318 1319 mortuis
3357 1265 3679 1335 composuit,
3712 1264 3805 1321 ubi

2209 1358 2307 1414 has
2348 1359 2589 1430 aliasque
2629 1358 2837 1430 Cyrillo‘
2858 1358 3088 1414 asseruit
3115 1357 3450 1413 catecheses.
3483 1357 3616 1426 Quis
3645 1373 3802 1429 ergo,

2209 1456 2403 1511 auditis
2422 1457 2571 1510 hisce
2591 1455 2734 1509 illius
2759 1453 2958 1520 verbis,
2986 1468 3093 1508 non
3114 1451 3396 1508 mirabitur
3419 1461 3804 1522 protestantes,

2207 1551 2299 1621 qui
2341 1550 2483 1606 serio
2527 1547 2860 1620 respondent
2902 1548 3048 1602 fusas
3096 1548 3226 1603 olim
3273 1562 3303 1601 a
3356 1546 3663 1602 christianis
3703 1548 3809 1602 has

2209 1658 2397 1712 preces
2425 1644 2476 1698 in
2504 1642 2648 1713 ﬁdei,
2675 1644 2814 1712 spei,
2843 1650 2898 1697 et
2922 1640 3202 1697 cbaritatis
3229 1650 3510 1704 tesseram,
3537 1656 3642 1696 non
3673 1655 3808 1695 vero

2136 1775 2183 1834 Β
2210 1736 2261 1792 in
2307 1736 2606 1793 subsidium
2651 1736 2977 1804 animarum,
3019 1751 3082 1791 ac
3123 1735 3261 1807 ignis
3309 1735 3604 1807 purgatorii
3644 1735 3810 1791 refri-

2210 1832 2459 1904 geriem?

2279 1926 2461 1982 Mirari
2509 1927 2671 1984 etiam
2711 1927 2843 1983 satis
2871 1939 2978 1982 non
3010 1940 3298 1997 possumus
3323 1925 3804 1992 Elmenhorstiuut,

2209 2021 2300 2092 qui
2342 2021 2397 2076 in
2437 2022 2549 2077 suis
2591 2021 2659 2077 ad
2701 2022 2843 2078 hunc
2871 2021 3098 2078 Arnobii
3129 2022 3298 2077 nostri
3328 2021 3506 2076 locum
3549 2021 3809 2076 observa—

2209 2113 2443 2170 tionibus
2494 2113 2749 2171 audacter
2790 2123 3068 2171 asseverat
3108 2114 3465 2185 Augustinum
3508 2114 3560 2168 in
3601 2129 3700 2169 suo
3747 2115 3814 2168 dc

2210 2207 2346 2262 Cura
2374 2210 2596 2281 gerenda
2638 2226 2732 2280 pro
2773 2211 2986 2265 mortuis
3032 2208 3172 2266 libro
3212 2211 3441 2281 ingenue
3478 2209 3634 2265 fateri
3676 2224 3813 2264 con-

2209 2310 2394 2374 ceptas
2425 2319 2522 2374 pro
2562 2305 2789 2360 mortuis
2822 2318 3012 2375 preces
3052 2303 3165 2359 sola
3202 2303 3465 2374 majorum
3505 2303 3604 2358 niti
3645 2300 3816 2357 tradi-

2209 2398 2374 2466 tione,
2411 2415 2513 2455 nec
2555 2400 2726 2457 sacris
2771 2400 2967 2455 litteris
3007 2399 3232 2455 ﬁrmari.
3279 2400 3406 2456 llaec
3447 2399 3644 2470 quippe
3681 2406 3816 2453 sunt

2207 2491 2498 2563 ipsissima,
2539 2511 2658 2566 quae
2701 2494 2794 2550 ille
2835 2509 2943 2550 non
2983 2495 3188 2559 retulit,
3221 2508 3321 2550 nec
3363 2494 3476 2549 suis
3518 2495 3678 2559 forte,
3713 2493 3814 2548 sed

2207 2585 2401 2642 alienis
2440 2588 2612 2644 oculis
2652 2589 2876 2659 legerat,
2911 2589 3193 2658 Augustini
3227 2587 3424 2644 verba:
3455 2605 3474 2638 ‹
3505 2586 3562 2642 1η
3591 2585 3813 2641 Macha-

2207 2679 2447 2736 baeorum
2479 2682 2632 2739 libris
2678 2683 2910 2753 legimus
2948 2683 3188 2738 oblatum
3216 2699 3314 2753 pro
3341 2682 3567 2738 mortuis
3605 2682 3815 2738 sacrifi-

2207 2775 2371 2828 cium.
2401 2774 2507 2830 Sed
2535 2775 2638 2830 etsi
2665 2791 2932 2846 nusquam
2963 2776 3018 2831 in
3059 2776 3354 2849 Scripturis
3395 2777 3666 2832 veteribus
3691 2791 3808 2831 om-

2209 2869 2337 2924 nino
2392 2870 2679 2941 legeretur.
2734 2886 2840 2926 non
2885 2887 3049 2942 parva
3093 2883 3178 2927 est
3222 2872 3486 2927 universae
3525 2871 3813 2938 Ecclesiae,

2207 2977 2326 3032 qua:
2367 2962 2422 3017 in
2470 2962 2573 3017 hac
2617 2962 3011 3020 consuetudine
3055 2963 3224 3019 claret
3264 2962 3575 3029 auctoritas,
3622 2963 3711 3018 ubi
3759 2963 3816 3018 in

2210 3054 2462 3126 precibus
2492 3057 2809 3124 sacerdotis,
2850 3074 2970 3129 quae
3005 3057 3228 3114 domino
3257 3057 3370 3113 Deo
3399 3057 3465 3112 ad
3497 3056 3613 3126 ejus
3639 3055 3819 3111 altare

2208 3150 2522 3221 funduntur,
2569 3153 2747 3208 locum
2791 3168 2947 3208 suum
2995 3154 3158 3210 habet
3199 3153 3360 3209 etiam
3409 3152 3821 3208 commendatio

2210 3259 2561 3306 mortuorum.
2576 3249 2868 3322 ;(August.,
2890 3248 2978 3303 lib.
2996 3249 3059 3304 de
3070 3247 3192 3304 Cur.
3208 3265 3314 3319 ger.
3337 3265 3431 3318 pro
3445 3257 3750 3318 mort.,cap.
3772 3262 3817 3314 ι,

2211 3353 2334 3398 ιοηι.
2364 3343 2418 3409 6,
2443 3361 2565 3415 pag.
2597 3344 2752 3414 6l6.)
2776 3343 2967 3399 Nonne
2988 3343 3132 3398 enim
3162 3342 3235 3397 ibi
3263 3349 3450 3412 aperte
3473 3341 3820 3411 ingenueque

2211 3435 2406 3492 fatetur
2435 3435 2627 3492 harum
2675 3452 2894 3507 precum
2943 3437 2995 3490 in
3025 3435 3452 3490 Macltabaeorum
3481 3433 3652 3497 libris,
3671 3449 3824 3504 quos

2211 3546 2310 3600 pro
2341 3531 2618 3586 canonicis
2648 3530 2856 3600 habuit,
2886 3531 3216 3586 mentionem
3250 3525 3687 3597 ﬁeri?Quamvis
3713 3543 3819 3583 au-

2213 3633 2320 3680 tem
2370 3625 2652 3696 negaveris
2700 3627 2799 3680 bos
2852 3623 3022 3680 libros
3073 3624 3265 3680 canoni
3312 3638 3483 3679 sacrae
3527 3621 3822 3692 scripturae

2211 3721 2617 3787 adscribendos,
2650 3737 2746 3776 eos
2775 3729 2953 3775 tamen
2984 3720 3303 3791 antiquitate
3344 3734 3441 3774 Sua
3475 3716 3821 3773 venerandos

2212 3832 2335 3872 esse
2382 3831 2581 3888 negare
2621 3832 2728 3871 non
2775 3824 2950 3886 potes.
2995 3814 3255 3884 Quamvis
3302 3814 3464 3868 etiam
3508 3813 3823 3884 ingenuinis

2213 3928 2388 3968 sacrae
2416 3914 2697 3983 scripturae
2725 3912 2878 3968 libris
2908 3910 3046 3967 nihil
3072 3912 3285 3982 penitus
3315 3911 3384 3966 de
3413 3909 3604 3965 iisdem
3631 3909 3821 3980 preci-

2212 4005 2316 4061 bus
2346 4007 2637 4077 legeretur,
2668 4005 2947 4062 contendit
2987 4015 3163 4060 tamen
3207 4003 3539 4076 Augustinus
3570 4019 3678 4058 non
3714 4002 3824 4060 mi-

2214 4101 2372 4156 nima:
2406 4101 2744 4158 auctoritatis
2771 4115 2893 4158 esse
2928 4100 3128 4156 veteris
3160 4099 3421 4156 Ecclesiae
3461 4098 3824 4155 consuetudi-

2216 4209 2362 4248 nem.
2388 4193 2494 4248 Sed
2519 4193 2625 4259 dic,
2655 4208 2862 4264 quaeso,
2886 4192 3062 4261 nobis,
3091 4191 3484 4260 Elmenhorsti,
3513 4200 3694 4246 utrum
3723 4192 3826 4262 qui

2212 4285 2418 4342 diserte
2455 4286 2689 4341 affirmat
2730 4285 2931 4357 aliquid
2986 4286 3038 4340 in
3071 4285 3224 4341 libris
3260 4284 3688 4340 Machabaeorum
3722 4284 3828 4340 ha-

2214 4379 2354 4446 beri,
2383 4389 2548 4452 atque
2575 4379 2708 4435 satis
2738 4379 2956 4436 aliunde
2994 4379 3232 4449 probari,
3269 4378 3481 4434 tametsi
3526 4379 3577 4433 in
3611 4378 3826 4433 veteri-

2215 4469 2316 4528 bus
2341 4472 2635 4544 Scripturis
2668 4490 2773 4528 non
2799 4474 3094 4544 legeretur,
3122 4481 3322 4538 utrum,
3352 4471 3592 4542 inquam,
3621 4470 3668 4524 is
3701 4470 3830 4543 ipse

519 4553 642 4624 quis
671 4552 835 4608 frater
861 4553 926 4607 ad
969 4553 1188 4608 tutelam
1227 4552 1310 4608 vel
1353 4568 1538 4609 curam
1577 4553 1834 4609 clericum
1867 4555 2105 4610 nomina-

2218 4564 2422 4620 idcirco
2448 4566 2725 4637 negaverit
2765 4565 2896 4622 illud
2926 4567 2980 4621 in
3017 4565 3186 4620 sacris
3219 4564 3511 4635 Scripturis
3549 4565 3828 4634 reperiri?

520 4655 607 4703 ret
633 4664 649 4702 ε
680 4662 744 4701 ac
774 4645 819 4701 si
850 4645 969 4717 quis
1001 4644 1106 4701 hoc
1144 4645 1380 4712 fecisset,
1423 4662 1529 4700 non
1570 4647 1856 4702 oti'erretur
1893 4655 1990 4717 pro
2020 4663 2108 4716 eo,

520 4760 624 4803 nec
649 4742 973 4800 sacriﬁcium
1013 4759 1108 4814 pro
1141 4742 1469 4798 dormitione
1511 4742 1627 4814 ejus
1666 4743 2051 4799 celebraretur.
2084 4763 2102 4797 ›

523 4837 793 4912 (Cyprian.
830 4836 995 4908 Epist.
1024 4852 1062 4902 ι,
1086 4854 1206 4908 pag.
1234 4833 1316 4908 ‘2.)
1347 4837 1476 4903 Quae
1502 4838 1718 4906 quidem
1744 4855 1774 4892 a
1800 4837 1952 4893 nobis
1979 4838 2110 4894 alibi

519 4930 682 4988 citata
711 4940 860 4999 sunt,
903 4930 991 4986 ubi
1030 4929 1321 4997 Ambrosii,
1362 4939 1416 4985 et
1455 4930 1683 4987 aliorum
1722 4933 1978 4988 Ecclesiae
2008 4931 2109 4987 Pa-

519 5032 662 5080 trum
690 5025 1009 5082 auctoritate
1034 5023 1358 5080 sententiam
1390 5025 1458 5080 ab
1498 5026 1694 5096 ineptis
1731 5025 2110 5083 haereticorum

520 5122 968 5189 cavillationibus,
1000 5121 1317 5192 frivolisquc
1345 5120 1794 5191 responsionibus
1819 5123 2111 5180 vindicavi-

519 5235 641 5276 mus
683 5216 832 5290 (Not.
875 5219 928 5272 in
973 5216 1231 5284 Ambros.,
1275 5215 1337 5270 de
1381 5214 1501 5270 obit.
1549 5216 1800 5273 Valentia.
1834 5217 2111 5286 consolal.,

521 5331 645 5384 pag.
675 5310 814 5367 1194
841 5322 888 5366 et
918 5329 1086 5383 supr.,
1119 5327 1237 5383 pag.
1275 5309 1407 5364 1121
1439 5319 1484 5364 et
1514 5310 1697 5383 1155).

594 5403 830 5460 Prodeat
852 5403 1013 5458 etiam
1037 5403 1268 5476 Cyrillus
1297 5402 1837 5476 Hierosolymitanus,
1866 5415 1924 5464 et
1949 5423 2111 5480 quem

524 5500 594 5557 de
631 5498 883 5570 precibus
912 5496 1323 5554 christianorum
1368 5514 1466 5570 pro
1499 5497 1637 5554 vivis
1663 5502 1988 5572 quibuslibet
2015 5499 2113 5559 ho-

523 5593 760 5651 minibus
803 5591 1161 5648 disserentem
1209 5592 1476 5664 superiori
1517 5595 1746 5651 articulo
1789 5596 2110 5667 audivimus,

515 5705 664 5745 nunc
704 5687 773 5744 de
818 5685 1069 5758 precibus
1111 5701 1206 5756 pro
1248 5688 1474 5744 mortuis
1514 5689 1786 5748 dicentem
1830 5693 2113 5750 audiamus

522 5781 750 5861 (CyrilL,
780 5780 987 5841 Camb.
1015 5779 1070 5852 5,
1104 5773 1351 5855 Mytlag.,
1386 5798 1504 5855 pag.
1535 5782 1665 5855 539)
1690 5801 1704 5841 ε
1739 5788 1956 5862 Asbyte“
1984 5787 2110 5849 πάν-

2215 4657 2348 4726 Quis
2386 4675 2646 4731 unquam,
2677 4659 2781 4715 nisi
2819 4672 3064 4714 errorum
3115 4658 3442 4730 praeiudiciis
3484 4658 3824 4728 obcaecatus,

2216 4753 2286 4807 ita
2331 4762 2738 4824 argumentatus
2777 4752 2895 4807 est?
2924 4751 3029 4808 Sed
3067 4751 3153 4807 dic
3182 4749 3380 4819 adhuc,
3414 4767 3618 4822 quaeso,
3653 4769 3826 4808 num-

2215 4849 2345 4920 quid
2384 4859 2489 4903 tam
2529 4848 2678 4920 parvi
2719 4846 2977 4918 ponderis
3022 4856 3106 4903 est
3151 4847 3420 4902 universae
3467 4845 3725 4902 Ecclesiae
3766 4854 3835 4903 et

2213 4942 2504 5013 Augustini
2544 4949 2722 5007 aetate,
2755 4949 2812 4995 et
2851 4940 3026 5011 plura,
3069 4949 3127 4996 ut
3165 4939 3417 5005 vidimus,
3452 4949 3576 4996 ante
3615 4939 3832 4996 saecula

2215 5035 2514 5090 auctoritas
2543 5043 2597 5090 et
2622 5033 2953 5089 consensus?
2982 5033 3136 5090 Unde
3169 5045 3348 5090 autem
3390 5033 3522 5090 illud
3553 5033 3829 5104 manavit,

2219 5125 2325 5183 nisi
2372 5142 2438 5183 ex
2484 5125 2869 5198 Apostolorum
2915 5125 3218 5198 discipulis,
3256 5137 3421 5200 atque
3459 5144 3526 5184 ex
3569 5127 3834 5200 ipsismet

2218 5227 2258 5276 A
2269 5221 2493 5293 postolis
2513 5224 2536 5274 't

2291 5314 2479 5385 Neque
2505 5317 2681 5373 minus
2706 5334 2736 5373 a
2762 5333 2928 5388 scopo
2948 5317 3165 5376 aberrat
3190 5318 3329 5376 idem
3355 5317 3828 5391 ElmenhorStius,

2218 5407 2311 5480 qui
2353 5407 2518 5464 instat
2565 5410 2920 5482 Epiphaniam
2966 5425 3193 5484 negasse
3237 5414 3440 5485 pariter
3488 5430 3677 5486 preces
3720 5433 3834 5487 pro

2221 5506 2452 5559 mortuis
2500 5505 2614 5561 ullo
2667 5522 2837 5562 sacrae
2877 5507 3171 5579 Scriptura:
3225 5509 3536 5565 testimonio
3584 5507 3835 5567 stabiliri

2225 5599 2539 5670 (Epiphan.,
2576 5601 2755 5656 literas.
2789 5599 2878 5670 75,
2911 5600 2999 5674 §3
3028 5613 3076 5658 et
3103 5605 3181 5675 7).
3219 5600 3338 5659 Jam
3374 5604 3519 5660 enim
3550 5604 3730 5660 citatis
3765 5601 3831 5661 in

2223 5696 2569 5752 Ambrosium
2591 5697 3058 5756 observationibus
3078 5699 3275 5756 nostris
3297 5698 3374 5771 (Ν
3379 5709 3448 5754 ot.
3473 5701 3526 5754 in
3549 5700 3796 5756 Ambros.
3811 5747 3828 5768 ,

2227 5798 2350 5850 tam.
2383 5807 2444 5864 tt,
2479 5808 2600 5867 pag.
2643 5793 2807 5866 1195)
2843 5793 3006 5865 plane
3034 5792 3370 5854 ostendimus
3399 5794 3478 5873 ab
3507 5791 3836 5867 Epiphanio
