3990 6072
217 217 322 276 497

1441 216 1506 273 ΙΝ
1544 215 1916 286 ARNOBIUM,
1955 217 2105 277 CAP.
2147 219 2214 274 Χ.

3387 220 3489 277 498

216 335 610 393 catholicorum
639 336 973 408 propugnari
1002 337 1345 405 sententiam,
1385 345 1548 409 atque
1587 340 1805 410 opposi-
1832 342 1884 402 Α
1908 339 2075 396 fuisse
2103 341 2412 410 discrimen,
2443 343 2585 415 quod
2615 341 2703 398 illa
2733 341 3004 410 humanis,
3034 341 3148 398 haec
3184 354 3314 399 vero
3352 341 3488 399 divi-

218 441 322 486 tam
356 432 411 485 in
441 444 682 486 errorum
711 439 767 486 et
796 429 1094 504 brereseum
1134 431 1279 488 Aerii
1322 433 1511 501 reponi
1553 448 1797 489 numero.

214 523 334 591 Quo
371 539 500 593 ergo
529 524 671 593 jure,
702 523 748 578 is
779 525 869 595 qui
900 539 1086 594 preces
1117 539 1215 595 pro
1241 526 1471 580 mortuis
1498 524 1802 581 fundendas

212 630 400 690 negat,
437 618 724 674 hzrrcticus
761 618 867 674 dici
908 629 1106 689 potest,
1151 620 1254 674 nisi
1297 619 1420 690 quia
1459 618 1577 690 ejus
1618 619 1801 690 opinio

213 713 387 768 sacris
415 712 704 785 Scripturis
733 721 788 769 et
817 714 1086 772 constanti
1115 713 1375 770 Ecclesia:
1403 712 1676 769 traditioni
1705 713 1799 769 ad-

212 815 458 864 versatur
474 807 498 861 ἲ

814 1003 1104 1045 ARTICULUS
1143 1003 1213 1044 IV.

209 1151 287 1203 De
307 1150 676 1212 christianorum
699 1147 951 1212 altaribus,
969 1146 1232 1206 sacriﬁciis,
1253 1160 1310 1197 ac.
1327 1149 1484 1199 thuris
1500 1161 1616 1212 usu;
1635 1153 1796 1200 utrum

273 1213 517 1264 Arnobius
548 1211 613 1260 de
657 1211 1041 1271 catechumenis,
1092 1213 1509 1273 sacramentisque
1547 1211 1795 1273 Baptismi,

276 1284 328 1390 ξι
372 1274 706 1388 Epcharistiae,
757 1280 810 1324 et
830 1274 1008 1325 divina:
1054 1275 1224 1335 gratia:
1270 1276 1567 1326 necessitate
1612 1274 1798 1326 locutus

297 1352 406 1393 uert
434 1377 443 1392 .

206 1493 216 1514 ‘
283 1492 606 1551 Christianis
626 1492 832 1548 crimen
855 1491 1030 1548 adhuc
1049 1491 1315 1548 faciebant
1332 1491 1529 1548 ethnici
1554 1492 1791 1566 (Arnob.,

211 1588 303 1642 lib.
338 1602 408 1651 vr,
439 1602 560 1656 pag.
584 1584 714 1656 289)
745 1601 851 1640 non
878 1585 1052 1640 solum
1082 1585 1222 1655 quod
1251 1583 1416 1650 nulla,
1441 1585 1517 1639 uti
1541 1584 1790 1653 diximus,

210 1682 475 1737 haberent
518 1681 736 1751 templa.
768 1689 861 1734 aut
890 1679 1060 1734 nullas
1089 1693 1270 1734 sacras
1303 1679 1467 1745 aedes,
1499 1679 1594 1734 sed
1621 1679 1795 1734 nullas

208 1776 374 1830 etiam
401 1789 547 1839 aras,
575 1773 718 1828 nulla
742 1773 956 1840 altaria,
980 1773 1122 1828 nulla
1149 1771 1434 1840 sacriﬁcia,
1460 1772 1604 1827 nulla
1631 1773 1797 1826 simu-

204 1868 372 1932 lacra,
409 1867 613 1922 nullum
645 1866 817 1921 thuris
846 1881 1022 1921 usum.
1051 1865 1322 1921 Arnobius
1350 1880 1480 1919 vero
1506 1864 1558 1919 id
1585 1865 1793 1935 penitus

203 1976 403 2031 negare
452 1975 559 2015 non
608 1959 855 2024 videtur;
909 1959 1073 2014 immo
1121 1974 1250 2014 vero
1298 1959 1469 2028 palam
1519 1958 1794 2013 declarare

203 2056 355 2111 nulla
376 2071 404 2108 a
427 2053 738 2109 christianis
766 2054 903 2109 facta
933 2051 1219 2119 sacriﬁcia,
1246 2069 1342 2108 nec
1365 2052 1616 2108 debuisse
1646 2051 1794 2107 facti-

202 2150 328 2204 tari.
365 2148 588 2204 Sextum
619 2149 760 2203 enim
797 2147 992 2202 librum
1023 2163 1178 2201 suum
1217 2146 1284 2200 ab
1320 2146 1405 2201 his
1436 2145 1641 2200 orditur
1666 2160 1791 2200 ver-

203 2241 287 2296 bis
312 2260 325 2296 :
356 2261 375 2293 ι
403 2240 542 2310 Quid
563 2257 712 2311 ergo,
741 2241 938 2295 dixerit
960 2241 1246 2310 quispiam,
1271 2237 1535 2295 sacriﬁcia
1560 2237 1792 2292 censetis

200 2336 352 2391 nulla
393 2351 517 2391 esse
554 2336 772 2391 omnino
810 2334 1092 2390 facienda?
1132 2334 1202 2390 Ut
1246 2335 1400 2389 vobis
1439 2348 1542 2388 non
1583 2343 1788 2399 nostra,

196 2428 295 2485 sed
321 2429 582 2484 Varronis
603 2429 766 2484 vestri
789 2425 1056 2483 sententia
1080 2426 1500 2496 reSpondeamus
1525 2442 1538 2478 :
1565 2423 1742 2480 Nulla.
1766 2444 1785 2477 ι

199 2523 446 2594 (Arnob.,
491 2521 582 2576 lib.
614 2537 709 2587 vn,
752 2537 872 2594 pag.
905 2520 1059 2592 211.)
1097 2520 1201 2576 Sed
1241 2535 1400 2575 nemo
1436 2529 1541 2584 est,
1585 2518 1676 2588 qui
1720 2533 1790 2573 ex

193 2618 359 2672 citata
402 2615 470 2671 ab
512 2615 750 2672 Arnobio
795 2614 1054 2670 Varronis
1097 2613 1460 2676 auctoritate,
1511 2623 1564 2666 et
1612 2611 1790 2666 allatis

195 2711 396 2767 deinde
436 2722 622 2767 contra
666 2708 929 2766 sacriﬁcia
972 2706 1326 2780 argumentis,
1379 2704 1634 2760 facillime
1683 2720 1791 2759 non

196 2807 487 2878 intelligat,
528 2806 678 2860 illum
717 2805 788 2860 ibi
825 2803 894 2859 de
937 2802 1214 2859 sacriﬁciis
1263 2800 1599 2854 ethnicorum
1642 2814 1793 2854 more

196 2903 378 2968 factis,
423 2901 718 2972 disputare,
767 2908 928 2968 atque
977 2897 1177 2952 idcirco
1223 2910 1419 2966 negare
1465 2909 1526 2948 ea
1571 2892 1675 2948 diis
1713 2893 1793 2947 fa-

194 2997 413 3053 cienda.
453 2995 560 3052 Sed
600 2992 866 3050 Heraldus
905 3008 1025 3048 eum
1066 2991 1348 3062 imperitiae
1378 2998 1432 3044 et
1466 2987 1790 3058 stupiditatis

195 3092 270 3146 ibi
297 3098 552 3155 accusat;
586 3090 709 3159 quia
739 3088 1079 3142 etlmicorum
1105 3083 1369 3140 sacriﬁcia
1400 3081 1784 3152 impugnando,

199 3186 406 3240 nullam
447 3183 831 3238 sacriﬁciorum
876 3180 1060 3253 populi

198 3295 350 3333 nem.
392 3276 452 3331 ln
482 3277 598 3330 suis
626 3290 772 3330 enim
798 3274 864 3328 ad
892 3272 1087 3327 librum
1115 3271 1255 3325 illius
1285 3269 1572 3340 septimum
1606 3268 1795 3338 primis

197 3368 766 3426 animadversionibus
791 3368 869 3422 sic
895 3383 1016 3422 eum
1043 3366 1268 3436 castigat
1293 3384 1306 3419 :
1336 3381 1355 3415 ‹
1384 3362 1592 3418 Vellem
1615 3370 1792 3416 tamen

197 3465 429 3519 dixisset
458 3461 658 3533 aliquid
687 3459 959 3516 Arnobius
992 3458 1060 3514 de
1089 3456 1369 3513 sacriﬁciis
1400 3455 1579 3525 populi
1624 3454 1794 3510 lsrae-

201 3559 358 3623 litici,
385 3573 508 3628 qua:
537 3557 713 3627 magni
742 3555 886 3610 illius
911 3553 1178 3620 sacriﬁcii,
1207 3569 1313 3624 quo
1339 3566 1509 3622 agnus
1537 3550 1793 3604 immacu-

199 3653 347 3708 latus
398 3667 494 3721 pro
539 3651 772 3721 peccatis
817 3651 1019 3704 nostris
1063 3659 1186 3703 ante
1229 3646 1411 3702 mundi
1463 3645 1791 3700 creationem

204 3745 540 3810 immolatus,
590 3753 807 3813 peccata
856 3751 1037 3796 nostra
1084 3742 1350 3811 purgavit,
1398 3724 1790 3794 sacramentum

200 3836 623 3892 constituebant.
676 3835 780 3891 Sed
820 3835 1042 3889 Arnobii
1092 3834 1146 3888 in
1195 3833 1457 3903 religione
1506 3833 1791 3886 ruditatem

202 3931 336 3984 satis
366 3940 522 3984 antea
553 3927 873 3983 deteximus.
907 3947 925 3978 ›
961 3926 1154 3982 Verum
1188 3936 1241 3980 ct
1269 3940 1366 3980 nos
1402 3925 1470 3979 ibi
1510 3925 1794 3994 ipsammet

201 4022 422 4078 Heraldi
461 4023 510 4076 in
545 4021 805 4092 legendis,
849 4036 913 4075 ac
953 4021 1117 4090 probe
1161 4019 1523 4090 intelligendis
1567 4018 1792 4073 Arnobii

201 4115 376 4171 nostri
410 4113 562 4168 libris
589 4114 883 4176 ruditatem,
923 4114 968 4165 si
1009 4112 1125 4180 ejus
1163 4111 1328 4166 verbo
1367 4111 1439 4165 uti
1474 4111 1654 4177 liceat,
1695 4125 1791 4165 seu

203 4211 387 4278 potius
431 4207 670 4276 iniquum
714 4207 950 4260 animum
987 4203 1462 4275 deprehendimus.
1497 4202 1610 4257 Non
1649 4203 1792 4258 aliud

201 4299 474 4370 siquidem
519 4313 583 4353 eo
631 4300 683 4353 in
729 4299 867 4353 libro
910 4298 1239 4369 propositum
1273 4296 1494 4353 Arnobii
1525 4296 1653 4362 fuit;
1688 4297 1791 4352 nisi

207 4405 264 4448 ut
286 4394 604 4449 ostenderet
631 4393 774 4448 nulla
797 4393 899 4447 (liis
920 4394 1199 4462 gentilium
1223 4392 1459 4448 facienda
1483 4407 1604 4448 esse
1624 4391 1794 4447 sacri-

205 4489 353 4553 ﬁcia,
391 4503 566 4558 eaque
607 4490 729 4557 jure
773 4487 969 4542 merito
1010 4503 1038 4540 a
1081 4486 1387 4542 christianis
1423 4487 1590 4553 rejici.
1632 4485 1791 4556 Atqui

206 4590 423 4635 constat
453 4597 518 4635 ex
545 4580 665 4634 data
693 4597 722 4636 a
755 4582 910 4636 nobis
937 4581 1094 4651 hujus
1125 4581 1243 4634 libri
1274 4581 1503 4652 analysi,
1536 4588 1697 4651 atque
1727 4595 1796 4635 ex

209 4674 350 4726 infra
372 4672 637 4740 dicendis,
664 4674 766 4729 hoc
789 4675 855 4728 ab
878 4675 970 4728 illo
992 4673 1340 4728 validissimis
1360 4685 1795 4744 argumentorum

209 4765 505 4820 momentis
531 4781 651 4821 esse
676 4768 1120 4823 demonstratum.
1145 4765 1276 4833 Quis
1302 4766 1460 4836 igitur
1479 4781 1624 4820 sanae
1648 4783 1797 4822 men-

209 4861 281 4914 tis
329 4858 487 4914 homo
529 4859 580 4914 id
620 4861 715 4924 illi.
751 4862 962 4916 tametsi
1005 4860 1070 4914 de
1116 4860 1472 4915 lsraelitarum
1519 4858 1796 4915 sacriﬁciis

210 4953 428 5025 penitus
458 4953 734 5019 tacuisset,
767 4955 900 5008 satis
933 4952 1096 5007 fuisse
1125 4952 1490 5007 inticiahitur?

288 5046 426 5113 Quid
450 5062 602 5113 vero,
629 5047 769 5118 quod
801 5047 891 5102 ille
919 5045 1258 5116 apertissime
1288 5045 1544 5116 praedicat
1573 5045 1799 5116 gentiles

213 5140 632 5210 inquirentibus,
665 5155 784 5209 qua:
823 5139 1208 5193 sacriﬁciorum
1252 5154 1472 5193 suorum
1509 5153 1667 5192 causa
1708 5138 1798 5200 sit,

214 5234 414 5287 frustra
445 5231 816 5300 adsignavisse
846 5245 1031 5286 eorum
1070 5231 1440 5301 antiquitatem
1478 5245 1540 5286 ac
1572 5245 1800 5285 consuc-

211 5324 477 5378 tndinem.
504 5323 740 5393 Utraque
767 5325 909 5379 enim
933 5339 998 5379 ex
1026 5323 1330 5377 hominibus
1358 5323 1646 5393 prodierat.
1671 5322 1802 5375 Nul-

215 5421 330 5474 lum
377 5433 508 5474 vero
555 5418 875 5474 sacriﬁcium
925 5419 1029 5472 rite
1072 5418 1186 5472 ﬁeri
1232 5426 1432 5487 potest,
1478 5417 1580 5471 nisi
1627 5417 1803 5470 divina

219 5514 344 5581 lege
398 5513 696 5566 institutum
740 5530 753 5566 :
804 5530 821 5561 ‹
877 5511 988 5580 Ego
1047 5519 1259 5575 autem,
1309 5530 1326 5561 ι
1374 5511 1546 5579 inquit
1599 5507 1803 5578 (Ibid.,

219 5623 348 5677 pag.
378 5605 524 5676 29.7),
559 5625 580 5658 ι
615 5620 733 5660 cum
766 5606 980 5676 postulo
1004 5619 1216 5661 causam
1249 5603 1378 5658 mihi
1409 5603 1677 5674 depromi,
1708 5619 1804 5657 au-

220 5700 346 5754 dire
375 5699 616 5755 desidero
638 5700 777 5755 cmlo
804 5699 1005 5770 aliquid
1037 5699 1266 5768 lapsum.
1300 5717 1319 5751 ι
1347 5699 1416 5753 At
1440 5698 1578 5768 quis,
1607 5711 1705 5751 oro
1730 5705 1805 5761 te,

225 5791 507 5857 dubitabit,
541 5794 641 5847 hoc
671 5793 810 5846 inter
836 5792 1112 5861 gentilium
1135 5800 1188 5847 et
1210 5789 1516 5844 Judaeorum
1547 5789 1810 5846 sacriﬁcia

1905 433 1988 488 nis
2018 433 2227 504 legibus
2252 435 2455 490 sancita
2487 434 2721 492 fuerint?

1975 525 2242 582 Prmterea
2269 527 2564 594 Arnobius,
2592 529 2682 583 ubi
2706 529 2984 600 gentilium
3013 529 3275 585 sacriﬁcia
3305 529 3490 600 exagi-

1905 629 2002 684 tat,
2037 630 2197 691 atque
2228 621 2489 691 explodit,
2522 622 2593 677 ibi
2630 622 2808 694 adhuc
2843 623 3045 679 diserte
3085 623 3248 678 tradit
3288 623 3486 691 (llrid.,

1903 729 2023 783 pag.
2071 711 2183 784 15),
2216 712 2348 767 nihil
2388 713 2455 768 ab
2493 715 2733 784 ipsismet
2765 715 2978 770 illorum
3019 716 3141 782 diis,
3183 716 3250 772 de
3290 730 3351 771 ea
3395 731 3485 770 ra-

1901 806 2069 871 tione,
2101 822 2203 877 qua
2235 807 2302 862 ab
2331 808 2634 863 hominibus
2671 809 2798 875 coli,
2830 817 2885 863 et
2910 809 3188 864 sacriﬁciis
3226 808 3483 864 honorari

1902 899 2116 965 vellent,
2163 902 2540 958 constitutum.
2586 903 2726 958 Ecce
2766 902 2812 957 si
2851 901 3036 957 audire
3075 902 3228 970 velis,
3259 902 3488 973 ipsamet

1901 992 2017 1062 ejus
2059 995 2260 1050 verba:
2293 1015 2313 1047 ‹
2340 995 2609 1066 Numquid
2648 996 2724 1052 dii
2767 997 2990 1068 aliquas,
3023 1016 3042 1046 ι
3075 997 3245 1068 inquit
3282 995 3484 1068 (lbid.,

1901 1102 2021 1157 pag.
2076 1087 2241 1159 215),
2281 1107 2300 1139 ι
2338 1089 2484 1160 leges
2537 1103 2768 1144 sanxere
2815 1089 3103 1161 aliquando
3149 1089 3482 1158 mortalibus,

1901 1181 2359 1253 constitutumque
2399 1193 2483 1238 est
2527 1183 2594 1238 ab
2635 1183 2720 1238 his
2759 1199 2992 1254 unquam
3038 1183 3164 1254 quid
3193 1197 3286 1238 eos
3325 1198 3487 1254 agere

1901 1273 2238 1339 conveniret,
2266 1275 2351 1330 vel
2382 1275 2510 1347 quid
2548 1291 2652 1331 non
2678 1294 2692 1343 ;
2725 1277 2852 1348 quid
2884 1277 3210 1338 consecrari.
3242 1276 3368 1347 quid
3399 1277 3485 1330 fn-

1900 1381 2049 1436 gere,
2075 1367 2160 1423 vel
2181 1369 2284 1424 coli
2307 1384 2367 1425 se
2389 1370 2579 1424 saltem
2602 1370 2796 1440 quibus
2817 1371 3114 1426 rationibus
3134 1379 3484 1441 cuperent....

1899 1459 1970 1516 Ut
2009 1461 2200 1531 opinor
2235 1463 2304 1518 ab
2344 1463 2429 1518 his
2472 1480 2762 1535 numquam
2802 1481 2977 1536 neque
3017 1466 3363 1521 constitutum
3401 1476 3487 1520 est

1899 1552 2122 1624 aliquid,
2177 1570 2354 1626 neque
2414 1557 2708 1623 sancitum;
2765 1557 3017 1628 quoniam
3075 1573 3174 1613 nec
3228 1558 3330 1613 visi
3384 1559 3487 1613 ali-

1898 1647 2135 1717 quando,
2161 1664 2336 1719 neque
2360 1649 2404 1703 si
2433 1661 2557 1704 sunt
2585 1650 2706 1717 visi,
2736 1652 3072 1721 apertissima
3096 1650 3273 1721 potuit
3296 1651 3485 1721 cogni-

1825 1748 1872 1808 B
1899 1743 2045 1798 tione
2073 1742 2336 1814 dignosci.
2372 1762 2391 1796 ι
2424 1743 2612 1799 Nonne
2647 1761 2776 1815 ergo
2807 1747 2906 1800 hac
2945 1761 3159 1816 quoque
3194 1761 3486 1816 argumen-

1896 1837 2098 1892 tatione
2120 1837 2208 1892 ille
2229 1839 2446 1908 rejectis
2470 1839 2810 1895 ethnicorum
2834 1841 3131 1908 sacriﬁciis,
3156 1841 3258 1895 alia
3281 1842 3484 1909 omnia,

1896 1944 2015 2000 qua:
2066 1930 2208 1985 Deus
2255 1945 2285 1984 a
2331 1930 2532 1986 ludatis
2576 1931 2689 1986 ﬁeri
2729 1941 3076 2002 praeceperat,
3130 1933 3286 2002 plane
3331 1933 3485 2003 peni-

1899 2034 2090 2096 tusque
2138 2025 2547 2096 comprobavit?
2590 2026 2660 2080 At
2705 2027 2916 2081 tametsi
2967 2026 3099 2081 nihil
3147 2026 3367 2082 omnino
3415 2026 3484 2081 de

1897 2117 2002 2173 illis
2027 2117 2272 2184 dixisset,
2300 2118 2401 2174 hoc
2427 2119 2699 2175 silentium
2721 2121 2773 2175 ei
2801 2135 3082 2190 perperam
3108 2119 3279 2190 culpa:
3304 2120 3482 2176 datur.

1897 2211 2029 2268 Nam
2068 2222 2425 2284 praeterquam
2463 2213 2604 2283 quod
2645 2223 2771 2268 tunc
2809 2214 3060 2284 abrogata
3092 2224 3246 2269 erant
3272 2213 3483 2270 Judaeo-

1896 2322 2016 2362 rum
2045 2307 2330 2374 sacriﬁcia,
2355 2309 2424 2362 de
2445 2307 2551 2362 illis
2577 2315 2746 2374 certe,
2776 2307 2914 2362 sicut
2935 2307 3188 2372 diximus,
3222 2323 3328 2364 non
3355 2322 3484 2380 age-

1896 2399 2073 2463 batur,
2134 2398 2228 2454 sed
2278 2398 2346 2453 de
2396 2399 2575 2468 impiis
2624 2396 2963 2453 ethnicorum
3010 2399 3308 2467 sacriﬁciis,
3363 2416 3484 2470 quae

1897 2495 2036 2550 fictis
2074 2495 2330 2566 falsisque
2370 2494 2474 2550 diis
2506 2493 2665 2561 facta,
2694 2494 2973 2551 christiani
3004 2496 3126 2567 jure
3162 2497 3356 2554 merito
3382 2498 3482 2553 dc-

1897 2590 2249 2648 testabantur.

1898 2722 1906 2746 ,
1967 2687 2083 2754 Quo
2117 2701 2277 2756 porro
2323 2700 2485 2741 sensu
2523 2688 2637 2757 ipse
2681 2687 2795 2742 diis
2830 2677 3242 2742 sacriﬁcandum
3280 2696 3478 2758 negat;

1896 2778 2083 2833 eodem
2113 2778 2270 2846 plane
2295 2779 2361 2833 iis
2391 2793 2513 2833 aras
2542 2789 2598 2835 et
2633 2779 2921 2834 simulacra
2962 2779 3287 2834 exstruenda
3317 2778 3483 2834 fabri-

1895 2872 2171 2944 candaqne
2197 2873 2418 2928 omnino
2464 2873 2732 2928 inliciatus
2767 2884 2868 2929 est.
2905 2873 3011 2928 Sed
3049 2872 3227 2929 dehis
3266 2872 3482 2929 abunde

1894 2968 2248 3024 disseruimus
2277 2970 2330 3023 in
2359 2970 2634 3039 superiore
2660 2969 2713 3024 in
2745 2968 2961 3025 Minucii
2983 2969 3261 3025 Octavium
3281 2967 3482 3023 disser-

1896 3061 2098 3116 tatione
2119 3061 2360 3132 (Dissert.
2379 3063 2433 3116 in
2455 3061 2674 3130 Minuc.,
2691 3079 2806 3132 cap.
2831 3064 2921 3127 12,
2942 3072 3042 3117 art.
3062 3060 3176 3134 29).
3198 3059 3318 3116 Non
3335 3060 3481 3114 enim

1096 3178 1376 3234 ιεηειίιίοί
1408 3148 1532 3231 [θέει
1553 3148 1792 3231 ξηεηιίο.
1819 3148 1863 3210 C
1894 3155 2000 3210 alio
2029 3155 2298 3210 Arnobius
2321 3155 2502 3222 modo,
2532 3170 2690 3226 quam
2719 3155 2832 3219 ille,
2854 3155 2921 3210 de
2947 3156 3009 3210 iis
3038 3163 3227 3209 contra
3251 3151 3482 3224 gentiles

1894 3247 2128 3319 disputat
2154 3249 2230 3302 uti
2261 3263 2332 3302 ex
2358 3247 2494 3302 infra
2516 3247 2758 3304 dicendis
2786 3248 2918 3302 satis
2948 3247 3172 3318 patebit.

1966 3342 2048 3398 Ad
2074 3341 2250 3398 thuris
2279 3351 2458 3398 autem
2493 3357 2648 3398 usum
2690 3342 2832 3412 quod
2881 3344 3105 3409 attinet,
3138 3342 3382 3398 ethnicos
3418 3341 3482 3396 il—

1897 3437 2004 3491 lum
2027 3452 2057 3490 a
2103 3436 2415 3491 chrisﬁanis
2454 3445 2696 3506 spretum
2731 3436 3083 3505 objicientes,
3117 3451 3184 3492 eo
3212 3435 3482 3491 Arnobius

1894 3529 2092 3586 refellit
2121 3529 2362 3602 (Arnob.,
2394 3529 2482 3583 lib.
2513 3545 2605 3595 vn,
2641 3545 2762 3601 pag.
2790 3527 2943 3596 251),
2969 3527 3112 3600 quod
3141 3527 3281 3599 apud
3311 3528 3476 3600 ipsos,

1895 3633 1954 3679 ut
1975 3624 2108 3678 infra
2137 3639 2350 3694 quoque
2370 3623 2706 3690 ostendetur,
2729 3623 2980 3694 antiquus
3004 3638 3112 3678 non
3138 3622 3318 3679 fuerit.
3340 3622 3477 3678 'l‘er-

1895 3717 2148 3771 tullianus
2173 3732 2332 3784 vero,
2373 3716 2441 3772 de
2478 3731 2585 3787 quo
2617 3731 2714 3772 nos
2743 3715 2913 3772 fusius
2955 3729 3054 3770 suo
3084 3716 3225 3782 loco,
3270 3719 3483 3771 tametsi

1895 3811 2090 3866 alicubi
2133 3811 2335 3866 nullum
2388 3826 2418 3864 a
2463 3811 2770 3867 christianis
2814 3812 2936 3867 thus
2979 3812 3189 3868 incendi
3221 3812 3482 3881 fateatur;

1896 3913 2148 3961 testatum
2176 3904 2525 3959 nihilominus
2555 3904 2678 3960 alibi
2709 3903 2857 3971 facit,
2887 3904 3014 3959 illud
3044 3906 3113 3960 ab
3135 3907 3199 3961 iis
3215 3906 3480 3975 adhiberi,

1895 4005 2015 4052 cum
2058 4008 2388 4052 mortuorum
2431 4012 2657 4067 corpora
2706 3997 3067 4069 sepeliebant,
3111 4007 3165 4051 et
3203 4011 3322 4050 cum
3349 3997 3484 4052 odor

1895 4093 1999 4147 loci
2027 4091 2248 4161 alicujus
2286 4090 2610 4147 offendebat.
2653 4091 2759 4146 Sed
2789 4108 2890 4145 non
2908 4092 3102 4157 eodem,
3137 4091 3326 4159 inquit,
3355 4091 3480 4155 ritu,

1896 4203 1987 4240 nec
2009 4186 2184 4240 eodem
2212 4186 2405 4251 habitu,
2427 4201 2518 4239 nec
2539 4186 2715 4239 eodem
2735 4195 3010 4256 apparatu,
3030 4201 3129 4256 quo
3150 4185 3320 4254 agitur
3343 4185 3484 4254 apud

1895 4281 2057 4335 idola.
2087 4280 2248 4336 Vides
2273 4281 2434 4350 igitur
2461 4296 2566 4334 non
2595 4295 2809 4335 omnem
2857 4278 3028 4333 thuris
3075 4293 3228 4334 usum
3260 4277 3329 4333 ab
3367 4277 3479 4341 illo,

1897 4376 2054 4430 sicuti
2088 4375 2154 4429 ab
2187 4375 2427 4430 Arnobio
2453 4374 2769 4446 improbari,
2803 4373 2897 4430 sed
2920 4387 3041 4429 eum
3060 4372 3358 4436 dumtaxat,
3377 4387 3487 4442 quo

1897 4469 2055 4524 idolis
2085 4484 2112 4522 a
2136 4468 2427 4540 gentilibus
2450 4468 2574 4524 thus
2596 4467 2930 4524 adolebatnr.
2958 4466 3066 4522 Nos
3091 4475 3270 4521 autem
3301 4465 3369 4520 de
3394 4465 3487 4521 illo

1824 4543 1876 4601 D
1899 4562 2028 4618 alibi
2058 4563 2266 4633 egimus
2292 4563 2435 4633 (tom.
2465 4579 2507 4618 ι.
2535 4563 2813 4634 Apparat.,
2845 4561 2931 4615 lib.
2966 4577 3004 4626 ι,
3024 4560 3226 4615 dissert.
3253 4560 3339 4627 10,
3365 4574 3483 4626 cap.

1901 4655 1988 4722 16,
2021 4673 2142 4727 pag.
2175 4653 2322 4727 198),
2355 4663 2410 4712 et
2439 4654 2664 4710 inferius
2686 4654 2860 4709 adhuc
2889 4653 3175 4724 agendum.

1971 4749 2233 4820 Opinatus
2278 4759 2362 4803 est
2391 4747 2654 4803 Heraldus
2694 4747 2992 4803 Arnobium
3038 4747 3106 4802 de
3135 4745 3488 4801 sacramentis

1898 4842 2148 4913 baptismi
2179 4850 2233 4897 et
2281 4841 2621 4897 eucharistite
2664 4855 2968 4898 sermonem
3008 4840 3228 4902 habere,
3279 4837 3367 4892 ubi
3398 4838 3494 4894 do-

1901 4945 1985 4991 cet
2007 4936 2215 4990 anitnas
2245 4946 2459 4990 nostras
2487 4949 2647 5006 posse
2678 4935 2795 4991 ﬁeri
2825 4955 2844 4989 ‹
2879 4936 3167 5006 longazvas,
3208 4952 3227 4984 ι
3253 4934 3366 4989 sive
3388 4935 3489 4989 im-

1904 5035 2184 5099 mortales,
2228 5053 2247 5084 ‹
2304 5033 2348 5088 si
2382 5031 2542 5088 modo
2583 5033 2752 5089 Deum
2801 5040 3012 5087 tentent
3052 5042 3382 5100 agnoscere,
3426 5043 3492 5084 ac

1903 5127 2097 5184 deinde
2127 5128 2416 5193 servitate,
2449 5137 2609 5198 atque
2654 5126 3044 5182 inhumanitate
3089 5124 3374 5195 depositis,
3405 5139 3492 5180 re-

1907 5230 2119 5275 sumant
2145 5221 2356 5292 ingenia
2384 5220 2635 5284 mitiora;
2679 5229 2735 5273 ut
2777 5218 2841 5272 ad
2884 5216 3037 5285 illud,
3067 5217 3210 5288 quod
3251 5215 3490 5284 dabitur,

1905 5329 2025 5371 esse
2055 5315 2260 5385 possint
2293 5323 2514 5384 paratae.
2558 5334 2576 5366 ι
2621 5312 2862 5384 (Arnob.,
2892 5310 2979 5365 lib.
3003 5327 3062 5377 ιι,
3093 5329 3212 5383 pag.
3243 5309 3360 5383 65.)
3387 5311 3495 5367 Sed

1905 5423 2031 5478 qua,
2062 5418 2238 5476 putas,
2263 5408 2474 5461 ratione
2505 5405 2766 5459 Heraldus
2789 5404 2991 5474 putavit
3015 5405 3194 5460 verbis
3225 5403 3496 5475 prioribus

1907 5500 2179 5570 baptismi,
2226 5510 2279 5554 et
2307 5499 2690 5568 posterioribus
2724 5478 3060 5553 eucharistiae
3098 5506 3499 5553 sacramentum

1911 5593 2212 5664 designari?
2243 5593 2400 5657 Audi,
2433 5606 2638 5662 quaeso,
2683 5601 2736 5647 et
2765 5593 3071 5648 tniraberis.
3101 5593 3501 5662 Antiquissimi,

1914 5690 2107 5763 inquit,
2142 5687 2398 5744 Ecclesiae
2420 5687 2606 5742 Patres
2631 5703 2735 5742 non
2763 5688 2939 5744 solum
2971 5685 3262 5759 gentilium
3288 5697 3508 5753 usurpa-

1915 5795 2040 5844 runt
2067 5785 2249 5852 verha,
2275 5782 2466 5854 quibus
2493 5782 2546 5838 in
2574 5783 2910 5854 explicandis
2949 5785 3062 5839 suis
3084 5779 3380 5849 mysneriis
3400 5783 3517 5827 ute-
