3990 6072
471 259 578 315 499

1702 238 2156 302 DiSSERTA'ﬂO
2195 240 2475 299 PREVIA

3640 236 3749 295 δυο

470 373 707 438 bantur;
740 369 836 427 sed
864 382 927 424 ea
952 367 1112 423 etiam
1140 364 1207 420 ad
1233 345 1650 420 cbristianorum
1682 358 2057 416 accommoda—
2084 366 2139 425 Α
2161 357 2355 422 dimus,
2399 355 2662 412 adversus
2687 364 2874 429 gentes
2903 356 3084 426 operis
3113 365 3319 426 septem
3346 354 3401 410 in
3434 353 3600 411 libros
3626 354 3743 409 dis-

468 473 602 521 runt
627 470 994 526 sacramenta,
1039 469 1200 529 atque
1242 456 1458 512 illorum
1502 454 1640 509 ritus
1670 453 2062 507 transtulerunt

470 560 530 614 in
557 555 878 611 Ecclesiam.
922 551 1082 621 Atqui
1110 550 1272 615 hunc,
1302 549 1495 619 inquit,
1518 548 1571 602 in
1594 545 1757 601 ﬁnem
1786 545 2059 601 Arnobius

470 651 635 706 citata
684 662 715 701 a
752 644 921 716 .nobis
963 642 1127 699 verba
1172 657 1237 697 ex
1284 641 1369 695 his
1414 638 1695 695 Ciceronis
1732 637 2005 706 excerpsit
2044 654 2057 692 :

479 763 500 795 ι
522 741 652 797 Mihi
680 754 801 794 cum
830 736 1001 794 multa
1030 736 1225 791 eximia
1247 734 1531 803 divinaque
1558 732 1806 787 videnlur
1835 729 2059 785 Athenae

469 846 577 893 tuae
604 835 901 907 peperisse,
931 839 1090 901 atque
1112 830 1165 883 in
1191 828 1298 883 vita
1320 827 1607 895 hominum
1633 825 1882 881 attulisse
1901 867 1915 891 ,
1946 837 2058 878 tum

470 929 605 985 nihil
632 927 824 982 melius
849 925 951 980 illis
992 924 1264 994 mysteriis
1300 922 1493 992 quibus
1537 936 1605 975 ex
1633 918 1834 991 agresti
1866 918 2059 973 imma-

471 1023 633 1093 nique
655 1022 761 1075 vita
787 1016 1007 1082 exculti,
1032 1016 1099 1071 ad
1126 1014 1510 1070 humanitatem
1532 1024 1586 1070 et
1606 1013 1829 1083 mitigati
1852 1026 2058 1075 sumus;

470 1114 751 1184 initiaqne,
796 1120 856 1166 ut
901 1109 1257 1180 appellantur,
1298 1109 1369 1162 ita
1408 1121 1595 1163 revera
1638 1105 1899 1177 principia
1938 1106 2060 1159 vita:

469 1207 821 1280 cognovimus
858 1224 877 1257 ι
911 1202 1121 1277 (Cicer.,
1151 1202 1239 1257 lib.
1267 1217 1326 1269 ιι,
1351 1202 1413 1254 de
1435 1198 1636 1273 Legib.,
1662 1217 1781 1272 pag.
1813 1200 1941 1268 5'59,
1964 1200 2057 1254 lin.

470 1300 585 1373 51).
616 1300 683 1355 At
725 1298 851 1353 inde
883 1295 1146 1351 Heraldus
1172 1294 1445 1350 concludit
1471 1294 1769 1349 Arnobium
1812 1293 1880 1349 ad
1921 1294 2062 1348 hunc

468 1391 624 1449 latini
650 1388 883 1446 oratoris
910 1387 1088 1442 locum
1104 1384 1469 1452 collineaudo,
1501 1385 1613 1439 suis
1642 1383 1909 1454 prioribus
1938 1400 2062 1438 ver-

470 1485 554 1541 bis
578 1483 647 1539 de
675 1481 966 1551 baptismo,
1011 1480 1403 1549 posterioribus
1439 1478 1507 1534 de
1561 1478 1886 1533 eucharistia
1914 1478 2061 1533 locu-

468 1587 584 1633 tum
629 1574 817 1631 fuisse.
868 1572 916 1628 Ο
962 1572 1232 1644 egregiam
1285 1571 1532 1643 profecto
1571 1570 2056 1640 consequentiam!

472 1671 636 1740 Quasi
661 1682 792 1725 vero
819 1666 1089 1722 Arnobius
1114 1665 1316 1736 aliquid
1344 1680 1411 1720 ex
1442 1665 1549 1720 illis
1573 1664 1854 1720 Ciceronis
1880 1661 2060 1718 verbis

2162 450 2352 506 tributi
2381 460 2578 521 partes,
2620 464 2846 522 quarum
2875 464 2982 505 una
3003 448 3312 505 Christianae
3352 448 3624 525 religionis
3651 464 3748 505 ve-

2160 544 2396 612 ritatem,
2420 554 2477 600 et
2495 544 2661 599 altera
2693 543 2921 600 ethnicze
2938 542 3223 598 falsitatem
3250 541 3604 598 demonstrat.
3626 541 3749 597 iam

2164 652 2297 694 vero
2326 637 2688 708 expendimus
2736 638 2921 706 quanti
2965 635 3219 706 ponderis
3256 636 3367 690 sint
3404 645 3747 707 argumenta,

2163 731 2357 801 quibus
2395 729 2769 785 demonstrare
2798 728 3075 785 contendit
3112 728 3419 783 christiana
3449 728 3748 799 religionis,

2166 822 2657 892 praecipuorumque
2674 821 2789 892 ejus
2802 821 3108 894 dogmatum
3138 822 3441 889 veritatem,
3465 837 3746 878 sacrorum

2164 913 2306 968 illius
2332 912 2710 984 mysteriorum
2734 922 2788 969 et
2816 914 3017 967 rituum
3049 915 3419 981 sanctitatem,
3456 930 3519 970 ac
3546 930 3741 971 eorum

2164 1005 2251 1074 qui
2278 1020 2396 1059 eam
2429 1005 2638 1059 sincere
2664 1002 3025 1072 sectabantur,
3048 1005 3411 1075 integritatem
3436 1022 3667 1072 morum,
3693 1018 3753 1063 ct

2164 1114 2226 1154 ea
2252 1099 2428 1154 omnia
2471 1099 2538 1157 ab
2568 1098 2808 1169 repetitis
2850 1099 3048 1179 sacpius
3093 1098 3426 1155 ethnicorum
3463 1101 3751 1165 calumniis

2165 1189 2415 1256 vindicet.
2441 1189 2695 1261 Superest
2718 1200 2779 1247 ut
2812 1188 2975 1253 simili
3014 1187 3175 1247 modo
3213 1188 3320 1253 alia
3348 1189 3748 1258 examinentus,

2168 1298 2291 1353 qum
2322 1282 2388 1336 ab
2413 1282 2510 1337 illo
2550 1284 2605 1336 in
2646 1282 2882 1337 secunda
2921 1282 3101 1351 operis
3137 1282 3217 1335 sui
3248 1290 3422 1353 parte,
3470 1283 3541 1337 ad
3581 1299 3752 1339 vanas

2163 1372 2440 1446 gentilium
2468 1375 2772 1445 religiones,
2796 1374 2988 1444 impios
3005 1376 3201 1441 cultus,
3227 1389 3292 1428 ac
3310 1373 3562 1430 ridiculas
3589 1377 3753 1447 plane

2164 1476 2219 1523 et
2246 1466 2659 1531 absurdissimas
2682 1464 3104 1539 superstitiones
3148 1463 3390 1531 funditus
3426 1468 3755 1529 evertendas

2164 1562 2406 1645 protulit.

2234 1679 2472 1736 Primum
2496 1681 2678 1752 itaque
2716 1680 2957 1752 plurimis
2982 1691 3171 1739 auctor
3200 1691 3389 1740 noster
3414 1683 3755 1754 argumentis

472 1763 705 1819 mutuari
744 1776 850 1816 non
877 1760 1135 1831 potuerit,
1176 1759 1279 1814 nisi
1307 1756 1376 1813 de
1418 1757 1500 1812 bis
1527 1755 1944 1812 christianorum
1969 1769 2059 1810 sa-
2090 1756 2138 1818 Β
2158 1784 2274 1830 ηπ,
2304 1776 2587 1845 perspicue
2606 1791 2768 1843 quam
2792 1776 2990 1831 ίηνίαε
3020 1777 3216 1847 prob“
3256 1776 3421 1833 falsos
3444 1777 3656 1848 μεθίεις
3684 1792 3754 1832 ac

474 1871 563 1912 cra
572 1854 768 1911 mentis
791 1851 1143 1923 loqueretur?

547 1953 619 2006 At
660 1948 792 2004 nihil
834 1957 983 2003 certe
1021 1946 1089 2001 ab
1120 1946 1239 2017 ejus
1276 1954 1459 2002 mente
1488 1945 1659 2017 magis
1701 1943 1955 1998 alienum.
1986 1942 2064 1998 De

473 2042 595 2099 sola
622 2042 901 2098 enimvero
926 2038 1168 2111 disputat
1195 2037 1341 2094 felici
1378 2038 1572 2093 animae
1611 2046 1812 2092 nostra;
1838 2036 2061 2091 immor-

474 2135 700 2203 talitate,
736 2148 896 2205 quam
924 2133 1027 2187 nisi
1051 2133 1235 2203 agnito
1257 2146 1389 2186 vero
1416 2132 1552 2198 Deo,
1578 2145 1644 2185 ac
1665 2130 1878 2185 feritate
1903 2130 2060 2184 vitio-

474 2242 620 2294 rum,
668 2234 726 2282 et
772 2239 985 2280 morum
1024 2223 1418 2279 inhumanitate
1458 2221 1751 2293 depositis,
1805 2221 2063 2290 consequi

474 2335 587 2379 non
627 2306 936 2390 possumus.
980 2317 1249 2387 Quorsum
1294 2317 1457 2388 igitur
1499 2316 1573 2371 ibi
1623 2313 2065 2370 commemoratio

421 2423 433 2434 °
474 2410 836 2481 baptismatis,
862 2411 931 2466 de
961 2426 1064 2481 qua
1089 2424 1195 2464 non
1226 2407 1524 2480 agebatur?
1545 2405 1643 2462 Cui
1669 2407 1830 2461 etiam
1871 2416 2067 2476 praeter

475 2504 766 2562 Heraldum
816 2504 870 2559 in
921 2514 1155 2560 mentem
1198 2504 1387 2558 venire
1434 2501 1607 2571 potuit
1646 2499 1731 2555 his
1782 2498 2066 2569 postremis

480 2600 704 2656 Arnohii
734 2598 914 2655 verbis
945 2617 958 2653 :
994 2597 1062 2653 Ut
1082 2597 1151 2652 ad
1180 2597 1331 2663 illud,
1360 2594 1495 2666 quod
1520 2594 1746 2662 dabitur,
1774 2594 1944 2649 beatae
1964 2593 2067 2647 im-

480 2692 829 2749 mortalitatis
867 2691 1170 2761 praamium,
1212 2690 1409 2743 anima:
1451 2687 1645 2756 possint
1690 2701 1799 2740 esse
1843 2695 2065 2753 paratae,

482 2787 863 2845 eucharistiam
910 2783 1240 2856 significari?
1273 2782 1379 2839 Sed
1407 2781 1529 2837 vide
1556 2780 1841 2836 miriﬁcum
1868 2778 2071 2850 ingenii

481 2882 634 2937 illius
660 2895 912 2935 acumen.
947 2880 1023 2933 De
1048 2892 1135 2946 ea,
1168 2877 1360 2947 inquit,
1391 2875 1601 2929 obscure
1626 2883 1674 2928 et
1690 2874 1885 2945 trepide
1903 2873 2072 2928 Arno-

483 2975 627 3041 bius,
660 2982 720 3027 ut
746 2982 873 3045 pote
917 2971 1357 3035 catechumenos,
1388 2968 1647 3039 loquitur.
1670 2966 1877 3035 [Nonne
1914 2967 2071 3036 lynce

483 3066 848 3138 perspicacior
898 3065 1015 3133 fuit,
1064 3066 1156 3136 qui
1207 3064 1259 3118 id
1305 3063 1467 3128 vidit,
1518 3065 1661 3133 quod
1702 3077 1809 3115 non
1853 3059 2070 3119 cuidem

2162 1868 2556 1927 eommentitios
2584 1884 2705 1925 esse
2731 1884 2920 1925 omnes
2938 1870 3094 1938 deos,
3123 1884 3260 1941 quos
3284 1869 3490 1927 ethnici
3516 1885 3622 1927 non
3648 1871 3757 1927 mi-

2163 1974 2264 2015 nus
2284 1961 2466 2032 impio,
2493 1975 2652 2032 quam
2683 1962 2905 2032 antiquo
2942 1962 3090 2017 cultu
3126 1963 3545 2018 venerabantur.
3574 1962 3657 2017 Ab
3680 1976 3756 2017 co

2164 2065 2340 2111 autem
2370 2055 2479 2123 ille,
2506 2057 2656 2126 quasi
2686 2056 2881 2126 praevia
2912 2056 3255 2123 velitatione,
3289 2057 3502 2111 initium
3530 2055 3755 2111 dicendi

2166 2147 2293 2204 fecit
2320 2148 2562 2221 (Arnob.,
2595 2148 2683 2204 lib.
2729 2165 2821 2215 Ill,
2854 2166 2975 2221 pag.
3010 2147 3162 2222 102),
3196 2149 3339 2221 quod
3376 2147 3579 2204 ethtriei
3609 2163 3759 2203 nun-

2164 2257 2324 2312 quam
2355 2242 2625 2310 explicare
2650 2242 2923 2312 potuerint
2950 2243 3169 2298 ubinam
3203 2244 3445 2314 gentium
3480 2243 3646 2307 vitam
3677 2242 3760 2297 dii

2166 2338 2246 2395 Sui
2275 2338 2491 2408 degant,
2513 2346 2607 2392 aut
2639 2346 2839 2408 quanta
2875 2338 2945 2392 sit
2987 2337 3205 2392 illorum
3240 2336 3549 2392 multitudo.
3589 2337 3760 2393 Certo

2168 2432 2309 2488 enim
2350 2432 2621 2488 afﬁrmare
2651 2440 2925 2504 nequeunt
2952 2445 3048 2488 eos
3085 2432 3139 2486 in
3171 2431 3310 2488 cmlo
3348 2431 3596 2488 habitare
3619 2473 3634 2495 ,
3672 2441 3762 2487 ta-

2168 2524 2354 2595 lesque
2382 2524 2451 2579 ibi
2477 2538 2619 2590 esse,
2648 2524 2830 2594 quales
2874 2524 2927 2579 in
2974 2524 3132 2585 terris
3154 2524 3428 2583 coluntur.
3458 2522 3761 2580 Gentilium

2168 2615 2430 2686 siquidem
2459 2615 2638 2669 nullus
2663 2616 2793 2671 illuc
2834 2616 3142 2671 convolavit
3183 2632 3435 2688 unquam,
3466 2626 3522 2672 et
3544 2616 3757 2672 vultum

2169 2705 2510 2778 formamque
2535 2706 2752 2762 illorum
2783 2707 3006 2763 intuitus
3030 2717 3135 2763 est.

2242 2799 2427 2869 Neque
2454 2801 2614 2855 etiam
2647 2800 2752 2856 illis
2779 2801 3061 2872 explorata
3104 2803 3276 2874 magis
3317 2812 3434 2859 erat
3452 2805 3760 2871 norninum,

2170 2895 2364 2965 quibus
2391 2894 2465 2949 dii
2495 2894 2851 2963 vorabantur,
2885 2895 3059 2967 origo,
3092 2906 3151 2952 et
3173 2911 3203 2950 a
3233 2898 3427 2969 quibus
3455 2900 3760 2970 excogitata

2171 2987 2403 3058 dataque
2442 2987 2677 3043 fuerunt.
2707 2988 2839 3055 Quis
2868 2989 3017 3050 enim,
3059 3004 3305 3046 asserere
3343 2990 3539 3047 audeat
3574 3001 3762 3048 utrum

2174 3078 2246 3135 dii
2276 3081 2403 3144 haec,
2438 3081 2608 3151 inquit
2634 3081 2925 3149 Arnobius,
2958 3082 3056 3138 sibi
3076 3083 3256 3139 diebus
3276 3071 3617 3155 imposuerint
3650 3086 3765 3141 lus-

484 3161 736 3225 obscure,
765 3159 842 3214 uti
860 3159 957 3225 ait,
986 3158 1249 3214 sedttnllo
1270 3157 1428 3227 plane
1453 3157 1614 3211 modo
1634 3155 1906 3249 Arnobius
1925 3155 2073 3210 dixe—
2096 3147 2145 3210 Β
2172 3176 2338 3239 πέρθε,
2369 3176 2421 3229 in
2454 3147 2601 3245 1-εέίο
2621 3175 2811 3231 codice
2848 3147 3221 3249 manuscript“
3250 3147 3466 3249 ιεείλιπ,
3494 3180 3761 3245 ludibriis,

484 3262 590 3321 rat,
620 3268 718 3309 nec
743 3254 922 3307 dicere
951 3251 1154 3307 voluit?
1201 3251 1341 3305 Nihil
1374 3250 1520 3305 enim
1566 3248 1711 3304 aliud
1732 3290 1746 3314 ,
1777 3250 1918 3304 sicut
1956 3264 2072 3302 imo-

484 3350 721 3413 nuimus,
761 3347 920 3412 dixit,
966 3362 1125 3417 quam
1156 3346 1365 3400 animas
1404 3346 1577 3399 beatae
1616 3344 1937 3399 aeternitatis
1962 3358 2071 3397 non

484 3442 598 3496 fore
625 3441 933 3511 participes,
958 3440 1059 3494 nisi
1089 3439 1259 3493 Deum
1290 3446 1608 3508 agnoscant,
1654 3452 1717 3490 ac
1756 3437 2074 3506 purgatione

486 3535 739 3589 vitiorum
790 3532 858 3587 ad
907 3546 1024 3586 eam
1078 3532 1472 3602 assequendam
1503 3540 1705 3600 paratae
1730 3530 1855 3585 sint.
1891 3532 2074 3600 Apage

485 3641 638 3698 ergo,
689 3626 785 3680 has
834 3623 1072 3694 aliasque
1116 3624 1324 3680 similes
1365 3617 1689 3693 scriptorum
1717 3623 2071 3693 quorumdam

484 3718 892 3785 annotationes,
932 3733 1071 3788 quas
1107 3732 1171 3773 ea
1217 3716 1587 3772 tantummodo
1618 3719 1827 3771 ratione
1873 3732 2072 3786 conge-

485 3819 635 3879 runt,
668 3819 729 3865 ut
753 3824 921 3867 vanos
951 3811 1090 3866 tnale
1127 3810 1350 3881 digestae
1379 3809 1697 3865 eruditionis
1736 3789 2076 3867 rumusculos

482 3911 838 3973 aucupentur.

559 3994 730 4051 Multo
766 3995 928 4066 igitur
955 3994 1160 4052 certius
1182 4001 1267 4050 est
1291 3994 1525 4065 agnitum
1550 3992 1619 4049 ab
1644 4003 1865 4051 auctore
1891 4002 2078 4050 nostro

486 4091 681 4147 divinae
707 4090 894 4161 gratiae
913 4132 928 4157 ,
955 4104 1053 4145 seu
1093 4088 1264 4146 divini
1292 4088 1486 4145 auxilii
1514 4088 1581 4144 ad
1611 4089 1949 4146 subeundum
1979 4104 2078 4160 pro

486 4184 798 4242 christiana:
842 4182 1118 4253 religionis
1162 4181 1508 4239 confessione
1562 4183 1907 4254 martyrium.
1978 4183 2079 4240 Tot

486 4277 633 4341 enim
656 4276 886 4346 ltamque
926 4275 1194 4333 horrenda
1223 4276 1291 4333 ad
1328 4286 1553 4333 mortem
1596 4291 1765 4347 usque
1799 4277 2083 4349 supplicia;

491 4381 600 4427 tam
630 4378 943 4427 constanter
974 4370 1179 4439 perpeti
1223 4370 1332 4426 sine
1355 4368 1499 4437 Deo,
1538 4370 1711 4440 inquit
1736 4385 1845 4429 non
1886 4381 2079 4441 potue-

488 4469 636 4521 runt.
668 4460 777 4519 Sed
804 4461 858 4519 id
901 4476 935 4517 a
962 4462 1117 4521 nobis
1145 4477 1307 4533 supra
1348 4463 1667 4535 explicatum
1706 4479 1771 4522 ac
1795 4464 2077 4538 probatum

2174 3268 2227 3322 in
2250 3267 2482 3334 antiquis
2510 3266 2838 3329 editionihus
2868 3268 3103 3331 ludicris,
3124 3268 3180 3325 in
3207 3269 3393 3325 ultima
3424 3270 3672 3335 lustr-icit,
3708 3282 3769 3326 et

2173 3360 2229 3416 id
2258 3361 2470 3415 melius.
2500 3360 2599 3415 Est
2626 3361 2792 3429 enim,
2825 3361 2992 3431 inquit
3031 3361 3331 3419 Macrobius
3359 3361 3642 3435 (Macrob.
3669 3364 3765 3421 lib.

2176 3472 2210 3517 I,
2246 3454 2538 3519 Saturnal.,
2570 3472 2686 3527 cap.
2738 3456 2824 3523 16,
2871 3474 2989 3527 pag.
3023 3455 3174 3526 507),
3200 3458 3440 3513 lustrico:
3480 3459 3620 3525 dies,
3648 3474 3766 3530 quo

2176 3547 2408 3604 infantes
2437 3550 2753 3614 lustrantur,
2786 3558 2829 3605 et
2849 3565 3029 3605 nomen
3057 3550 3333 3621 accipiant,
3356 3564 3421 3607 ac
3448 3554 3770 3620 maresqni—

2174 3640 2298 3695 dem
2320 3657 2486 3707 notio,
2520 3642 2729 3697 feminae
2758 3652 2952 3697 octavo
2972 3684 2987 3709 ,
3018 3642 3472 3712 quemadmodum
3502 3660 3529 3699 τί
3574 3644 3769 3701 Servio

2174 3719 2389 3806 quoque
2417 3734 2754 3791 observatur.
2790 3739 2858 3790 At
2884 3734 2993 3803 dii,
3038 3750 3176 3805 quos
3200 3735 3401 3791 etlniici
3423 3778 3440 3803 ,
3474 3752 3578 3792 non
3605 3752 3770 3794 secus

2176 3843 2240 3883 ac
2266 3838 2494 3884 caeteros
2535 3830 2800 3891 homines,
2833 3838 2988 3884 natos
3022 3843 3144 3884 esse
3175 3828 3497 3895 fatebantur,
3524 3839 3636 3885 tum
3669 3845 3771 3885 no-

2177 3921 2323 3977 mina
2346 3921 2448 3977 sibi
2485 3936 2760 3977 assumere
2788 3935 2895 3976 non
2924 3929 3214 3990 potuerunt
3238 3918 3435 3994 (Fest,
3467 3920 3530 3977 de
3565 3923 3769 3979 verbor.

2181 4014 2411 4086 Signiﬂ,
2456 4031 2575 4085 pag.
2628 4014 2778 4085 507).
2820 4013 3005 4084 Neque
3050 4014 3211 4071 etiam
3261 4014 3326 4068 iis
3368 4012 3493 4069 data
3534 4023 3660 4071 sunt
3698 4014 3772 4070 ab

2180 4106 2505 4163 hominibus.
2538 4106 2705 4161 Tanta
2749 4106 2894 4161 enim
2936 4115 3053 4160 erat
3087 4121 3149 4161 ac
3189 4120 3412 4176 prorsus
3456 4106 3774 4161 innumera-

2181 4198 2299 4255 bilis
2329 4200 2544 4256 illorum
2584 4198 2903 4267 multitudo,
2937 4207 2994 4252 ut
3036 4213 3226 4268 magna
3260 4212 3405 4267 pars.
3446 4198 3609 4253 sicuti
3646 4207 3778 4268 post

2183 4293 2573 4351 Tertullianum
2602 4292 2983 4360 ostendemus,
3023 4292 3296 4362 plerisque
3335 4292 3563 4348 diversis
3593 4293 3771 4362 genti-

2183 4387 2280 4444 bus
2310 4398 2363 4442 et
2390 4387 2601 4458 populis
2622 4404 2689 4445 uo
2716 4387 2935 4442 nomine
2966 4395 3121 4443 tenus
3151 4386 3363 4457 cognita
3395 4385 3575 4445 fuerit.

2252 4482 2425 4538 Velim
2456 4490 2633 4537 autem
2664 4480 2940 4551 expendas
2988 4490 3164 4535 utrum
3192 4490 3380 4537 auctor
3409 4488 3618 4546 noster,
3650 4478 3773 4536 haec

490 4555 689 4627 (δυρτευ
731 4570 849 4625 σακε
876 4554 934 4622 ιν
964 4566 1067 4615 ατί·
1097 4555 1192 4628 Η)
1224 4555 1394 4625 (“Silis
1435 4558 1651 4629 Ρτοδπί
1694 4536 1827 4615 nihil
1857 4574 2079 4617 necesse
2103 4536 2157 4597 Β
2180 4536 2487 4644 scribendo,
2528 4575 2665 4632 nihil
2708 4536 3035 4646 decerpserit
3081 4590 3145 4631 ex
3191 4574 3281 4630 illo
3310 4536 3772 4642 Ciceronis'loco,

489 4660 594 4708 εει.

1107 4764 1336 4822 CAPUT
1370 4764 1465 4821 XI.

492 4880 870 4940 Examinantur
896 4882 1069 4963 priora
1104 4880 1316 4935 Arnobii
1341 4888 1661 4952 argumenta,
1702 4880 1880 4951 quibus
1919 4856 2111 4935 ethni?

696 4996 871 5034 corum
894 4977 1190 5050 religionem
1211 4975 1397 5046 falsam
1424 4992 1529 5030 esse
1551 4974 1880 5030 demonstrat.

1019 5104 1318 5148 ARTICULUS
1355 5104 1567 5147 Ριιιιιυε.

490 5206 817 5263 Excutiuntur
832 5208 1140 5267 argumenta,
1168 5200 1285 5268 inde
1305 5208 1475 5268 contra
1496 5201 1760 5268 gentilium
1782 5204 2076 5268 religionem

549 5272 611 5319 ab
646 5268 866 5329 Arnobio
891 5264 1062 5329 petita,
1099 5264 1447 5329 quodethnici
1490 5264 1739 5327 explicare
1787 5264 2079 5329 uon'potue-

548 5326 1103 5390 rint,'ubinam'illorutn
1118 5326 1189 5377 dii
1207 5328 1353 5377 vitam
1376 5326 1580 5391 degant,
1605 5339 1635 5375 a
1655 5331 1835 5391 quibus
1856 5326 2079 5391 imposita

550 5396 649 5449 sint
686 5404 855 5453 eorum
901 5393 1115 5452 nomina,
1167 5398 1219 5440 et
1257 5395 1436 5453 quanta
1480 5391 1545 5451 sit
1591 5404 1763 5441 eorum
1802 5391 2076 5452 multitudo,

554 5464 703 5518 atque
730 5466 791 5501 ex
818 5450 1385 5518 Ciceronis,‘praeseijtitn
1401 5450 1466 5518 de
1484 5462 1657 5518 natura
1680 5456 1902 5514 deorum,
1925 5450 2076 5515 libris,

554 5514 817 5583 de'quibus
833 5516 979 5583 quale
997 5514 1231 5583 judicium
1268 5514 1513 5583 Arnobius
1535 5516 1661 5583 ferat
1685 5519 1999 5583 expenditur,
2025 5514 2080 5583 ac

557 5576 755 5643 tandem
782 5576 1067 5643 Euhetneri,
1090 5576 1550 5643 Nicagm'a:,l’ella:i
1574 5576 1792 5643 Leontii,
1812 5576 2079 5640 'l‘heodOri,

554 5642 808 5706 Hippouis,
836 5646 887 5691 et
908 5637 1112 5689 aliorum
1137 5637 1431 5692 testimonio.

568 5773 698 5831 Dum
722 5782 1076 5833 sunttantum
1098 5773 1261 5831 totius
1282 5772 1439 5841 hujus
1464 5772 1779 5841 Arnohiani,
1795 5772 1874 5833 uti
1900 5781 2082 5831 osten-

2096 5018 2103 5023 Χ
2186 4948 2256 5001 At
2281 4947 2507 5015 primum
2531 4954 2663 5017 quot
2698 4943 2971 5001 hominum
3002 4944 3220 5014 linguae,
3255 4953 3333 5000 tot
3377 4945 3593 4999 nomina
3638 4945 3776 5002 deo-

2186 4670 2276 4726 ubi
2319 4668 2473 4727 Cotta
2520 4667 2623 4727 hoc
2661 4674 3035 4737 argumentum
3068 4676 3223 4738 urget
3246 4670 3458 4733 acrius,
3485 4665 3776 4735 nullosque

2183 4778 2306 4819 esse
2331 4762 2611 4833 gentilium
2636 4757 2769 4817 deos
2799 4759 3134 4816 demonstrat
3161 4778 3174 4813 :
3209 4778 3228 4811 ι
3266 4758 3401 4831 Age,
3424 4769 3478 4815 et
3505 4760 3587 4816 his
3610 4775 3778 4815 voca-

2186 4855 2325 4913 bulis
2350 4855 2481 4911 deos
2506 4869 2628 4911 esse
2654 4853 2900 4916 facimus,
2930 4852 3125 4923 quibus
3148 4867 3179 4907 a
3207 4851 3364 4909 nobis
3395 4852 3771 4909 nominantur.

2186 4988 2256 5001 ...
2283 4988 2507 5015 ν.....ι....
2531 4988 2663 5017 φη..
3004 4988 3220 5014 ....ε,.....,
3255 4988 3333 5000 ..η
3377 4988 3593 4999 ............
3640 4988 3745 5002 ..νυ

2185 5053 2326 5099 rum.
2361 5037 2478 5099 Non
2507 5039 2651 5099 enim
2676 5046 2731 5091 ut
2753 5046 2806 5097 tu
2835 5035 3092 5101 Velleius,
3116 5051 3500 5108 quoquumque
3528 4988 3813 5104 veneris:

2185 5132 2264 5188 sic
2286 5131 2424 5191 idem
2458 5132 2508 5187 in
2538 5128 2686 5193 Italia
2708 5128 3001 5195 Vulcanus,
3033 5127 3172 5185 idem
3212 5129 3261 5184 in
3290 5128 3468 5187 Africa
3490 5173 3507 5196 ,
3540 5129 3683 5185 idem
3715 5130 3771 5187 in

2184 5223 2457 5293 Hispania.
2488 5223 2691 5279 Deinde
2721 5225 2996 5278 nominum
3021 5237 3124 5279 non
3152 5238 3380 5293 magnus
3399 5238 3677 5288 numerus,
3703 5241 3775 5280 ne

2182 5316 2236 5372 in
2260 5316 2549 5375 Pontiliciis
2574 5316 2785 5393 quidem
2817 5316 3043 5379 nostris;
3073 5316 3300 5375 deorum
3320 5326 3497 5373 autem
3520 5318 3777 5375 innume—

2182 5410 2384 5467 rabilis.
2420 5412 2498 5464 An
2540 5410 2655 5469 sine
2685 5409 2991 5467 nominibus
3038 5409 3201 5469 sunt?
3240 5409 3389 5465 lstud
3433 5410 3646 5481 quidem
3696 5411 3771 5466 ita

2183 5501 2336 5558 vobis
2379 5500 2555 5559 dicere
2597 5514 2817 5555 necesse
2864 5508 2965 5554 est.
3012 5499 3149 5568 Quid
3187 5500 3332 5556 enim
3370 5501 3595 5568 attinet,
3640 5515 3769 5556 cum

2184 5609 2288 5651 una
2316 5592 2482 5648 facies
2508 5593 2597 5657 sit,
2629 5593 2779 5662 plura
2801 5606 2920 5648 esse
2939 5593 3153 5649 nomina
3171 5594 3193 5648 ?
3209 5593 3377 5662 Quam
3400 5592 3603 5649 bellum
3627 5604 3768 5662 erat,

2183 5687 2372 5751 Vellei,
2403 5687 2647 5744 conﬁteri
2676 5688 2851 5757 potius
2881 5687 3112 5754 nescire,
3144 5686 3289 5759 quod
3317 5687 3579 5753 nescires,
3606 5703 3771 5760 quam

2196 5784 2296 5842 ista
2317 5781 2646 5841 ellutientem
2677 5782 2976 5840 nauseare?
3001 5781 3083 5839 Au
3129 5790 3186 5837 tu
3213 5780 3319 5839 mei
3356 5780 3584 5868 similem
3614 5794 3780 5852 putas
