3990 6072
261 225 358 284 501

1454 223 1524 282 ΙΝ
1550 223 1941 298 ARNOBIUM,
1984 227 2141 290 CAP.
2183 232 2273 289 XI.

257 355 398 409 esse,
429 346 526 395 aut
553 337 628 394 tui
660 336 875 396 Deum?
904 338 1154 397 Profecto
1186 352 1296 396 non
1331 347 1509 411 putas.
1557 359 1577 394 ι
1625 340 1843 413 (Ciam,
1871 348 1926 409 Α
1950 345 2229 417 gentilium
2252 347 2595 419 opinionibus
2612 351 2877 425 indignari
2891 353 3135 424 quidem,
3156 352 3253 412 sed
3279 371 3299 407 ι
3330 357 3539 424 conari,
3607 363 3614 370 '

259 436 346 492 lib.
375 435 419 502 ι,
450 433 514 490 de
538 431 666 488 Nat.
694 434 865 501 deum,
911 451 1032 507 pag.
1069 433 1199 501 201,
1230 435 1324 489 lin.
1360 433 1480 508 29.)
1507 434 1671 491 Vides
1698 446 1850 492 certe

257 527 507 585 eamdem
536 540 660 582 esse
705 523 984 582 Ciceronis
1021 535 1182 597 atque
1216 527 1442 583 Arnobii
1481 529 1653 584 nostri
1689 544 1847 601 argu-

255 624 662 689 mentationem,
698 639 799 694 qua
844 624 1150 680 ﬁctitiorum
1197 626 1479 681 numinum
1507 625 1847 684 divinitatem

254 716 380 787 jure
413 715 605 773 merito
632 715 887 787 explodit.

331 809 516 880 Neque
547 809 623 865 ibi
668 818 873 865 tantum
912 818 1102 866 auctor
1147 819 1329 866 noster
1372 812 1569 880 premit
1612 812 1842 868 oratoris

260 899 409 956 latini
439 899 660 971 vestigia
692 940 706 953 .
740 899 835 956 sed
862 900 986 955 alibi
1014 899 1227 972 sacpius,
1266 911 1358 957 aut
1393 902 1557 958 verba
1583 902 1719 971 ejus,
1753 913 1847 957 aut

255 1010 474 1051 sensum
507 992 779 1063 exprimit.
806 993 877 1050 At
899 1008 959 1050 ea
990 994 1169 1050 hausit
1198 996 1533 1066 potissimum
1580 1011 1649 1050 ex
1675 995 1846 1050 tribus

256 1086 401 1143 illius
424 1086 489 1140 de
511 1085 715 1141 Natura
744 1086 956 1143 deorum
992 1087 1162 1153 libris,
1207 1088 1282 1142 uti
1326 1102 1398 1142 ex
1430 1086 1567 1142 infra
1606 1086 1846 1142 dicendis

257 1194 449 1237 Omnes
480 1179 799 1248 intelligent.
847 1179 1005 1235 Prius
1033 1179 1212 1248 igitur,
1261 1195 1422 1251 quam
1467 1180 1692 1237 ulterius
1721 1193 1846 1249 pro-

254 1272 588 1343 grediamur,
612 1287 718 1328 non
765 1270 971 1329 inutilis
1009 1271 1363 1342 proculdubio
1403 1286 1582 1342 opera:
1621 1272 1844 1342 pretium

256 1366 364 1421 erit
391 1364 707 1433 observare,
730 1365 875 1436 quod
903 1374 1090 1423 auctor
1130 1374 1314 1423 noster
1350 1364 1418 1420 de
1445 1364 1530 1421 bis
1569 1364 1846 1421 Ciceronis

254 1458 407 1515 libris
434 1459 571 1515 lerat
602 1458 888 1530 judicium,
920 1468 976 1517 et
1001 1474 1097 1516 cur
1141 1474 1328 1517 eorum
1359 1460 1413 1515 in
1438 1459 1631 1531 primis
1655 1466 1846 1515 aucto-

254 1552 413 1608 ritate
439 1552 683 1608 ethnicos
710 1553 940 1609 refellat.

326 1644 402 1699 De
451 1644 682 1714 ipsomet
727 1654 908 1700 autem
955 1642 1247 1711 Cicerone,
1296 1645 1349 1701 in
1379 1642 1532 1701 hisce
1573 1642 1724 1699 libris
1762 1642 1841 1698 lo-

1951 439 2077 494 dum
2106 442 2553 499 consuetudinem
2584 445 2817 500 civitatis
2853 446 3024 513 timet,
3057 446 3378 519 religionem
3427 448 3543 504 lau-

1950 530 2082 588 dare
2106 534 2394 603 majorum,
2425 551 2650 607 eamque
2686 553 2715 590 a
2753 539 3138 608 superstitione
3177 538 3320 596 velle
3358 539 3543 612 sejun-

1949 641 2101 698 gere,
2127 627 2221 683 sed
2248 630 2519 699 quomodo
2554 630 2605 685 id
2636 631 2823 701 possit,
2866 647 2974 687 non
3020 632 3290 689 invenire.
3344 652 3365 687 ι
3415 633 3545 706 (Au-

1950 729 2111 791 gust.,
2129 720 2219 775 lib.
2246 735 2300 774 tv
2326 724 2389 775 de
2405 720 2580 789 Civit.,
2608 739 2725 792 cap.
2749 724 2841 791 50,
2868 742 2989 797 pag.
3016 723 3164 800 ΗΟ).
3188 726 3325 782 Tum
3346 726 3543 784 deinde

1952 815 2198 882 sequenti
2227 813 2368 869 libro
2388 816 2483 883 ait,
2516 830 2639 871 eum
2662 816 2753 870 ille
2770 815 2979 872 videret
3002 818 3398 887 apertissimam
3419 834 3541 877 esse

1951 906 2240 975 insaniam,
2271 925 2290 958 ι
2328 909 2570 964 conﬁteri
2616 911 2781 965 Deum
2810 919 2865 966 et
2909 926 3107 982 negare
3148 914 3432 985 prtescium
3461 916 3544 972 fu-

1950 1007 2216 1065 turorum,
2245 1002 2473 1057 tentavit
2502 1017 2766 1069 asserere,
2791 1003 2935 1074 quod
2958 1006 3217 1076 scriptum
3247 1017 3363 1063 est:
3387 1008 3538 1065 Dixit

1950 1090 2210 1161 insipiens
2235 1093 2285 1145 in
2310 1094 2476 1149 corde
2516 1110 2614 1150 suo
2648 1114 2662 1149 :
2708 1095 2825 1151 Non
2856 1106 2940 1151 est
2981 1099 3155 1164 Deus;
3197 1099 3292 1154 sed
3337 1114 3444 1155 non
3475 1116 3542 1157 ex

1951 1197 2047 1238 sua
2094 1199 2341 1252 persona.
2386 1186 2532 1242 Vidit
2576 1189 2718 1243 enim
2759 1204 2918 1257 quam
2951 1180 3448 1249 esset'invidiosum
3488 1204 3545 1252 et

1949 1277 2268 1345 molestum;
2303 1280 2532 1352 ideoque
2559 1283 2765 1338 Cottam
2796 1282 2921 1340 fecit
2945 1285 3308 1356 disputantem
3336 1287 3405 1345 de
3442 1289 3543 1346 hac

1948 1387 2009 1428 re
2047 1372 2330 1429 adversum
2366 1362 2576 1431 Stoicos
2619 1378 2670 1431 in
2702 1376 2852 1432 libris
2877 1377 2944 1434 de
2972 1379 3195 1434 deorum
3241 1390 3452 1450 natura,
3491 1394 3547 1439 et

1949 1476 2048 1536 pro
2076 1464 2283 1522 Lucilio
2315 1467 2498 1534 Balbo,
2529 1469 2615 1525 cui
2638 1469 2929 1526 stoicorum
2961 1481 3140 1541 partes
3179 1473 3542 1531 defendendas

1950 1557 2119 1627 dedit,
2154 1560 2345 1617 maluit
2374 1560 2513 1618 ferre
2539 1565 2887 1631 sententiam,
2924 1581 3083 1636 quam
3118 1582 3215 1638 pro
3248 1567 3428 1637 Cotta,
3453 1571 3542 1641 qui

1949 1653 2153 1708 nullam
2203 1663 2452 1710 naturam
2503 1656 2735 1712 divinam
2779 1674 2898 1714 esse
2946 1660 3240 1716 contendit.
3296 1678 3316 1714 ι
3371 1660 3541 1734 (Idem

252 1746 473 1808 quente,
505 1737 584 1792 sic
618 1737 933 1807 pronuntiat
968 1755 981 1791 :
1030 1755 1050 1788 ι
1102 1736 1244 1794 Ante
1273 1751 1463 1793 omnes
1489 1735 1700 1792 Tullius
1724 1736 1838 1792 Ro-
1870 1748 1920 1809 Β
1945 1745 2094 1813 ξω,
2120 1748 2210 1802 lib,
2239 1764 2292 1813 ν,
2324 1764 2440 1819 cap.
2466 1747 2522 1818 9,
2552 1766 2670 1822 pag,
2695 1749 2846 1822 121.)

249 1831 397 1885 mani
451 1828 843 1886 disertissimus
879 1829 1123 1901 generis,
1170 1829 1376 1885 nullam
1412 1829 1618 1884 veritus
1647 1828 1843 1899 impie-

251 1923 381 1978 tatis
411 1921 685 1989 invidiam,
718 1923 969 1994 ingenue,
1000 1930 1342 1988 constanter,
1382 1932 1436 1977 et
1466 1921 1667 1988 libere,
1716 1922 1845 1992 quid

249 2032 416 2089 super
458 2017 548 2072 tali
585 2018 928 2088 opinatione,
967 2036 984 2070 ι
1019 2017 1269 2072 nimirum
1302 2015 1370 2071 de
1393 2015 1682 2086 gentilium
1713 2011 1841 2081 diis,

256 2131 278 2163 ‹
315 2112 563 2179 sentiret,
595 2111 815 2182 pietate,
839 2126 961 2166 cum
988 2111 1192 2183 majore
1218 2111 1560 2166 monstravit.
1590 2110 1637 2166 Α
1667 2125 1773 2181 quo
1796 2110 1844 2166 si

249 2220 340 2262 res
385 2220 600 2261 sumere
644 2205 832 2276 judicii
869 2206 1095 2262 veritate
1139 2204 1472 2276 conscriptas
1520 2202 1840 2275 pergeretis,

250 2308 503 2372 perorata
530 2309 675 2354 esset
707 2300 821 2355 haec
860 2313 1046 2365 causa,
1078 2313 1178 2355 nec
1204 2296 1489 2363 secundas,
1536 2307 1594 2350 ut
1623 2295 1839 2360 dicitur,

248 2391 493 2447 actiones
534 2392 689 2446 nobis
736 2389 804 2445 ab
844 2390 1130 2447 inlantibus
1172 2390 1483 2461 postularet.
1533 2408 1551 2441 ι
1589 2387 1832 2461 (Arnob.,

248 2484 342 2539 lib.
370 2500 449 2549 ιιι,
482 2501 600 2555 pag.
630 2485 779 2550 105.)
799 2484 1161 2552 Quamobrem
1190 2499 1294 2538 non
1327 2482 1501 2553 pauci,
1532 2483 1700 2552 pergit
1724 2480 1839 2545 ille,

246 2579 640 2634 aversabantur
667 2579 927 2635 librorum
948 2579 1067 2649 ejus
1092 2579 1163 2634 de
1190 2581 1379 2634 natdra
1406 2566 1633 2633 deorum
1657 2576 1841 2632 lectio-

250 2687 401 2737 nem,
445 2673 701 2743 nulloque
737 2674 953 2745 penitus
985 2672 1148 2728 modo
1174 2687 1267 2726 nec
1292 2672 1346 2726 in
1376 2686 1553 2726 aurem
1591 2669 1843 2725 volebant

247 2762 540 2819 admittere
572 2783 584 2819 :
614 2764 705 2819 alii
735 2781 865 2820 vero
892 2780 989 2821 eos
1031 2764 1498 2820 senatusconsulto
1522 2760 1838 2826 abolendos,

250 2871 316 2911 ac
346 2855 414 2911 de
455 2856 637 2911 medio
665 2857 932 2913 tollendos
959 2856 1276 2913 censebant.
1325 2854 1630 2912 Cardinalis
1660 2862 1840 2908 autem

247 2950 517 3006 Baronius
544 2951 794 3021 opinatus
829 2960 913 3006 est
943 2950 997 3006 id
1028 2958 1328 3006 memorato
1354 2964 1383 3002 a
1409 2947 1566 3004 nobis
1591 2944 1841 3015 superius

248 3042 573 3098 Diocletiani
597 3041 777 3098 edicto
823 3041 1041 3108 factum,
1092 3042 1320 3112 illosque
1364 3039 1531 3097 libros
1559 3034 1838 3093 Ciceronis

2018 1842 2089 1898 At
2117 1843 2162 1898 si
2190 1842 2380 1900 Cicero
2411 1846 2494 1900 his
2520 1847 2571 1900 in
2598 1846 2749 1902 libris
2776 1862 2970 1904 omnes
2995 1848 3237 1908 funditus
3258 1853 3544 1925 religiones

1947 1936 2181 2002 sustulit,
2224 1935 2270 1990 si
2310 1936 2376 1991 ad
2409 1938 2663 1993 invidiam
2692 1940 3105 2011 molestiamque
3141 1942 3538 2015 depellendam,

1948 2028 2115 2085 verbo
2140 2036 2346 2085 tantum
2376 2045 2476 2087 nec
2516 2032 2727 2088 sincera
2763 2040 2946 2089 mente
2972 2032 3105 2090 deos
3132 2036 3367 2093 existere
3392 2053 3541 2097 asse-

1946 2126 2073 2190 ruit,
2102 2142 2231 2195 quo,
2263 2127 2492 2198 inquies,
2512 2129 2635 2199 jure
2660 2130 2931 2189 Arnobius
2963 2139 3112 2189 tanta
3141 2134 3542 2191 asseveratione

1945 2218 2176 2273 afﬁrmat
2203 2218 2442 2292 (Arnob.,
2472 2222 2561 2276 lib.
2618 2238 2691 2292 ιιι,
2743 2240 2863 2296 pag.
2909 2223 3035 2298 104)
3079 2225 3178 2282 hos
3223 2225 3370 2298 ipsos
3415 2242 3539 2284 esse

1946 2311 2222 2370 Ciceronis
2244 2314 2433 2380 libros,
2470 2335 2489 2371 ι
2523 2317 2719 2388 quibus
2744 2318 3037 2376 christiana
3068 2321 3258 2392 religio
3283 2336 3537 2392 compro-

1946 2404 2122 2471 betur,
2147 2416 2201 2461 et
2234 2409 2515 2463 vetustatis
2537 2411 2873 2479 opprimatur
2902 2414 3228 2469 auctoritas?
3257 2434 3274 2467 ι
3295 2414 3541 2486 Respon-

1946 2496 2060 2553 deri
2092 2498 2231 2554 haud
2260 2499 2440 2569 inepte
2472 2508 2652 2571 potest
2676 2502 2986 2559 christianae
3016 2505 3295 2575 religionis
3320 2507 3540 2563 nomine

1946 2590 2016 2644 ab
2040 2590 2134 2645 illo
2152 2591 2438 2661 signiﬁcari
2477 2594 2619 2649 illius
2647 2594 2714 2650 de
2740 2610 2870 2651 vero
2902 2606 2957 2652 et
2975 2599 3136 2652 unico
3173 2598 3306 2662 Deo,
3333 2598 3541 2654 divina-

1946 2697 2049 2753 que
2077 2682 2221 2738 illius
2244 2685 2423 2740 omnia
2445 2684 2859 2743 administrante
2888 2689 3221 2758 providentia
3244 2690 3537 2746 documen-

1948 2784 2082 2830 tum.
2110 2774 2242 2831 Nam
2265 2793 2332 2834 eo
2356 2788 2564 2835 asserto
2579 2779 2899 2850 opprimitur
2923 2782 3202 2837 vetustatis
3222 2783 3534 2851 auctoritas,

1947 2884 2068 2940 qua:
2097 2870 2421 2940 multiplices
2449 2883 2503 2927 et
2523 2871 2786 2940 inﬁnitos,
2820 2874 2959 2929 sicut
2987 2874 3235 2941 diximus,
3268 2875 3407 2931 Deos
3430 2874 3536 2930 ﬁn-

1944 2973 2117 3019 xerat.
2143 2965 2306 3035 Atqui
2332 2964 2524 3023 Cicero
2568 2968 2620 3022 in
2651 2953 2763 3022 suis
2797 2967 2861 3022 de
2896 2966 3106 3023 Natura
3133 2972 3343 3024 deorum
3381 2967 3535 3024 libris

1947 3058 2066 3113 haec
2096 3069 2201 3113 tam
2230 3072 2415 3130 aperte
2437 3059 2801 3129 demonstrat,
2829 3078 2988 3133 quam
3013 3064 3173 3117 talsas
3202 3077 3324 3118 esse
3347 3076 3536 3117 omnes

244 3151 371 3192 cum
425 3136 846 3192 ebristianorum
896 3136 1111 3207 scriptis
1163 3137 1285 3205 igne
1324 3150 1514 3191 revera
1570 3139 1839 3188 crematos

1947 3153 2221 3224 gentilium
2270 3155 2537 3226 quoslibet
2582 3157 2713 3212 deos
2764 3157 3053 3212 colentium
3102 3156 3409 3227 religiones.
3465 3157 3536 3210 At

244 3229 501 3302 (Raram,
553 3230 621 3283 ad
669 3230 804 3284 Ann.
859 3229 987 3296 502,
1035 3227 1063 3301 ᾗ
1120 3228 1208 3291 19.
1267 3226 1413 3298 725).
1448 3225 1556 3283 Sed
1585 3239 1834 3280 veremur

244 3338 316 3379 ne
340 3321 692 3377 doctissimus
716 3322 801 3376 vir
827 3322 1064 3376 animum
1102 3335 1210 3375 non
1248 3319 1380 3374 satis
1408 3317 1703 3373 adverterit
1725 3317 1835 3388 Op-

247 3427 419 3472 tatum
449 3425 504 3472 et
530 3416 840 3481 Eusebium,
872 3430 1008 3485 quos
1060 3415 1127 3470 de
1173 3414 1364 3470 eodem
1404 3412 1722 3469 Diocletiani
1742 3410 1838 3467 de-

244 3518 398 3565 creto
417 3509 747 3565 disserentes
776 3510 899 3563 alibi
926 3509 1231 3574 citavimus,
1260 3522 1537 3565 sacrorum
1560 3508 1840 3562 dumtaxat

245 3601 444 3656 divinae
461 3600 770 3670 Scripturae,
794 3616 889 3657 seu
913 3601 1225 3657 deiﬁcorum
1241 3610 1551 3656 nostrorum
1576 3599 1834 3657 librorum

240 3694 442 3752 fecisse
472 3699 821 3752 mentionem.

319 3811 492 3868 Porro
535 3820 712 3869 autem
743 3827 901 3885 quam
943 3811 1181 3867 funditus
1210 3809 1402 3866 Cicero
1444 3808 1592 3866 hisce
1631 3808 1743 3863 suis
1781 3808 1835 3862 in

242 3905 401 3961 libris
437 3906 657 3973 impium
703 3906 925 3962 deorum
954 3905 1176 3972 cultum,
1208 3919 1501 3974 omnesque
1530 3902 1692 3958 lalsas
1716 3904 1837 3957 eth-

242 3999 492 4054 nicorum
532 3998 819 4070 religiones
846 3998 1121 4063 everterit,
1153 3997 1348 4066 quidve
1390 3996 1458 4051 de
1499 3995 1687 4050 iisdem
1732 3994 1837 4049 diis

241 4094 501 4159 senserit,
549 4092 635 4149 hic
664 4092 974 4148 Lactantius
1017 4092 1250 4163 explicat
1292 4092 1471 4147 verbis
1517 4109 1530 4145 :
1576 4090 1835 4145 Romamn

242 4187 606 4259 philosophias
634 4190 905 4259 princeps,
936 4200 988 4243 et
1016 4189 1347 4258 amplissimo
1369 4186 1676 4242 sacerdotio
1698 4201 1836 4256 prte—

242 4284 416 4351 ditus,
449 4285 849 4339 conunenlitios
889 4300 953 4339 ac
983 4286 1136 4339 ﬁctos
1164 4284 1294 4339 deos
1340 4282 1611 4353 redarguit
1657 4298 1670 4334 :
1702 4295 1837 4350 quo-

242 4392 367 4432 rum
400 4376 573 4431 cultus
616 4376 1029 4448 superstitiones
1057 4392 1195 4445 pene
1230 4375 1402 4430 aniles
1429 4389 1549 4429 esse
1576 4380 1832 4437 testatur;

243 4469 398 4525 falsis
448 4467 825 4538 opinionibus,
854 4468 1237 4537 erroribusque
1286 4465 1607 4522 turbulentis
1650 4463 1834 4533 impli-

1940 3249 2302 3306 demonstrata
2371 3266 2558 3307 earum
2603 3250 2864 3318 falsitate,
2910 3250 3183 3306 Arnobius
3228 3250 3537 3306 necessario

1940 3345 2183 3402 concludi
2217 3360 2376 3416 posse
2398 3345 2622 3416 putavit,
2650 3346 2817 3401 solam
2838 3345 3184 3401 christianam
3217 3343 3532 3413 religionem

1938 3455 2060 3496 esse
2089 3455 2291 3507 veram,
2324 3450 2379 3496 et
2406 3440 2526 3496 aliis
2548 3442 2819 3498 veteribus
2846 3440 3166 3512 repudiatis,
3191 3440 3259 3496 ab
3284 3439 3534 3495 omnibus

1936 3532 2352 3607 suscipiendam.

2008 3627 2213 3682 Praeter
2260 3626 2575 3684 Ciceronem
2624 3643 2775 3695 vero,
2811 3628 2954 3684 mille
3002 3628 3173 3694 alios,
3230 3643 3296 3684 ex
3336 3627 3532 3699 quibus

1938 3720 2226 3776 nonnullos
2276 3720 2586 3775 nominibus
2637 3720 2748 3775 suis
2822 3720 3089 3791 appellat,
3166 3734 3198 3775 a
3261 3733 3322 3775 se
3373 3719 3531 3775 citari

1938 3825 2101 3881 posse
2128 3820 2319 3866 auctor
2359 3816 2542 3866 noster
2573 3812 2765 3866 asserit
2802 3812 2892 3882 qui
2931 3812 3062 3866 deos
3102 3811 3380 3882 gentilium
3434 3810 3535 3865 fal-

1938 3905 2323 3975 sosgpenitus,
2372 3920 2435 3960 ac
2465 3920 2644 3960 meros
2687 3905 2934 3959 homines
2967 3904 3135 3960 fuisse
3180 3905 3395 3975 scriptis
3436 3920 3535 3974 pu-

1940 3974 2094 4054 blicis
2151 3997 2485 4068 proclamare
2534 4012 2597 4053 ac
2655 3997 2884 4067 probare
2927 4011 3033 4051 non
3089 3974 3523 4052 dubitaverunt:

1948 4109 1968 4142 ι
2002 4089 2294 4145 Possumus
2338 4089 2555 4160 quidem
2586 4103 2777 4144 omnes
2820 4092 2974 4153 istos,
3012 4109 3031 4141 ι
3075 4088 3147 4142 ita
3180 4088 3269 4143 ille
3298 4088 3532 4159 loquitur

1942 4184 2157 4255 (idem,
2186 4184 2276 4238 lib.
2309 4199 2392 4248 tv,
2426 4201 2545 4255 pag.
2577 4182 2701 4251 147)
2726 4224 2742 4249 ,
2789 4201 2809 4235 r
2857 4183 3013 4238 nobis
3036 4222 3050 4246 ,
3094 4197 3230 4254 quos
3278 4182 3531 4239 inducitis

1941 4286 2101 4349 atque
2130 4276 2413 4348 appellatis
2451 4275 2612 4342 deos,
2673 4273 2919 4331 homines
2966 4273 3135 4331 fuisse
3192 4283 3528 4343 monstrare,

1941 4370 2027 4425 vel
2075 4369 2438 4440 Agragantino
2488 4367 2792 4424 Euhemero
2820 4366 3135 4439 ;replieato,
3177 4367 3330 4437 cujus
3379 4367 3533 4424 libel-

1942 4465 2022 4520 los
2070 4453 2306 4530 Ennius,
2335 4463 2537 4518 clarum
2578 4470 2636 4517 ut
2668 4462 2819 4518 ﬁeret
2861 4461 3104 4530 cunctis,
3136 4475 3441 4517 sermonem
3477 4463 3529 4517 in

241 4571 399 4617 catos
433 4575 549 4615 esse
576 4560 822 4615 homines
851 4560 1110 4630 queritur.
1144 4559 1275 4613 Nam
1310 4567 1453 4613 totus
1483 4557 1618 4611 liber
1649 4556 1835 4610 tertius
1860 4557 1916 4618 D
1947 4559 2134 4615 italum
2180 4556 2485 4621 transtulit,
2514 4556 2598 4611 vel
2649 4555 2908 4626 Nieagora
2934 4553 3135 4627 Cyprio
3155 4598 3170 4623 ,
3222 4555 3307 4609 vel
3336 4554 3533 4611 Pellreo

242 4653 317 4708 de
339 4653 534 4707 Natura
561 4651 785 4707 deorum
816 4667 1006 4707 omnes
1037 4651 1271 4705 funditus
1302 4650 1589 4721 religiones
1615 4650 1834 4715 evertit,

244 4760 313 4801 ac
355 4744 520 4801 delet.
570 4744 707 4814 Quid
746 4760 875 4816 ergo
923 4760 951 4797 a
996 4744 1148 4799 nobis
1196 4754 1511 4814 expectatur
1569 4742 1840 4813 amplius?

243 4842 387 4899 Num
417 4843 725 4919 eloquentia
756 4856 1013 4914 superare
1043 4858 1329 4914 possumus
1357 4841 1717 4898 Ciceronem?
1744 4832 1840 4897 Mi-

246 4938 397 4993 nime
428 4938 478 4992 id
507 4939 743 5009 quidem.
780 4937 885 4995 Sed
914 4936 1101 4993 ﬁducia
1126 4937 1199 4992 illi
1230 4936 1418 5003 deluit,
1444 4936 1711 5007 ignoranti
1745 4952 1837 4992 ve-

246 5033 488 5087 ritatem.
520 5033 608 5086 Ait
636 5032 779 5087 enim
810 5030 1014 5085 facilius
1038 5046 1096 5085 se
1130 5044 1292 5100 posse
1332 5030 1535 5100 dicere,
1568 5029 1693 5101 quid
1729 5044 1836 5084 non

246 5127 343 5189 sit,
376 5142 533 5193 quam
564 5126 687 5196 quid
721 5126 811 5188 sit,
842 5125 944 5180 hoc
974 5134 1076 5185 est,
1108 5123 1239 5178 falsa
1271 5139 1329 5179 se
1360 5124 1682 5194 intelligere,
1713 5139 1838 5180 vera

248 5220 484 5274 nescire.
524 5237 541 5271 ι
577 5217 858 5286 (Laclant.,
886 5218 975 5271 lib.
1004 5234 1040 5273 ι.
1063 5216 1264 5283 lnslil.,
1293 5234 1409 5286 cap.
1447 5218 1533 5284 l7,
1566 5235 1683 5288 pag.
1718 5215 1838 5288 90.)

322 5311 602 5366 Lactantio
634 5310 813 5381 igitur,
851 5310 1079 5380 aliisque
1104 5309 1511 5380 quamplurimis
1551 5310 1839 5365 eruditissi-

244 5404 353 5460 mis
372 5403 745 5473 scriptoribus,
774 5403 944 5459 vismn
963 5412 1045 5458 est
1074 5401 1157 5455 his
1175 5399 1453 5458 Ciceronis
1472 5399 1621 5458 libris
1652 5402 1841 5457 falsam

243 5495 584 5553 ethnicorum
627 5494 942 5566 religionem
986 5492 1222 5547 funditus
1250 5493 1453 5555 everti,
1501 5496 1711 5548 tametsi
1755 5494 1842 5549 ille

244 5587 414 5644 aliam
439 5602 625 5643 veram
648 5587 935 5644 ostendere
963 5595 1017 5641 et
1044 5586 1284 5641 stabilire
1315 5601 1422 5641 non
1450 5585 1704 5641 valuerit.

328 5682 656 5751 Augustinus
700 5694 830 5735 vero
877 5678 1055 5734 citatis
1112 5677 1431 5750 quibusdam
1487 5695 1552 5735 ex
1608 5677 1845 5735 secundo

245 5774 526 5833 concludit
566 5774 719 5830 illum
766 5773 1178 5829 simulacrorum
1226 5771 1547 5829 inStitutioni
1596 5779 1651 5829 et
1700 5770 1847 5826 falsis

1946 4652 2150 4731 Leonte
2174 4696 2188 4719 ,
2240 4651 2327 4706 vel
2356 4649 2654 4722 Cyrenensi
2699 4649 3008 4715 Theodoro,
3038 4648 3125 4704 vel
3160 4648 3425 4718 Hippone,
3471 4661 3535 4701 ac

1946 4746 2172 4817 Diagora
2212 4744 2414 4809 Meliis,
2449 4745 2530 4800 vel
2560 4744 2871 4799 auctoribus
2899 4743 3018 4797 aliis
3050 4743 3226 4808 mille,
3255 4743 3346 4813 qui
3380 4756 3533 4797 scru-

1946 4838 2151 4909 pulosa:
2188 4836 2480 4908 diligentiae
2526 4850 2650 4890 cura
2701 4835 2753 4889 in
2796 4835 2971 4890 lucem
3002 4849 3091 4890 res
3115 4832 3322 4888 abditas
3367 4832 3533 4889 liber-

1947 4939 2054 4985 tate
2101 4932 2331 5000 ingenua
2377 4928 2738 4999 protulerunt.
2778 4947 2797 4980 ι
2833 4926 3001 4995 Quam
3031 4936 3209 4979 autem
3260 4924 3313 4980 id
3346 4942 3531 4982 verum

1944 5024 2035 5088 sit,
2062 5024 2195 5078 satis
2216 5022 2383 5093 liquet
2400 5037 2463 5077 ex
2484 5020 2589 5087 his,
2611 5036 2730 5091 quae
2752 5035 2848 5075 nos
2867 5020 2936 5074 de
2960 5017 3188 5074 laudatis
3211 5017 3280 5073 ab
3302 5032 3370 5074 eo
3402 5020 3533 5075 scri-

1949 5117 2194 5189 ptoribus
2224 5117 2277 5172 in
2328 5117 2506 5188 priore
2535 5126 2822 5187 apparatus
2853 5115 3021 5170 nostri
3069 5122 3215 5169 tomo
3237 5156 3252 5182 ,
3284 5122 3340 5169 et
3381 5127 3539 5184 supe-

1908 5212 1911 5219 “
1942 5210 2088 5266 riore
2132 5210 2200 5265 de
2226 5209 2442 5265 Minucii
2467 5209 2690 5265 Octavio
2714 5200 3094 5263 dissertatione
3133 5204 3530 5274 disputavimus

1940 5303 2088 5377 (tom.
2114 5321 2132 5361 ι
2163 5305 2414 5376 Apparat.
2436 5345 2452 5369 ,
2491 5303 2580 5358 lib.
2608 5317 2687 5367 ιιι,
2733 5300 2956 5355 Disserl.
2987 5300 3041 5366 l,
3072 5310 3190 5369 cap.
3222 5299 3312 5366 ll,
3344 5307 3444 5353 art.
3474 5298 3531 5365 5,

1944 5418 2063 5474 pag.
2119 5398 2258 5462 785;
2302 5408 2349 5455 et
2396 5413 2542 5467 scq.,‘
2571 5396 2787 5452 Dium.
2836 5396 2890 5449 in
2920 5394 3122 5450 Minue.
3156 5392 3373 5459 Oetam,
3411 5411 3530 5467 cap.

1951 5502 1998 5547 et
2049 5500 2147 5546 art.
2201 5490 2417 5563 υιιίηι.).
2452 5489 2660 5547 Nemini
2709 5503 2870 5560 porro
2897 5489 3072 5557 ullus,
3119 5488 3197 5542 uti
3243 5496 3529 5558 putamus,

1948 5583 2227 5639 dubitandi
2290 5586 2440 5638 locus
2487 5592 2570 5638 est
2624 5597 2747 5639 cum
2795 5580 3149 5646 Ciceronem,
3203 5586 3319 5634 tum
3362 5578 3539 5645 alios,

1947 5691 2081 5747 quos
2105 5675 2375 5732 Arnobius
2402 5674 2723 5747 nominatim
2770 5675 3018 5741 vocavit,
3051 5684 3147 5727 eos
3190 5670 3344 5744 ipsos
3384 5682 3504 5724 esse
3530 5708 3545 5733 ,

1954 5770 2022 5831 dc
2064 5766 2258 5841 quibus
2307 5766 2398 5826 ille
2435 5767 2562 5825 alibi
2616 5757 2829 5825 dixerat
2861 5786 2876 5824 :
2916 5785 2934 5820 ι
2968 5761 3253 5823 Audimus
3299 5757 3560 5832 quosdam
