3990 6072
453 200 561 255 505

1690 200 2142 260 θιδΒΜῖΤΑΤΙΟ
2178 203 2456 263 PRIEVIA

3627 210 3739 269 ξέοι

455 315 865 386 philosophandi
915 317 1093 373 studio
1132 317 1341 374 deditos
1386 319 1580 388 partim
1630 317 1792 372 ullam
1841 333 2039 388 negare
2066 324 2122 384 Α
2146 321 2348 377 tionem
2391 322 2554 378 etiam
2604 322 2928 396 Euripides,
2973 323 3176 395 aliique
3221 323 3437 379 Baccho
3492 323 3742 382 tribuunt

453 408 561 462 vim
608 423 727 464 esse
777 409 1046 474 divinam,
1103 411 1291 480 partim
1345 427 1411 466 an
1443 412 1548 478 sit,
1599 410 1836 482 quotidie
1885 427 2034 484 qua:-

451 517 607 562 rere.
648 523 666 556 ι
704 503 916 574 (Arnob.
942 546 956 570 ,
991 504 1079 557 lib.
1112 519 1166 569 ι,
1199 521 1318 576 pag.
1356 502 1470 575 18.)

525 595 616 649 His
649 610 806 664 porro
837 598 908 650 ita
938 597 1272 659 constitutis.
1317 597 1384 651 ad
1414 597 1514 650 alia
1563 597 1839 653 veniamus
1882 614 2038 670 argu-

453 698 668 751 menta,
727 688 919 758 quibus
998 689 1088 745 ille
1151 689 1409 744 absurdus
1475 691 1754 760 gentilium
1820 691 1888 746 de
1935 692 2038 747 diis

455 783 568 837 suis
615 783 929 852 Opiniones,
956 793 1116 854 atque
1153 783 1289 839 adeo
1328 799 1540 840 omnem
1588 785 1798 840 illorum
1850 784 2039 841 falsam

453 875 769 946 religionem
820 877 945 932 inde
975 878 1252 942 concutit,
1300 877 1440 933 unde
1488 878 1592 933 illis
1646 878 1862 934 fundata
1907 895 2040 935 con-

451 976 758 1038 structaque
801 968 1100 1024 videbatur.
1155 969 1440 1025 Rationum
1505 970 1770 1040 siquidem
1817 987 2040 1027 suarum

453 1071 724 1115 momenta
774 1077 838 1118 ex
899 1062 963 1116 iis
1014 1061 1270 1129 deducit,
1329 1079 1448 1131 qua:
1511 1063 1712 1119 ethnici
1765 1073 2040 1134 tamquam

451 1163 598 1208 certa
625 1164 680 1208 et
728 1155 949 1211 minime
996 1155 1159 1210 dubia
1210 1155 1384 1224 palam
1433 1155 1630 1228 ubique
1680 1156 1747 1212 de
1796 1156 1901 1212 diis
1930 1157 2041 1213 suis

457 1249 843 1318 prmdicabant.
867 1250 926 1305 In
952 1250 1055 1306 illis
1077 1265 1241 1320 porro
1273 1249 1620 1306 recensendis
1649 1261 1703 1305 et
1724 1251 2041 1307 examinan-

452 1343 536 1396 dis
569 1343 800 1412 positum
843 1343 911 1396 ab
942 1343 1034 1398 illo
1087 1343 1368 1410 ordinem,
1415 1343 1592 1414 quoad
1646 1343 1759 1398 fieri
1813 1344 2040 1413 poterit,

456 1451 763 1506 sequemur.
801 1438 865 1490 At
910 1454 976 1491 ne
1005 1437 1193 1492 eadem
1235 1438 1522 1507 aliquando
1551 1453 1671 1491 cum
1722 1452 1787 1492 eo
1831 1447 2044 1508 repeta-

457 1545 606 1593 mus,
662 1545 722 1583 ea
770 1531 948 1584 omnia
995 1546 1114 1601 qua:
1187 1529 1252 1583 ad
1303 1545 1466 1584 unam
1521 1529 1874 1601 eamdemque
1924 1545 2040 1585 rem

458 1621 699 1691 faciunt,
751 1633 802 1677 et
831 1624 875 1678 si
917 1623 986 1678 ab
1016 1623 1108 1678 illo
1140 1623 1300 1680 variis
1330 1623 1382 1680 in
1413 1623 1542 1680 locis
1585 1632 1810 1678 tractata
1832 1665 1848 1690 ,
1880 1623 2041 1680 simul

449 1716 724 1788 semelque
752 1716 1179 1774 retractabimus.

1027 1860 1341 1935 Ἀιιτιειιιυε
1393 1894 1451 1932 Il.

452 2013 701 2074 Quomodo
725 2011 968 2061 Arnobius
986 2011 1292 2061 demonstret
1309 2010 1473 2062 falsam
1499 2009 1692 2060 illorum
1714 2011 2043 2074 divinitatem,

511 2077 594 2137 qui
620 2075 688 2125 dii
712 2075 985 2124 renuntiati
1008 2084 1139 2132 sunt,
1167 2074 1246 2137 vel
1270 2077 1334 2122 ob
1355 2075 1464 2122 data
1489 2075 1766 2137 hominibus
1784 2074 2045 2134 beneﬁcia,

511 2135 638 2188 sicut
660 2138 807 2200 Liber
833 2145 1034 2200 proliter
1058 2138 1174 2193 vini,
1202 2136 1357 2200 Ceres
1393 2138 1548 2197 panis,
1596 2135 1902 2198 Esculapius
1926 2138 2047 2186 her-

511 2203 704 2255 barum.
732 2199 949 2249 Minerva
974 2200 1115 2262 oleae,
1142 2199 1472 2262 Triptolemus
1494 2200 1640 2262 aratri
1681 2200 2045 2262 inventionem;

515 2263 594 2312 vel
611 2264 674 2311 ob
701 2263 928 2326 praeclara
955 2261 1175 2326 qnzedam
1209 2260 1354 2326 facta,
1380 2261 1505 2309 sicut
1528 2261 1774 2311 Hercules
1797 2268 1848 2311 ct
1872 2260 2047 2312 Romué

515 2327 605 2386 ltts,
627 2324 710 2388 qui
730 2333 1012 2375 senatorum
1028 2325 1252 2373 manibus
1269 2324 1568 2373 dilaceratus
1591 2330 1684 2373 est.

526 2477 742 2532 Variam
777 2475 1097 2531 idololatria:
1150 2483 1206 2529 et
1253 2475 1401 2545 impii
1456 2474 1682 2531 deorum
1715 2477 1893 2531 cultus
1941 2477 2051 2532 ori-

457 2569 637 2641 ginem
699 2567 982 2638 fontesque
1038 2567 1478 2637 corruptissimos
1533 2568 1643 2638 jam
1694 2569 2050 2638 patefecimus

459 2673 515 2718 et
562 2661 900 2719 ostendimus
938 2661 1101 2732 (tam.
1135 2676 1186 2726 ι,
1217 2660 1465 2729 Apparat.
1490 2701 1505 2725 ,
1555 2677 1675 2732 pag.
1709 2661 1817 2716 452
1844 2671 1891 2716 et
1918 2663 2046 2728 717,

457 2765 504 2811 et
532 2771 668 2824 seqq.
696 2797 711 2818 ,
764 2771 826 2807 ac
874 2751 1094 2807 Dissert.
1131 2769 1330 2823 super.,
1360 2769 1475 2820 cap.
1523 2753 1627 2816 M,
1669 2765 1771 2808 art.
1823 2752 1879 2826 5)
1932 2770 2050 2810 eam

462 2848 589 2904 inde
616 2847 954 2918 potissimum
984 2860 1267 2910 manasse,
1297 2845 1440 2915 quod
1473 2844 1638 2914 prisci
1677 2847 1918 2917 caecique
1950 2845 2053 2900 ho-

464 2946 640 2997 mines
685 2956 780 2996 eos
812 2940 864 2994 in
907 2939 1090 2993 album
1131 2939 1354 2994 deorum
1387 2938 1721 3004 retulerunt,
1779 2955 1808 2993 a
1859 2940 2054 3010 quibus

462 3035 697 3089 maxima
724 3049 782 3087 se
812 3031 1090 3100 accepisse
1138 3030 1400 3086 beneficia
1424 3073 1438 3095 ,
1466 3041 1559 3085 aut
1612 3030 1870 3100 praeclara
1902 3048 2052 3103 quae-

2070 1723 2118 1785 B

2140 411 2405 485 (Euripid.
2438 417 2492 469 in
2537 414 2777 472 Bacchis.
2831 433 2961 472 vers.
3018 415 3122 470 277
3179 426 3226 470 et
3265 433 3411 488 scq.;
3457 415 3733 473 Dissertat.

2141 522 2256 577 sup.
2287 549 2303 575 ,
2333 525 2453 580 cap.
2485 510 2590 577 14,
2617 520 2722 566 art.
2763 509 2842 582 4).
2871 509 2976 568 Sed
3008 510 3076 566 de
3117 509 3218 566 hoc
3240 551 3257 578 ,
3303 520 3358 566 et
3386 510 3626 581 ,Cerere,
3666 511 3740 569 de

2140 601 2334 669 quibus
2382 618 2482 658 nos
2539 605 2591 659 in
2637 606 2904 677 superiori
2950 605 3367 676 dissertatione,
3434 605 3554 664 haec
3609 618 3742 666 sunt

2146 690 2388 751 Lucretii
2433 697 2672 752 carmina
2702 715 2718 752 :

2235 815 2455 882 Eamque
2478 815 2633 882 _(’.e_res
2655 814 2811 865 fertur
2832 813 3020 882 fruges,
3047 817 3296 882 Liberque
3325 818 3543 882 liquores

2235 877 2452 939 Vitigeni
2478 877 2674 929 laticem
2696 877 2984 930 mortalibus
3007 877 3299 932 instituisse.

2669 963 2902 1028 (Lucret,
2927 961 3011 1015 lib.
3036 979 3085 1027 v,
3111 977 3237 1016 vers.
3257 965 3317 1016 14
3333 972 3378 1017 et
3394 967 3550 1032 seqq.)

2145 1091 2218 1146 Ea
2249 1101 2428 1148 autem
2457 1091 2624 1148 Ceres
2651 1093 2809 1165 panis
2839 1093 3140 1159 inventrix,
3190 1093 3258 1149 ab
3283 1093 3474 1150 eodem
3503 1093 3744 1152 Diodoro

2146 1183 2332 1239 Siculo
2367 1183 2564 1240 dicitur
2587 1181 2936 1242 screndarum
2962 1186 3173 1259 frugum
3198 1229 3214 1255 ,
3246 1197 3300 1243 et
3329 1190 3493 1244 totius
3537 1191 3743 1246 messis

2149 1279 2456 1344 rationem,
2505 1279 2647 1336 unde
2696 1281 2850 1351 panis
2894 1281 3210 1347 conficitur,
3255 1297 3318 1337 ea
3362 1283 3480 1352 lege
3524 1281 3748 1353 Tripto-

2147 1371 2349 1427 lemum
2377 1373 2667 1440 docuisse;
2699 1383 2757 1429 ut
2803 1390 2921 1431 eam
2959 1390 3080 1430 cum
3111 1376 3378 1432 universis
3432 1375 3747 1432 hominibus

2147 1467 2572 1522 communicaret
2616 1467 2862 1537 (Diodor.
2915 1468 3121 1533 Sicul.,
3169 1468 3260 1523 lib.
3310 1485 3402 1536 ιιι,
3451 1467 3744 1535 Biblioth.,

2150 1577 2271 1633 pag.
2300 1559 2454 1632 232).
2496 1561 2839 1633 Quapropter
2867 1563 3013 1619 canit
3045 1562 3298 1634 Virgilius
3332 1580 3348 1616 :

2243 1677 2405 1725 Prima
2426 1677 2580 1728 Ceres
2602 1677 2736 1728 ferro
2759 1677 2994 1728 mortales
3011 1682 3213 1728 vertere
3233 1683 3416 1727 terram

2243 1739 2477 1803 instituit,
2501 1742 2720 1802 cttmjam
2743 1741 2948 1803 glandes
2971 1748 3119 1803 atque
3136 1741 3308 1790 arbuta
3329 1752 3479 1789 sacras

2242 1801 2526 1853 Deﬁcerent
2541 1801 2706 1866 sylvae,
2733 1801 2787 1854 et
2809 1804 2986 1854 victum
3011 1801 3210 1851 Dodona
3235 1807 3463 1865 negaret.

2520 1887 2748 1954 (Vit-git,
2773 1887 2860 1939 lib.
2881 1904 2897 1938 ι
2922 1889 3116 1952 Georg.,
3140 1899 3265 1941 vers.
3286 1886 3375 1937 147
3402 1891 3446 1936 et
3464 1885 3621 1950 seqq.)

2153 1992 2374 2065 Virgilio
2393 1992 2634 2048 concinit
2657 1991 2887 2049 Ovidius
2917 2013 2931 2046 :

2365 2107 2529 2157 Prima
2553 2107 2722 2165 Ceres,
2749 2107 2934 2156 homini
2957 2106 3014 2156 ad
3039 2106 3248 2157 meliora
3273 2112 3460 2166 vocato,

2307 2169 2512 2219 Mutavit
2534 2169 2739 2232 glandes
2760 2169 2958 2220 utiliore
2984 2171 3112 2219 cibo.

2248 2232 2470 2296 Illajugo
2486 2238 2651 2280 tauros
2669 2232 2845 2296 collum
2864 2233 3089 2296 prtebere
3111 2233 3280 2296 coegit
3305 2246 3316 2281 :

2307 2295 2432 2344 Tum
2460 2297 2666 2359 primum
2683 2294 2816 2344 soles
2837 2294 2976 2344 eruta
3001 2297 3123 2345 vidit
3139 2295 3334 2344 humus.
3382 2316 3389 2323 -

2688 2376 2879 2454 (0vid.,
2898 2376 2982 2429 lib.
3011 2393 3078 2440 tv,
3106 2379 3261 2439 Fast.,
3288 2391 3398 2444 pag.
3427 2378 3563 2443 548.)

2158 2487 2329 2541 Porro
2367 2495 2546 2542 autem
2578 2495 2762 2542 narrat
2807 2485 2983 2542 adhuc
3031 2485 3328 2548 Diodorus,
3365 2487 3476 2557 jam
3523 2502 3552 2540 a
3593 2486 3752 2542 nobis

2156 2579 2444 2642 laudatus,
2501 2578 2655 2634 deam
2700 2571 2954 2634 Cererem
3003 2578 3072 2634 ab
3124 2577 3544 2634 Atheniensibus
3585 2593 3750 2650 prop-

2156 2684 2239 2730 ter
2278 2675 2378 2729 hoc
2403 2673 2723 2730 beneficium
2748 2673 2878 2744 ipsis
2907 2673 3164 2728 collatum
3188 2716 3202 2735 .
3228 2673 3590 2728 oblationibus
3637 2675 3747 2729 vic-

2159 2770 2443 2835 timarum,
2487 2777 2647 2838 atque
2674 2767 2963 2822 Eleusiuiis
2991 2766 3160 2822 initiis
3189 2766 3508 2822 honoratam
3535 2765 3749 2840 (Diod.,

2160 2860 2249 2914 lib.
2282 2875 2338 2924 v,
2362 2859 2612 2913 Biblioth.
2638 2900 2652 2924 ,
2684 2876 2806 2930 pag.
2831 2858 2984 2930 200).

2230 2957 2300 3009 At
2338 2954 2428 3008 ille
2467 2963 2760 3025 praeterea,
2794 2962 2848 3009 et
2885 2953 2975 3024 qui
3017 2953 3178 3009 verba
3210 2953 3326 3024 ejus
3360 2954 3752 3025 trauscripsere

2161 3046 2428 3102 Eusebius
2455 3056 2510 3102 et
2551 3046 2861 3102 Lactantius
2885 3088 2900 3111 ,
2933 3046 3276 3116 apertissime
3313 3046 3596 3102 declarant
3622 3046 3748 3102 .lEs-

462 3127 586 3181 dam
620 3126 858 3181 facinora
903 3124 1048 3180 edita
1093 3123 1264 3179 fuisse
1302 3123 1726 3180 arbitrabantur.
1776 3123 2051 3190 Quamob-
2081 3123 2126 3186 C
2159 3139 2429 3209 culapinm
2461 3155 2568 3194 ηοη
2596 3138 2756 3194 modo
2786 3138 3070 3193 herbarum
3093 3179 3110 3204 ,
3133 3139 3229 3193 sed
3261 3139 3428 3193 ιοιίυε
3450 3139 3611 3194 aiam
3639 3153 3753 3194 me-

468 3234 582 3274 rem
653 3217 923 3274 Arnobius
990 3218 1208 3271 insanos
1272 3215 1396 3270 illos
1456 3216 1686 3284 gentiles
1736 3215 1822 3270 his
1874 3216 2056 3272 verbis

465 3312 756 3382 compellat
782 3330 795 3367 :
820 3331 838 3363 ι
879 3311 988 3366 Vos
1028 3310 1306 3374 Liberum,
1340 3309 1483 3379 quod
1510 3325 1665 3364 usum
1694 3311 1898 3380 reperit
1925 3311 2052 3376 vini;

476 3405 619 3475 quod
650 3405 802 3476 panis
827 3446 842 3467 ,
887 3402 1141 3459 Cererem
1168 3419 1185 3468 ;
1236 3403 1609 3473 jEsculapium
1633 3444 1648 3469 ,
1688 3405 1831 3474 quod
1861 3403 2059 3460 herba-

467 3514 624 3563 rum;
673 3497 998 3561 Minervam,
1048 3495 1191 3567 quod
1221 3497 1388 3560 olere;
1439 3496 1868 3567 Triptolemum,
1915 3499 2059 3569 quod

469 3596 669 3651 aratri:
718 3594 952 3664 denique
982 3592 1298 3656 Herculem,
1334 3591 1477 3662 quod
1506 3591 1650 3647 feras
1670 3635 1685 3658 ,
1709 3594 1852 3664 qttod
1881 3593 2056 3661 fures,

470 3688 613 3760 quod
647 3687 1021 3757 multiplicium
1052 3687 1287 3756 capitum
1318 3685 1591 3756 superavit
1622 3679 2062 3758 compescuitque

470 3785 734 3850 nutrices,
767 3783 1014 3838 divorum
1041 3781 1299 3838 retulistis
1323 3782 1374 3837 in
1398 3790 1622 3839 emtum.
1645 3780 1887 3856 (Arnob,
1908 3782 1996 3838 lib.
2021 3799 2058 3849 ι,

475 3894 596 3949 pag.
629 3875 749 3946 SM.)

545 3974 614 4028 At
642 3972 802 4042 quid,
835 3987 934 4028 oro
975 3982 1061 4036 te,
1105 3970 1227 4026 inde
1273 3969 1554 4041 sequitur,
1608 3969 1711 4024 nisi
1759 3984 1854 4025 eos
1880 3970 2064 4026 homi-

477 4081 573 4123 nes
595 4065 762 4122 fuisse
785 4110 799 4132 ,
826 4076 918 4120 aut
939 4065 1130 4121 saltem
1162 4064 1293 4120 deos
1322 4063 1612 4132 aliquando
1637 4078 1756 4119 esse
1788 4065 2019 4134 coepisse
2046 4107 2062 4131 ,

473 4175 538 4214 ac
562 4161 789 4230 proinde
819 4160 1008 4215 falsam
1041 4160 1262 4214 omnino
1303 4159 1405 4214 illis
1438 4159 1781 4213 divinitatem
1810 4159 2066 4214 attribui?

477 4253 615 4308 Vera
661 4255 805 4308 enim
850 4253 1102 4308 divinitas
1131 4262 1332 4307 :cterna
1380 4267 1502 4308 esse
1525 4250 1721 4318 debet,
1766 4266 1866 4308 nec
1894 4252 2063 4307 ullum

477 4364 731 4419 umquam
763 4349 935 4418 potuit
965 4347 1162 4402 habere
1202 4347 1433 4401 initium.

550 4441 733 4510 Neque
762 4440 878 4494 hare
913 4439 981 4492 ab
1007 4438 1246 4494 Arnobio
1289 4453 1571 4509 perperam
1615 4440 1913 4510 excogitata
1941 4453 2065 4509 gra-

479 4533 658 4603 tisque
688 4535 811 4587 ficta
839 4532 1060 4586 dixeris.
1097 4531 1335 4587 Primum
1365 4531 1509 4587 enim
1536 4532 1803 4588 Diodorus
1827 4533 2062 4597 Siculus,
2090 4540 2143 4600 1)

482 4627 636 4682 testis
663 4641 725 4682 ea
760 4626 812 4680 in
838 4641 896 4680 re
918 4640 1048 4680 sane
1071 4625 1554 4695 locupletissimus,
1575 4626 1930 4681 disertissime
1953 4636 2065 4680 tra-

2161 3233 2354 3288 dicinte
2383 3233 2648 3288 creditum
2690 3230 2856 3286 fuisse
2894 3241 3252 3302 repertorem.
3294 3233 3364 3288 At
3392 3232 3460 3288 de
3514 3233 3607 3288 illo
3652 3247 3751 3288 nos

2163 3326 2217 3380 in
2239 3324 2519 3396 superiore
2541 3325 2842 3395 Apparatus
2863 3324 3032 3378 nostri
3067 3333 3213 3378 tomo
3240 3323 3474 3378 diximus
3503 3323 3749 3392 (Diodor.

2165 3420 2252 3474 lib.
2286 3437 2338 3482 γ,
2390 3435 2508 3490 pag.
2559 3419 2705 3484 9.55;
2763 3417 2980 3479 Euseb.,
3017 3417 3106 3471 lib.
3135 3433 3188 3480 v,
3226 3415 3467 3487 Praepar.
3509 3415 3710 3488 Evang.
3734 3461 3749 3483 ,

2161 3530 2277 3585 cap.
2309 3513 2365 3579 ‘2,
2405 3529 2522 3582 pag.
2552 3512 2618 3566 57
2645 3527 2660 3576 ;
2697 3510 2932 3566 Lactant.
2955 3551 2971 3576 ,
3001 3510 3097 3566 lib.
3130 3527 3182 3577 ι,
3225 3526 3341 3581 cap.
3371 3509 3474 3576 19,
3508 3527 3627 3582 pag.
3661 3509 3751 3576 98;

2167 3615 2287 3660 tam.
2320 3621 2370 3668 ι,
2403 3604 2684 3675 Apparat.,
2718 3621 2835 3675 pag.
2872 3602 3060 3674 H92).

2236 3699 2513 3756 Testatum
2566 3699 2720 3754 nobis
2751 3698 2925 3753 adhuc
2965 3698 3229 3752 Diodorus
3258 3697 3386 3753 facit
3433 3713 3460 3750 a
3513 3697 3753 3753 Minerva

2169 3793 2417 3850 traditam
2451 3791 2713 3848 olivarum
2748 3792 3133 3862 plantationem
3176 3800 3231 3846 et
3258 3791 3555 3855 culturam,
3596 3801 3757 3862 atque

2168 3886 2275 3940 olei
2306 3884 2710 3957 expressionem
2744 3882 3010 3956 (Diodor.,
3035 3883 3134 3937 loc.
3163 3884 3298 3953 cit.).
3327 3882 3584 3951 Quamvis
3611 3883 3756 3937 enim

2170 3978 2274 4033 hoc
2315 3977 2523 4032 arboris
2577 3991 2764 4046 genus,
2800 3976 3154 4048 sylvestribus
3211 3977 3574 4046 permixtum,
3632 3986 3758 4029 ante

2171 4074 2331 4145 hujus
2379 4073 2632 4128 Minervm
2678 4082 2856 4126 ortum
2911 4071 3218 4134 extitisset,
3264 4071 3444 4125 nullus
3487 4079 3666 4124 tamen
3696 4069 3761 4124 il-

2168 4169 2272 4224 lius
2301 4168 2477 4224 cultus
2515 4179 2568 4222 et
2615 4181 2742 4221 usus
2772 4165 3036 4220 ltactenus
3071 4164 3326 4220 iuventus
3361 4163 3554 4219 fuerat.
3607 4161 3762 4217 [inde

2172 4262 2425 4333 Virgilius
2455 4280 2468 4316 :

2913 4373 3149 4432 Oleteque.
3168 4374 3385 4423 Minerva

2262 4441 2540 4500 Inventrix,
2565 4440 2780 4502 uncique
2805 4449 2931 4500 puer
2956 4443 3253 4487 monstrator
3278 4437 3448 4486 aratri.

2692 4518 2922 4585 (Virgil.,
2947 4519 3030 4572 lib.
3058 4521 3292 4585 tGeorg.,
3319 4532 3444 4569 vers.
3473 4517 3575 4580 18.)

2167 4634 2261 4690 His
2300 4640 2476 4687 autem
2508 4627 2896 4700 posterioribus
2925 4626 3105 4684 herbis
3130 4626 3345 4698 quidam
3389 4625 3611 4692 Osirim,
3653 4625 3746 4681 alii

482 4719 620 4774 didit
649 4736 678 4772 a
723 4718 1015 4789 Dionysio,
1047 4733 1143 4773 seu
1184 4717 1380 4774 Libero
1401 4761 1414 4785 ,
1438 4729 1530 4774 aut
1559 4719 1772 4774 Baccho
1793 4728 2050 4790 repertun

2170 4725 2601 4796 Triptolemum,
2674 4723 2828 4791 cujus
2897 4719 3167 4775 Arnobius
3227 4730 3409 4773 noster
3478 4717 3760 4783 meminit,

480 4814 648 4868 fuisse
697 4813 806 4867 Vini
855 4828 1008 4867 υειιιη
1066 4811 1308 4884 (υἱοάον.
1364 4812 1564 4877 δίεισι..
1617 4813 1703 4867 lib.
1758 4831 1803 4878 1,
1857 4830 1978 4884 pag.
2037 4813 2069 4868 9
2174 4817 2442 4890 designari
2471 4817 2781 4886 opinantur.
2817 4811 2923 4868 Sed
2950 4809 3148 4866 videsis
3174 4811 3225 4864 in
3248 4809 3349 4864 hos
3374 4820 3428 4864 et
3455 4809 3764 4880 superiores

483 4919 528 4959 et
558 4907 655 4972 to,
684 4917 731 4960 et
757 4907 846 4960 lib.
889 4921 980 4969 ut,
1027 4922 1148 4976 pag.
1202 4903 1360 4977 “9.).
1395 4905 1548 4960 Prius
1585 4921 1714 4960 vero
1755 4905 1808 4958 id
1852 4905 2071 4960 uberius
2177 4911 2328 4965 latini
2370 4917 2545 4981 poeta:
2590 4920 2778 4960 versus
2827 4903 3000 4960 Servii
3044 4901 3510 4958 commentarium.
3559 4901 3766 4956 Plinius

484 5007 834 5065 narraverat,
862 4997 951 5051 ubi
981 4999 1418 5053 commemoratis
1459 4997 1778 5068 quibusdam
1809 4997 1928 5052 aliis
1956 4998 2074 5066 ejus
2178 5018 2306 5059 vero
2351 5001 2483 5057 dixit
2514 4999 2681 5070 (Plin.
2705 5039 2718 5061 ,
2763 4998 2854 5052 lib.
2888 5013 2990 5062 vti,
3041 4994 3232 5050 Natur.
3279 4995 3398 5048 hist.
3425 5039 3438 5056 ,
3491 5010 3608 5064 cap.
3657 4993 3808 5060 56,.

487 5091 538 5144 in
591 5089 837 5144 homines
881 5089 1192 5156 beneficiis,
1249 5089 1366 5145 hmc
1395 5089 1590 5160 adjecit
1617 5089 1818 5163 (Ibid.,
1866 5109 1917 5160 p.
1971 5091 2072 5145 157
2180 5113 2299 5167 pag.
2329 5091 2423 5163 99)
2450 5092 2593 5147 illam
2627 5091 2788 5145 aratri
2811 5089 3170 5144 inventionem
3201 5085 3764 5156 BuzigiAtheuiensi,

485 5193 529 5235 et
574 5181 698 5250 158)
731 5201 746 5236 :
770 5181 892 5237 ’Av‘f
919 5181 984 5237 ὧν
1006 5179 1060 5238 εὖ
1083 5186 1334 5244 πάθοντας
1370 5187 1638 5256 ἀπονεῖμαι
1665 5186 1816 5256 τιμὰς·
1851 5185 2048 5238 ἰσοθέου

2180 5189 2268 5243 vel
2289 5187 2618 5258 Triptolemo
2642 5168 2896 5239 adscribi.
2923 5181 3027 5238 Sed
3051 5181 3118 5236 tle
3145 5181 3239 5236 illo
3259 5195 3518 5251 expresse
3539 5177 3766 5235 Ovidius

487 5278 628 5350 ἀυτῷ
655 5279 741 5330 καὶ
789 5279 993 5341 θυσίας,
1024 5279 1298 5350 προθύμως
1327 5275 1563 5331 ἁπάντων
1590 5278 1883 5354 ἀνθρώπων,
1911 5274 1995 5331 διὰ
2020 5299 2050 5332 τ

2182 5279 2434 5336 Cererem
2465 5278 2543 5333 sic
2574 5277 2881 5347 loquentem
2915 5273 3122 5330 inducit
3147 5290 3160 5327 :

487 5370 693 5441 μέγεθος
745 5378 836 5431 τῆς
893 5371 1188 5444 εὐεργεσίας
1232 5370 1607 5442 ἀπονειμάντων
1650 5372 1738 5427 τήν
1771 5369 2070 5423 ἀθανασίαν.

490 5461 592 5516 His
622 5472 736 5548 tam,
751 5463 1036 5534 ingentibus
1067 5463 1321 5534 beneﬁciis
1349 5473 1546 5517 tantum
1585 5463 1681 5517 sibi
1727 5463 1918 5534 favoris
1946 5451 2074 5517 ἐοη-
2273 5454 2334 5530 Et
2357 5450 2511 5515 δεῗθῐν
2541 5461 2593 5503 ει
2616 5452 2984 5548 ωιῑξέρξεξθπιξξ
3009 5450 3170 5548 mna;
3186 5450 3350 5500 ¹¹υ¹¹³οι

491 5554 680 5608 ciliavit
700 5532 736 5619 ,'
761 5532 820 5608 at
858 5555 1160 5625 propensius
1192 5532 1435 5626 omnium
1477 5532 2076 5626 studiiqinimortalitati
2257 5591 2268 5602 .
2721 5536 2907 5600 (θυίαν
2929 5532 3011 5585 m"
3036 5549 3101 5594 “'t
3128 5535 3279 5595 Fas"!
3306 5547 3418 5600 pag'
3445 5533 3582 5597 592')

491 5655 815 5702 consecratus
844 5623 865 5714 ,ὴ
931 5656 1202 5724 tamquam.
1237 5623 1402 5724 Dm},
1456 5655 1502 5702 et
1553 5623 1721 5702 cultus
1769 5647 1980 5701 eximios
2029 5656 2076 5702 et
2174 5646 2250 5702 Ibi
2278 5647 2459 5716 itaque
2493 5643 2861 5716 Triptolemus
2885 5643 3161 5714 expressis
3191 5641 3371 5698 verbis
3411 5641 3612 5698 dicitur
3641 5657 3766 5699 ara-

486 5737 801 5792 rictimarnm
849 5715 1193 5793 solemnitate:
1236 5715 1503 5809 rec‘ieret.
1532 5738 1655 5794 Vini
1684 5754 1848 5810 porro
1888 5738 2075 5796 inven-
2179 5741 2245 5797 tri
2293 5715 2561 5810 inventor,
2591 5715 2730 5795 sicut
2756 5755 2786 5796 a
2830 5738 3065 5796 Diodoro
3110 5736 3291 5794 Siculo
3332 5735 3491 5808 paulo
3522 5745 3650 5793 ante
3682 5737 3768 5792 ci-

2273 5392 2373 5443 Iste
2390 5391 2591 5454 quidem
2615 5390 2834 5454 mortalis
2857 5390 2970 5454 erit,
2998 5386 3090 5454 sed
3105 5387 3290 5454 primus
3312 5387 3486 5446 arabit,
