3990 6072
259 229 362 286 505

1467 215 1534 272 IN
1573 209 1946 281 ABNOBIUM,
1986 210 2139 270 CAP.
2179 211 2300 268 XL?

3430 202 3531 260 506

261 354 370 402 tato
410 342 576 399 totius
604 339 948 413 agriculturre
974 338 1219 394 doctrina
1259 333 1516 390 imbutus.
1560 332 1635 387 De
1674 329 1838 386 aratri
1863 336 1917 397 Α
1942 327 2387 394 admirationem,
2461 301 2516 383 et
2582 322 2859 384 beneficiis
2917 319 3359 379 benevolentiam
3405 333 3531 391 gra-

258 451 423 511 porro
451 436 783 506 aliorumque
823 433 892 488 ab
931 431 1172 488 Arnohio
1199 436 1615 484 memoratorum
1649 426 1840 480 inven-

256 533 426 597 tione,
487 528 682 584 videsis
737 525 1064 599 Polydorum
1125 521 1452 594 Vergilium,
1503 518 1748 588 aliosque
1776 515 1844 571 de

255 623 820 683 reruminventoribus
838 621 1128 692 scriptores
1157 616 1398 691 (Diodor.
1417 613 1509 670 lib.‘
1538 630 1578 680 1,
1608 630 1728 685 pag.
1752 612 1837 679 11,

258 721 352 788 12,
386 721 483 776 loc.
514 719 642 784 cit.;
677 716 866 787 Polyd.
905 713 1078 785 Verg.,
1113 711 1202 768 ltb.
1227 727 1280 778 1,
1305 710 1369 764 de
1387 709 1490 764 inv.
1522 723 1648 772 rer,,
1677 722 1723 760 c.
1746 704 1839 773 21,

257 826 308 870 et
336 815 424 870 lib.
454 813 543 881 rit,
573 829 687 883 cap.
717 811 752 867 2
778 819 823 866 et
850 809 927 880 5).

330 907 416 964 Ex
449 906 535 961 his
565 914 765 970 autem,
813 918 932 975 qua:
959 900 1265 965 retulimus,
1307 897 1440 952 illud
1478 895 1634 949 facile
1687 891 1843 947 intel-

257 1004 472 1076 ligitur,
504 999 646 1072 quod
677 996 947 1053 Arnobius
973 994 1098 1048 alibi
1129 992 1316 1048 scribit
1342 988 1557 1063 (Arnob.
1580 1030 1595 1055 ,
1623 985 1717 1040 lib.
1769 1000 1840 1049 ιι,

260 1112 381 1168 pag.
413 1092 507 1166 90)
557 1091 757 1162 primos
796 1087 1044 1144 homines
1074 1101 1180 1142 non
1211 1084 1379 1139 alium
1409 1080 1721 1136 adhibuisse
1762 1077 1843 1132 ci-

258 1191 421 1256 bum,
453 1203 613 1260 quam
653 1185 912 1255 glandes,
962 1191 1053 1236 aut
1092 1195 1156 1235 ex
1197 1179 1363 1233 ramis
1405 1173 1708 1247 agrestibus
1744 1169 1844 1226 bu-

258 1283 444 1348 culos,
475 1295 576 1337 nec
602 1279 736 1334 alias
759 1291 917 1350 quam
944 1291 1015 1331 ex
1043 1272 1336 1330 corticibus
1375 1278 1431 1326 et
1461 1266 1691 1339 pellibus
1720 1279 1843 1319 ves-

259 1387 358 1432 tes.
407 1373 562 1443 Quod
589 1371 764 1427 adhuc
803 1367 1019 1424 Diodori
1045 1365 1209 1423 Siculi
1236 1407 1251 1430 ,
1299 1361 1515 1427 Ovidii,
1558 1357 1838 1422 Lucretii,

256 1482 312 1528 et
363 1469 590 1524 aliorum
647 1463 955 1521 testimonio
1010 1459 1282 1516 stabilitur
1333 1471 1398 1511 ac
1449 1453 1840 1510 corroboratur

258 1562 503 1637 (Diodor.
527 1603 542 1626 ,
586 1559 673 1616 lib.
703 1575 750 1625 ι,
780 1559 920 1628 ipag.
952 1556 984 1612 5
1011 1573 1025 1621 ;
1059 1553 1248 1621 0vid.,
1277 1551 1367 1606 lib.
1409 1567 1427 1604 1
1473 1547 1708 1612 Fastor.,
1751 1543 1845 1600 sub

258 1657 395 1725 ﬁn.;
428 1653 671 1717 Lucret.,
704 1651 792 1706 lib.
838 1665 892 1714 v,
915 1665 1045 1704 vers.
1092 1645 1192 1702 951
1226 1654 1270 1700 et
1299 1641 1487 1716 seqq.).

260 1797 262 1799 .
335 1748 466 1802 Post
492 1746 607 1802 haec
633 1745 700 1800 ab
720 1752 939 1800 auctore
970 1750 1158 1797 nostro
1203 1738 1505 1812 appellatur
1547 1734 1806 1790 Hercules
1826 1773 1841 1797 ,
1872 1746 1920 1807 Β

260 1840 327 1896 de
342 1839 518 1910 cujus,
541 1837 783 1902 utaiunt,
807 1835 1082 1890 laboribus
1105 1833 1362 1904 loquitur.
1393 1828 1502 1886 Sed
1546 1828 1599 1883 hi
1630 1827 1842 1882 labores

258 1937 346 1990 cui
378 1933 545 2004 ignoti
573 1947 693 1987 esse
736 1929 997 2001 possunt?
1027 1926 1084 1983 Si
1131 1926 1224 1980 ulli
1267 1933 1445 1979 tamen
1495 1920 1712 1976 curioso
1762 1917 1846 1972 in-

258 2025 524 2098 comperti
565 2026 706 2091 sint,
753 2023 873 2079 illos
914 2022 982 2077 ab
1031 2019 1219 2075 eodem
1282 2017 1517 2074 Diodoro
1568 2013 1748 2070 Siculo
1791 2020 1849 2067 et

256 2122 382 2176 aliis
433 2121 678 2192 plurimis
721 2119 1016 2189 explicatos
1065 2115 1304 2171 inveniet
1350 2112 1594 2186 (Diodor.
1638 2108 1844 2176 Sicul.,

259 2216 353 2273 lib.
383 2231 458 2282 tv,
487 2215 644 2270 Bibli.
668 2255 683 2278 ,
722 2230 844 2285 pag.
875 2212 980 2267 145
1007 2221 1055 2266 et
1094 2211 1285 2280 seqq.).
1332 2208 1406 2261 De
1431 2205 1524 2260 illo
1570 2213 1748 2259 autem
1797 2211 1850 2258 et

257 2307 459 2365 Libero
498 2309 660 2365 etiam
690 2321 787 2362 seu
836 2304 1069 2370 Baccho,
1123 2312 1177 2358 et
1215 2301 1335 2356 aliis
1388 2299 1479 2370 qui
1531 2297 1599 2352 ob
1651 2295 1850 2352 eximia

254 2405 422 2472 facta,
465 2414 518 2460 et
567 2401 828 2457 beneficia
874 2399 1066 2454 collata
1097 2393 1406 2451 hominibus
1438 2393 1512 2446 dii
1557 2387 1852 2446 renuntiati

257 2510 418 2565 sunt,
452 2507 647 2568 praeter
693 2494 1026 2551 Lactantium
1055 2490 1339 2562 (Lactant.,
1390 2486 1477 2542 lib.
1515 2502 1568 2553 1,
1601 2500 1716 2554 cap.
1750 2481 1849 2548 19,

256 2612 386 2666 pag.
420 2593 492 2648 98
517 2602 562 2646 et
591 2589 778 2662 seqq.).
810 2589 889 2644 sic
909 2585 1104 2643 cecinit
1136 2582 1388 2639 Horatius
1422 2600 1435 2635 :

356 2706 591 2755 Romulus
615 2711 668 2754 et
688 2703 840 2753 Liber
865 2709 1019 2764 pater,
1039 2708 1092 2750 et
1108 2712 1216 2749 eum
1235 2697 1433 2764 Castore
1458 2694 1661 2764 Pollux,
1695 2708 1702 2746 ι

355 2769 476 2818 Post
498 2769 714 2830 iugentia
739 2759 1087 2816 facta'deorum
1113 2763 1163 2830 in
1182 2759 1362 2823 templa
1385 2760 1597 2822 recepti,

357 2831 484 2880 Dum
509 2819 670 2881 terras
695 2830 1046 2889 hominumque
1070 2826 1238 2875 colunt
1260 2819 1436 2889 genus,
1464 2819 1640 2889 aspera
1661 2819 1794 2870 bella

357 2897 681 2958 Componunt,
704 2905 850 2955 agros
873 2883 1139 2953 assignant,
1164 2887 1342 2950 oppida
1362 2883 1592 2934 condunt.

369 2997 380 3008 ι
453 2997 463 3006 ο
536 2996 548 3006 ο
621 2994 632 3004 ο
699 2992 712 3004 ο
783 2993 795 3006 ο
871 2993 882 3002 ο
953 2990 963 3001 ο
1033 2992 1043 3002 σ
1116 2990 1128 3002 α
1199 2986 1209 2997 ο
1283 2987 1295 2999 ι
1370 2989 1380 2998 ι
1450 2983 1462 2994 ⁸
1532 2981 1544 2993 ο

915 3015 1083 3064 Diram
1107 3017 1190 3072 qui
1213 3011 1433 3062 contudit
1451 3009 1669 3072 hydram,

359 3083 609 3148 Comperit
630 3079 855 3130 invidiam
877 3090 1110 3140 supremo
1126 3075 1223 3124 fine
1237 3075 1441 3124 domari.

638 3165 853 3231 (Horat,
875 3161 957 3213 lib.
984 3175 1038 3223 ιι,
1059 3159 1194 3226 epist.
1219 3175 1257 3221 1,
1283 3170 1408 3210 t'ers.
1430 3157 1460 3207 5
1479 3163 1523 3207 et
1544 3153 1702 3220 seqq.)

361 3303 432 3356 At
484 3296 679 3354 merito
728 3292 1001 3354 Arnobius
1065 3289 1318 3344 Romanis
1371 3284 1660 3356 exprobrat
1711 3281 1857 3353 quod

264 3397 414 3451 hunc
442 3391 766 3456 Romulum,
811 3402 971 3460 quem
1006 3383 1256 3440 Horatius
1297 3383 1529 3452 primum
1579 3378 1856 3444 nominat,

265 3489 342 3544 ob
365 3486 580 3558 egregia
625 3483 762 3540 facta
793 3497 856 3537 ac
895 3481 1092 3536 collata
1141 3477 1433 3543 beneficia,
1479 3475 1706 3531 deorum
1754 3489 1857 3528 nu-

268 3597 429 3639 mero
473 3578 876 3650 adscripserint.
925 3574 1244 3630 Senatorum
1294 3569 1558 3642 siquidem
1615 3569 1861 3624 manibus

274 3675 618 3744 discerptus,
665 3668 1085 3738 interfectusque
1132 3665 1348 3720 fuerat:
1390 3683 1408 3716 1
1447 3662 1638 3718 Nonne
1686 3663 1860 3732 ipsum

271 3766 570 3824 Romulum
615 3774 858 3834 patrem,
928 3780 946 3812 ι
1006 3760 1181 3830 inquit
1228 3757 1316 3812 ille
1373 3756 1626 3828 (Arnob.,
1679 3753 1767 3808 lib.
1800 3769 1859 3820 1,

268 3878 396 3932 pag.
418 3857 558 3930 24);
578 3876 596 3908 1
631 3863 940 3912 senatorum
974 3851 1222 3906 manibus
1247 3851 1593 3905 dilaceratum
1625 3856 1861 3915 centum,

271 3965 331 4010 et
360 3952 640 4021 Quirinum
677 3963 800 4004 esse
833 3947 1083 4002 Martium
1132 3945 1343 4010 dicitis,
1393 3951 1447 3997 et
1495 3940 1865 3997 sacerdotibus

276 4057 338 4103 et
363 4043 726 4117 pulvinaribus
764 4041 1064 4105 honoratis,
1083 4047 1136 4093 et
1163 4040 1214 4094 in
1247 4036 1452 4093 aedibus
1481 4036 1715 4090 adoratis
1747 4051 1863 4089 am-

271 4138 574 4212 plissimis,
619 4144 672 4191 et
698 4143 819 4209 post
846 4135 958 4188 tunc
986 4135 1168 4186 omnia
1208 4131 1402 4214 caelum
1433 4128 1740 4184 ascendisse
1780 4127 1865 4196 ju-

271 4232 430 4289 ratis.
496 4249 514 4281 ι
573 4230 749 4285 Vitam
803 4237 985 4281 autem
1025 4225 1274 4294 gRomulo
1338 4232 1443 4278 tam
1491 4221 1782 4276 crudeliter
1835 4235 1865 4274 a
1917 4215 1920 4220 ’

276 4322 625 4381 senatoribus
650 4321 812 4374 fuisse
853 4328 1093 4388 ereptam
1115 4360 1130 4384 ,
1172 4314 1386 4371 tametsi
1416 4314 1598 4370 Livius
1622 4313 1868 4368 dissimu-

272 4419 395 4482 lare
424 4423 684 4481 conetur,
721 4413 963 4468 Valerius
1002 4422 1179 4466 tamen
1221 4409 1482 4464 Maximus
1505 4452 1518 4472 ,
1573 4417 1628 4464 et
1668 4407 1866 4478 Dionyo

1949 422 2095 494 tique
2119 419 2287 476 animi
2330 419 2648 474 memoriam
2691 416 2790 472 sibi
2831 414 3270 471 conciliaverunt.
3322 410 3378 468 Si
3421 410 3532 466 suis

1946 531 2073 587 ergo
2102 511 2396 570 rationibus
2421 511 2694 566 stetissent
2717 508 2951 576 ethnici,
2981 523 3086 562 non
3122 515 3370 578 poterant
3400 517 3534 560 sane

1945 608 2145 666 Christi
2175 621 2370 677 negare
2408 601 2744 659 divinitatem
2766 644 2780 668 ,
2807 612 2897 656 aut
2922 601 3148 672 rejicere
3187 597 3531 669 religionem,

1946 713 2001 759 et
2032 703 2082 757 in
2110 701 2226 772 ejus
2267 707 2562 754 sectatores
2599 705 2745 752 tanto
2789 695 2970 751 furore
3015 692 3356 750 debaecbari.
3401 689 3534 760 Quis

1947 798 2128 868 itaQue
2174 809 2280 850 non
2327 792 2508 849 videat
2556 806 2714 862 quam
2764 792 2913 846 futile
2941 803 3244 859 vanumque
3287 786 3359 841 sit
3402 785 3532 842 illud

1947 886 2356 960 argumentum?
2383 885 2500 941 Jam
2554 899 2684 940 vero
2724 883 2955 939 vidimus
2979 897 3081 952 qua
3110 880 3319 935 ratione
3362 875 3536 932 Minu-

1948 983 2062 1036 cius
2108 980 2260 1036 Felix
2301 979 2445 1033 hunc
2488 991 2732 1032 errorem
2759 974 3045 1040 everterit,
3085 986 3148 1026 ac
3186 969 3324 1025 infra
3354 978 3539 1024 osten-

1946 1073 2136 1129 demus
2161 1071 2434 1144 quomodo
2461 1085 2493 1125 a
2545 1067 2824 1124 Lactantio
2849 1075 2905 1123 et
2945 1063 3276 1121 Tertulliano
3321 1058 3536 1116 refella—

1947 1177 2032 1224 tur
2062 1167 2308 1240 (lbidem,
2343 1175 2444 1220 art.
2479 1181 2530 1228 1,
2562 1162 2831 1218 Dissertat.
2865 1161 2918 1214 in
2946 1158 3186 1215 Lactant.
3213 1199 3228 1222 ,
3264 1171 3380 1226 cap.
3430 1153 3498 1211 50
3519 1195 3534 1220 ,

1947 1272 2049 1319 art.
2083 1262 2150 1332 5,
2196 1270 2242 1315 et
2288 1259 2342 1316 in
2391 1257 2697 1314 Tertullian.
2717 1298 2732 1323 ,
2762 1272 2879 1327 cap.
2922 1254 2994 1310 25
3017 1296 3033 1322 ,
3065 1261 3167 1307 art.
3196 1250 3272 1322 5).

2545 1387 2837 1430 ARTICULUS
2875 1388 2955 1427 Ill.

1947 1518 2253 1584 Expenditnr
2300 1515 2426 1584 aliud
2462 1511 2675 1584 _Arn_obi_i
2717 1518 2884 1561 contra
2909 1505 3536 1584 ethnicorumreligionem

2009 1569 2368 1642 argumentum,
2397 1577 2514 1642 inde.
2555 1572 2929 1642 ductum,_quod
2967 1571 3156 1642 ethnici
3177 1570 3397 1618 dixerint
3418 1569 3541 1618 deos

2009 1634 2123 1692 suos
2146 1655 2309 1691 mares
2335 1634 2387 1691 et
2404 1639 2628 1689 feminas.
2657 1650 2714 1687 ac
2738 1635 3007 1685 celebratis
3044 1634 3254 1682 humano
3286 1643 3422 1680 more
3447 1643 3538 1680 n11-

2010 1709 2140 1769 ptiis,
2181 1705 2378 1769 alioque
2425 1699 2812 1769 tu.rpiori_n_19do
2851 1693 3450 1769 filios-‘procreasse,hubi
3473 1693 3539 1742 de

2011 1753 2308 1831 septimanis
2325 1753 2529 1821 faeturis,
2545 1760 2856 1831 _chalcidicis,
2868 1753 3300 1831 “Hellespontiaco
3339 1753 3539 1831 Priapo,

2010 1817 2198 1880 Ce'rere
2222 1840 2501 1885 mammosa,
2518 1817 2729 1874 deorum
2747 1817 2927 1885 nuptiis
2946 1835 3056 1880 usu,
3068 1817 3217 1885 farre,
3231 1817 3544 1885 coemptione

2012 1892 2295 1950 celebratis,
2343 1880 2670 1953 sponsalibus,
2711 1882 3008 1953 fescenninis
3033 1880 3362 1953 carminibus,
3402 1880 3542 1942 regia

2011 1947 2341 2028 Qpis_so‘b,ole,
2373 1947 2554 2001 'infami
2597 1949 2808 2028 veperis
2845 1947 3093 2028 Eptheria:
3133 1951 3263 2003 ortu,
3300 1948 3353 1992 et
3374 1954 3544 1992 mere-

2010 2010 2184 2069 tricula
2206 2015 2428 2074 Venere,
2453 2027 2482 2064 a
2503 2025 2630 2076 rege
2654 2010 2826 2076 Cyprio
2840 2011 3010 2060 ditata.

2023 2191 2421 2250 Validissimum
2467 2203 2597 2246 sane
2634 2195 2820 2243 contra
2865 2183 3110 2240 ethnicos
3149 2187 3536 2254 argumentum

1954 2287 2077 2344 inde
2131 2285 2310 2341 adimo
2371 2283 2505 2354 petit
2558 2279 2865 2344 Arnobius,
2927 2277 3070 2348 quod
3122 2275 3198 2331 illi
3253 2275 3384 2331 deos
3418 2287 3545 2328 suos

1954 2395 2132 2436 mares
2157 2389 2212 2434 et
2255 2377 2480 2432 feminas
2521 2374 2909 2446 prmdicarent,
2942 2386 3004 2427 ac
3034 2370 3257 2442 publicis
3295 2367 3407 2425 suis
3427 2383 3547 2439 pre-

1954 2474 2107 2530 cibus
2155 2472 2536 2543 profiterentur
2587 2489 2601 2524 :
2654 2487 2672 2516 1
2727 2466 2863 2522 Nam
2919 2465 3226 2530 consuetis,
3263 2482 3282 2515 ι
3331 2461 3542 2532 inquit,

1955 2567 2184 2631 Arnob.,
2231 2564 2318 2620 lib.
2362 2579 2452 2629 ιιι,
2506 2579 2627 2633 pag.
2674 2557 2800 2630 159)
2861 2577 2879 2609 1
2917 2559 2968 2613 in
3014 2556 3262 2627 precibus
3296 2573 3309 2609 :
3341 2553 3457 2610 sive
3486 2561 3548 2608 tu

1956 2660 2089 2715 deus
2111 2674 2170 2714 es
2192 2699 2207 2722 ,
2238 2657 2352 2711 sive
2372 2655 2470 2711 dea
2490 2697 2505 2720 ,
2546 2654 2744 2709 dicere.
2779 2651 2907 2719 Quae
2961 2649 3310 2705 dubitationis
3347 2661 3546 2718 excep-

1957 2753 2072 2824 ptio
2115 2751 2245 2807 dare
2280 2765 2377 2806 vos
2424 2749 2528 2805 diis
2581 2763 2766 2803 sexum
2808 2746 3167 2817 disjunctione
3203 2758 3270 2798 ex
3314 2741 3428 2807 ipsa
3456 2740 3550 2796 de-

1958 2847 2147 2902 clarat.
2187 2865 2206 2898 ι
2235 2843 2388 2922 Apud
2417 2841 2713 2898 Varronem
2733 2855 2861 2896 vero
2881 2839 3108 2911 legimus
3131 2834 3402 2908 quomodo
3422 2849 3547 2905 pre-

1959 2956 2049 2998 ces
2078 2941 2183 2996 illa:
2224 2939 2342 2995 fieri
2372 2944 2768 2994 consueverant
2811 2953 2825 2990 :
2878 2953 2896 2986 1
2932 2934 3133 2988 Lucum
3159 2952 3177 2984 ι
3214 2931 3287 2985 ait
3338 2927 3546 3001 (Varr.,

1961 3035 2050 3090 lib.
2097 3035 2159 3088 de
2201 3032 2278 3087 Re
2319 3033 2506 3097 rusti.,
2547 3047 2666 3102 pag.
2699 3027 2856 3101 159),
2896 3046 2915 3078 1
2953 3027 3276 3081 conculcare
3315 3036 3541 3078 romano

1883 3145 1928 3210 ρ
1962 3145 2113 3184 more
2142 3129 2220 3184 sic
2263 3135 2496 3197 oportet.
2556 3126 2728 3180 Perco
2778 3121 2990 3194 piaculo
3033 3121 3215 3177 facito.
3259 3119 3348 3175 Sic
3387 3117 3552 3173 verba

1961 3221 2228 3291 concipito
2259 3241 2274 3276 :
2307 3219 2362 3276 Si
2407 3219 2572 3286 deus,
2622 3219 2665 3273 si
2699 3217 2798 3272 dea
2826 3232 2921 3283 es,
2968 3215 3121 3285 cujus
3161 3213 3290 3269 illud
3339 3225 3549 3267 sacrum

1960 3327 2061 3373 est.
2095 3316 2202 3373 Sed
2249 3317 2365 3371 haec
2399 3316 2569 3370 fusius
2598 3312 2786 3385 probat
2814 3310 3120 3367 Brissonius
3147 3307 3402 3379 (Brisson.
3425 3347 3442 3372 ,
3489 3305 3552 3358 de

1963 3409 2239 3477 Formul.,
2280 3427 2397 3481 cap.
2450 3410 2577 3480 60),
2606 3416 2660 3463 ct
2702 3422 2802 3462 nos
2840 3405 2908 3461 de
2935 3405 3002 3459 iis
3030 3401 3230 3471 aliquid
3269 3399 3397 3455 alibi
3425 3398 3553 3454 atti-

1962 3506 2136 3576 gimus
2189 3502 2488 3577 (Dissertat.
2545 3503 2598 3556 in
2637 3500 2869 3563 Minuc.,
2916 3514 3032 3568 cap.
3093 3497 3192 3560 15,
3242 3503 3342 3548 art.
3399 3491 3478 3564 1).

2037 3596 2222 3667 Neque
2242 3595 2372 3650 sinit
2412 3593 2682 3649 Arnobius
2713 3592 2815 3647 sibi
2839 3590 2906 3645 ab
2934 3587 3336 3644 inconsiderato
3373 3584 3554 3654 aliquo

1964 3689 2160 3761 opponi
2178 3688 2502 3743 christianos
2517 3699 2731 3756 quoque
2750 3683 2978 3739 credere
2998 3695 3200 3736 marem
3219 3694 3338 3734 esse
3362 3677 3552 3744 Deum,

1965 3781 2401 3856 quandoquidem
2431 3796 2627 3836 nomen
2649 3823 2665 3846 ,
2697 3781 2869 3844 Deus,
2901 3776 3182 3834 masculini
3209 3774 3422 3845 generis
3449 3780 3554 3828 est.

1969 3880 2046 3935 Eo
2086 3879 2364 3932 enimvero
2396 3875 2614 3930 nomine
2657 3889 2763 3928 non
2788 3887 2949 3928 sexus
2970 3914 2986 3939 ,
3019 3869 3116 3926 sed
3147 3883 3245 3924 usu
3291 3866 3556 3923 sermonis

1969 3973 2237 4044 promitur
2265 3969 2360 4024 Dei
2409 3967 2750 4039 significatio.
2780 3965 2896 4021 Non
2931 3966 3072 4021 Deus
3100 3977 3261 4033 ergo,
3293 3960 3389 4015 sed
3438 3960 3556 4029 ejus

1927 4091 1934 4102 -
1970 4079 2164 4120 nomen
2197 4077 2366 4131 genus
2392 4061 2747 4115 masculinum
2778 4058 3064 4129 significat.

2043 4158 2109 4212 At
2137 4156 2269 4211 deos
2296 4169 2474 4210 mares
2504 4163 2558 4208 et
2584 4152 2812 4207 feminas
2837 4165 2960 4206 esse
2987 4165 3091 4204 non
3121 4164 3279 4221 posse
3314 4148 3392 4204 sic
3427 4163 3556 4218 pro-

1970 4253 2061 4308 bat
2082 4250 2369 4306 Arnobius.
2398 4247 2588 4314 Tales,
2638 4246 2810 4316 inquit
2836 4244 3051 4319 (Arnob.
3076 4286 3091 4310 ,
3124 4245 3213 4298 lib.
3247 4260 3337 4310 ιιι,
3369 4261 3423 4314 p.
3456 4242 3560 4298 104

1972 4353 2017 4398 ει
2043 4341 2209 4412 seqq.)
2230 4383 2244 4406 ,
2274 4355 2394 4395 esse
2421 4345 2723 4408 nequeunt,
2755 4338 2885 4410 quin
2910 4352 3003 4392 eas
3037 4345 3220 4408 partes
3254 4350 3422 4406 eaque
3462 4334 3560 4389 ha-

1971 4436 2135 4492 beant
2173 4433 2450 4499 membra,
2495 4432 2688 4504 quibus
2732 4442 2957 4502 uterque
2985 4444 3148 4484 sexus
3185 4428 3560 4498 distinguitur,

276 4508 908 4612 Si“5,1_‘?lyca':nasseus'
942 4512 1013 4612 ,ξι
1034 4501 1324 4612 {'fifmaﬂ‘
1358 4498 1869 4612 έρθξξξίῖῗθξέίθξξ
1893 4551 1949 4612 1)
1972 4539 2028 4586 et
2053 4545 2172 4600 qua:
2197 4528 2264 4583 ad
2295 4498 2696 4600 pr0pagandam
2745 4498 2986 4582 sobolem
3032 4524 3167 4579 facta
3207 4532 3348 4578 sunt.
3402 4523 3563 4594 Atqui

277 4614 369 4655 tur
391 4599 528 4671 (Liv.
547 4642 562 4667 ,
593 4598 680 4653 lib.
711 4615 726 4653 1
751 4640 766 4664 ,
794 4613 910 4668 cap.
935 4596 1024 4658 1‘2;
1052 4593 1225 4648 Valer.
1257 4593 1401 4647 Max.
1423 4635 1439 4658 ,
1469 4593 1558 4646 lib.
1584 4609 1637 4659 ν,
1659 4609 1775 4659 cap.
1812 4595 1866 4657 5,

282 4694 313 4765 §
353 4694 416 4756 l;
449 4690 664 4762 Dionys.
713 4689 888 4743 Ilalic.
916 4730 930 4752 ,
965 4687 1056 4743 lib.
1091 4703 1162 4752 ιι,
1193 4686 1367 4756 Antig.
1393 4703 1616 4748 romam,
1650 4703 1702 4754 p.
1753 4683 1865 4757 18).

275 4787 400 4853 Quo
450 4800 611 4856 porro
666 4784 753 4838 ille
810 4783 972 4838 modo
1016 4783 1068 4836 in
1115 4781 1336 4836 deorum
1385 4795 1688 4844 numerum,
1723 4780 1869 4850 peje-

278 4888 440 4935 rante
467 4877 696 4932 Proculo
714 4919 730 4943 ,
765 4876 964 4931 relatus
990 4875 1096 4938 sit,
1124 4875 1174 4928 iu
1197 4874 1458 4944 superiori
1487 4873 1870 4930 dissertatione

279 4973 620 5030 ostendimus
651 4970 890 5043 (Dissert.
924 4971 978 5024 in
1008 4967 1229 5035 Minuc.,
1262 4985 1380 5039 cap.
1415 4968 1504 5035 15,
1555 4975 1652 5021 art.
1693 4967 1775 5038 ‘2).

354 5091 488 5159 Quis
531 5089 712 5158 igitur,
756 5085 859 5141 nisi
893 5086 1050 5156 plane
1100 5086 1364 5151 insaniat,
1417 5084 1588 5148 hunc,
1628 5083 1868 5153 aliosque

278 5174 334 5243 a'
385 5185 543 5241 nobis
599 5193 965 5247 memoratos,
1018 5197 1370 5253 qurecumque
1421 5189 1515 5234 aut
1564 5178 1716 5245 falsa,
1774 5189 1867 5233 aut

273 5296 406 5336 vera
436 5276 694 5334 beneficia
721 5261 1045 5341 contulisse,
1075 5284 1165 5328 aut
1192 5273 1328 5328 facta
1377 5273 1590 5344 egregia
1634 5271 1869 5327 edidisse

275 5375 544 5437 ferantur,
591 5369 724 5425 deos
772 5369 1007 5424 dixerit?
1052 5367 1181 5422 Nam
1239 5367 1291 5422 hi
1339 5368 1455 5437 puri
1507 5369 1724 5437 putique
1773 5369 1869 5421 ho-

274 5470 458 5526 mines
503 5467 750 5528 fnerunt,
816 5467 954 5535 iique
1000 5463 1418 5518 sceleratissimi.
1471 5463 1724 5529 Quamvis
1769 5478 1869 5517 au-

279 5573 396 5618 tem
435 5571 540 5614 tam
574 5561 774 5625 saneti,
805 5574 962 5631 quam
991 5558 1203 5613 scelesti
1234 5567 1288 5612 et
1329 5556 1578 5627 flagitiosi
1621 5556 1864 5624 fuissent,

278 5671 572 5726 numquam
626 5663 802 5709 tamen
848 5652 919 5707 illi
977 5651 1136 5706 etiam
1187 5665 1374 5705 omnes
1399 5650 1557 5705 simul
1586 5690 1601 5716 ,
1634 5659 1712 5705 tot
1735 5660 1870 5704 tam-

276 5767 389 5825 que
424 5765 488 5805 ac
516 5749 760 5806 Christus
785 5789 798 5814 ,
827 5755 884 5803 ut
911 5759 1071 5817 supra
1100 5741 1347 5809 vidimus,
1400 5741 1680 5814 stupendis
1721 5742 1872 5799 factis

1974 4638 2054 4679 eae
2083 4632 2268 4693 partes
2323 4637 2494 4692 eaque
2537 4620 2784 4690 corporis
2815 4617 3054 4674 membra
3074 4658 3088 4680 ,
3117 4617 3162 4670 si
3209 4617 3259 4669 in
3289 4613 3391 4670 diis
3420 4614 3558 4680 sint,

1975 4716 2184 4770 inutilia
2206 4757 2220 4780 ,
2253 4715 2392 4769 sicut
2431 4713 2591 4768 etiam
2619 4715 2693 4766 ait
2732 4711 2944 4772 Cicero.
2985 4725 3091 4764 non
3117 4715 3402 4780 potuerunt
3428 4704 3559 4778 (Cic.

1975 4810 2060 4864 lib.
2097 4825 2134 4863 ιι
2164 4808 2228 4862 de
2259 4807 2449 4861 Natur.
2483 4807 2624 4861 deor.
2649 4849 2663 4872 ,
2693 4823 2813 4876 pag.
2844 4803 2950 4859 9.08
2981 4813 3026 4856 et
3056 4799 3240 4872 seqq).
3269 4799 3436 4853 Tanta
3467 4798 3565 4869 igi-

1973 4910 2060 4956 tur
2088 4900 2314 4956 deorum
2341 4898 2726 4954 immortalium
2754 4941 2769 4966 ,
2801 4897 2895 4969 qui
2925 4908 3221 4964 numquam
3250 4901 3558 4956 senescunt,

1974 5009 2076 5047 nec
2098 4992 2346 5062 corporis
2367 4991 2575 5046 viribus
2595 4990 2965 5053 debilitantur,
2991 4985 3261 5057 procreari
3289 4985 3564 5040 debuisset

1973 5085 2388 5157 multitudo,gut
2412 5086 2591 5140 omnia
2634 5085 2699 5139 iis
2725 5084 2832 5154 jam
2867 5082 3021 5154 plena
3047 5081 3253 5146 forent,
3286 5094 3384 5134 nec
3410 5080 3562 5136 cmlis

1975 5180 2271 5234 innumeris
2315 5191 2536 5249 possent
2579 5178 2812 5248 amplius
2849 5175 3135 5230 contineri.
3179 5173 3386 5229 Eodem
3429 5190 3561 5244 quo-

1973 5287 2076 5341 que
2125 5280 2444 5342 argumento
2492 5270 2780 5324 Minucium
2810 5268 3054 5337 aliosque
3079 5281 3206 5322 usos
3251 5266 3414 5321 fuisse
3449 5267 3560 5336 jam

1973 5363 2310 5420 ostendimus
2380 5362 2620 5433 (Dissert.
2672 5362 2725 5415 in
2773 5358 2968 5413 Minue.
3012 5357 3234 5424 0ctav.,
3285 5375 3401 5428 cap.
3459 5357 3560 5427 16,

1975 5469 2076 5512 art.
2097 5457 2177 5530 9.).

2046 5553 2216 5620 Quam
2274 5551 2440 5606 multa
2489 5560 2667 5604 autem
2715 5547 2981 5614 absurda,
3036 5547 3320 5609 obsczcna,
3365 5553 3423 5598 et
3461 5544 3564 5598 diis

1978 5647 2193 5718 indigna
2227 5661 2294 5702 ex
2324 5645 2541 5700 diverso
2567 5644 2804 5712 ipsorum
2847 5657 2980 5697 sexu
3018 5647 3350 5709 sequantur,
3399 5634 3574 5688 Arno-

1978 5743 2100 5800 bius
2142 5738 2384 5795 breviter
2428 5725 2662 5809 explicat
2703 5735 2919 5806 (Arnob.
2944 5735 3078 5810 ,lib.
3122 5744 3176 5784 ιιι
3210 5772 3228 5797 ,
3271 5743 3390 5802 pag.
3423 5723 3578 5791 ιω).
