3990 6072
458 245 562 303 507

1684 242 2139 307 DISSERTATIO
2175 245 2454 305 PREVIA

3626 252 3733 309 508

454 363 587 421 lude
614 368 790 433 enim,
821 365 1026 437 inquit,
1052 366 1179 421 oriri
1209 364 1469 424 deberent
1493 364 1715 423 dearum
1738 375 2036 453 menstrua,
2068 364 2122 428 Α
2145 364 2357 422 Videsis
2378 365 2629 423 eumdem
2646 365 2891 424 Servium
2913 366 2966 421 in
2991 365 3088 423 lib.
3108 381 3162 422 tv
3190 365 3435 434 Enna,
3454 371 3734 445 vers.105,

457 456 835 529 graviditates,
866 458 1087 513 abortus
1107 500 1122 524 ,
1152 458 1294 513 soliti
1318 467 1503 530 partus
1530 458 1745 513 dolores
1766 502 1782 523 ,
1809 469 1854 512 et
1883 458 2040 529 septi-

460 564 628 604 mam:
675 549 892 620 fictum,
948 548 999 604 id
1051 558 1165 615 est,
1215 546 1331 605 deae
1380 550 1607 621 septimo
1646 566 1831 605 mense
1863 560 2037 620 partu-

458 643 683 700 rientes.
728 644 858 700 Inde
886 643 959 698 dii
991 651 1046 698 et
1074 643 1189 699 dea:
1216 642 1359 700 nudo
1384 660 1611 715 corpore
1640 645 1691 699 in
1722 645 2039 710 chalcidicis,

460 735 562 791 hoc
585 744 701 803 est,
741 735 816 790 uti
865 735 1154 793 observant
1199 738 1482 793 Turnebus
1524 749 1578 794 et
1623 739 1892 810 Scaliger,
1934 753 2043 795 caa-

459 830 667 885 naculis
694 840 749 885 et
776 829 1019 886 mdificiis
1041 833 1274 903 magnis,
1298 844 1457 902 atque
1483 833 1695 888 infamis
1726 832 2045 903 Hellespon-

460 920 584 977 tiaci
616 922 836 993 Priapi,
870 922 937 979 de
978 940 1085 997 quo
1132 925 1334 980 Natalis
1361 924 1586 993 Comes,
1622 926 1862 987 Vossius,
1896 926 2041 980 liue-

460 1016 589 1083 tius,
610 1015 879 1072 horrenda
898 1016 1171 1089 turpitudo
1195 1017 1467 1091 (Turneb.,
1486 1019 1575 1072 lib.
1609 1033 1762 1083 xvnt,
1789 1034 1904 1086 cap.
1939 1019 2040 1083 δίς

460 1111 693 1184 Scalig.,
723 1112 777 1167 in
816 1111 1004 1169 Euseb.
1047 1112 1238 1169 Chron.
1284 1115 1352 1167 ad
1396 1131 1520 1172 ann.
1548 1114 1710 1179 Ξιυιις
1736 1111 1809 1167 Ν.
1841 1112 2040 1180 Comes,

460 1205 550 1261 iib.
595 1223 646 1270 ν,
680 1207 901 1280 Mytltol.
926 1251 941 1275 ,
972 1226 1087 1280 cap.
1122 1208 1222 1272 15;
1274 1206 1516 1274 Vossius,
1547 1207 1634 1262 lib.
1681 1223 1715 1262 ll
1738 1249 1753 1275 ,
1786 1207 1848 1261 de
1897 1205 2041 1279 Orig.

459 1307 506 1354 et
541 1296 731 1369 Progr.
764 1300 889 1353 idol.
916 1342 931 1366 ,
964 1316 1081 1369 cap.
1107 1302 1169 1367 7,
1204 1318 1324 1373 pag.
1353 1302 1422 1355 7?)
1453 1312 1500 1356 et
1521 1319 1695 1370 seqq.;
1726 1300 1879 1356 ﬂuet.
1900 1344 1915 1368 ,
1945 1301 2046 1356 De-

461 1400 768 1459 monstrat.,
817 1409 937 1464 pag.
969 1392 1073 1448 109
1128 1402 1172 1447 et
1221 1392 1422 1467 seqq.),
1464 1405 1510 1448 et
1561 1395 1623 1448 ab
1672 1393 1837 1448 Iaclio
1896 1393 2045 1448 Ceres

458 1502 771 1551 mammosa,
815 1486 890 1542 ait
916 1497 1103 1542 auctor
1129 1498 1337 1556 noster,
1387 1504 1533 1543 musa
1566 1496 1622 1542 ut
1652 1488 1914 1558 .prazdicat
1940 1486 2047 1541 Lu-

457 1580 606 1633 cretii
623 1621 638 1647 ,
674 1580 778 1634 hoc
806 1580 1059 1635 nimirum
1085 1595 1247 1643 versu
1272 1597 1287 1632 :

551 1712 616 1765 At
635 1715 836 1779 gemina
859 1723 913 1766 et
934 1728 1197 1766 mammosa
1218 1714 1372 1767 Ceres
1395 1721 1473 1766 est
1495 1717 1597 1780 ipsa
1618 1717 1681 1766 ab
1700 1715 1860 1767 lacbo.

1052 1798 1285 1863 (Lucret.,
1306 1798 1388 1850 lib.
1409 1815 1474 1861 iv,
1492 1812 1617 1851 vers.
1638 1801 1800 1863 1161.)

458 1925 563 1985 Sed
602 1927 719 1984 hinc
744 1928 921 1985 omnia
959 1907 1411 1997 pressius'Cicero
1454 1927 1685 1998 exagitat
1714 1944 1729 1981 :
1765 1946 1783 1979 ι
1817 1926 1968 1996 Quod
1999 1938 2052 1983 et

459 2035 637 2076 mares
674 2040 693 2073 ι
721 2063 733 2075 .
764 2020 939 2091 inquit
970 2020 1195 2091 (ϐίαι,
1245 2019 1334 2075 lib.
1363 2035 1400 2074 ιι
1438 2020 1502 2073 de
1528 2030 1701 2074 natur.
1727 2022 1895 2087 deor.,
1927 2038 2047 2094 pag.

457 2116 585 2184 209,
608 2117 700 2171 lin.
736 2115 849 2186 l9),
888 2135 906 2169 t
942 2115 1072 2171 deos
1094 2127 1148 2170 et
1170 2115 1397 2170 feminas
1424 2130 1544 2170 esse
1572 2113 1779 2176 dicitis.
1799 2114 1925 2185 quid
1962 2131 2049 2170 se-

458 2219 685 2281 quatur,
715 2208 927 2265 videtis.
962 2207 1223 2279 Equidem
1267 2207 1450 2262 mirari
1497 2207 1630 2262 satis
1659 2223 1764 2261 non
1797 2222 2045 2277 possum,

456 2301 599 2357 unde
616 2302 682 2356 ad
705 2301 834 2357 istas
853 2301 1139 2371 opiniones
1164 2310 1343 2356 vester
1372 2300 1461 2356 ille
1485 2301 1737 2372 princeps
1755 2303 1982 2366 venerit,
2021 2318 2042 2354 s

456 2394 665 2451 scilicet
697 2394 979 2464 Epicurus.

525 2487 597 2545 At
638 2502 736 2543 cur
760 2487 1063 2554 Arnobius,
1089 2487 1294 2559 inquiet
1334 2486 1532 2559 aliquis
1556 2528 1571 2555 ,
1601 2495 1658 2542 et
1682 2486 1890 2541 Tullius
1911 2484 2045 2542 ridi-

457 2587 632 2643 culam
656 2587 826 2657 ipsius
876 2586 1092 2657 Epicuri
1121 2596 1557 2656 sectatorumque
1579 2584 1697 2654 ejus
1738 2600 1843 2641 non
1881 2582 2043 2639 refel-

455 2680 571 2735 lunt
600 2679 1008 2750 responsionem
1029 2721 1042 2745 ,
1084 2693 1189 2749 qua
1216 2679 1525 2750 garriebaut
1543 2677 1676 2732 deos
1701 2691 1806 2731 non
1847 2676 2046 2732 habere

453 2770 670 2842 quidem
710 2785 906 2842 corpus
944 2779 998 2826 et
1024 2772 1375 2841 sanguinem,
1422 2768 1515 2824 sed
1554 2769 1706 2839 quasi
1756 2782 1953 2836 corpus
1989 2775 2047 2822 et

453 2864 806 2938 sanguinem?
852 2865 1048 2921 Facilis
1102 2865 1346 2936 profecto
1393 2864 1564 2931 ratio,
1615 2872 1670 2919 et
1714 2863 1870 2918 obvia
1924 2876 2041 2919 om-

453 2960 613 3016 nibus
653 2968 757 3015 est.
792 2957 996 3014 Tullius
1024 2958 1288 3029 siquidem
1318 2957 1479 3028 plane
1520 2964 1577 3012 et
1628 2956 1907 3027 perspicue
1955 2969 2046 3011 os-

452 3052 625 3109 tendit
670 3052 799 3108 illud
839 3052 1055 3122 Epicuri
1102 3050 1412 3122 figmentum
1456 3065 1485 3104 a
1538 3050 1754 3103 nemine
1794 3061 2043 3116 umquam

453 3146 693 3218 potuisse
744 3147 967 3216 intelligi
1008 3144 1207 3216 (Cicer.
1231 3187 1245 3211 ,
1289 3144 1376 3198 lib.
1401 3159 1418 3197 ι
1447 3144 1510 3197 de
1538 3151 1644 3195 nat.
1685 3140 1829 3195 deor.

454 3240 583 3305 ειη,
643 3242 736 3295 lin.
770 3239 897 3313 45).
930 3239 1135 3295 Deinde
1178 3253 1307 3294 vero
1336 3238 1564 3308 gentiles
1594 3251 1786 3292 revera
1829 3236 2044 3305 iactita-

456 3334 585 3390 bant
610 3336 742 3390 deos
771 3348 899 3389 suos
924 3350 1057 3390 vero
1087 3349 1315 3404 corpore
1363 3346 1417 3388 et
1463 3333 1724 3402 sanguine
1751 3330 2008 3401 praeditos
2028 3374 2041 3399 ,

453 3429 835 3500 etii-mutuaque
864 3445 925 3484 ac
955 3430 1160 3500 perdita
1193 3428 1484 3499 voluptatis
1527 3426 1747 3480 libidine
1778 3427 2041 3493 percitos,

454 3520 734 3593 gignendis
782 3522 968 3577 liberis
1016 3521 1233 3577 dedisse
1284 3534 1524 3590 operam.
1555 3519 1689 3587 Quia
1738 3533 1868 3573 vero
1914 3517 2045 3572 illud

455 3616 586 3669 satis
622 3615 827 3669 ructavit
858 3614 1128 3669 Arnobius
1148 3656 1163 3681 ,
1197 3614 1323 3668 hinc
1368 3627 1473 3667 non
1504 3612 1710 3681 putavit
1753 3611 1961 3683 longius
1993 3612 2043 3665 in

458 3708 791 3765 confutando
822 3708 916 3763 illo
947 3709 1137 3763 insano
1163 3708 1548 3779 Epicureorum
1576 3715 1882 3762 commento
1911 3716 2047 3763 tem-

453 3815 556 3874 pus
594 3814 714 3857 esse
741 3800 1188 3856 consumendum.

525 3916 695 3987 Quam
741 3925 891 3974 certo
932 3927 1113 3973 autem
1165 3916 1366 3974 ethnici
1415 3916 1700 3973 crederent
1740 3915 1871 3971 deos
1920 3932 2047 3972 suos

453 4026 583 4067 vero
620 4010 961 4082 humanoque
991 4011 1154 4066 maris
1184 4021 1236 4066 et
1265 4012 1478 4067 feminae
1508 4025 1736 4079 corpore
1779 4011 2045 4065 constitu-

454 4114 569 4169 tos,
603 4106 727 4162 hinc
754 4122 883 4161 sane
912 4106 1111 4177 liquet,
1148 4106 1289 4176 quod
1320 4106 1533 4176 ipsimet
1570 4107 1757 4175 plura,
1807 4116 1859 4160 ut
1900 4116 2046 4161 recte

457 4201 631 4271 arguit
679 4200 975 4263 Arnobius,
1009 4198 1077 4255 de
1129 4199 1460 4255 solemnibus
1507 4214 1694 4254 eorum
1743 4199 2043 4269 cohjngiis,

453 4310 517 4350 ac
558 4292 819 4362 susceptis
861 4291 984 4347 inde
1015 4292 1229 4353 liberis,
1280 4291 1579 4361 posteritati
1625 4300 1895 4361 tamquam
1943 4290 2045 4344 tui-

456 4388 603 4444 nime
630 4386 789 4442 dubia
822 4386 1174 4441 tradiderunt.
1206 4385 1329 4442 Suis
1356 4386 1496 4441 enim
1521 4401 1659 4456 pene
1696 4386 1946 4441 omnibus
1992 4385 2045 4441 in

452 4484 605 4540 libris
631 4484 1045 4541 venditaverant
1093 4482 1303 4555 nuptias
1330 4498 1358 4536 a
1388 4482 1490 4537 diis
1517 4482 1627 4537 suis
1664 4481 1911 4536 nitumano
1942 4480 2047 4537 ritu

2146 471 2200 517 et
2222 460 2575 529 Brissonittm,
2597 460 2690 516 lib.
2715 459 2778 515 de
2793 461 2946 516 veteri
2964 459 3087 514 Ritu
3119 461 3435 531 nuptiarum,
3466 473 3596 517 tom.
3632 480 3732 520 xm

2144 554 2373 622 Antiquit
2419 569 2574 619 rom.,
2621 569 2739 624 pag.
2789 553 2928 610 1016
2952 561 3007 609 et
3057 567 3233 624 seqq.,
3282 563 3443 625 atque
3490 554 3730 625 ibidem,

2145 667 2200 721 p.
2224 649 2361 705 1128
2385 658 2437 703 et
2459 664 2604 720 seqq.
2632 647 2918 704 Holmanni
2936 693 2949 715 ,
2977 647 3172 703 librum
3195 649 3259 703 de
3283 649 3436 704 veteri
3460 649 3579 705 Ritu
3601 667 3735 722 nup-

2146 745 2364 810 tiarum,
2399 759 2517 815 cap.
2558 745 2626 801 ‘20
2654 754 2709 800 et
2746 759 2919 814 seqq.,
2952 744 3041 813 qui
3082 742 3180 797 hos
3223 753 3435 799 veteres
3486 745 3651 808 ritus,
3680 754 3740 801 et

2142 838 2287 909 quod
2307 837 2575 892 Arnobius
2595 836 2914 908 desperatis,
2943 838 3137 904 pactis,
3158 836 3372 905 sponsis
3387 847 3440 891 et
3468 834 3740 892 fescenni-

2145 929 2227 983 nis
2250 928 2475 996 addidit,
2508 929 2618 982 suis
2648 931 2699 983 in
2732 926 3044 983 tractatibus
3072 929 3358 998 explicant.
3416 928 3743 983 Fescennini

2145 1036 2305 1092 porro
2329 1037 2514 1075 versus
2535 1021 2660 1077 dicti
2680 1032 2823 1087 sunt,
2850 1022 3020 1093 inquit
3037 1022 3249 1087 Festus,
3272 1022 3358 1076 vel
3380 1022 3504 1091 quia
3521 1023 3589 1076 ab
3606 1022 3742 1077 urbe

2144 1114 2475 1172 Fescennina
2498 1116 2661 1183 allati,
2693 1117 2776 1172 vel
2806 1117 2925 1186 quia
2973 1116 3231 1173 fascinum
3274 1131 3463 1172 arcere
3493 1115 3745 1171 fereban-

2145 1218 2232 1264 tur
2258 1208 2449 1283 (Libris
2476 1210 2640 1273 citat.,
2662 1228 2694 1281 p
2725 1209 2883 1275 1012,
2916 1209 3086 1275 1017,
3104 1209 3264 1273 1119,
3291 1208 3652 1274 1124ς1ίέσιη
3677 1209 3746 1263 de

2144 1302 2280 1356 verb.
2299 1302 2473 1374 Sign.)
2493 1303 2827 1372 Quapropter
2853 1302 3039 1356 festive
3062 1302 3332 1356 Arnobius
3362 1315 3482 1355 cum
3511 1301 3745 1356 ethnicis

2142 1395 2395 1467 jocando,
2417 1395 2653 1461 aitdeas,
2680 1393 2820 1462 quod
2853 1394 3141 1465 participes
3169 1393 3601 1449 fescenninorum
3633 1408 3743 1449 non

2147 1495 2351 1550 essent,
2386 1485 2728 1554 perturbasse
2749 1484 3035 1540 discordiis
3063 1485 3265 1539 omnia.
3302 1503 3321 1537 ι
3355 1486 3613 1556 (Arnob..
3643 1486 3742 1541 lib.

2147 1592 2221 1643 iv,
2253 1596 2303 1645 p.
2337 1577 2485 1652 140.)
2522 1579 2660 1633 Deos
2690 1586 2866 1633 autem
2910 1578 3138 1633 aliorum
3172 1579 3407 1649 nuptiis,
3448 1593 3749 1651 earumque

2149 1673 2495 1727 cclebratioui
2520 1673 2826 1729 interfuisse
2845 1673 2977 1727 varii
2997 1676 3289 1743 scriptores
3304 1687 3466 1744 atque
3483 1676 3534 1729 iu
3556 1675 3749 1746 primis

2076 1777 2127 1840 Β
2156 1764 2417 1822 Homerus
2457 1768 2653 1838 smpius
2699 1775 3001 1821 memorant
3038 1765 3309 1840 (ﬂamen,
3342 1766 3527 1834 lliad.,
3559 1768 3746 1840 xxrv).

2228 1860 2383 1916 Brevi
2412 1871 2592 1915 autem
2624 1859 3033 1917 enumeratione
3059 1861 3249 1933 probat
3277 1862 3552 1918 Arnobius
3579 1862 3746 1929 deos,

2152 1952 2446 2011 fatentibus
2473 1955 2736 2017 ethnicis,
2768 1954 2910 2010 filios
2951 1970 3055 2010 non
3088 1956 3314 2010 solemni
3362 1964 3568 2010 tantum
3614 1969 3755 2011 con-

2154 2048 2319 2103 nubio
2344 2090 2357 2113 ,
2387 2046 2483 2103 sed
2535 2048 2642 2103 alio
2683 2048 2841 2119 longe
2888 2049 3113 2120 turpiori
3145 2054 3307 2105 modo
3350 2049 3750 2121 procreavisse.

2151 2140 2289 2209 Quid
2339 2142 2576 2197 validius
2624 2152 2803 2197 autem
2852 2144 2917 2198 ad
2971 2143 3161 2199 falsam
3212 2158 3275 2199 ac
3323 2144 3753 2200 commentitiam

2150 2235 2366 2291 illorum
2388 2236 2746 2303 divinitatem,
2782 2238 2899 2307 ipso
2921 2239 3036 2293 sole
3060 2238 3261 2294 clarius
3293 2238 3717 2309 patefaciendam
3736 2281 3753 2305 ,

2152 2329 2385 2401 proferri
2410 2330 2628 2401 potest’
2661 2330 2896 2386 Primum
2923 2332 3104 2401 itaque
3132 2341 3314 2387 narrat
3342 2342 3529 2387 auctor
3565 2340 3759 2388 noster

2152 2420 2391 2494 (Arnob.,
2422 2424 2512 2478 lib.
2544 2441 2604 2490 ιι,
2644 2442 2763 2497 pag.
2790 2425 2861 2481 92
2887 2435 2933 2479 et
2962 2426 3068 2489 9.5;
3100 2426 3188 2480 lib.
3222 2441 3298 2494 Iv,
3332 2445 3447 2499 pag.
3481 2427 3606 2498 M3)
3635 2441 3758 2484 me-

2150 2518 2338 2571 moria:
2360 2517 2428 2571 ab
2448 2517 2676 2573 ethnicis
2704 2519 2973 2589 proditum
3004 2516 3169 2573 fuisse
3190 2517 3476 2574 Saturnum
3504 2520 3571 2574 ab
3595 2518 3756 2577 Ctnlo

2150 2620 2206 2665 et
2237 2611 2432 2667 Hecata
2458 2653 2473 2678 ,
2507 2621 2667 2682 atque
2696 2616 2764 2669 ab
2793 2614 2981 2670 eodem
3010 2613 3244 2670 Saturno
3267 2623 3322 2669 et
3344 2612 3483 2684 Ope,
3519 2625 3574 2668 ut
3617 2613 3758 2670 alibi

2150 2706 2454 2760 notavimus
2481 2704 2501 2778 (
2520 2704 2737 2761 Dissert.
2773 2708 2827 2761 in
2854 2705 3075 2775 Minuta,
3108 2723 3226 2776 cap.
3269 2707 3355 2770 15,
3388 2715 3487 2760 art.
3517 2706 3606 2776 2),
3652 2704 3754 2761 Jo-

2148 2814 2269 2855 vem
2297 2799 2600 2869 fratresque
2629 2800 2745 2872 ejus
2787 2801 3114 2872 Neptunum,
3147 2810 3201 2856 et
3230 2799 3538 2869 Plutonem,
3567 2817 3629 2858 ac
3651 2801 3753 2857 Ju-

2150 2908 2348 2949 nouem
2379 2908 2620 2949 sororem
2665 2895 2907 2965 aliosque
2945 2904 3264 2966 generatos;
3297 2904 3569 2951 servatum
3613 2910 3750 2953 vero

2149 2985 2334 3042 Jovem
2366 3002 2394 3039 a
2424 2987 2710 3043 Curetibus
2735 3027 2751 3055 ,
2781 3002 2847 3044 ue
2873 3002 2902 3041 a
2932 2996 3085 3059 patre
3112 3001 3210 3041 suo
3230 3029 3245 3052 ,
3292 2985 3749 3059 quemadmodum

2149 3080 2324 3136 adhuc
2370 3080 2773 3136 observavimus
2795 3123 2809 3146 ,
2842 3081 3216 3137 devoraretur.
3246 3082 3418 3148 Quam
3460 3080 3753 3151 proculdu-

1851 3181 1866 3208 ’
1919 3156 2037 3244 φ’
2071 3176 2117 3241 C
2151 3176 2237 3231 bio
2264 3175 2332 3229 ob
2360 3189 2576 3228 causam
2610 3175 2709 3228 hos
2754 3173 3045 3241 Arnobius,
3079 3173 3206 3244 Opis
3228 3173 3423 3229 soboles
3450 3178 3615 3244 regias
3651 3189 3756 3244 ap-

2153 3269 2329 3339 pellati
2364 3267 2618 3340 (Arnob.,
2652 3266 2742 3322 lib.
2768 3283 2826 3335 ιι,
2855 3282 2975 3339 pag.
3015 3265 3131 3336 20).
3162 3266 3228 3322 Et
3254 3276 3400 3322 certe
3429 3270 3692 3335 scriptum
3723 3282 3756 3322 a

2150 3361 2382 3415 Diodoro
2413 3360 2591 3417 Sicalo
2638 3362 2861 3429 legimus
2904 3359 3179 3431 (Diodor.,
3210 3359 3299 3414 lib.
3344 3374 3397 3424 v,
3423 3377 3542 3431 pag.
3583 3359 3749 3430 259.).

2148 3458 2336 3534 Κρόνου
2365 3459 2452 3511 καὶ
2480 3456 2614 3519 Ῥέας
2640 3456 2843 3527 λέγεται
2879 3457 3110 3529 ’γένεσθαι
3139 3459 3228 3514 τήν
3283 3452 3336 3510 δέ
3380 3452 3600 3517 Ἑστίαν,
3658 3460 3755 3510 καὶ

2146 3554 2436 3626 Δήμητραν,
2466 3553 2553 3605 καὶ
2599 3545 2776 3627 Ἥραν.
2807 3546 2882 3603 ἔτι
2926 3545 2979 3603 δὲ
3029 3551 3141 3609 Δία,
3184 3550 3271 3602 καὶ
3316 3546 3621 3613 Ποσειδῶνα,
3665 3553 3760 3603 καὶ

2149 3642 2299 3703 Αδήν.
2318 3641 2365 3695 Ε
2392 3641 2619 3697 Saturno
2649 3650 2695 3695 et
2725 3639 2895 3707 Rhea,
2921 3656 3039 3710 qua:
3068 3640 3272 3694 Latinis
3292 3639 3401 3711 Ops
3424 3652 3525 3706 est,
3562 3639 3753 3707 Vesta,

2150 3736 2318 3804 Ceres,
2345 3734 2507 3800 Juno,
2544 3733 2837 3805 Neptunus,
2890 3744 2936 3788 et
2969 3731 3126 3788 Pluto
3164 3734 3273 3787 nati
3320 3734 3578 3787 dicuntur.
3613 3732 3759 3790 Huic

2149 3830 2435 3895 Hesiodus,
2458 3828 2846 3885 etauctoriibri
2871 3828 2933 3884 de
2959 3826 3316 3895 Universitate,
3341 3829 3534 3896 aliique
3556 3842 3757 3897 magno

2150 3939 2375 3980 numero
2405 3932 2459 3977 et
2490 3936 2759 3976 consensu
2786 3919 3141 3990 suffragantur
3179 3920 3445 3991 (Hesiod.,
3478 3918 3748 3990 Theogon.

2150 4033 2280 4072 vers.
2310 4015 2417 4072 453
2447 4023 2493 4068 et
2522 4030 2694 4086 seqq.;
2725 4012 2915 4077 Cicer.,
2973 4012 3063 4066 lib.
3104 4013 3166 4066 de
3216 4011 3452 4067 Univers.
3485 4010 3753 4083 Append.)

2221 4107 2360 4177 Quid
2382 4115 2560 4162 autem
2594 4106 2800 4177 turpius
2830 4104 3132 4176 foediusque
3158 4105 3449 4175 excogitari
3473 4105 3643 4174 potuit
3671 4104 3759 4159 in-

2148 4200 2278 4257 fami
2314 4200 2534 4256 Veneris
2559 4199 2829 4271 Cytheria:
2860 4208 3014 4264 ortu,
3049 4213 3207 4270 quem
3236 4208 3497 4268 perpetuo
3533 4196 3758 4252 silentio

2150 4294 2536 4362 damnandum,
2570 4303 2674 4350 cta
2699 4293 2987 4365 gentilibus
3008 4292 3251 4362 deposita
3300 4294 3445 4347 omni
3492 4307 3759 4347 verecun-

2151 4388 2237 4443 dia
2268 4387 2594 4458 pnbiicatum
2625 4385 2893 4441 Arnobius
2916 4393 3099 4440 noster
3122 4384 3234 4439 haec
3261 4384 3314 4438 in
3346 4383 3509 4439 verba
3535 4385 3615 4440 eis
3654 4399 3759 4439 ex-

2154 4479 2425 4550 probravit
2457 4497 2470 4533 :
2508 4498 2527 4531 (
2565 4475 2834 4549 Numquid
2865 4492 2894 4531 a
2917 4476 3075 4532 nobis
3114 4495 3133 4529 ι
3171 4476 3338 4548 inquit
3378 4474 3624 4549 (Aruob.,
3658 4477 3755 4531 lib.

453 4587 508 4636 et
553 4578 961 4644 conditionibus,
1015 4590 1073 4635 ut
1115 4578 1190 4633 ait
1229 4576 1498 4633 Arnobius
1549 4574 1775 4649 (Arnob.
1796 4618 1809 4639 ,
1844 4574 1933 4629 lib.
1965 4591 2043 4642 tv,
2072 4572 2128 4635 D
2152 4590 2232 4643 tv,
2259 4591 2379 4645 pag.
2404 4573 2549 4644 M5),
2585 4589 2604 4623 ι
2638 4572 2834 4627 dicitur
2851 4586 2917 4627 ex
2946 4572 3114 4641 pelagi
3136 4586 3357 4640 spuma,
3382 4579 3435 4625 et
3456 4586 3519 4625 ex
3541 4569 3698 4638 (ἷωιί,
3730 4590 3749 4623 ι

455 4691 577 4748 pag.
608 4673 788 4747 MO),
838 4673 1095 4745 qumsitis,
1144 4682 1304 4744 atque
1346 4689 1470 4739 usu,
1516 4674 1687 4745 farre,
1738 4671 2052 4741 coemptione

454 4769 777 4824 celebratas.
811 4767 886 4821 Ea
916 4778 1097 4823 autem
1125 4767 1305 4820 omnia
1326 4808 1340 4833 ,
1376 4774 1513 4820 teste
1544 4764 1734 4820 Servio
1758 4765 1963 4835 (Serm,
1996 4765 2051 4819 in

457 4859 544 4915 lib.
580 4903 595 4929 ,
629 4859 815 4934 Georg.
857 4858 1024 4931 Virg.,
1068 4876 1199 4914 vers.
1231 4858 1347 4932 '50),
1374 4859 1438 4912 ad
1466 4860 1715 4928 antiquos
1744 4857 2049 4929 nuptiarum

454 4954 590 5010 ritus
642 4954 983 5026 pertinebant
1028 4970 1040 5005 :
1095 4970 1114 5002 ι
1151 4951 1347 5006 Tribus
1398 4952 1539 5008 enim
1585 4951 1795 5018 modis,
1842 4950 2047 5023 inquit,

456 5045 595 5117 apud
626 5057 835 5102 veteres
879 5046 1081 5116 nuptim
1126 5044 1355 5111 fiebant;
1387 5060 1484 5100 usu
1506 5087 1519 5108 ,
1570 5045 1615 5099 si
1648 5043 1794 5099 verbi
1842 5045 2008 5116 gratia
2029 5086 2043 5111 ,

458 5139 649 5194 mulier
678 5155 820 5195 anno
848 5156 967 5195 cum
1005 5140 1152 5203 viro,
1195 5137 1319 5192 licet
1369 5137 1485 5191 sine
1535 5136 1762 5208 legibus,
1813 5137 1999 5191 fuisset
2032 5156 2044 5192 :

460 5229 635 5296 farre;
678 5246 799 5285 cum
830 5248 925 5301 per
946 5231 1262 5287 Pontiﬁccm
1289 5230 1601 5297 maximum,
1625 5239 1678 5284 et
1698 5229 1903 5284 Dialem
1920 5229 2043 5284 Fla-

459 5323 657 5377 miuem
685 5338 779 5395 per
811 5321 987 5392 fruges
1016 5333 1065 5378 et
1096 5324 1290 5378 molam
1322 5322 1520 5376 salsam
1549 5321 2011 5391 conjungebantur
2030 5365 2044 5390 ,

462 5415 601 5470 unde
626 5414 948 5471 confatratio
978 5415 1347 5486 appellabatur
1368 5456 1381 5477 ,
1416 5429 1480 5469 ex
1509 5414 1699 5485 quibus
1727 5413 1925 5483 nuptiis
1959 5428 2050 5484 pa-

464 5508 609 5566 trimi
662 5515 717 5563 et
770 5505 1003 5563 matrimi
1060 5506 1829 5578 nascebantur:cocmptione
1884 5522 2049 5571 vero,

460 5619 619 5678 atque
652 5605 704 5659 in
734 5617 948 5660 manum
997 5602 1350 5660 conventione
1375 5647 1390 5671 ,
1433 5619 1553 5658 cum
1586 5603 1675 5657 illa
1709 5603 1761 5656 in
1810 5603 1928 5657 filim
1977 5601 2054 5655 lo-

466 5715 621 5762 cum,
679 5697 898 5751 maritus
925 5695 979 5752 in
1024 5695 1194 5766 patris
1241 5697 1521 5763 veniebat,
1575 5696 1697 5751 utsi
1739 5696 1859 5766 quis
1910 5694 2057 5767 prior

478 5792 661 5848 fuisset
688 5793 966 5849 defunctus
986 5836 1000 5861 ,
1032 5791 1206 5847 locum
1231 5790 1561 5849 haereditatis
1594 5794 1746 5849 alteri
1776 5794 1996 5851 faceret.
2031 5813 2055 5846 ι

2154 4670 2306 4743 cujus
2331 4668 2489 4740 paulo
2519 4675 2645 4723 ante
2690 4667 3017 4722 mentionem
3066 4663 3315 4728 fecimus,
3355 4684 3373 4717 ‹
3427 4663 3761 4735 genitalibus

2154 4762 2466 4835 amputatis,
2486 4760 2755 4834 Cyllierite
2773 4759 2994 4815 Veneris
3014 4767 3322 4814 concretum
3338 4758 3602 4813 coaluisse
3622 4774 3764 4814 can-

2155 4855 2368 4914 dorem?
2402 4874 2422 4909 ι
2446 4854 2549 4910 Sed
2580 4854 2682 4909 hoc
2697 4849 3370 4908 Clemens'Alexandriuus
3398 4853 3555 4920 paulo
3580 4849 3761 4906 fusius

2155 4960 2208 5005 et
2238 4949 2459 5005 liberius
2484 4949 2537 5002 in
2565 4946 2783 5002 eosdem
2813 4945 3061 5000 ethnicos
3089 4986 3104 5007 ,
3136 4954 3194 4998 ut
3221 4942 3421 4998 salubri
3443 4942 3657 5013 aliquo,
3710 4944 3761 4999 si

2156 5059 2390 5114 unquam
2418 5042 2528 5098 fieri
2555 5049 2784 5111 poterat,
2814 5038 3015 5110 pudore
3035 5036 3483 5101 suil'undereutur,
3506 5037 3583 5091 sic
3599 5046 3764 5107 urget

2155 5138 2409 5209 (Clemens
2433 5135 2740 5198 Alexandr.,
2764 5132 3009 5187 admonit.
3028 5130 3095 5184 ad
3123 5129 3297 5197 Gent.,
3329 5148 3447 5201 pag.
3478 5131 3565 5197 10)
3586 5129 3763 5205 εἈγο-

2157 5234 2290 5308 prtio)
2313 5229 2366 5285 δὲ
2389 5228 2667 5304 ἀναφανδὸν
2696 5233 2763 5285 τὰ
2787 5227 3131 5299 κεκρυμμένα,
3161 5225 3250 5279 οὐκ
3276 5222 3570 5293 αἰδούμενος
3588 5222 3759 5296 liv/si»

2155 5323 2188 5379 ἃ
2215 5329 2514 5399 προσκυνεῖν
2568 5322 2661 5376 οὐκ
2699 5321 3035 5391 αἰσχύνεσθε.
3064 5319 3093 5375 ἦ
3120 5319 3209 5388 μὲν
3239 5311 3326 5370 οὖν
3368 5318 3641 5391 appar/sun:
3699 5337 3763 5370 τε

2156 5423 2239 5474 καί
2279 5420 2627 5492 κυπρογενής.
2658 5416 2689 5472 ἦ
2731 5414 2921 5488 Κινύρα
2975 5412 3116 5484 φίλη,
3166 5407 3550 5485 τὴνἋφροδὶτην
3595 5408 3758 5481 λέγω,

2157 5516 2247 5570 τὴν
2286 5505 2585 5581 Φιλομηδέα,
2619 5502 2695 5562 ὅτι
2739 5504 2934 5577 μηδέων
2985 5505 3271 5579 ἐξεφαάνθη,
3304 5499 3497 5575 μηδέων
3552 5503 3761 5555 ἕκείνων

2158 5612 2257 5660 τῶν
2320 5600 2743 5672 ἀποκεκομμένων
2814 5600 3055 5677 οὐρανοῦ,
3100 5605 3199 5652 τῶν
3243 5596 3446 5667 ).ἀχνων
3494 5602 3594 5648 τῶν
3622 5597 3765 5666 μετὰ

2159 5700 2247 5755 τήν
2270 5699 2426 5768 τομήν
2453 5694 2510 5746 τὸ
2536 5698 2674 5764 κῦμα
2690 5691 3057 5767 βεϐιασμένων
3086 5692 3154 5751 ὡς
3176 5688 3395 5761 ἀσελγῶν
3418 5687 3537 5760 {aptis
3565 5690 3763 5762 μορίων

2163 5784 2319 5851 ἄξιος.
2362 5783 2621 5859 Ἀφροδίτη
2636 5787 2849 5867 ’γίνεται
2873 5786 3070 5860 κὰρπος
3090 5784 3140 5839 ἐν
3164 5788 3278 5842 ταῖς
3302 5780 3545 5842 τελεταῖς.
3567 5779 3765 5848 Aperte
