3990 6072
272 278 374 337 509

1494 283 1560 340 IN
1598 280 1976 349 ARNOBIUM,
2012 280 2163 338 CAP.
2205 278 2297 336 Xl.

3446 274 3549 332 510

266 404 438 451 autem
456 396 588 463 dico,
616 410 730 467 qua
747 406 865 453 sunt
885 398 1100 470 occulta,
1130 416 1233 457 non
1260 400 1553 458 erubescens
1573 398 1742 455 dicere
1768 414 1848 464 ea,
1877 398 1931 459 Α
1954 394 2205 465 Hesiodo,
2240 394 2329 467 qui
2363 394 2543 457 Solem
2572 410 2601 450 ιι
2628 392 2795 452 Theia
2823 399 2997 453 matre
3022 406 3148 463 sua,
3172 398 3227 447 et
3253 396 3407 467 patre
3438 388 3552 462 Hy-

264 505 380 559 ante
404 506 507 545 non
533 488 686 558 pudet
710 507 797 546 vos
826 492 1062 549 adorare.
1097 495 1224 565 Qua:
1261 511 1380 567 ergo
1406 509 1469 553 ea:
1495 509 1698 562 spuma,
1734 493 1858 547 etin

266 579 440 653 Cypro
468 590 539 636 est
558 582 751 659 genita,
781 582 986 657 Cinyrae
1008 586 1194 653 amica,
1248 583 1490 642 Venerem
1517 585 1632 642 dico
1673 583 1858 639 Philo-

265 673 512 741 medeam,
542 675 662 743 quia
686 686 862 735 exorta
905 687 978 732 est
1006 695 1068 734 ea:
1096 679 1422 752 genitalibus,
1469 697 1535 736 ea:
1561 679 1814 735 salacibus
1836 722 1854 749 ,

264 767 492 836 inquam,
514 770 841 840 genitalibus,
884 789 994 843 quae
1025 773 1162 830 Caelo
1183 776 1406 831 abscissa
1429 785 1565 843 sunt,
1596 792 1709 847 quin
1744 785 1857 845 post

262 857 617 914 abscissionem
663 862 842 930 [luctui
866 864 964 917 vim
1001 867 1278 921 attulerunt
1323 883 1343 922 :
1382 877 1641 936 tamquam
1688 866 1855 921 libidi-

261 951 399 1005 nosis
424 954 603 1008 vestris
629 957 856 1025 partibus
882 958 1068 1030 dignus
1088 962 1286 1031 fructus
1320 962 1388 1016 sit
1424 959 1591 1017 Venus
1616 961 1670 1015 in
1697 961 1854 1016 sacris

262 1043 535 1112 mysteriis.
593 1044 891 1104 Macrobius
943 1066 1074 1106 vero
1098 1052 1188 1107 ubi
1217 1053 1284 1108 de
1314 1053 1548 1108 Saturno
1594 1052 1852 1110 disserit:

262 1132 418 1188 Hunc
436 1136 614 1201 aiunt,
642 1138 844 1209 inquit.
877 1141 1149 1199 abscidisse
1193 1143 1320 1200 Caeli
1359 1147 1520 1215 patris
1590 1145 1850 1217 pudenda,

259 1226 517 1299 quibusin
542 1245 682 1285 mare
724 1232 960 1302 dejectis,
1017 1234 1261 1292 Venerem
1301 1247 1650 1305 procreatam,
1682 1254 1796 1308 qum
1819 1254 1852 1292 a

258 1335 478 1391 spuma,
541 1321 676 1377 unde
722 1326 946 1395 coaluit,
975 1328 1234 1407 Ἀφροδίτη
1260 1341 1459 1386 nomen'
1477 1332 1690 1401 accepit.
1750 1330 1852 1387 Adi

256 1421 523 1484 praeterea
575 1415 914 1485 Ciceronem,
947 1423 1033 1491 qui
1084 1422 1221 1477 hanc
1247 1424 1535 1479 secundam
1583 1423 1849 1483 Venerem

257 1513 549 1574 nuncupat.
566 1506 801 1565 Consule
818 1511 983 1567 etiam
998 1513 1042 1567 si
1066 1512 1220 1579 velis,
1247 1513 1559 1585 Hesiodum,
1580 1514 1848 1580 Servium,

257 1593 576 1666 Gregorium
621 1600 1012 1662 Nazianzenum
1039 1651 1055 1675 ,
1107 1616 1163 1664 et
1210 1608 1346 1664 alios
1394 1607 1849 1681 (Macrob.,lib.t

254 1687 549 1761 Saturnal.,
599 1711 712 1766 cap.
736 1696 787 1759 8.
816 1715 934 1770 pag.
958 1697 1096 1765 209;
1147 1698 1309 1756 Cicer.
1340 1700 1427 1757 lib.
1460 1717 1517 1767 tl,
1565 1702 1628 1756 de
1654 1700 1845 1757 Natur.

1963 489 2183 559 perione
2233 497 2414 543 natum
2464 488 2676 545 cecinit.
2710 487 2898 543 Cicero
2945 485 3106 540 etiam
3137 483 3364 554 triplicis
3410 479 3553 538 Solis

1958 590 2138 654 patres
2168 591 2432 649 recenset,
2461 595 2685 651 quorum
2736 578 2865 635 alter
2886 620 2900 644 ,
2928 578 3133 648 inquit,
3166 586 3323 631 natus
3366 573 3551 646 Hype-

1939 660 2136 743 rione;
2162 676 2255 732 sed
2287 676 2354 731 de
2379 674 2484 731 hoc
2509 674 2635 732 Sole
2662 674 2731 728 ibi
2758 673 2851 728 ille
2874 688 2979 727 non
3009 671 3180 742 plura.
3206 667 3347 723 Nihil
3373 676 3551 723 tamen

1961 770 2013 827 id
2056 771 2251 827 mirum
2272 811 2286 834 ,
2320 766 2754 840 quandoquidem
2807 766 2876 822 de
2907 764 3210 837 Hyperione
3239 762 3329 817 alii
3377 761 3551 831 scrip-

1959 874 2102 920 tores
2127 866 2333 920 variant
2361 862 2380 936 (
2404 862 2640 931 Hesiod.,
2677 860 2959 932 Theogon.,
2990 876 3116 915 vers.
3150 857 3276 926 371,
3307 866 3353 910 et
3379 872 3548 929 seqq.;

1956 956 2142 1019 Cicer.,
2175 956 2264 1011 lib.
2292 972 2348 1011 ιιι
2384 954 2447 1010 de
2475 953 2669 1010 Natur.
2717 953 2973 1021 deorum,
3012 968 3132 1024 pag.
3159 949 3286 1016 247,
3311 949 3404 1006 lin.
3432 947 3551 1015 45).

1955 1052 2025 1105 At
2052 1066 2171 1106 cum
2196 1060 2421 1120 utroque
2450 1047 2683 1105 Hesiodo
2711 1056 2765 1102 et
2792 1046 3053 1103 Cicerone
3079 1045 3133 1100 in
3162 1043 3226 1103 iis
3254 1042 3395 1098 belle
3422 1057 3555 1096 con-

1954 1145 2117 1201 sentit
2156 1143 2462 1207 Arnobius,
2489 1142 2581 1213 qui
2626 1141 2967 1197 continenter
3008 1135 3248 1211 adjecitz:
3287 1153 3306 1188 ι
3341 1134 3419 1190 Ειι
3450 1133 3552 1190 La-

1956 1247 2079 1295 tona
2107 1244 2162 1297 et
2202 1237 2392 1293 eodem
2419 1236 2552 1291 Jove
2590 1234 2896 1290 arcitenens
2950 1231 3132 1287 Delius
3178 1237 3231 1285 et
3279 1230 3552 1303 sylvarum

1953 1331 2212 1402 captatrix
2246 1329 2427 1385 Diana.
2467 1347 2489 1381 s
2523 1327 2759 1401 (Arnob.,
2789 1327 2874 1380 lib.
2908 1340 2978 1394 tv,
3009 1341 3130 1395 pag.
3165 1319 3311 1395 141.)
3345 1320 3467 1378 Sive
3497 1327 3555 1375 ut

1953 1422 2060 1477 alio
2087 1423 2138 1476 in
2168 1421 2305 1476 libro
2330 1420 2543 1477 dixerat
2572 1438 2586 1474 :
2620 1438 2638 1475 ι
2670 1420 3066 1475 Arcitenentem
3097 1417 3258 1471 Diana
3280 1422 3335 1469 et
3360 1412 3553 1484 Apollo

1952 1515 2249 1575 circutnlati
2284 1531 2378 1587 per
2404 1512 2554 1589 fugas
2580 1513 2788 1578 matris,
2832 1520 2995 1583 atque
3021 1512 3073 1564 in
3102 1507 3291 1565 insulis
3316 1507 3550 1564 erranti-

1951 1610 2054 1668 bus
2094 1611 2181 1666 vix
2206 1610 2324 1665 tuti.
2369 1629 2385 1663 ι
2420 1608 2804 1688 (Ιὺὶάηιὶὺλ,
2833 1625 2954 1680 pag.
2987 1606 3091 1671 20;
3135 1603 3351 1659 Hesiod.
3379 1601 3550 1656 Theo-

1951 1719 2096 1774 gon.,
2133 1718 2262 1756 vers.
2318 1701 2419 1757 917
2447 1711 2494 1756 et
2515 1716 2686 1769 seqq.;
2728 1697 2864 1763 Cic.,
2890 1699 2977 1753 lib.
3004 1714 3060 1753 nt
3083 1696 3145 1753 de
3173 1694 3363 1751 Natur.
3383 1694 3549 1761 dear.,

253 1783 419 1847 deor.,
447 1802 567 1858 pag.
595 1786 723 1856 248,
742 1791 836 1846 lin.
861 1790 951 1858 27;
974 1789 1215 1858 Hesiod.,
1245 1793 1528 1868 Tlteogon.,
1557 1811 1688 1850 vers.
1721 1795 1844 1863 195,
1876 1802 1925 1864 Β
1954 1810 2072 1865 pag.
2101 1792 2231 1858 248,
2260 1791 2352 1848 lin.
2379 1792 2477 1859 17;
2512 1791 2745 1858 ﬂamen,
2776 1789 2963 1857 Iliad.,
3008 1805 3121 1851 xrv,
3164 1803 3293 1843 vers.
3353 1785 3458 1842 ’525
3506 1795 3556 1838 ει

251 1887 301 1933 et
324 1892 463 1951 seqq.
484 1898 505 1947 ;
545 1879 695 1937 Serv.
728 1883 781 1938 in
813 1884 945 1942 lib.t
979 1885 1165 1961 Georg.
1200 1886 1369 1963 Virg.,
1400 1907 1524 1962 pag.
1560 1890 1695 1957 115;
1730 1888 1854 1946 Gre—

249 1985 389 2041 gor.,
420 1981 555 2027 orat.
584 1987 599 2027 ι
626 1974 678 2027 in
701 1974 931 2042 Iuliam,
959 1988 1078 2033 ante
1104 1978 1248 2050 ﬁn.).

326 2059 407 2116 Ex
460 2062 651 2119 eodem
682 2080 844 2135 porro
890 2066 1170 2126 Clemente
1242 2070 1609 2127 Alexandrino
1648 2072 1859 2131 videtur

248 2155 523 2214 Arnobius
548 2158 600 2213 id
630 2158 984 2233 deliberasse,
1004 2165 1147 2236 quod
1175 2165 1374 2239 adjecit
1402 2166 1647 2223 eamdem
1679 2184 1855 2225 mere-

247 2249 502 2306 triculam
534 2251 799 2309 Venerem
823 2270 855 2310 a
879 2257 1077 2329 Cynira
1102 2274 1226 2331 rege
1254 2259 1455 2334 Cyprio
1480 2261 1724 2330 ditatam,
1773 2262 1855 2318 di-

242 2357 543 2415 vorumque
587 2358 954 2403 consecratam
992 2350 1044 2407 in
1074 2368 1319 2408 numero.
1350 2353 1503 2423 Quod
1534 2354 1750 2426 quidem
1789 2349 1855 2413 θῑ

250 2450 282 2491 a
304 2434 451 2491 Julio
467 2432 702 2495 Firmico
730 2442 1103 2499 confirmatum
1127 2444 1367 2502 invenies
1384 2447 1635 2517 (Arnob.,
1659 2448 1748 2504 lib.
1772 2464 1850 2518 IV,

254 2547 379 2601 pag.
410 2529 516 2587 145
540 2549 554 2596 ;
585 2530 816 2589 Clemens
838 2536 1101 2592 Alexandr
1130 2582 1144 2606 ,
1175 2538 1425 2594 admonit.
1446 2540 1514 2594 ad
1534 2538 1664 2596 Cent
1693 2582 1709 2609 ,
1728 2559 1850 2615 pag.

248 2625 356 2695 10;
399 2623 535 2680 Iuli.
589 2626 783 2696 Firm.,
833 2630 897 2685 de
941 2648 1043 2687 err.
1068 2635 1203 2704 prof.
1235 2631 1410 2705 relig.,
1450 2650 1572 2706 pag.
1607 2632 1717 2706 15).
1747 2633 1853 2690 Nos

248 2726 436 2774 autem
469 2719 538 2776 de
560 2720 652 2776 illa
681 2721 880 2794 aliquid
903 2723 1029 2780 alibi
1069 2726 1483 2798 perstrinximus
1503 2725 1677 2801 (Tom.
1705 2745 1721 2784 ι
1746 2727 1852 2802 Δρ-

250 2822 455 2885 parat.,
485 2831 611 2888 pag.
641 2815 792 2891 729).

854 2967 1147 3014 AB‘HCULUS
1184 2970 1257 3012 ιν.

249 3110 507 3173 Quomodo
531 3110 775 3162 Amobius
795 3110 961 3162 falsam
1004 3108 1141 3161 Jovis
1184 3111 1492 3162 divinitatem
1539 3111 1850 3161 demonstret

317 3188 385 3225 ex
408 3176 518 3238 ejus
552 3174 810 3225 adulteriis
846 3187 956 3223 cum
992 3174 1477 3238 Hyperione,_unde
1519 3174 1601 3224 Sol
1633 3186 1848 3238 aureus;

314 3235 653 3300 cumlatona,
674 3238 805 3289 unde
822 3235 1160 3300 arcitmrehtes
1188 3235 1361 3300 Apollo
1384 3243 1438 3287 et
1459 3236 1614 3300 Diana
1640 3238 1690 3286 in
1711 3237 1848 3300 insu-

316 3299 380 3349 lis
410 3297 718 3363 errantibus;
763 3314 871 3349 cum
916 3297 1067 3359 Leda,
1096 3297 1242 3363 unde
1270 3299 1499 3363 Castores
1537 3299 1843 3363 Tyndaridae,

314 3376 406 3411 seu
432 3360 675 3419 Dioscuri,
701 3375 901 3425 ovorum
928 3361 1209 3424 progenies,
1228 3373 1435 3425 quorum
1460 3360 1590 3411 alter
1609 3374 1849 3425 equorum

310 3424 544 3488 doinitor,
579 3425 705 3488 alter
729 3423 1034 3488 pugillator,’
1054 3431 1104 3473 et
1126 3423 1281 3488 cestu
1317 3424 1667 3488 insuperabilis
1690 3438 1702 3472 :
1728 3425 1847 3488 item

245 3545 249 3549 _
313 3484 428 3536 aliis
464 3484 917 3549 Jovisiadulte'riis,
961 3500 1068 3549 cum
1109 3486 1361 3549 Alcmena,
1403 3484 1533 3537 unde
1570 3486 1846 3549 Hercules;

313 3562 426 3597 cum
462 3548 682 3605 Semele,
728 3549 860 3598 unde
894 3548 1134 3609 Bacchus,
1173 3562 1263 3597 seu
1302 3547 1546 3609 Bromius,
1588 3548 1769 3605 Nisius,
1798 3557 1850 3599 et

316 3610 488 3668 Evins,
514 3624 577 3659 ex
621 3610 923 3671 genitalibus
957 3612 1127 3660 matris
1164 3611 1365 3660 fulmine
1406 3616 1547 3667 ictus,
1590 3619 1738 3672 atque
1782 3624 1848 3661 es

312 3675 505 3722 semine
532 3674 680 3734 patris
702 3677 876 3723 iterum
903 3680 1044 3727 natus
1069 3686 1082 3721 :
1112 3674 1227 3734 item
1257 3672 1393 3722 Jovis
1413 3686 1522 3722 cum
1546 3672 1690 3734 Maia,
1712 3674 1847 3723 unde

316 3732 624 3795 Mercurius;
651 3745 760 3783 cum
805 3734 1018 3793 Electra,
1046 3732 1182 3783 unde
1202 3733 1491 3795 Dardanus;
1535 3747 1643 3782 cum
1664 3732 1849 3784 Laoda-

314 3798 434 3856 mia.
473 3799 603 3861 unde
639 3797 916 3861 Sarpedon,
940 3799 1023 3847 ubi
1046 3797 1112 3846 de
1144 3797 1361 3848 Minerva
1394 3811 1455 3847 ex
1482 3796 1621 3861 Jovis
1641 3797 1850 3861 cerebro

316 3867 449 3919 nata,
477 3873 533 3908 ac
555 3859 617 3908 de
638 3859 855 3921 ejusdem
878 3860 1013 3909 Jovis
1036 3861 1087 3908 in
1113 3861 1271 3909 varias
1314 3860 1648 3921 animantium
1670 3859 1849 3908 formas

313 3919 687 3981 natationibus,
714 3930 862 3985 atque
886 3921 1051 3972 dehis
1069 3922 1236 3971 verbis
1261 3936 1271 3969 :
1293 3920 1538 3984 Tisianes,
1561 3929 1613 3971 et
1633 3919 1849 3972 Bocores

309 3987 490 4048 mauri,
513 3992 664 4048 atque
677 3985 899 4037 babecali
911 3985 1278 4042 adolescentes.

322 4132 534 4206 Jupiter
555 4148 676 4190 cum
705 4133 916 4190 Junone
959 4148 1146 4189 sorore
1195 4147 1289 4189 sua
1346 4132 1616 4199 incestas,
1668 4138 1729 4185 ut
1773 4130 1849 4186 ait

242 4228 543 4295 Arnobius,
567 4236 622 4284 et
643 4237 801 4285 antea
826 4228 1191 4284 Tertullianus
1231 4224 1471 4300 (Arnob.,
1507 4225 1596 4281 lib.
1627 4244 1700 4293 IV,
1724 4243 1844 4301 pag'

248 4323 395 4386 145;
449 4319 689 4389 Tertull.,
748 4321 992 4395 Apolog.,
1041 4338 1157 4394 cap.
1191 4319 1300 4393 11),
1349 4319 1545 4391 aliique
1572 4331 1844 4387 notarunt,

245 4414 466 4485 nuptias
493 4414 807 4472 celebravit.
829 4414 933 4470 Sed
978 4430 1200 4485 magnus
1231 4413 1319 4469 ille
1347 4411 1480 4468 deus
1516 4411 1847 4468 libidinosis-

245 4510 422 4565 simus
467 4507 565 4563 hac
595 4523 794 4574 uxore,
846 4509 1018 4580 inquit
1064 4516 1253 4563 auctor
1293 4516 1507 4574 noster,
1559 4516 1845 4562 contentus

247 4616 360 4658 non
390 4599 510 4670 fuit,
532 4601 775 4674 quamvis
803 4602 910 4656 oris
932 4602 1210 4673 dignitate,
1233 4610 1287 4655 et
1313 4600 1556 4655 ulnarum
1579 4599 1835 4665 candore,
1867 4599 1919 4660 D

245 4692 365 4749 sive
396 4702 454 4749 ut
492 4694 757 4749 Homerus
778 4738 793 4763 ,
822 4692 1221 4766 Gregoriusque
1251 4692 1617 4749 Nazianzenus
1646 4695 1839 4751 λουκώ-

250 4787 398 4847 huc;
450 4784 721 4851 albiulna,
755 4794 914 4857 atque
961 4786 1153 4841 eximia
1211 4786 1396 4841 formai
1446 4784 1843 4855 pulchritudine

245 4879 461 4935 czeteris
486 4879 733 4934 omnibus
760 4888 906 4935 esset
948 4879 1228 4939 amabilior
1254 4878 1494 4952 (Arnob..
1523 4879 1695 4943 lib.tv,
1718 4895 1839 4951 pag.

245 4974 390 5037 141;
423 4971 657 5038 Romen,
692 4970 851 5027 Iliad.
881 4987 933 5042 ιε
959 4987 1089 5027 vers.
1119 4973 1183 5027 14
1212 4982 1257 5026 et
1278 4970 1434 5039 alibi;
1493 4969 1648 5040 Creg.
1680 4969 1841 5035 Naz.,

246 5074 391 5122 orat.
423 5067 529 5120 5in
573 5062 803 5131 Iuliam,
838 5083 959 5137 pag.
990 5064 1143 5137 257).
1195 5064 1275 5121 Ex
1302 5064 1465 5120 variis
1489 5063 1634 5120 enim
1689 5065 1846 5136 pelli-

246 5160 403 5216 cibus
429 5168 484 5215 et
507 5158 701 5214 scortis
722 5202 735 5220 ,
765 5168 926 5229 atque
956 5160 1090 5214 adeo
1112 5158 1329 5214 totidem
1360 5155 1633 5214 adulteriis
1654 5199 1668 5223 ,
1707 5158 1845 5214 filios

247 5254 556 5324 suscepisse
586 5252 921 5323 perhibetur.
968 5251 1153 5324 Neque
1201 5251 1250 5307 id
1282 5251 1484 5308 ethnici
1527 5266 1725 5323 negare
1754 5268 1847 5306 au-

246 5348 468 5403 debant.
510 5345 869 5414 Quamobrem
903 5345 1173 5401 Arnobius
1202 5345 1325 5401 illos
1357 5346 1439 5400 his
1482 5345 1658 5401 verbis
1707 5346 1844 5400 allo-

245 5442 475 5511 quitur:
515 5456 535 5493 ι
571 5438 649 5497 Ex
695 5439 1027 5511 Hyperiona,
1068 5458 1088 5492 ι
1122 5439 1296 5512 inquit
1334 5439 1577 5511 (Arnab.,
1624 5436 1714 5494 lib.
1756 5455 1844 5504 ιν,

246 5532 549 5606 1,419.1“),
603 5543 764 5588 matre
783 5542 829 5587 et
879 5531 1095 5587 αλονε
1133 5533 1424 5605 jaculatore
1470 5531 1700 5603 fulminis
1755 5531 1849 5587 Sol

245 5643 439 5682 aureus
476 5626 900 5697 ﬂagrantissimus
926 5634 1077 5680 natus
1121 5633 1214 5680 est.
1246 5623 1389 5680 Alibi
1422 5637 1551 5680 vero
1572 5665 1586 5690 ,
1615 5621 1657 5698 ί(
1681 5622 1845 5691 Ibid.,

247 5736 379 5794 pag.
427 5716 544 5790 155)
577 5737 590 5787 ;
627 5738 646 5772 ι
681 5719 775 5776 Sol
804 5718 1072 5775 secundus
1101 5733 1253 5789 aeque
1287 5718 1435 5774 Jovis
1462 5717 1620 5785 tilius,
1652 5726 1707 5772 ct
1735 5716 1845 5789 Hy-

249 5814 485 5884 periona
515 5811 758 5884 proditus
781 5813 1056 5883 genitrice.
1097 5830 1117 5865 ι
1151 5811 1259 5870 Sed
1288 5812 1447 5882 plane
1470 5808 1740 5880 discrepat
1782 5810 1850 5865 ab

1958 1902 2129 1957 seqq.;
2182 1883 2383 1952 Strab.,
2437 1882 2524 1938 lib.
2578 1899 2614 1937 x
2674 1880 2860 1954 Ceogr.
2910 1898 3029 1955 pag.
3084 1879 3225 1946 485;
3281 1875 3450 1933 Catul.
3499 1875 3553 1930 in

1958 1992 2120 2031 carm.
2162 1974 2339 2031 saeui.
2381 1974 2580 2040 Diam;
2611 1972 2784 2041 Ovid.,
2824 1973 2912 2028 lib.
2955 1989 3023 2028 xv
3046 1970 3413 2043 Metamorplt,
3440 1969 3547 2040 fab.

1957 2067 2040 2143 9.)
2074 2070 2149 2127 De
2176 2071 2239 2127 iis
2264 2068 2539 2126 enimvero
2570 2070 2684 2125 htec
2712 2079 2835 2125 sunt
2862 2066 3082 2124 Hesiodi
3112 2065 3347 2122 carmina
3379 2082 3394 2118 :

2110 2203 2217 2248 sua.
2239 2195 2275 2239 δ’
2297 2199 2498 2240 suum
2530 2199 2593 2238 ιιι
2616 2186 2795 2250 imm,
2815 2198 3026 2251 ιοιιιιραν,

2114 2251 2305 2313 Ῐμφὸιντα.
2326 2262 2429 2313 τόνον
2450 2262 2530 2313 uel
2550 2263 2693 2300 πάντων
2716 2261 2934 2312 obeunti-sm
2953 2288 2965 2305 ,

2110 2326 2251 2367 Γιίνι(
2272 2320 2344 2376 ἐρ.
2365 2326 2548 2376 Limosa
2571 2326 2652 2371 Διὸς
2675 2324 2841 2375 φιλότητι
2860 2325 3017 2373 MM

2050 2412 2237 2468 Latona
2267 2424 2433 2467 autem
2455 2414 2732 2479 Apollinem
2758 2420 2816 2465 et
2849 2415 3074 2475 Dhnam,
3096 2412 3288 2478 sagittis
3322 2408 3547 2537 3(ng-

2049 2541 2322 2592 Amabilem
2343 2539 2529 2605 prolem
2552 2554 2701 2605 super
2722 2553 2895 2591 omnes
2922 2540 3125 2601 czrlites,

2049 2605 2231 2656 Gemit
2251 2604 2391 2665 sane,
2415 2604 2635 2669 Egiocbi
2653 2604 2791 2655 Jovis
2810 2612 2978 2654 amore
3000 2605 3171 2653 mixta.

1954 2709 2144 2768 Tutius
2187 2722 2318 2768 vero
2347 2729 2367 2763 ι
2412 2712 2604 2782 Apollo
2657 2708 2846 2766 tertius
2892 2711 3025 2767 Jove
3072 2710 3233 2766 tertio
3281 2718 3439 2766 natus
3488 2718 3544 2766 et

1956 2804 2158 2861 Latona
2177 2849 2193 2875 ,
2224 2821 2382 2878 quem
2412 2821 2479 2861 ex
2528 2805 2888 2878 Hyperboreis
2921 2804 3153 2877 Delphos
3182 2804 3358 2862 ferunt
3383 2802 3546 2860 adve-

1958 2899 2123 2956 nisse.
2167 2918 2186 2952 ι
2234 2899 2329 2955 His
2361 2914 2518 2965 vero,
2570 2907 2768 2969 praeter
2809 2897 3133 2967 Homerum,
3181 2898 3542 2959 Strabonem.

1953 2992 2250 3061 Catullum,
2305 3003 2360 3049 et
2399 2994 2533 3051 alios
2578 2989 3086 3060 concinitOvidius,
3119 2992 3207 3049 ubi
3240 2990 3543 3063 Apollinem
3629 3008 3634 3013 ·

1955 3085 2222 3141 dicentem
2259 3085 2460 3141 inducit
2490 3104 2503 3139 :
3602 3106 3627 3115 κ

2630 3200 2747 3266 Mihi
2766 3200 3003 3266 Delphica
3022 3201 3170 3252 tellus

2045 3262 2108 3328 Et,
2129 3262 2312 3323 Claros,
2333 3269 2388 3313 et
2407 3262 2657 3324 Tenedos,
2680 3262 2997 3328 Patarte'aque
3022 3267 3161 3327 regia
3185 3264 3355 3324 servit,

2043 3326 2238 3392 Jupiter
2260 3333 2335 3377 est
2349 3328 2563 3390 genitor.
2846 3385 2852 3395 α

1949 3432 2029 3489 Ex
2055 3431 2326 3488 Herodoto
2347 3420 2508 3502 porro
2530 3432 2706 3487 disces
2725 3473 2740 3497 ,
2771 3445 2871 3487 cur
2900 3430 3041 3487 idem
3071 3432 3261 3502 Apollo
3286 3440 3343 3487 et
3365 3432 3534 3487 Diana

1950 3527 2022 3582 ab
2049 3525 2294 3583 Arnobio
2341 3525 2624 3591 dicantur,
2662 3543 2682 3576 ι
2718 3524 3067 3596 circumligati
3095 3540 3192 3595 per
3235 3523 3386 3593 fugas
3431 3540 3542 3583 ma—

1952 3620 2050 3675 tris
2076 3658 2091 3683 .
2121 3620 2360 3690 atquein
2390 3620 2581 3676 insulis
2622 3620 2922 3675 errantibus
2950 3619 3038 3673 vix
3069 3620 3186 3673 tuti.
3228 3634 3248 3671 ι
3280 3617 3354 3674 lbi
3394 3617 3541 3673 enim

1951 3711 2045 3768 ille
2067 3724 2252 3768 narrat
2279 3712 2583 3784 Apollinem
2614 3722 2670 3767 et
2694 3713 2913 3766 Dianam
2935 3727 2964 3766 ιι
2986 3711 3189 3767 Latona
3218 3710 3272 3765 in
3302 3709 3544 3767 Chemtni

1952 3805 2124 3865 insula
2144 3846 2157 3868 .
2202 3822 2321 3875 quae
2352 3819 2538 3876 postea
2568 3808 2827 3861 innatavit
2847 3847 2864 3872 ,
2893 3808 3190 3863 occultatus
3218 3814 3275 3861 et
3301 3814 3544 3859 servatos

1952 3898 2261 3971 (Herodot.,
2312 3898 2401 3953 lib.
2432 3915 2507 3968 tt,
2544 3899 2571 3971 §
2606 3898 2740 3965 156,
2788 3916 2908 3970 pag.
2946 3899 3082 3977 151;
3111 3898 3331 3962 Amat,
3365 3897 3453 3951 lib.
3488 3911 3539 3963 t,

1951 4009 2074 4063 pag.
2098 3992 2212 4061 20).

2019 4081 2320 4141 Subscribit
2366 4085 2561 4141 iterum
2609 4084 2857 4143 Ciceroni
2912 4093 3100 4141 auctor
3149 4092 3363 4149 noster,
3417 4098 3540 4138 cum

1957 4187 2143 4248 postea
2177 4179 2398 4234 tradidit
2425 4195 2490 4234 ex
2521 4182 2636 4251 ipso
2674 4180 2850 4235 adhuc
2876 4179 3010 4235 Jove
3030 4181 3236 4250 genitos
3259 4179 3540 4246 Castores,

1955 4287 1975 4324 ι
2012 4266 2236 4334 Graece,
2274 4290 2291 4323 ι
2326 4272 2496 4342 inquit
2519 4270 2717 4345 (Ibid.;
2774 4270 2863 4327 lib.
2896 4288 2970 4337 ιν,
3001 4287 3123 4343 pag.
3158 4270 3296 4342 141)
3332 4290 3349 4322 ι
3387 4271 3541 4327 Dios-

1948 4360 2090 4415 curis
2143 4376 2338 4418 nomen
2386 4372 2486 4419 est.
2524 4382 2542 4415 ι
2579 4362 2804 4434 Scriptis
2838 4364 3115 4420 enimvero
3143 4363 3332 4418 Cicero
3383 4372 3540 4419 antea

1950 4450 2066 4508 lucc
2092 4454 2441 4511 mandaverat
2470 4472 2481 4509 :
2512 4457 2803 4531 Λὶοσκουροι
2833 4457 2990 4515 etiam
3013 4454 3155 4527 apud
3186 4454 3376 4515 Graios
3400 4456 3541 4511 mul-

1950 4549 2019 4605 tis
2047 4549 2220 4605 modis
2262 4550 2716 4605 nominantur.....
2772 4550 3005 4606 Secundi
3050 4549 3183 4606 Jove
3221 4550 3379 4606 tertio
3429 4549 3542 4604 nati

1945 4658 2012 4700 ex
2051 4639 2197 4699 Leda
2220 4641 2409 4698 Castor
2434 4652 2489 4698 et
2531 4642 2738 4699 Pollux.
2771 4662 2791 4695 ι
2821 4642 3088 4716 (Cic.,lib.
3128 4660 3185 4698 ιιι
3233 4646 3295 4698 de
3344 4641 3539 4697 Natur.

1946 4736 2112 4802 deor.,
2157 4754 2210 4809 p.
2245 4733 2395 4809 147.)
2447 4733 2669 4806 Utrique
2710 4734 3064 4806 adstipulator
3119 4736 3326 4791 accedit
3365 4732 3539 4790 Theo-

1945 4829 2112 4885 critus
2133 4837 2286 4900 poeta
2308 4842 2515 4900 graecus
2545 4828 2630 4883 his
2658 4827 2987 4884 carminibus
3020 4826 3336 4901 (Theocrit.,
3372 4824 3535 4898 ldgtl.

1898 4920 2085 4997 ea):

2097 5030 2273 5081 Υιινιομς
2297 5024 2419 5081 Aridi;
2442 5045 2483 5071 τι
2505 5032 2566 5070 ul.
2589 5033 2743 5083 Λὶγιόχῳ
2769 5031 2848 5078 Διὸς
2870 5023 2947 5081 υἱῷ.

2100 5095 2289 5146 Κάστορα,
2312 5096 2372 5134 καὶ
2389 5094 2544 5147 ,σειρὸν
2566 5091 2796 5135 nassam
2818 5092 2886 5138 uti
2908 5088 3089 5143 ιμιιζιν.

2100 5160 2236 5209 Isim
2261 5154 2501 5203 ιιιζιὺξαντιι
2523 5158 2647 5206 plecte
2674 5160 2828 5208 βοισισιν
2852 5159 2975 5204 ἱμᾶσιν

2039 5225 2228 5289 Hymno
2246 5228 2556 5277 celebramus
2581 5227 2727 5277 Ledae
2746 5235 2798 5277 et
2812 5225 2947 5275 Jovis
2969 5221 3191 5287 Egiochi
3209 5220 3333 5274 ﬁlios

2041 5288 2306 5349 Castorem,
2333 5298 2386 5339 et
2408 5291 2680 5342 terribilem
2703 5290 2972 5350 Pollucem,

2040 5350 2160 5401 Cum
2184 5365 2325 5402 manu
2348 5354 2503 5403 cinxit
2521 5351 2718 5403 bubulis
2742 5352 2874 5401 loris.

1950 5432 2158 5489 Videsis
2205 5445 2463 5507 praeterea
2494 5436 2711 5492 Homeri
2758 5434 3012 5507 hymnum
3053 5433 3110 5489 in
3145 5432 3292 5490 Jovis
3319 5447 3535 5506 pueros,

1951 5538 2014 5581 ac
2044 5525 2436 5584 Theodoretum
2463 5526 2781 5598 (Theodor.,
2804 5546 2958 5584 serm.
2988 5528 3025 5583 2
3053 5530 3115 5583 de
3147 5527 3327 5601 Angel.
3357 5536 3405 5580 et
3435 5526 3539 5582 da:-

1950 5635 2112 5685 mon.,
2145 5618 2415 5692 pag.511).
3451 5628 3455 5632 ’

2024 5714 2291 5768 Arnobius
2317 5728 2444 5768 vero
2472 5712 2659 5770 ambos
2685 5715 2878 5773 fratres
2933 5731 3039 5772 uno
3067 5711 3410 5782 Simplicique
3450 5720 3546 5761 no-

1952 5807 2101 5863 mine
2146 5802 2397 5862 Castores
2447 5805 2713 5878 appellat;
2766 5826 2785 5859 ι
2839 5808 2995 5875 quia.
3046 5824 3067 5857 ›
3114 5802 3307 5872 iuth
3335 5797 3556 5851 Servius
