3990 6072
410 214 510 276 511

1610 206 2059 268 DISSERTATIO
2096 205 2376 266 PBIEVIA

3582 197 3691 257 5i2

412 329 609 403 (Serm,
656 326 713 383 in
769 324 857 383 lib.
914 327 1100 401 Georg.
1168 326 1311 399 Virg.
1364 342 1496 382 vers.
1527 325 1615 392 88,
1663 342 1784 398 pag.
1839 323 1984 395 {25),
2014 326 2204 389 Atum
2247 320 2564 394 singularis,
2612 320 2730 377 sine
2773 317 3105 392 diphthongo
3150 317 3386 375 balteum
3442 313 3689 384 Veneris,

418 441 438 474 ι
471 421 630 478 ambo
671 421 893 479 licenter
915 430 970 478 et
1022 421 1270 478 Polluces
1319 431 1372 477 et
1418 420 1672 477 Castores
1716 428 1994 476 vocantur.

410 513 547 571 Nam
571 522 626 571 et
651 513 799 585 ludi,
830 523 887 572 et
908 514 1183 588 templum,
1215 524 1269 572 et
1293 516 1468 573 stellae
1495 513 1776 571 Castorum
1802 530 2001 571 vocan-

414 614 520 664 tur.
561 625 581 660 ι

486 700 670 756 Primo
696 708 875 757 autem
915 700 968 757 in
990 701 1127 758 libro
1153 702 1420 759 Arnobius
1440 702 1655 760 dixerat
1687 723 1702 760 :
1735 723 1754 756 ι
1783 703 2001 777 Tynda-

414 791 547 849 ridae
591 791 843 851 Castores
885 793 1025 869 (ms.
1076 809 1191 866 reg.
1218 795 1368 852 Tunc
1400 795 1515 851 dari
1565 796 1634 852 de
1679 794 2001 867 Castores,)

415 901 583 959 equos
608 902 745 944 unus
770 888 1034 945 domitare
1082 888 1292 957 solitus,
1321 888 1457 945 alter
1485 888 1768 960 pugillator
1789 888 1962 944 bonus
1986 930 2002 957 ,

356 1049 367 1061 .
415 991 472 1039 et
514 981 684 1040 crudo
708 983 1150 1054 inexsuperabilis
1168 992 1341 1040 caestu
1366 1002 1382 1039 :
1408 983 1629 1040 Titanes
1648 993 1703 1039 et
1742 983 2003 1049 Boeores,

419 1076 561 1152 (ms.
594 1093 709 1152 reg.
736 1079 982 1134 Tisianes
1011 1089 1065 1134 et
1109 1077 1406 1151 Bucures,)
1442 1077 1644 1144 Mauri,
1688 1087 1743 1133 et
1784 1093 2007 1135 ovorum

419 1172 703 1243 progenies
732 1171 813 1227 Dii
839 1171 981 1244 Syri.
1012 1191 1032 1225 ι
1077 1172 1319 1245 (Arnob.,
1351 1171 1441 1226 lib.
1465 1188 1513 1238 ι,
1541 1187 1661 1244 pag.
1692 1170 1819 1246 20.)
1847 1171 2011 1228 Vides

420 1279 553 1322 sane
581 1280 740 1337 quam
785 1263 929 1321 ftede
971 1264 1058 1321 hic
1087 1265 1235 1321 locus
1278 1264 1548 1336 imperitia
1575 1265 1775 1321 librarii
1819 1265 2045 1336 depra—-

420 1368 577 1414 vatus
605 1359 694 1414 sit.
735 1358 1073 1431 Quapropter
1100 1358 1274 1415 lucem
1301 1358 1529 1430 aliquam
1555 1358 1666 1426 illi,
1695 1360 1871 1430 quoad
1895 1358 2012 1415 ﬁeri

423 1451 652 1521 poterit,
706 1449 899 1507 afferre
944 1450 1284 1506 conabimur.
1306 1450 1545 1505 Primum
1592 1450 1700 1517 ibi,
1752 1450 2013 1507 etadbuc

423 1545 547 1600 alibi
597 1543 789 1601 Castor
814 1554 871 1601 et
897 1545 1110 1612 Pollux,
1142 1545 1457 1639 Tgndarida:
1490 1545 1746 1613 Castores,
1795 1546 1864 1603 ab
1915 1549 2015 1604 Ar-

424 1636 615 1705 nobio,
645 1646 700 1692 et
727 1652 758 1692 a
777 1635 1038 1693 Cicerone
1081 1635 1397 1708 Tyndarida:
1425 1637 1814 1706 tantummodo,
1843 1647 1898 1695 et
1947 1638 2015 1694 ab

2101 417 2386 488 signiﬁcat.
2422 436 2441 469 ι
2472 416 2734 484 Quocirca
2760 416 3101 481 Theocritus,
3128 422 3189 469 ut
3215 414 3378 486 paulo
3403 420 3529 469 ante
3556 411 3693 467 vidi-

2101 525 2242 573 mus,
2270 512 2469 567 cecinit
2489 525 2677 566 manus
2708 509 2973 565 Polluscis
3016 508 3221 563 cinctas
3256 509 3476 563 Βοέοισιν
3517 507 3694 581 ἱμᾶσιν

2105 603 2302 660 bubulis
2346 603 2489 666 loris,
2531 603 2688 657 sicuti
2727 601 2960 657 reddidit
3000 599 3118 672 ejus
3161 599 3448 671 interpres,
3496 597 3548 653 id
3588 607 3692 663 est,

2104 696 2376 754 uestibus.
2405 695 2612 766 Quibus
2640 694 2855 766 adjungi
2900 702 3077 766 potest
3104 691 3332 760 Seneca,
3364 691 3455 764 qui
3496 689 3690 748 alicubi

2106 789 2242 847 dixit
2271 807 2284 844 ε

2450 948 2606 999 Cedet
2627 946 2827 1001 Castore
2853 960 2962 998 cum
2983 960 3074 999 suo

2451 1010 2645 1072 Pollux,
2669 1012 2895 1063 aestibus
2920 1009 3114 1074 aptiorJ

2816 1092 3033 1157 (Senec.,
3053 1089 3106 1145 in
3123 1091 3318 1155 Medea,
3342 1097 3435 1144 act.
3452 1091 3511 1157 ι.)

2114 1245 2182 1300 At
2210 1244 2275 1300 de
2305 1252 2469 1300 cmstu
2495 1242 2694 1315 aliquid
2724 1244 2777 1299 in
2809 1245 2990 1315 priore
3016 1244 3320 1315 Apparatus
3347 1246 3521 1301 nostri
3551 1253 3700 1302 tomo

2113 1318 2679 1411 annotavimus.(tom.
2723 1354 2761 1403 ι,
2807 1338 3085 1410 Apparat.,
3137 1338 3225 1393 lib.
3275 1354 3353 1406 ιιι,
3404 1339 3606 1399 dissert.
3646 1341 3707 1411 2,

2115 1449 2237 1505 pag.
2268 1433 2407 1489 1195
2426 1443 2474 1487 et
2492 1432 2680 1505 seqq.).
3398 1424 3401 1427 Α

2188 1526 2359 1598 Major
2387 1528 2567 1597 itaque
2595 1526 2891 1583 difﬁcultas
2919 1536 3005 1583 est
3031 1528 3086 1583 in
3126 1528 3439 1600 penultimis
3485 1529 3711 1588 Arn-abii

2117 1621 2298 1676 verbis
2332 1639 2346 1675 :
2382 1619 2595 1676 Titanes
2623 1630 2676 1675 et
2697 1620 2921 1676 Bocores
2953 1620 3160 1689 Mauri,
3190 1630 3283 1677 aut
3308 1630 3367 1677 ut
3392 1623 3446 1678 iu
3477 1638 3582 1681 ms.
3611 1639 3714 1680 co-

426 1730 617 1787 Ovidio
641 1731 966 1805 Tyndaridae
991 1731 1185 1788 fratres
1204 1741 1576 1803 nuncupantur
1592 1732 1612 1807 (
1630 1733 1800 1801 Idem,
1828 1732 1916 1787 lib.
1932 1738 2014 1799 'tt,

2138 1715 2242 1771 lice
2270 1717 2419 1787 regio
2450 1717 2666 1786 legitur,
2702 1715 2932 1773 Tisianes
2960 1727 3007 1771 et
3034 1717 3241 1773 bucules
3264 1719 3432 1773 mauri
3467 1719 3711 1793 (Arnob.,

428 1841 549 1897 pag.
572 1825 673 1892 95;
696 1824 859 1880 Cicer.
878 1824 968 1881 lib.
992 1841 1031 1880 ιι
1055 1826 1119 1880 de
1141 1824 1335 1880 Nat‘ur.
1365 1827 1528 1892 deor.,
1556 1843 1678 1899 pag.
1694 1827 1823 1890 2M;
1846 1836 1893 1881 et
1920 1827 2011 1883 lib.

427 1933 516 1984 ιιι,
549 1934 668 1990 pag.
702 1917 796 1983 26;
828 1916 1029 1986 .Oaid.,
1057 1917 1145 1972 lib.
1180 1934 1213 1972 v
1238 1916 1477 1984 Fastor.,
1503 1918 1595 1973 sub
1634 1918 1777 1991 ﬁn.).
1809 1918 2014 1975 Nomen

428 2022 605 2069 autem
634 2011 763 2068 illud
806 2012 981 2068 sortiti
1009 2021 1134 2068 sunt
1158 2029 1174 2071 :
1202 2013 1324 2085 quia
1372 2028 1468 2070 eos
1493 2028 1559 2069 ex
1597 2013 1848 2087 Tyndaro
1891 2031 2019 2086 rege

431 2104 669 2163 Oebalia:
692 2113 749 2162 et
771 2104 937 2185 Leda
974 2105 1091 2176 ejus
1135 2121 1305 2162 uxore
1352 2116 1643 2178 prognatos
1690 2107 2013 2176 credebant;

431 2199 676 2273 quamvis
697 2214 767 2255 ex
791 2198 988 2255 furtivo
1018 2198 1199 2266 Jovis,
1228 2200 1282 2255 in
1329 2214 1560 2273 cygnum
1588 2202 1869 2269 conversi,
1899 2217 2021 2257 cum

433 2294 578 2352 Leda
629 2307 921 2367 congressu
951 2295 1062 2349 nati
1090 2293 1337 2351 fuissent.
1380 2294 1460 2349 Ex
1503 2294 1636 2351 Jove
1685 2295 1828 2351 enim
1877 2295 2021 2352 Leda

432 2387 544 2445 duo
568 2388 778 2458 peperit
803 2401 926 2453 ova,
956 2402 1025 2443 ex
1047 2387 1243 2458 quibus
1268 2402 1375 2444 non
1399 2387 1573 2444 solum
1602 2387 1795 2445 Castor
1819 2396 1874 2444 et
1896 2389 2023 2445 Pol.

437 2481 565 2548 lux,
610 2478 707 2535 sed
748 2478 952 2536 Helena
981 2479 1142 2536 etiam
1192 2489 1249 2537 et
1272 2479 1662 2553 Clytemnestra
1708 2482 1835 2538 editi
1885 2482 2028 2539 fere-

435 2574 651 2632 bantur.
691 2575 865 2646 Atque
893 2574 1033 2631 hanc
1056 2588 1189 2631 sane
1240 2575 1311 2632 ob
1339 2590 1556 2633 causam
1602 2576 1845 2633 Dioscuri
1882 2581 2029 2634 Δίοσ-

439 2689 642 2747 κουροι,
696 2675 757 2723 ut
779 2667 1048 2736 diximus,
1078 2682 1109 2722 a
1138 2682 1272 2724 voce
1298 2671 1409 2731 Διὸς
1458 2668 1622 2736 Jovis,
1655 2679 1710 2726 et
1736 2671 1873 2744 κόροι
1918 2670 2031 2727 sive

440 2765 650 2832 κοῦροι,
688 2757 784 2816 lilii
813 2760 1178 2831 cognominati
1221 2769 1366 2816 sunt.
1411 2760 1747 2833 Quapropter
1786 2763 2031 2818 nonnulli

439 2852 733 2924 conjiciunt
774 2855 827 2910 in
856 2855 1078 2912 Arnobii
1105 2864 1254 2912 textu
1300 2870 1399 2926 pro
1445 2854 1534 2911 Dii
1562 2856 1706 2929 Syri,
1750 2857 2031 2930 legendum

440 2946 718 3004 Dioscuri.
751 2947 1016 3007 Seldenus
1062 2964 1192 3006 vero
1234 2949 1559 3022 peculiarem
1602 2950 1671 3007 de
1713 2950 1818 3007 diis
1865 2952 2035 3024 Syriis

440 3038 639 3096 librum
669 3040 974 3112 divulgavit.

2120 1807 2210 1863 lib.
2242 1824 2278 1875 ι,
2328 1826 2449 1881 pag.
2479 1809 2598 1883 20),
2637 1827 2757 1881 qua:
2798 1808 3065 1866 Heraldus
3103 1811 3357 1883 explicari
3401 1828 3507 1868 non
3554 1828 3717 1885 posse

2121 1902 2265 1957 ultro
2287 1902 2507 1958 fatetur.
2534 1902 2920 1975 Suspicabatur
2945 1914 3125 1960 autem
3156 1905 3494 1963 Stewechius
3526 1907 3717 1979 legen-

2121 1995 2249 2051 dum
2276 2013 2288 2050 :
2314 1996 2471 2069 Ignes
2502 2008 2550 2053 et
2577 2000 2805 2070 fulgores
2826 2000 3046 2067 marini;
3074 1999 3199 2071 quia
3220 1999 3411 2056 Castor
3437 2009 3492 2057 et
3520 2001 3717 2057 Pollux

2123 2089 2294 2145 stellae
2331 2100 2458 2146 sunt
2499 2092 2872 2165 navigantibus
2911 2093 3195 2148 salutares.
3241 2093 3466 2150 Senecas
3507 2104 3716 2163 autem,

2124 2182 2306 2249 Plinii,
2340 2192 2396 2238 et
2435 2184 2663 2240 aliorum
2708 2186 3020 2242 testimonio
3064 2186 3196 2242 illud
3244 2185 3461 2243 firmare
3506 2198 3726 2259 poterat

2131 2275 2366 2345 (Senec.,
2386 2278 2474 2333 lib.
2500 2296 2539 2346 ι,
2563 2278 2753 2334 Ναιιιν.
2781 2281 2998 2347 Quaest.,
3021 2298 3139 2350 cap.
3170 2281 3225 2349 1,
3254 2282 3525 2356 ραᾳ.105;
3545 2281 3725 2351 Plin.,

2129 2369 2217 2424 lib.
2250 2385 2310 2436 ιι,
2342 2369 2536 2427 Natur.
2560 2372 2727 2440 Hist.,
2761 2392 2878 2447 cap.
2913 2376 3026 2447 37).
3068 2375 3175 2432 Sed
3205 2376 3325 2432 aliis
3354 2377 3576 2434 minime
3600 2379 3723 2449 pla-

2130 2460 2241 2514 cuit
2285 2460 2402 2518 baac
2432 2463 2723 2521 Stevvecbii
2758 2466 3090 2537 conjectura.
3134 2466 3370 2524 Meursio
3404 2471 3603 2542 margis
3630 2486 3727 2527 ar-

2130 2553 2250 2608 risit
2297 2554 2471 2613 Grotii
2513 2558 2809 2627 divinatio,
2843 2575 2949 2631 qua
2982 2558 3240 2616 Tisianira
3269 2570 3315 2617 et
3353 2561 3551 2619 Bucero
3580 2566 3725 2631 nali,

2134 2655 2478 2714 scribendum
2498 2654 2886 2725 augurabatur.
2906 2653 3173 2710 Tisianira
3194 2656 3339 2711 enim
3357 2665 3439 2713 est
3454 2655 3724 2727 Nemesis,

2134 2756 2249 2810 sive
2284 2751 2426 2807 Leda
2449 2792 2463 2813 ,
2492 2759 2549 2805 et
2580 2748 2790 2819 Jupiter
2819 2748 3087 2815 Bucerus,
3117 2758 3176 2803 ut
3204 2761 3358 2820 pote,
3408 2750 3462 2806 in
3510 2760 3728 2810 taurum

2136 2844 2426 2916 aliquando
2463 2851 2721 2898 mutatus.
2753 2842 3015 2897 Bucerum
3052 2842 3193 2896 enim
3221 2857 3415 2913 pecus,
3444 2853 3497 2899 et
3527 2843 3731 2901 bucera

2138 2948 2381 2997 armenta
2397 2938 2538 2994 idem
2557 2952 2621 2992 ac
2642 2937 2816 2992 boves
2837 2936 3165 3008 significant.
3186 2935 3294 2992 Sed
3315 2939 3557 3007 quamvis
3577 2937 3735 2995 Jovis

2140 3048 2438 3106 cognomen
2486 3030 2677 3086 fuisset
2722 3029 2963 3097 Bucero,
3014 3028 3229 3100 probari
3277 3039 3454 3085 tamen
3498 3029 3736 3087 debebat

513 3133 597 3190 Ex
639 3132 726 3189 his
767 3145 948 3192 autem
982 3181 996 3205 ,
1053 3152 1174 3208 (λικε
1212 3138 1370 3209 paulo
1418 3147 1545 3195 ante
1589 3139 2027 3210 observavimus,
2058 3131 2104 3198 C
2136 3144 2235 3185 cur
2266 3126 2337 3182 ibi
2379 3124 2653 3181 Arnobius
2694 3124 3026 3179 mentionem
3066 3122 3316 3178 habuerit
3360 3122 3506 3179 Jovis
3552 3126 3737 3194 potius

446 3225 603 3283 facile
644 3227 959 3302 intelligitur
1001 3243 1099 3287 cur
1118 3230 1307 3288 Castor
1355 3241 1409 3288 et
1434 3232 1644 3299 Pollux,
1677 3233 1745 3289 ab
1792 3235 2031 3293 Arnobio

445 3319 692 3378 dicantur
738 3323 978 3393 (Arnob.,
1032 3324 1123 3380 lib.
1143 3341 1181 3393 ι,
1245 3343 1366 3397 pag.
1410 3326 1537 3399 120)
1569 3341 1790 3383 ovorum
1842 3345 2035 3400 proge-

447 3411 590 3482 nies,
631 3413 838 3484 Jupiter
881 3429 1047 3471 vero:
1101 3415 1450 3473 Candidomm
1488 3430 1781 3489 procreator
1829 3436 2035 3475 ovorum

450 3504 641 3579 (Idem
671 3507 761 3561 lib.
787 3523 859 3573 tv,
890 3524 1011 3580 pag.
1036 3509 1183 3583 142),
1212 3510 1279 3566 de
1301 3510 1495 3581 quibus
1516 3520 1711 3581 praeter
1734 3512 1867 3568 alios
1896 3512 2036 3568 Vos-

451 3600 585 3656 sius.
610 3601 680 3655 At
724 3599 866 3656 istud
894 3601 1088 3669 adhuc,
1130 3612 1185 3659 et
1210 3604 1351 3674 quod
1393 3614 1577 3659 auctor
1607 3613 1788 3660 noster
1840 3604 2038 3661 ibidem

453 3691 651 3763 adjecit
692 3707 855 3748 unum
904 3709 1070 3767 equos
1123 3694 1385 3751 domitare
1436 3696 1686 3761 solitum,
1720 3706 1774 3752 et
1810 3697 2035 3753 alterum

453 3784 653 3841 bonum
680 3786 1052 3858 pugillatorem
1081 3788 1263 3855 fuisse,
1298 3788 1547 3847 Horatius
1577 3790 1680 3847 hoc
1708 3806 1869 3849 versu
1898 3792 2039 3850 belle

457 3878 740 3936 conﬁrmat
770 3898 783 3935 :

549 3971 918 4086 gxgsgaudet
939 3976 1099 4039 equis,
1118 3988 1211 4028 ovo
1228 3982 1494 4042 prognatus
1526 3979 1701 4031 eodem

593 4047 753 4100 “gms.
1049 4102 1270 4164 (Horat,
1285 4116 1429 4155 sem.
1454 4103 1539 4157 lib.
1573 4121 1625 4168 ιι,
1643 4119 1765 4159 vers.
1782 4107 1886 4174 25.)

462 4208 600 4265 Alibi
621 4225 752 4268 vero
780 4212 914 4268 illud
941 4213 1157 4284 repetit,
1181 4228 1384 4286 eosque
1403 4214 1565 4273 Leda:
1590 4215 1732 4272 filios
1752 4214 1902 4275 hisce
1928 4232 2046 4277 car-

463 4302 699 4360 minibus
726 4306 962 4375 appellat
993 4325 1007 4361 :

554 4394 726 4470 Qicam
751 4407 803 4449 et
822 4398 1063 4470 Alcidem,
1091 4416 1367 4470 puerosque
1386 4404 1553 4470 Ledae,

555 4458 699 4532 [Tune
720 4462 880 4525 equis,
905 4458 1303 4530 illum'superare‘
1321 4469 1498 4532 pugnis

557 4521 799 4575 Nobilem.

992 4591 1175 4654 (Idem,
1201 4590 1285 4644 lib.
1307 4608 1344 4655 ι,
1367 4593 1450 4645 od.
1478 4593 1554 4658 12,
1579 4609 1703 4649 vers.
1729 4595 1834 4661 25.)

467 4692 687 4750 Horatio
740 4694 963 4766 pulchre
1012 4696 1235 4755 Ovidius
1284 4699 1707 4774 Propertiusque
1759 4702 2053 4759 concinunt

467 4786 673 4859 (0vid.,
707 4789 797 4857 lib.
839 4807 894 4858 v,
924 4788 1173 4858 Fastor.;
1217 4791 1486 4865 Propert.,
1519 4794 1606 4849 lib.
1658 4811 1738 4859 ιιι,
1773 4797 1901 4867 eleg.
1936 4796 2050 4866 i5).

539 4883 677 4952 Quid
718 4885 788 4941 sit
826 4894 1007 4943 autem
1047 4896 1265 4954 czestus,
1308 4904 1415 4959 quo
1446 4888 1636 4945 Pollux
1674 4882 2056 4958 insuperabilis

469 4977 687 5046 dicitur,
734 4978 909 5036 disces
949 4996 1015 5037 ex
1055 4980 1248 5039 Servio
1295 4983 1347 5038 in
1392 4982 1564 5048 hunc,
1607 4983 1674 5039 ad
1719 4998 1876 5054 quem
1919 4984 2057 5040 forte

473 5069 676 5123 Auctor
701 5081 887 5128 noster
914 5074 1174 5146 respexit,
1204 5074 1411 5146 Virgilii
1439 5091 1657 5132 versum
1692 5093 1705 5129 :

566 5181 668 5234 Seu
686 5185 836 5236 crudo
858 5186 963 5240 ﬁdit
984 5203 1197 5255 pugnam
1220 5193 1528 5243 committere
1542 5199 1715 5244 caestu.

953 5271 1181 5336 (Virgil.,
1199 5274 1279 5327 lib.
1304 5290 1336 5326 v
1360 5273 1572 5337 Λςηεὶάη
1590 5290 1713 5328 vers.
1737 5275 1843 5339 68.)

478 5375 555 5432 lbi
581 5376 844 5449 siquidem
870 5377 960 5435 ille
985 5380 1102 5437 haec
1130 5382 1509 5439 animadvertit
1538 5402 1553 5438 :
1589 5402 1609 5435 ‹
1645 5381 1824 5438 Crudo
1851 5391 2017 5439 caestu
2046 5402 2061 5439 :

477 5480 569 5526 aut
593 5469 819 5539 crudeli,
846 5480 938 5526 aut
960 5471 1118 5539 duro,
1148 5485 1205 5530 ut
1232 5478 1303 5532 sit
1327 5476 1645 5546 simpliciter
1669 5477 1893 5541 dictum,
1922 5474 2064 5547 quod

478 5582 548 5622 ex
591 5566 744 5622 corio
790 5565 927 5622 duro
971 5566 1077 5622 sint
1124 5582 1320 5626 cazsws
1355 5590 1368 5626 :
1401 5582 1493 5626 aut
1533 5588 1627 5642 per
1670 5570 2063 5643 diphthongum

477 5663 721 5737 pugilum
748 5676 896 5718 arma
932 5661 1221 5734 signiﬁcat.
1255 5665 1428 5723 liabet
1464 5667 1726 5739 pluralem
1755 5682 2061 5735 numerum,

478 5767 535 5817 et
560 5766 643 5815 est
666 5766 870 5830 quartte
896 5756 1104 5816 formae.
1126 5757 1260 5819 Nam
1289 5771 1483 5818 czcstus
1506 5761 1680 5830 caasti,
1709 5760 1920 5818 numeri
1947 5770 2061 5817 tan-

2136 3217 2383 3275 conversi
2431 3218 2484 3271 in
2539 3225 2754 3270 taurum
2798 3230 2961 3286 quam
3012 3215 3065 3269 in
3114 3228 3378 3287 cygnum,
3426 3216 3529 3271 sub
3575 3217 3737 3288 cujus

2136 3313 2313 3368 forma
2342 3310 2565 3365 violavit
2586 3308 2811 3376 Ledam,
2838 3306 2906 3363 de
2934 3322 3037 3378 qua
3063 3307 3135 3363 ibi
3157 3308 3412 3380 disputat.
3436 3309 3517 3365 Ad
3547 3324 3736 3365 veram

2138 3408 2301 3479 igitur
2358 3402 2653 3460 Arnobiani
2710 3412 2891 3458 textus
2944 3402 3237 3458 lectionem
3296 3404 3686 3460 restituendam
3717 3447 3734 3472 ,

2139 3500 2277 3556 alius
2319 3507 2465 3555 certe
2510 3498 2853 3568 incorruptus
2883 3495 3058 3552 codex
3084 3496 3481 3568 manuscriptus
3518 3496 3740 3554 deside-

2140 3602 2311 3648 ratur.

2214 3683 2397 3755 Pergit
2420 3682 2692 3741 Arnobius
2725 3682 2965 3755 (Arnob,
2999 3682 3088 3737 lib.
3122 3699 3195 3748 ιν,
3228 3699 3348 3753 pag.
3382 3684 3529 3755 141),
3552 3692 3608 3740 et
3631 3684 3741 3741 alia

2142 3778 2291 3836 Jovis
2333 3777 2598 3859 adulteria
2652 3777 2729 3832 sic
2775 3785 2962 3832 contra
3002 3776 3260 3832 Ethnicos
3315 3787 3470 3849 urget
3526 3796 3539 3831 :
3578 3798 3597 3830 ι
3653 3778 3743 3834 Ex

2082 3917 2089 3926 .
2145 3875 2407 3931 Alcmena
2433 3882 2488 3929 et
2517 3870 2707 3928 eodem
2733 3870 2867 3927 Jove
2894 3879 3053 3926 natus
3080 3880 3164 3926 est
3190 3870 3447 3927 Hercules
3478 3870 3569 3927 ille
3593 3871 3743 3927 Tlte-

2147 3970 2338 4032 banus,
2370 3966 2529 4039 quem
2558 3968 2708 4023 clava
2741 3967 3005 4039 pellisque
3034 3975 3220 4021 tutata:
3248 3975 3407 4021 sunt:
3437 3982 3505 4022 ex
3525 3965 3746 4022 Semele

2144 4073 2307 4135 atque
2334 4064 2451 4135 ipso
2486 4062 2666 4129 Liber,
2697 4065 2788 4134 qui
2817 4062 3065 4116 Bromius
3100 4061 3318 4129 dicitur,
3350 4070 3407 4117 et
3432 4077 3498 4118 ex
3524 4062 3745 4118 semine

2148 4158 2345 4214 iterum
2376 4168 2535 4213 natus
2562 4156 2734 4228 patris
2764 4172 2779 4213 :
2809 4172 2875 4210 ex
2903 4157 3022 4223 ipso
3053 4170 3242 4210 rursus
3264 4166 3318 4211 et
3346 4155 3504 4223 Maia,
3532 4155 3747 4211 Mercu-

2147 4254 2261 4309 rius
2303 4267 2397 4307 ore
2444 4250 2735 4317 facundus,
2778 4260 2832 4304 ct
2876 4257 3116 4320 gestator
3158 4248 3447 4304 affabilium
3495 4249 3750 4307 colubra-

2150 4362 2293 4412 rum,
2332 4367 2351 4400 ι
2381 4347 2497 4401 sive
2530 4345 2822 4399 draconum
2852 4344 2906 4398 in
2935 4342 3192 4409 caduceo,
3224 4357 3330 4413 quo
3363 4342 3491 4398 belli
3516 4342 3657 4411 linis,
3690 4356 3751 4400 et

2154 4441 2302 4513 pacis
2344 4441 2555 4496 initium
2586 4439 2941 4494 indicebatur.
2994 4437 3100 4494 Sed
3133 4439 3247 4494 haec
3281 4438 3368 4493 cui
3412 4438 3591 4510 ignota
3621 4452 3750 4497 esse

2074 4534 2131 4595 1)
2156 4536 2414 4610 possunt?
2458 4537 2534 4593 De
2575 4536 2771 4607 triplici
2811 4544 2991 4590 autem
3030 4534 3180 4589 Jovis
3222 4534 3510 4603 adulterio,
3540 4549 3645 4605 quo
3675 4551 3748 4591 ex

2157 4632 2328 4689 tribus
2349 4630 2562 4688 feminis
2584 4630 2804 4686 totidem
2834 4628 2974 4682 filios
2998 4628 3304 4698 suscepisse
3331 4626 3527 4694 fertur,
3553 4626 3750 4684 Hesio-

2157 4725 2256 4782 dus
2282 4726 2398 4783 haec
2426 4723 2620 4781 cecinit
2646 4720 2885 4795 (Hesiod.
2912 4718 3198 4791 TlteOgon.,
3232 4736 3285 4784 v,
3316 4718 3420 4775 957
3448 4729 3495 4774 et
3522 4716 3693 4792 seqq.)
3730 4739 3746 4777 :

2316 4899 2401 4946 Ζηνὶ
2422 4893 2457 4935 δ’
2476 4893 2533 4948 ἄρ’
2558 4887 2732 4941 Ᾰτλαντὶς
2756 4894 2855 4943 Μαίη
2873 4896 2952 4933 xix:
2968 4889 3116 4942 ιιΰδιμον
3140 4883 3257 4943 Ιῖἷρμῆν
3275 4920 3285 4936 ,

2318 4962 2451 5011 Κήρυιιῖ
2474 4960 2672 5004 ἀθανάτων,
2696 4959 2788 5007 ἰιρὸν
2808 4958 2910 5009 λέχος
2935 4956 3169 4995 ιὶσαναϐᾶσα.

2315 5020 2480 5071 Καδμὶη
2515 5019 2550 5062 δ’
2572 5018 2643 5072 ἄρα
2663 5022 2698 5060 οἱ
2720 5021 2849 5069 Σιμίλη
2868 5023 2949 5059 τίκα
2965 5015 3131 5071 φαὶδὶμω
3152 5016 3228 5055 υἱὸν
3241 5045 3252 5059 .

2314 5086 2483 5137 Μιχθιῖσ⁹
2508 5087 2544 5123 ιν
2566 5085 2743 5136 φιλότητι,
2766 5084 2935 5122 Διὸννσρν
2952 5082 3153 5131 πολυγηθέα

2319 5139 2507 5187 Abdita-rev
2530 5148 2651 5196 θνητή.
2677 5151 2736 5185 νῦν
2759 5141 2795 5184 δ’
2814 5147 3009 5197 apem?“
3040 5144 3114 5183 0ιοὶ
3135 5146 3223 5183 ιὶσιν
3240 5171 3250 5187 ,

2314 5202 2484 5260 Ᾰλιιμήνη
2508 5206 2543 5248 δ’
2567 5206 2627 5260 ἄρ’
2652 5210 2770 5253 itum
2797 5212 2875 5259 βὶην
2895 5198 3116 5259 “paulatim

2321 5274 2484 5325 Μιχθιῖσ⁹
2517 5275 2551 5312 ιν
2575 5274 2738 5325 ῳιλότητι
2760 5273 2839 5318 Διὸς
2862 5272 3144 5323 νιςιλητιριταο.

2256 5387 2366 5439 Jovi
2390 5400 2508 5438 vero
2532 5387 2742 5451 Atlantis
2757 5383 2854 5435 tilia
2876 5385 3072 5451 peperit
3088 5383 3352 5445 gloriosum
3369 5382 3690 5451 Mercurium,
3738 5444 3757 5451 _

2257 5452 2542 5501 Prteeonem
2564 5450 2790 5505 deorum,
2828 5446 3014 5495 sacrum
3039 5447 3220 5496 lectum
3242 5446 3594 5495 conscendens.

2261 5514 2422 5565 Cadmi
2447 5512 2544 5561 lilia
2570 5524 2690 5562 vero
2711 5509 2914 5575 Semele
2938 5509 3339 5575 peperitclarum
3361 5507 3531 5570 lilium,

2261 5575 2385 5625 Rem
2405 5590 2514 5625 cum
2531 5588 2592 5623 eo
2615 5574 2819 5633 habens,
2842 5571 3123 5635 Dionysium
3142 5571 3363 5635 hilarem,

2261 5638 2590 5689 Immortalem
2615 5631 2830 5685 mortalis
2855 5648 2865 5682 :
2893 5631 3022 5683 nunc
3044 5634 3185 5682 ambo
3203 5631 3418 5683 diisunt.

2262 5700 2496 5752 Alcmene
2524 5711 2652 5762 vero
2664 5700 2860 5762 peperit
2880 5699 2978 5747 vim
2994 5696 3350 5747 Herculaneam

2264 5764 2415 5817 Mixta
2438 5775 2600 5815 amore
2625 5759 3018 5822 1ὸνὶἠιι1ιίοοςο,
3040 5807 3045 5815 ,
