3990 6072
295 194 394 259 515

1516 195 1580 252 ΙΝ
1617 185 1994 263 ABNOBIUM,
2035 186 2188 255 CAP.
2229 192 2319 256 Xl.

3458 202 3566 268 5M

292 318 369 372 De
399 316 504 372 hoc
530 321 704 371 autem
748 315 1019 372 Alcmenae
1047 324 1202 389 partu
1239 313 1428 371 Cicero
1457 331 1470 368 :
1504 316 1695 372 Sextus
1743 316 1876 372 Her-
1902 319 1956 379 Α
1978 316 2153 373 adhuc
2177 326 2490 389 excerptum
2521 319 2808 388 fateberis,
2838 318 2983 392 quod
3012 329 3200 379 auctor
3227 334 3412 383 noster
3437 330 3567 387 sub-

291 410 442 466 cules
460 450 476 473 ,
504 409 703 479 inquit,
747 425 813 463 ea:
851 409 1123 474 Alcmena,
1152 425 1299 480 quem
1321 408 1527 480 Jupiter
1550 411 1753 480 genuit,
1784 410 1874 465 sed

290 504 470 561 tertius
496 503 717 574 Jupiter.
761 503 953 571 Plura,
986 504 1031 560 si
1062 504 1240 571 lubet,
1282 504 1423 575 apud
1453 504 1745 561 Diodorum
1786 503 1871 561 Si-

290 599 495 667 culum,
525 596 837 663 Hesiodum,
884 596 1149 664 Plautum,
1192 607 1247 654 et
1284 596 1534 654 Vossium
1564 596 1748 669 legere
1782 613 1875 669 po-

294 691 445 748 teris.
497 689 659 745 Addit
708 705 837 745 vero
883 690 1086 746 Auctor
1138 698 1325 747 noster
1372 700 1496 762 post
1544 688 1876 746 Clementem

293 781 714 839 Alexandrinum
744 792 1039 838 transactus
1064 783 1132 839 ab
1155 783 1345 840 eodem
1373 782 1504 839 Jove
1534 797 1727 838 novem
1755 797 1877 837 cum

290 879 549 935 Alcmena
579 887 788 935 noctes.
830 879 905 933 De
935 878 1036 934 hoc
1065 894 1228 949 porro
1274 877 1501 949 aliisque
1527 877 1594 932 ab
1636 875 1879 934 Arnobio

291 982 479 1031 nostro
506 973 819 1029 memoratis
855 972 1002 1028 Jovis
1040 973 1324 1029 adulteriis
1352 972 1548 1028 videsis
1584 970 1877 1027 Homerum

290 1065 444 1139 (Cia,
476 1068 515 1121 l.
547 1081 625 1132 ιιι,
650 1064 712 1120 de
738 1063 932 1120 Natur.
959 1065 1127 1131 deor.,
1151 1082 1205 1136 p.
1227 1063 1357 1132 205,
1389 1063 1483 1120 lin.
1506 1063 1603 1118 ult.
1636 1061 1877 1130 Diodor.,

267 1163 329 1215 'l.
358 1177 435 1229 tv,
469 1161 633 1229 Bibl.,
665 1178 719 1229 p.
752 1162 885 1226 157;
918 1158 1161 1229 Hesiod.,
1192 1159 1254 1214 de
1294 1168 1439 1213 scuto
1470 1157 1628 1212 Herc.
1672 1158 1876 1223 Plant.,

286 1253 342 1308 in
371 1252 627 1324 Amphit.;
667 1250 841 1321 Voss.,
870 1251 908 1305 ι.
936 1268 974 1318 ι,
1003 1252 1066 1306 de
1092 1252 1224 1324 orig.
1256 1259 1302 1305 et
1332 1267 1507 1322 progr.
1535 1250 1685 1316 idol.,
1715 1266 1762 1303 c.
1789 1249 1877 1317 1ι1,

289 1365 345 1418 p.
385 1345 517 1412 162;
559 1344 775 1414 Arnob.,
823 1345 860 1400 ι.
901 1359 979 1413 tv,
1031 1362 1081 1416 p.
1131 1344 1267 1410 145;
1301 1342 1532 1400 Clemens
1574 1341 1877 1409 Alexandr.,

290 1439 553 1494 Admonit.
599 1438 667 1493 ad
712 1446 875 1510 gent.,
919 1455 973 1510 p.
1004 1436 1107 1505 ‘20;
1142 1435 1357 1492 Homer.
1390 1435 1578 1505 Iliad.,
1619 1452 1730 1501 xw,
1772 1451 1883 1491 uer-

288 1552 378 1591 sus
404 1536 511 1592 516
539 1545 585 1590 et
609 1533 799 1606 seqq.).

362 1628 636 1698 Explicata
676 1642 890 1700 quoque
924 1628 1190 1697 invenies,
1239 1643 1361 1700 qua:
1396 1628 1672 1685 Arnobius
1699 1627 1886 1684 scribit

288 1722 544 1779 Liberum
576 1764 593 1790 ,
623 1736 720 1779 seu
750 1721 1020 1779 Bacchum
1051 1738 1118 1779 ex
1136 1722 1270 1779 Jove
1293 1734 1347 1779 et
1371 1722 1605 1807 Semele,
1633 1732 1793 1795 atque
1817 1738 1884 1779 ex
1911 1726 1960 1788 B

276 1820 520 1882 semine,
543 1831 643 1873 seu
670 1816 879 1873 femore
905 1817 1071 1888 patris
1094 1832 1281 1873 rursus
1320 1826 1538 1884 natum;
1574 1827 1631 1873 et
1673 1826 1732 1873 ut
1757 1816 1884 1872 alibi

288 1907 552 1982 loquitur,
581 1923 647 1966 ex
679 1908 1002 1981 genitalibus
1028 1910 1214 1966 matris
1240 1909 1464 1966 fulmine
1493 1909 1886 1981 praecipitatum

292 2002 539 2073 (Arnob.,
569 2003 658 2058 lib.
700 2019 737 2068 ι,
769 2018 889 2075 pag.
931 2003 1002 2067 20
1029 2013 1075 2058 et
1102 2003 1212 2069 24;
1251 2012 1298 2059 et
1337 2004 1427 2060 lib.
1472 2019 1551 2069 tv,
1582 2021 1701 2077 pag.
1732 2000 1883 2075 141).

289 2101 490 2159 Narrat
531 2100 673 2157 enim
723 2097 986 2155 Diodorus
1035 2096 1308 2155 Semelem
1352 2114 1383 2154 a
1429 2099 1585 2168 Jove,
1634 2098 1725 2170 qui
1772 2098 1889 2168 ejus

289 2209 481 2251 amore
523 2193 800 2266 ﬂagrabat,
833 2192 1083 2267 precibus
1125 2192 1237 2248 suis
1262 2192 1582 2258 extorsisse,
1610 2199 1671 2247 ut
1717 2189 1784 2246 ad
1828 2206 1889 2246 se

292 2304 365 2344 ex
392 2289 482 2344 illo
511 2296 904 2359 praegnantem,
934 2286 1053 2357 pari
1078 2295 1239 2356 atque
1269 2285 1337 2341 ad
1359 2285 1631 2342 lunonem
1657 2283 1885 2351 honore,

294 2383 353 2439 id
398 2389 503 2450 est,
551 2381 753 2439 tonitru
783 2390 837 2438 et
863 2380 1091 2436 fulmine
1128 2388 1369 2435 armatus
1405 2378 1696 2435 accederet
1733 2375 1889 2450 (Dio-

295 2476 415 2532 ilor.
478 2474 671 2543 Sicul.,
723 2475 812 2530 lib.
859 2490 947 2542 ιιι,
996 2472 1268 2539 Biblioth.,
1320 2489 1439 2544 pag.
1488 2470 1613 2537 158,
1664 2479 1712 2525 et
1751 2468 1892 2541 apud

296 2565 516 2637 Euseb.,
550 2568 639 2623 lib.
676 2583 736 2634 ιι,
773 2566 1010 2638 Prwpar.
1062 2566 1287 2637 Evang.,
1337 2582 1455 2635 cap.
1502 2564 1559 2629 2,
1608 2581 1730 2636 pag.
1774 2563 1889 2632 52).

294 2660 407 2719 Sed
432 2676 556 2717 cum
585 2659 675 2715 illa
706 2668 910 2715 tantam
955 2658 1180 2729 fulgoris
1224 2673 1289 2714 ac
1335 2656 1567 2729 fragoris
1610 2656 1719 2711 vim
1752 2655 1894 2713 ferre

296 2753 660 2825 nequivisset,
711 2752 894 2809 statim
941 2752 1244 2808 exanimata
1290 2750 1539 2806 abortum
1580 2751 1729 2807 fecit.
1757 2749 1893 2805 Tum

297 2862 431 2903 vero
463 2846 672 2916 Jupiter
710 2846 966 2901 infantem
1016 2860 1113 2901 suo
1164 2844 1329 2899 insuit
1380 2843 1606 2912 femori,
1665 2858 1897 2914 eumque

298 2950 444 2997 stato
483 2950 727 3011 tempore
771 2939 996 3004 enixus,
1024 2938 1224 3010 Nysam
1264 2936 1478 2993 Arabiae
1521 2937 1574 2991 in
1620 2936 1897 2991 civitatem

298 3034 625 3105 deportavit.
656 3033 733 3088 lbi
762 3048 792 3088 a
816 3031 1077 3104 Nymphis
1101 3030 1382 3098 educatus,
1417 3046 1446 3085 a
1475 3039 1649 3102 patre,
1677 3039 1732 3086 et
1752 3028 1894 3097 loco,

299 3128 395 3183 ubi
427 3137 584 3183 natus
614 3135 728 3193 est,
759 3124 979 3197 Dionysi
1020 3123 1230 3195 accepit
1259 3138 1478 3180 nomen.
1520 3121 1669 3178 Alios
1697 3131 1893 3189 testes,
1921 3128 1967 3193 C

298 3223 350 3279 si
374 3221 469 3277 tibi
501 3221 615 3277 dari
652 3221 814 3287 velis,
847 3222 955 3276 cito
979 3219 1227 3276 dabimus
1257 3219 1578 3287 Homerum,
1607 3218 1857 3285 Nonnum
1878 3260 1894 3287 ,

301 3315 578 3384 Ovidium,
622 3325 677 3372 et
715 3313 1056 3382 Ciceronem,
1107 3328 1264 3386 quos,
1311 3329 1435 3369 cum
1476 3312 1704 3378 lubebit,
1748 3312 1898 3369 adire

300 3408 464 3464 facile
499 3408 700 3479 poteris
730 3405 994 3480 (ﬂamen,
1024 3404 1183 3460 Iliad.
1215 3420 1331 3472 xiv,
1364 3421 1495 3460 vers.
1522 3404 1630 3460 255
1660 3412 1706 3459 et
1731 3418 1898 3475 seqq.;

302 3500 512 3570 Nomm,
534 3502 621 3556 lib.
648 3516 688 3564 ι,
714 3499 935 3572 Dionys.
959 3500 1101 3565 init.;
1121 3496 1297 3565 Ovid.,
1316 3498 1406 3553 lib.
1427 3514 1503 3553 ιιι.
1523 3495 1896 3567 Metamorph.,

307 3594 337 3667 ἐ
363 3596 415 3662 5,
441 3611 563 3667 pag.
587 3592 693 3650 102
713 3603 759 3648 et
779 3609 943 3664 seqq.;
966 3591 1152 3658 Cicer.,
1175 3589 1264 3646 lib.
1290 3607 1326 3659 ι,
1352 3589 1589 3656 Tuscul.,
1607 3607 1727 3662 pag.
1749 3589 1899 3661 119).

378 3687 601 3744 Interim
650 3686 876 3743 observa
924 3684 1174 3740 Liberum
1205 3683 1273 3738 ab
1303 3692 1522 3740 auctore
1568 3693 1752 3739 nostro
1792 3698 1899 3738 non

302 3783 484 3841 solum
511 3780 852 3845 Semeleion,
886 3778 938 3835 id
978 3789 1092 3849 est,
1124 3778 1368 3836 Semeles
1394 3778 1593 3847 lilium,
1641 3778 1738 3834 sed
1770 3777 1901 3834 Bro-

301 3877 475 3934 mium
529 3890 778 3947 quoque,
835 3872 1095 3946 Nysium,
1128 3882 1316 3944 atque
1372 3870 1565 3928 Evium
1623 3870 1898 3943 appellati.

302 3971 519 4046 Βρόμιον
546 3968 620 4037 δὲ,
668 3969 843 4039 inquit
878 3968 1073 4023 citatus
1096 3983 1124 4020 a
1154 3966 1308 4022 nobis
1348 3966 1613 4024 Diodorus
1656 3965 1901 4032 Siculus,

303 4068 414 4122 ἀπὸ
443 4072 532 4122 τοῦ
548 4067 684 4120 κατὰ
707 4068 796 4123 τήν
819 4065 1012 4137 γένεσιν
1033 4064 1193 4117 αὐτοῦ
1229 4062 1495 4136 ’γενομένου
1521 4060 1741 4137 βρόμου.
1774 4058 1902 4114 Bro-

304 4159 445 4214 mius
472 4157 535 4212 ab
565 4157 784 4213 excitato
808 4156 946 4210 circa
977 4156 1290 4209 nativitatem
1315 4154 1428 4224 ejus
1456 4154 1674 4207 tonitrus
1699 4156 1905 4223 fragore

306 4261 652 4325 nuncupatus
676 4262 759 4309 est
779 4294 794 4319 ,
822 4251 1017 4323 Nysius
1045 4266 1178 4307 vero
1210 4265 1318 4306 non
1348 4264 1378 4304 a
1402 4249 1512 4320 jam
1538 4247 1759 4319 praefata
1780 4290 1795 4315 ,
1829 4248 1904 4304 uti

306 4350 555 4416 videtur,
605 4347 736 4404 urbe
778 4346 988 4403 Arabia:
1027 4345 1201 4418 Nysa,
1232 4345 1328 4402 sed
1375 4344 1552 4415 potius
1587 4343 1731 4417 Nyso
1761 4342 1904 4398 illius

308 4456 483 4518 patre.
511 4442 645 4500 Nam
674 4442 888 4511 Cicero,
911 4452 1031 4514 post
1053 4458 1213 4515 quem
1236 4449 1426 4497 auctor
1457 4448 1641 4496 noster
1668 4439 1906 4511 quinque

1974 409 2184 479 junxit,
2217 426 2282 465 ex
2312 415 2506 468 eodem
2544 411 2676 468 Jove
2705 421 2760 468 et
2782 412 2916 468 Maia
2946 415 3188 486 genitum
3211 430 3333 473 esse
3356 418 3569 475 Mercu-

1979 502 2116 558 rium
2167 501 2404 573 (Arnob.,
2452 505 2543 560 lib.
2586 521 2658 573 ιν,
2706 522 2827 578 pag.
2872 506 3005 574 136;
3050 517 3172 565 tom.
3218 527 3259 579 ι,
3290 512 3565 584 Apparat.,

1980 596 2071 652 lib.
2113 613 2192 664 ιιι,
2231 598 2435 653 dissert.
2475 601 2530 667 '5,
2567 616 2611 654 c.
2658 598 2713 667 9,
2758 610 2857 656 art.
2901 602 2957 670 2,
3006 621 3126 677 pag.
3176 606 3323 674 757).
3351 607 3570 667 Litteris

1980 687 2178 760 quippe
2199 689 2397 747 latinus
2423 700 2604 748 orator
2631 692 2746 749 haec
2771 695 3119 766 consignasse
3139 697 3355 770 legitur.
3380 720 3406 752 «ι
3432 701 3571 758 Mcr-

1981 782 2162 838 curius
2210 784 2399 840 tertius
2427 784 2559 842 Jove
2603 787 2762 844 tertio
2805 796 2960 845 natus
2988 806 3053 845 ex
3079 790 3245 860 Maia,
3284 808 3351 849 ex
3381 808 3487 865 quo
3515 804 3573 851 et

1983 873 2248 946 Penelopa
2285 878 2430 933 Pana
2468 889 2651 935 natum
2681 879 2879 937 ferant.
2917 901 2936 934 ι
2976 882 3238 941 Diodorus
3266 894 3445 943 autem
3486 888 3569 943 Si-

1984 967 2173 1023 culus:
2213 988 2232 1021 ι
2271 967 2513 1027 Fuerunt
2543 973 2666 1028 lilia:
2706 984 2913 1045 septem
2954 974 3247 1035 Atlanti....
3276 977 3411 1035 Maia
3442 990 3571 1037 natu

1986 1061 2218 1117 maxima
2247 1078 2279 1118 e
2301 1062 2450 1121 lovis
2477 1066 2759 1136 complexu
2802 1067 3122 1123 Mercurium
3163 1069 3451 1126 multarum
3479 1087 3570 1128 ar-

1987 1151 2116 1207 tium
2159 1166 2491 1225 repertorem
2526 1177 2545 1210 ι
2581 1158 2765 1229 genuit
2801 1156 3013 1229 (Cicer.,
3044 1159 3135 1215 lib.
3163 1176 3243 1229 tn,
3282 1162 3345 1218 de
3379 1161 3570 1220 Natur.

1987 1245 2154 1315 deor.,
2186 1265 2306 1321 pag.
2336 1247 2461 1315 248,
2491 1250 2584 1304 lin.
2631 1251 2694 1316 6;
2728 1249 2946 1307 Diodor.
2991 1252 3180 1319 Sicul.,
3228 1254 3315 1309 lib.
3369 1270 3447 1323 tn,
3477 1254 3575 1310 Βίο

1987 1338 2190 1408 blioth.,
2238 1359 2361 1414 pag.
2394 1342 2540 1414 155).
2567 1341 2798 1415 Utrique
2820 1355 2998 1400 autem
3026 1354 3222 1416 praeter
3247 1345 3572 1403 Macrobium

1989 1431 2268 1506 (Macrob.,
2297 1436 2386 1490 lib.
2414 1452 2455 1502 ι,
2482 1435 2782 1505 Saturnal.,
2806 1456 2853 1494 c.
2892 1439 2981 1508 12,
3015 1458 3136 1513 pag.
3163 1439 3290 1514 122)
3316 1442 3576 1515 suffraga-

1987 1536 2073 1583 tus
2099 1535 2184 1585 est
2210 1527 2463 1599 Virgilius
2490 1529 2575 1585 his
2597 1531 2845 1588 versibus
2882 1550 2896 1588 :

2080 1627 2232 1698 Yobis
2252 1629 2530 1698 Mercurius
2553 1641 2691 1694 pater
2708 1638 2804 1694 est,
2830 1647 2979 1698 quem
3002 1635 3203 1687 candida
3225 1635 3355 1688 Maia

2086 1690 2315 1758 Cyllenes
2338 1693 2506 1758 gelido
2522 1690 2815 1758 conceptum
2839 1690 3025 1748 vertice
3047 1699 3186 1750 fudit.

2165 1753 2564 1826 Maiamlauditis
2585 1758 2627 1806 si
2649 1753 2915 1826 quidquam
2938 1760 3206 1826 credimus)
3225 1761 3363 1815 Atlas

2079 1815 2220 1868 Idem
2238 1815 2377 1867 Atlas
2399 1827 2627 1882 generat,
2647 1815 2759 1870 emit
2781 1815 2866 1884 qui
2884 1823 3059 1885 sydera
3078 1815 3221 1876 tollii.

2264 1903 2284 1966 (
2294 1898 2494 1966 Virgil.,
2512 1900 2596 1952 lib.
2620 1917 2703 1954 VIII
2721 1903 2930 1968 ἀεικῆ,
2948 1919 3075 1960 vers.
3095 1910 3249 1975 138.“
3266 1912 3425 1976 seqq.)

1987 2008 2131 2078 Quos
2159 2009 2214 2064 in
2236 2022 2427 2066 versus
2452 2009 2653 2067 videsis
2681 2012 2856 2069 Servii
2883 2014 3315 2075 observationes.

2059 2103 2204 2159 Mille
2232 2119 2397 2176 porro
2420 2104 2541 2162 aliis
2561 2115 2617 2162 et
2639 2107 2938 2179 virginibus
2963 2117 3018 2168 et
3044 2112 3362 2170 mulieribus
3378 2156 3393 2183 ,
3420 2108 3583 2174 sicuti

1990 2196 2117 2253 alibi
2158 2207 2424 2254 memorat
2466 2200 2737 2257 Arnobius
2782 2202 3023 2274 (Arnob.,
3053 2204 3141 2260 lib.
3189 2222 3243 2275 v,
3277 2224 3400 2281 pag.
3429 2208 3580 2281 172),

1992 2291 2306 2362 pudicitiam
2356 2293 2573 2351 infamis
2617 2294 2829 2368 Jupiter
2873 2300 3093 2370 eripuit.
3138 2300 3215 2358 lbi
3260 2312 3440 2359 autem
3488 2304 3586 2361 ille

1993 2383 2265 2441 Electram
2314 2401 2377 2442 ac
2429 2386 2776 2445 Laodamiam
2825 2392 3144 2448 nominatim
3201 2394 3458 2466 appellat.
3517 2397 3589 2453 At

1996 2475 2207 2532 Electra
2234 2476 2469 2548 nympha
2511 2479 2610 2535 fuit
2644 2480 2847 2538 Oceani
2875 2491 2931 2539 et
2959 2484 3219 2542 Tliethios
3248 2486 3378 2555 lilia,
3409 2504 3529 2561 qua:
3555 2505 3587 2545 a

1993 2566 2128 2624 Jove
2179 2579 2523 2642 constuprata
2543 2614 2559 2641 ,
2590 2572 2894 2630 Dardanum
2920 2585 3060 2633 teste
3090 2575 3302 2648 Ovidio,
3359 2580 3495 2648 sive,
3533 2589 3590 2637 ut

1995 2660 2285 2735 Dionysius
2315 2663 2758 2724 Halicarnasseus
2782 2668 3054 2740 opinatur,
3086 2670 3391 2728 Dardanum
3419 2681 3476 2729 et
3501 2672 3590 2729 Ja-

1996 2771 2114 2812 sum
2143 2758 2352 2829 peperit
2371 2757 2616 2832 (Diong.,
2646 2759 2944 2829 Halicarn.,
2967 2762 3056 2817 lib.
3086 2778 3124 2832 ι,
3152 2763 3404 2835 Antiquit.
3428 2781 3588 2834 rom.,

1997 2867 2116 2922 pag.
2141 2849 2453 2923 49).,Ovidii
2475 2863 2654 2909 autem
2681 2854 2796 2911 haec
2819 2863 2943 2910 sunt
2965 2871 3029 2911 ea
3052 2855 3119 2912 de
3143 2871 3203 2913 re
3231 2857 3468 2914 carmina
3501 2875 3515 2912 :

2090 2960 2351 3033 Dardanon
2374 2961 2568 3033 Electra
2592 2967 2813 3016 nesciret
2835 2964 3085 3033 Atlantide
3110 2975 3320 3033 cretum,

2184 3023 2384 3075 Scilicet
2404 3023 2654 3077 Electram
2680 3029 3002 3081 concubuisse
3020 3029 3048 3078 J
3053 3033 3151 3083 ovi.

2523 3111 2711 3179 (0vid.,
2729 3111 2816 3168 lib.
2841 3114 3154 3181 xxv'Fastor.,
3178 3132 3303 3172 vers.
3327 3120 3434 3184 49.)

2071 3200 2150 3256 Ex
2174 3200 2464 3258 Laodamia
2487 3218 2618 3258 vero
2639 3203 3073 3277 Bellerophontis
3090 3206 3195 3263 ﬁlia
3217 3208 3359 3265 idem
3384 3209 3592 3281 Jupiter

1999 3298 2184 3366 genuit
2230 3294 2618 3366 Saperdonem,
2650 3295 2829 3368 Lycia:
2871 3313 3086 3370 regem,
3137 3300 3592 3371 quemadmodum

2000 3386 2145 3442 canit
2172 3386 2439 3444 Homerus
2470 3386 2735 3460 (ﬂamen,
2759 3387 2919 3445 Iliad.
2928 3406 3025 3462 ﬁt,
3053 3407 3182 3447 vers.
3208 3392 3311 3449 197
3334 3403 3382 3450 et
3411 3392 3542 3465 seq.)
3571 3411 3589 3449 :

2155 3507 2367 3572 Academia
2390 3513 2453 3562 μιν
2474 3512 2700 3565 παριλίξιτο
2731 3514 2884 3564 patina
2906 3512 2987 3562 ζὼς
3005 3544 3017 3562 ,

2160 3570 2191 3612 ll
2216 3570 2253 3612 δ’
2276 3574 2369 3613 ἱτιιι⁹
2388 3576 2550 3615 ini.me
2569 3573 2780 3628 Sept:ch
2801 3577 3110 3632 χαλκοκορῦστήν.

2097 3669 2217 3721 Cum
2237 3670 2496 3748 Laodamia
2517 3672 2719 3785 quidem
2743 3675 3009 3751 concubuit
3029 3674 3226 3739 Jupiter
3242 3676 3540 3739 wnsiliator,

2097 3732 2267 3785 anue
2299 3744 2497 3785 uenerit
2553 3750 2736 3785 mnum
2772 3736 3114 3785 barnedonem
3148 3746 3351 3785 aeratam
3386 3740 3540 3785 bellan

2096 3732 2267 3796 anue
2299 3736 2497 3798 peperit
2519 3732 2736 3786 divinum
2772 3732 3114 3801 Sarpedonem
3148 3746 3351 3790 aeratam
3385 3732 3595 3866 pellatu-

2248 3832 2254 3839 .
3405 3816 3530 3854 rem.

2077 3900 2301 3957 Tantam
2346 3918 2509 3974 porro
2549 3906 2745 3962 asserit
2787 3906 3058 3965 Arnobius
3102 3916 3316 3982 tamque
3359 3909 3594 3981 ﬂagitio-

2005 4012 2143 4066 sam,
2176 4013 2239 4053 ac
2270 3998 2555 4069 perditam,
2600 3999 2669 4055 de
2697 4016 2801 4072 qua
2828 4016 2927 4057 nos
2965 4001 3090 4057 alibi
3116 4002 3355 4073 (Arnob.,
3387 4002 3476 4060 lib.
3517 4018 3591 4071 ιν,

2006 4104 2127 4160 pag.
2157 4088 2282 4155 MS,
2332 4100 2452 4145 tom.
2484 4107 2520 4158 ι,
2553 4090 2828 4163 Apparat.,
2867 4110 2987 4165 pag.
3018 4093 3143 4163 755,
3173 4094 3300 4162 805,
3346 4095 3502 4163 1242,
3546 4104 3595 4151 et

2005 4178 2195 4252 seqq.),
2226 4180 2394 4238 fuisse
2416 4181 2564 4238 Jovis
2593 4181 2904 4249 libidinem;
2934 4194 2990 4240 ut
3007 4184 3074 4241 ad
3100 4201 3242 4254 eam,
3265 4185 3312 4241 si
3342 4202 3593 4258 umquam

2006 4276 2291 4347 potuisset,
2321 4276 2640 4348 explendam
2669 4278 2722 4333 in
2751 4294 2962 4347 aurum,
2986 4280 3593 4353 satyrum,draconem;

2007 4370 2215 4438 alitem,
2249 4379 2496 4438 taurum,
2538 4386 2603 4428 ac
2631 4370 2912 4428 formicam
2943 4387 3067 4430 sese
3091 4383 3305 4431 vertere
3336 4390 3441 4430 non
3472 4390 3597 4430 cru-

2008 4467 2204 4523 buerit.
2250 4468 2381 4537 Quae
2425 4468 2588 4539 paulo
2630 4467 2829 4525 clarius
2874 4469 3153 4527 enucleate
3191 4468 3418 4528 Ovidius
3454 4468 3598 4527 hunc

309 4541 604 4612 Dionysos,
658 4538 774 4594 sive
820 4537 1048 4594 Liberos
1100 4545 1371 4600 recenset,
1429 4534 1634 4591 diserte
1684 4532 2193 4616 asserit,D.-em|it
2222 4532 2571 4618 ίηήιοάύηιε

308 4634 543 4705 quintum
575 4629 722 4703 Nyso
747 4639 921 4684 natum
949 4639 995 4684 et
1020 4628 1237 4684 Tliione.
1282 4628 1397 4683 Evii
1439 4625 1671 4697 denique
1700 4641 1905 4698 cogno-

310 4743 440 4783 men
470 4725 680 4781 Baccho
709 4723 937 4780 inditum
965 4721 1181 4795 quidam
1213 4728 1437 4793 putant;
1468 4719 1591 4792 quia
1620 4727 1903 4790 postquam

314 4821 370 4877 in
420 4820 631 4876 leonem
682 4827 941 4884 mutatus,
989 4831 1429 4887 unumquemque
1486 4831 1555 4870 ex
1599 4813 1904 4886 gigantibus

314 4914 622 4980 occidisset,
652 4929 682 4968 a
707 4912 840 4969 Jove
867 4920 1016 4983 patre
1041 4926 1140 4966 suo
1166 4907 1390 4975 Euhion,
1416 4908 1533 4963 sive
1564 4907 1735 4964 bonus
1765 4907 1904 4962 ﬁlius

313 5007 726 5077 cngnominatus
745 5004 862 5059 fuit.
891 5000 994 5057 Alii
1017 5002 1357 5073 suspicantur
1378 4999 1480 5056 hoc
1507 5014 1702 5054 nomen
1725 5005 1903 5053 ortum

314 5119 349 5160 a
373 5102 543 5159 verbo
570 5100 725 5168 Evoe,
754 5114 849 5155 seu
877 5100 1030 5163 Εὐάν,
1058 5110 1167 5168 quo
1202 5095 1537 5151 Bacchantes
1565 5096 1619 5148 in
1644 5094 1756 5149 suis
1786 5108 1906 5164 my-

315 5195 500 5253 steriis
524 5193 757 5260 Baccho,
799 5200 858 5247 ut
901 5190 1029 5246 alibi
1073 5189 1472 5253 annotavimus,
1507 5187 1681 5258 palam
1727 5186 1907 5241 accla—

317 5289 541 5345 mabant
573 5284 810 5360 (Aruob.,
842 5285 929 5340 lib.
961 5300 1035 5350 ιν,
1070 5300 1189 5355 pag.
1222 5283 1348 5348 Ml,
1372 5290 1419 5336 et
1445 5279 1534 5336 lib.
1566 5298 1623 5348 v,
1654 5298 1775 5352 pag.
1807 5277 1910 5334 176
1950 5270 1957 5277 ’

316 5394 365 5439 et
394 5383 521 5443 177:
561 5390 609 5438 et
649 5380 747 5435 loc.
783 5381 871 5434 cit.
910 5377 1129 5433 Diodor.
1172 5377 1361 5443 Sicul.,
1401 5377 1490 5431 lib.
1524 5392 1602 5441 ιιι,
1635 5373 1905 5437 Bibliotli.,

320 5491 443 5546 pag.
475 5471 687 5539 149;“
726 5470 865 5542 apud
905 5467 1119 5535 Euseb.,
1172 5467 1259 5523 lib.
1303 5484 1361 5523 ιι.
1409 5466 1645 5539 Prwpar.
1678 5465 1907 5535 Evang.,

323 5584 372 5623 ε.
396 5564 452 5633 2,
471 5583 591 5638 pag.
616 5564 716 5631 54;
740 5562 930 5633 Cicer.,
951 5564 1040 5622 lib.
1065 5578 1143 5631 ιιι,
1167 5562 1230 5618 de
1246 5560 1437 5617 Natur.
1454 5560 1619 5629 deum,
1639 5577 1762 5634 pag.
1780 5559 1909 5627 248,

317 5663 668 5831 ζωὲῗῡέἰιειιο
700 5758 857 5833 paulo
875 5753 1341 5837 ganteaﬁicerone
1366 5753 1501 5814 illud
1539 5751 1729 5827 procul
1748 5750 1913 5811 dubio

2105 4673 2312 4742 ymonis
2334 4675 2520 4727 elusam
2540 4677 2770 4742 designat
2791 4676 3058 4742 imaginem
3082 4678 3209 4730 tauri

2100 4737 2364 4802 Euwpem.

2107 4838 2118 4849 ι
2191 4840 2200 4849 ι
2272 4838 2285 4849 ι
2354 4838 2366 4850 ο
2438 4840 2448 4851 ο
2516 4838 2529 4852 ο
2598 4836 2612 4851 ο
2678 4837 2691 4851 ο
2764 4844 2776 4855 ο
2843 4843 2853 4853 ι
2924 4841 2937 4854 ο
3008 4842 3019 4855 ο
3088 4841 3101 4853 Ο
3170 4843 3182 4854 ο

2100 4863 2245 4929 Εθεὶι
2274 4868 2327 4929 et
2349 4865 2592 4929 Asterien
2601 4866 2760 4929 aquila
2782 4865 3003 4919 luctante
3022 4870 3202 4929 teneri,

2101 4924 2244 4977 Fecit
2265 4927 2468 4977 olorinis
2492 4924 2675 4977 Ledam
2698 4932 2941 4980 recubare
2964 4930 3058 4980 sub
3081 4924 3207 4978 alis:

2102 4987 2331 5055 Addidit,
2346 4992 2560 5055 utsatyri
2582 4988 2771 5055 celatus
2791 4994 3003 5055 imagine
3021 4990 3245 5055 pulcram

2101 5051 2297 5117 Jupiter
2323 5051 2539 5117 implerit
2550 5054 2750 5117 gemino
2765 5051 2986 5105 Nirtéida
3011 5051 3085 5117 (1)
3105 5053 3224 5117 fretu
3242 5066 3257 5103 :

2103 5113 2610 5181 Arnphytrloi}_fuerit,
2637 5129 2746 5181 cum
2766 5126 2823 5181 te
2843 5113 3103 5181 Tirynthia
3120 5114 3194 5181 (2)
3219 5116 3372 5181 cepit.

2106 5176 2303 5227 Aureus
2328 5184 2383 5228 ut
2400 5176 2603 5229 Danaen
2628 5178 2839 5241 AsOpida
2865 5176 2944 5289 (51g
2957 5176 3296 5241 luserit‘ignis;

2106 5240 2469 5289 Mnemosvnem
2493 5247 2687 5289 pastor:
2714 5243 2879 5289 varius
2947 5241 3091 5289 eoida
3106 5254 3296 5289 seruem

2104 5240 2469 5304 Mnemosynem
2493 5247 2654 5306 pastor
2672 5257 2687 5293 :
2714 5240 2879 5294 varius
2899 5240 3091 5292 Deoida
3106 5240 3337 5305 serpens.

2012 5348 2205 5405 Postea
2258 5361 2389 5403 vero
2446 5347 2736 5419 Gregorius
2783 5345 3154 5406 Nazianzenus
3201 5345 3380 5420 (Greg.
3432 5345 3594 5419 Naz.,

2010 5452 2133 5496 tom.
2166 5456 2225 5509 ιι,
2253 5457 2412 5496 carm.
2445 5440 2536 5509 61,
2570 5456 2688 5511 pag.
2718 5437 2845 5511 142)
2875 5456 2890 5495 :

2084 5578 2162 5650 (l)
2190 5578 2474 5649 Antiopem
2497 5575 2667 5636 Nictei
2699 5568 2909 5636 liliamﬁ

2086 5651 2163 5725 (2)
2194 5650 2508 5725 A_let_nnena.

2084 5720 2167 5799 (5)
2196 5721 2389 5797 Egina
2414 5732 2498 5783 est
2518 5723 2681 5797 Λεορὶ
2704 5723 2930 5786 Boeotiae
2954 5723 3097 5800 regis
3116 5720 3261 5787 illia.
