3990 6072
429 194 537 269 ius

566 326 688 392 .AOptt
706 336 753 389 δὴ
773 341 975 391 πρώτιστον
998 338 1054 377 ὅθ’
1074 337 1201 378 {nitro
1224 337 1466 388 μαρτοσαιιήσι
1484 365 1496 382 ,

581 405 736 454 Ταῦρος,
752 402 889 447 κύιινος,
909 403 1051 453 χρυσὸξ,
1072 397 1162 451 ciete,
1184 400 1302 445 πόσις,
1323 394 1468 450 ἄρκτος,
1485 393 1627 438 ἅπαντα

580 457 689 505 ὀσσᾶ
706 479 765 514 μιν
786 465 877 510 ὠκὺς
899 460 1028 513 dat-qm
1050 463 1152 514 ipsis.
1173 458 1300 513 ἰόῖιᾳΰς
1321 462 1357 501 τ’
1378 457 1608 507 ἀλαπαδνὸς,

579 518 630 573 ἀς
651 528 757 567 αὖτοὶ
775 527 808 578 τ’
832 528 996 565 {sineaut
1017 525 1101 564 tum
1124 525 1327 576 πλαστῆρις
1349 521 1513 564 ἀιιδνῶν.

518 658 677 712 Cerne
698 659 816 709 inim
841 662 956 721 quat
964 662 1077 721 nam
1098 657 1292 717 formas,
1314 658 1401 721 qui
1422 654 1609 720 primus
1633 654 1911 721 earumest,

518 723 707 787 induat,
736 718 953 771 ardentis
974 719 1186 787 Veneris
1207 722 1320 787 dum
1332 718 1553 782 carpitur
1571 718 1729 787 igne?

515 759 657 834 ivutic
679 759 889 840 laurus,”
892 797 1021 832 nunc
1044 759 1183 832 alde
1206 759 1721 847 dior,
1736 780 1928 847 anguis,

516 848 656 898 Nunc
692 836 878 907 aurum,
921 856 1163 908 ursusque
1203 836 1430 905 efﬁcitur,
1477 842 1605 895 nunc
1627 836 2011 955 demngqu-

1866 919 1918 955 ut

1866 919 1918 956 ιιι

515 964 631 1021 Vult
653 984 806 1033 amor,
831 964 1149 1033 infirmusque
1176 983 1317 1033 puer,
1342 968 1414 1018 sic
1435 960 1593 1033 dicitis
1616 971 1729 1033 ipsi,
1813 905 1866 970 [ἢ

517 1031 765 1084 Imbecan
783 1036 920 1098 juvat
939 1031 1274 1097 quos'ﬁngere
1297 1032 1494 1081 numina
1508 1031 1702 1082 dextra.

425 1184 500 1239 De
540 1183 779 1253 ejusdem
811 1190 989 1237 autem
1034 1179 1183 1235 Jovis
1226 1178 1476 1245 ridicula,
1523 1187 1583 1231 nt
1626 1172 2012 1248 Eurymedusae

422 1285 665 1346 stuprum
694 1272 915 1330 afferret
936 1314 953 1340 ,
985 1270 1282 1327 mutatione
1306 1270 1430 1325 alibi
1462 1267 1665 1338 aliquid
1691 1266 2011 1338 perstrinxi-

423 1382 544 1423 mus
572 1366 716 1438 (tam.
742 1381 778 1430 1,
809 1363 1089 1436 Apparat.,
1117 1364 1205 1418 lib.
1238 1378 1315 1431 ιιι,
1351 1362 1555 1415 dissert.
1590 1376 1629 1424 1,
1659 1375 1707 1416 ε.
1740 1358 1795 1426 9,
1823 1368 1922 1412 art.
1956 1358 2013 1424 1,

424 1475 542 1529 pag.
578 1456 728 1526 752).
758 1454 975 1511 Videsis
995 1455 1169 1510 adhuc
1192 1453 1260 1509 de
1289 1450 1607 1523 quibusdam
1638 1450 1744 1505 illis
1768 1448 2014 1506 nefandis

420 1550 567 1606 Jovis
589 1548 1030 1605 conversionibus
1053 1547 1321 1603 Justinum
1344 1544 1651 1615 Martyrem,
1675 1541 2012 1599 Clementem

422 1644 866 1710 Alexandrinum,
894 1640 1275 1711 Epiphaniam,
1302 1638 1501 1694 Julium
1534 1636 1848 1702 Firmicum,
1877 1634 2013 1691 Vos-

1663 202 2114 266 DISSERTATIO
2152 201 2435 262 PREVIA

2040 321 2093 383 A

2717 313 2944 374 CAPUT
2983 312 3097 371 XII.

2115 458 2381 527 Quomodo
2406 454 2661 511 Arnobius
2685 454 3007 511 ethnicorum
3044 451 3342 524 religionem
3382 464 3447 507 est
3484 450 3704 505 aliarum

2183 550 2413 615 deorum,
2446 556 2596 621 atque
2620 547 2833 604 dearum
2868 544 3155 613 adulteriis,
3195 552 3242 599 et
3271 543 3487 616 ﬂagitiis
3513 543 3704 615 falsam
3786 574 3791 583 ι

2183 660 2291 701 esse
2311 643 2562 701 ostendat.

2628 768 2926 813 ARTICULUS
2964 762 3174 810 PRIII'US.

2112 896 2266 957 Quam
2285 896 2466 945 invicte
2488 892 2730 957 Arnobius
2754 893 3034 957 probaverit
3057 890 3429 957 absurdas‘esse
3445 889 3702 957 gentilium

2172 956 2237 1004 de
2262 958 2357 1007 diis
2379 958 2483 1006 suis
2501 950 2775 1016 opiniones.
2797 969 2861 1005 ex
2882 953 3076 1004 Saturni
3094 952 3201 1003 cuin
3229 952 3423 1016 Philyra
3436 950 3705 1016 adulterio;

2173 1018 2345 1069 Martis
2364 1027 2477 1070 cum
2498 1015 2728 1074 Venere;
2763 1018 2994 1068 Herculis
3030 1029 3141 1067 cum
3182 1015 3541 1079 quinquaginta
3564 1015 3710 1079 i'l‘be-

2172 1084 2251 1145 stii
2270 1081 2482 1145 filiabus;
2509 1081 2725 1145 Neptuni
2744 1093 2853 1145 cun}
2870 1079 3185 1145 Amphitrite,
3200 1076 3500 1145 Amymone,
3518 1076 3703 1145 Alope;

2174 1094 2251 1132 ειη
2270 1094 2284 1129 1
2306 1094 2482 1143 nanus;
2509 1094 2584 1131 me
2619 1094 2725 1131 tum
2744 1094 2802 1130 cu
2870 1094 3185 1145 Ampmu'tte,
3211 1094 3500 1141 .uanymone,
3518 1094 3703 1139 Alope;

2174 1095 2414 1212 Apollinis
2432 1158 2540 1212 cum
2567 1094 3107 1212 .ﬂjsinoeLKretbusa,‘
3130 1136 3417 1206 HypSipyle,
3452 1138 3706 1212 Marpissa,

2172 1202 2460 1319 Zéuxippe’,
2499 1202 2746 1264 Prothoe,
2792 1204 3029 1278 Daphne,
3058 1202 3331 1279 .Stet‘ope',’
3369 1210 3521 1275 atque
3557 1202 3713 1251 etiam

2174 1268 2349 1321 Coroni
2386 1284 2436 1321 e.
2460 1267 2592 1320 unde
2618 1267 2923 1321 Aisculamus
2941 1273 3158 1318 avaritiae
3194 1278 3342 1316 causa
3364 1263 3570 1315 fulmine
3592 1277 3711 1321 per-

2242 1282 2349 1319 l'ODl

2172 1344 2359 1383 01158115.

2386 1263 2592 1333 e,'unde
2618 1263 2923 1330 Aisculapius
2941 1267 3158 1318 avaritiae
3194 1278 3342 1316 causa
3364 1263 3570 1315 fulmine
3592 1277 3711 1329 per-

2182 1441 2300 1497 Non
2330 1440 2501 1512 major
2546 1439 2647 1496 fuit
2690 1438 2917 1495 aliorum
2947 1435 3197 1507 deorum,
3229 1452 3388 1508 quam
3430 1426 3584 1521 {ovis
3619 1449 3714 1491 ca-

2112 1535 2264 1590 stitas
2310 1543 2365 1590 et
2403 1533 2681 1605 pudicitia.
2714 1532 2846 1587 Nam
2878 1530 3163 1597 Saturnus,
3211 1530 3289 1585 uti
3330 1529 3406 1584 ait
3437 1526 3713 1585 Arnobius

2115 1628 2357 1702 (Arnob.,
2385 1628 2474 1682 lib.
2506 1644 2581 1692 1v,
2632 1645 2752 1700 pag.
2788 1627 2933 1699 145),
2978 1625 3220 1697 quamvis
3268 1630 3548 1681 senectute
3576 1639 3711 1680 con-

422 1742 581 1807 sinm,
614 1749 669 1795 et
690 1739 823 1795 alios
848 1735 1085 1810 (Justin.,
1116 1735 1325 1791 (.‘altort.
1357 1732 1415 1800 2,
1445 1732 1513 1786 ad
1542 1730 1734 1796 ειν-ωα,
1763 1744 1885 1801 pag.
1918 1730 2008 1796 '58,
2040 1718 2089 1781 B
2116 1724 2319 1793 fectus,
2367 1734 2647 1792 poetarum
2695 1734 2873 1779 tamen
2900 1743 2920 1778 ‹
2952 1722 3285 1779 carminibus
3335 1722 3604 1803 indicatur
3642 1721 3715 1777 ab

422 1831 580 1886 Clem.
629 1828 897 1893 Alexadr.,
928 1828 1191 1883 Adatanil.
1234 1822 1302 1880 ad
1345 1833 1507 1899 genl.,
1552 1826 1672 1895 pag.
1700 1821 1772 1879 25
1799 1830 1845 1876 et
1878 1828 2010 1891 seq.;

425 1924 599 1996 Epiph
627 1964 642 1991 ,
675 1925 940 1991 Ancorat.,
985 1940 1102 1993 pag.
1133 1921 1266 1987 108,
1301 1918 1542 1983 Finnie.,
1568 1902 1632 1972 de
1670 1934 1770 1972 err.
1799 1917 2006 1987 profan.

422 2019 594 2089 relig.,
636 2034 755 2088 pag.
786 2017 884 2082 15;
944 2014 1117 2078 Vasa,
1149 2014 1238 2069 lib.
1272 2029 1312 2079 1,
1345 2012 1408 2066 de
1438 2010 1582 2084 Orig.
1603 2020 1647 2066 el
1678 2026 1853 2082 pragr.
1880 2006 2010 2063 idol.

422 2127 534 2181 cap.
564 2110 660 2175 14;
690 2107 906 2174 Arnob,
926 2106 1027 2162 ‘lib.
1056 2122 1113 2169 ιι.
1142 2121 1262 2177 pag.
1292 2092 1362 2160 93
1386 2114 1432 2158 et
1462 2101 1612 2174 118).

491 2204 664 2259 Minus
702 2202 927 2260 forsitan
969 2199 1391 2257 inverecundum
1422 2198 1691 2269 aliquibus
1723 2194 2009 2260 videbitur,

420 2302 562 2374 quod
607 2300 727 2373 past
759 2300 1103 2373 Apollonium
1136 2286 1441 2365 Rhodium,
1463 2280 1735 2353 Nonnum
1757 2338 1773 2364 ,
1820 2280 2013 2352 Lucia-

419 2414 570 2467 num,
601 2388 940 2457 Pausaniam,
969 2394 1238 2460 Ovidium,
1262 2393 1505 2463 aliosque
1533 2391 1857 2462 complures,
1883 2404 2010 2444 nar-

419 2501 504 2546 rat
554 2479 824 2545 Arnobius
877 2489 1168 2544 Minervam
1221 2503 1284 2543 ex
1341 2486 1494 2543 Jovis
1549 2485 1775 2542 cerebro
1829 2493 2010 2540 natam

420 2581 712 2654 (Apallon.,
743 2582 833 2636 lib.
858 2596 938 2646 1v,
967 2581 1277 2652 Arganaul.,
1303 2596 1435 2634 vers.
1468 2578 1606 2635 1509
1636 2588 1684 2633 et
1708 2594 1842 2649 seq.;
1862 2575 2011 2631 Nan-

420 2692 536 2742 nus,
570 2673 659 2730 lib.
687 2690 725 2742 1,
749 2658 1072 2746 Dionysiae,
1104 2690 1234 2728 vers.
1262 2671 1295 2728 9
1326 2682 1374 2727 el
1398 2688 1529 2744 seq.;
1548 2670 1792 2738 Lucium,
1816 2669 2009 2742 dialog.

420 2769 587 2833 ileon,
617 2784 737 2839 pag.
771 2756 840 2822 73
881 2777 931 2820 et
963 2780 1098 2836 seq.;
1125 2780 1185 2819 ac
1216 2765 1279 2819 tle
1308 2763 1524 2836 Sacri[.,
1550 2780 1670 2839 pag.
1700 2746 1834 2829 183;
1861 2761 2011 2817 Pau-

418 2879 558 2926 sun.,
603 2836 702 2917 lib:
727 2877 767 2928 1,
800 2877 915 2931 pag.
950 2858 1051 2926 22;
1096 2842 1273 2924 Ovid.,
1305 2858 1396 2913 lib.
1420 2874 1501 2913 111.
1532 2836 1741 2913 Faster.
1772 2856 1865 2912 sub
1886 2840 2007 2926 ﬁn.,

419 2947 635 3019 Ai-nob.,
684 2952 772 3006 lib.
822 2967 894 3019 1v,
929 2967 1051 3022 pag.
1084 2950 1182 3005 141
1231 2959 1277 3004 et
1313 2948 1501 3022 seqq.).
1546 2948 1652 3004 Sed
1686 2948 1789 3004 hoc
1830 2950 2010 3004 tamen

419 3058 670 3114 supremo
695 3042 917 3098 deorum
946 3042 1095 3112 patre
1113 3042 1325 3114 penitus
1353 3041 1628 3112 indignum
1657 3034 1825 3101 (uisse
1848 3054 2009 3096 nemo

2110 1834 2281 1874 uxore
2325 1818 2378 1873 in
2421 1816 2687 1873 adulterio
2714 1816 3164 1888 comprehensus,
3210 1814 3455 1871 induisse
3481 1812 3713 1869 formam

2114 1910 2237 1979 feri,
2267 1922 2321 1969 et
2363 1912 2463 1969 sub
2509 1911 2724 1982 pecoris
2768 1911 2953 1981 specie
3004 1910 3296 1965 hinnitibus
3322 1894 3564 1964 evolasse
3597 1906 3716 1977 jac-

2112 2007 2256 2061 tatis.
2288 2025 2306 2059 ι
2341 2006 2409 2061 At
2442 2006 2523 2061 his
2551 1990 2644 2061 ille
2673 2005 2855 2061 verbis
2880 2003 3113 2061 fabulam
3152 2010 3302 2058 notat
3326 2000 3396 2057 ab
3426 1990 3717 2070 Apollonio

2114 2084 2325 2157 Rhodio
2351 2081 2575 2171 ('A'poll"
2626 2082 2717 2155 lib.
2765 2114 2825 2164 ιι,
2877 2099 3095 2169 Argon.,
3138 2112 3271 2152 vers.
3303 2093 3443 2151 1555
3471 2103 3517 2148 et
3544 2082 3713 2165 seqq.)

2113 2194 2486 2259 decantatam,
2517 2207 2621 2262 qua
2661 2191 2931 2247 Saturnus
2974 2189 3247 2262 Philyram
3296 2185 3493 2244 Oceani
3545 2176 3713 2241 ﬁliam

2113 2284 2396 2340 adamasse
2440 2284 2770 2355 perhibetur.
2822 2280 2955 2338 Cum
2998 2282 3088 2337 illa
3133 2282 3335 2337 etenim
3363 2277 3709 2345 cammixtus,

2115 2376 2185 2434 ne
2206 2377 2274 2432 ab
2305 2362 2631 2432 adveniente
2660 2360 2774 2446 Ope
2804 2375 2919 2431 sive
2948 2373 3095 2430 Rhe‘a
3127 2389 3300 2429 uxore
3323 2388 3419 2428 sua
3445 2380 3711 2444 agnosce-

2113 2484 2285 2537 retur,
2330 2472 2385 2527 in
2426 2487 2621 2543 equum
2663 2485 2723 2526 se
2752 2469 3038 2526 convertit.
3072 2468 3148 2524 Ex
3178 2484 3246 2524 eo
3288 2474 3468 2523 autem
3508 2479 3716 2521 concu-

2112 2565 2230 2621 bitu
2254 2550 2454 2619 Chiron
2481 2554 2770 2618 centaurus
2808 2570 2967 2618 natus
2995 2564 3100 2628 est,
3131 2560 3223 2633 qui
3271 2569 3425 2630 parte
3465 2557 3713 2628 corporis

2113 2657 2383 2713 anteriore
2411 2658 2704 2719 hominem,
2732 2658 2789 2711 et
2831 2655 3135 2726 posteriore
3174 2668 3374 2723 equum
3415 2649 3708 2708 referebat.

2115 2740 2267 2809 Unde
2297 2750 2427 2807 illud
2455 2750 2627 2807 Ovidii
2654 2764 2873 2806 carmen
2908 2767 2923 2803 :

2207 2843 2274 2895 Ut
2292 2843 2539 2909 Saturnus.
2554 2856 2682 2909 equo
2705 2842 2956 2909 geminum
2976 2839 3186 2909 Chiron?
3204 2838 3411 2909 ereavit.

2232 2857 2274 2895 η
2292 2857 2531 2894 saturnus
2554 2857 2584 2893 e
2618 2857 2682 2895 110
2705 2857 2956 2905 gemtnum
2976 2857 3186 2892 hllll'OIla
3206 2857 3411 2890 ατειινιι.

2232 2914 2239 2922 ’
2391 2857 2693 2968 (Οὺὶάηῆίὺ.
2716 2908 2763 2956 tv
2791 2899 3136 2967 Metamorph,
3153 2901 3182 2968 §
3202 2906 3251 2964 5,
3277 2910 3391 2969 pag.
3417 2898 3552 2964 Nl.)

2109 2996 2270 3072 Plura
2313 3012 2453 3086 apud
2493 3012 2735 3068 Natalem
2778 3010 3043 3069 Comitem
3093 3010 3299 3068 videbis
3334 3006 3490 3085 (Nat.
3537 3007 3710 3076 Com.,

421 3092 665 3114 “rm---
699 3092 917 3098 νην--
946 3092 1092 3112 τη--
1113 3092 1322 3114 rw---"
1353 3092 1627 3112 πψτη-
1658 3092 1821 3101 ψ---

421 3152 551 3194 sane
574 3136 912 3193 difiitebitur.
945 3135 1135 3192 Nonne
1164 3138 1308 3191 enim
1338 3134 1464 3190 inde
1489 3133 1798 3190 necessario
1826 3134 2011 3205 sequi-

2129 3108 2207 3167 !ib.
2239 3126 2318 3178 ιιι,
2350 3106 2667 3181 Hylhalog.,
2699 3110 2817 3177 cap.
2852 3092 2968 3178 12).

420 3242 506 3286 tur
531 3230 721 3286 Jovem
748 3228 916 3286 fuisse
942 3229 1236 3292 hominem,
1259 3227 1484 3283 cerebro
1510 3226 1738 3296 aliisque
1763 3225 2012 3281 humanis

419 3322 675 3379 membris
697 3322 1089 3392 compositum;
1110 3335 1175 3376 ac
1200 3319 1495 3377 Minervam
1539 3327 1701 3375 antea
1734 3333 1845 3374 non
1874 3319 2013 3374 exti-

420 3417 571 3481 tisse,
603 3425 658 3472 et
702 3430 983 3486 perperam
1014 3415 1085 3483 ,in
1125 3413 1348 3469 dearum
1387 3424 1669 3469 numerum
1699 3411 2014 3483 δαμείω-12

493 3508 623 3576 Quis
663 3524 792 3579 ergo
838 3521 944 3563 non
977 3504 1228 3577 intelligit
1275 3521 1434 3574 quam
1482 3513 1630 3561 recte
1650 3503 1923 3560 Arnobius
1946 3518 2013 3560 ex

424 3603 508 3657 his
532 3600 811 3665 omnibus,
860 3614 979 3669 quae
1004 3612 1037 3652 a
1065 3597 1222 3653 nobis
1252 3597 1513 3651 hactenus
1556 3604 1808 3651 enarrata
1856 3602 2013 3662 sunt,

422 3693 707 3749 concludat
724 3690 912 3748 Jovem
940 3704 1046 3744 non
1076 3672 1318 3758 potuisse
1338 3687 1529 3757 majori
1548 3701 1802 3758 umquam
1820 3696 2015 3742 contu-

424 3788 587 3844 melia
614 3787 815 3851 vexari,
843 3792 1005 3855 quam
1032 3782 1099 3838 ab
1124 3782 1211 3849 iis,
1245 3782 1337 3852 qui
1383 3782 1584 3852 palam,
1608 3789 1663 3836 et
1690 3781 1894 3852 ubique
1917 3782 2017 3837 im-

426 3880 690 3954 pudenter
732 3877 959 3935 nefanda
996 3876 1112 3948 ejus
1152 3876 1415 3932 adulteria
1458 3874 1842 3946 praedicabant.
1875 3874 2016 3944 Quid

424 3975 567 4030 enim
597 3971 705 4027 diis
735 3971 905 4041 magis
935 3968 1283 4041 injuriosum,
1328 3981 1490 4039 quam
1537 3962 1658 4023 illos
1704 3981 1828 4024 reos
1856 3969 2018 4037 agere

424 4060 704 4130 adulterii,
744 4061 889 4135 quod
937 4062 1082 4132 leges
1121 4061 1397 4126 humanae,
1449 4059 1905 4131 quemadmodum
1950 4074 2017 4117 ex

422 4152 779 4214 Justinianaao‘
820 4153 1008 4211 codice
1054 4167 1118 4209 ac
1161 4151 1506 4208 Theodoreto
1554 4160 1741 4223 patet,
1787 4156 1843 4207 et
1890 4146 2019 4207 alibi

425 4250 822 4317 annotavimus,
839 4247 1051 4319 capitali
1068 4260 1225 4318 plena
1248 4246 1424 4317 puniri
1442 4244 1759 4302 voluerunt?
1780 4245 1918 4318 (Lib.
1942 4256 2015 4313 1x,

426 4343 543 4399 cad.
571 4340 788 4406 Justin.,
814 4342 889 4394 lit.
921 4355 1003 4407 ιχ,
1030 4338 1099 4394 all
1124 4338 1223 4411 leg.
1254 4339 1455 4393 Juliam
1482 4338 1544 4392 de
1558 4336 1822 4404 adulter;
1846 4336 2018 4396 Thea-

429 4436 615 4502 doret.,
646 4448 799 4490 serm.
826 4431 880 4499 5,
914 4431 976 4484 de
1010 4431 1180 4502 angel.
1222 4434 1269 4485 e’t
1292 4430 1466 4498 illam,
1502 4444 1622 4501 pag.
1657 4429 1785 4499 154,
1818 4440 1943 4488 tant.
1974 4434 2015 4501 ι,

428 4529 705 4602 Apparet,
735 4542 857 4599 pag.
889 4523 994 4581 805
1015 4528 1063 4578 et
1081 4532 1212 4595 seq.,
1243 4532 1289 4579 et
1319 4523 1450 4580 1211
1477 4536 1529 4580 et
1554 4525 1689 4598 seq.)

503 4624 744 4694 Denique
790 4620 986 4675 ibidem
1037 4618 1241 4674 addidit
1293 4619 1498 4674 Auctor
1547 4628 1730 4677 noster
1769 4619 2020 4676 eumdem

428 4721 616 4778 Jovem
644 4733 706 4774 ea
734 4717 933 4771 arsisse
953 4728 1101 4770 emes
1130 4713 1493 4786 indomitasque
1519 4714 1762 4783 libidine,
1785 4724 1844 4770 ut
1873 4715 2021 4771 babe-

429 4815 528 4870 cali
553 4810 897 4868 adolescentes
916 4808 1100 4864 solent.
1124 4808 1191 4863 Et
1220 4808 1291 4863 ita
1319 4807 1538 4878 quidem
1566 4809 1619 4863 in
1652 4808 2019 4879 mantisCripto

430 4907 617 4964 codice
663 4906 831 4976 regio,
879 4903 970 4974 qui
1017 4901 1175 4957 solita
1220 4901 1423 4956 librarii
1455 4901 1663 4957 inscitia
1709 4903 1870 4974 plane
1895 4916 2018 4959 cor-

431 5010 619 5071 ruptus
663 4997 896 5053 videtur.
947 4992 1311 5065 Quamobrem
1354 5002 1453 5067 pro
1497 4982 1758 5063 babecali,
1800 4997 2019 5069 quidam

432 5093 684 5165 suspicati
714 5100 838 5146 sunt
867 5090 1155 5160 legendum
1177 5090 1377 5161 vagari,
1401 5090 1493 5146 alii
1520 5098 1649 5146 vero
1676 5091 1934 5160 bacchari,
1968 5102 2023 5149 et

432 5188 484 5244 id
514 5195 661 5242 tanto
690 5184 907 5252 melius,
941 5186 1139 5255 quanto
1188 5184 1413 5256 propius
1454 5182 1522 5240 a‘d
1567 5178 1793 5240 Arnobii
1825 5201 2021 5257 propo-

434 5280 593 5337 situm
626 5277 853 5334 accedit.
882 5276 1032 5332 Jovis
1060 5275 1207 5332 enim
1233 5277 1707 5346 intemperantiam
1736 5278 1807 5332 ibi
1838 5276 2017 5333 Arno-

437 5376 557 5431 bius
581 5373 847 5444 exagitat,
874 5385 1108 5442 eumque
1143 5370 1363 5426 tametsi
1397 5385 1585 5426 senem
1617 5379 1671 5427 et
1696 5386 1891 5428 canum
1916 5387 2022 5430 non

434 5466 660 5534 minori,
715 5482 872 5538 quam
923 5464 1329 5531 adolescentes,
1383 5463 1453 5519 ad
1500 5462 1729 5521 laminas
1786 5465 2025 5523 libidinis

435 5563 628 5620 ardore
676 5562 945 5618 exarsisse
994 5558 1230 5615 ostendit
1277 5557 1473 5634 (Idem,
1523 5558 1672 5630 ibid.,
1715 5576 1837 5634 pag.
1884 5561 2020 5630 715;

438 5656 653 5726 Arnab.,
686 5657 773 5713 lib.
807 5672 880 5725 1v,
914 5669 1033 5725 pag.
1065 5648 1214 5723 141).

2186 3201 2304 3259 Jam
2337 3217 2468 3259 vero
2515 3204 2567 3256 in
2601 3200 2872 3272 superiori
2909 3206 3097 3255 nostra
3141 3197 3529 3255 dissertatione
3574 3194 3715 3252 illud

2115 3292 2451 3360 notavimus,
2483 3293 2629 3366 quad
2656 3290 2933 3350 Arnobius
2959 3292 3029 3349 de
3054 3291 3223 3348 Marte
3249 3290 3517 3347 memorat
3538 3296 3553 3343 :'
3575 3286 3718 3343 Dum

2115 3388 2427 3462 genitalibus
2452 3386 2667 3442 insultat
2699 3386 2882 3441 alienis
2905 3428 2920 3453 ,
2964 3382 3171 3462 bwsis’se
3198 3385 3254 3439 in
3284 3382 3479 3455 laqueis
3507 3380 3720 3434 involu-

2117 3460 2243 3548 tum,
2278 3479 2333 3536 id
2363 3476 2468 3546 est,
2503 3479 2904 3551 deprehensum
2936 3484 3059 3533 cum
3082 3460 3300 3533 Venere
3330 3476 3384 3530 in
3413 3472 3718 3540 adulterio,

2117 3582 2280 3648 atque
2310 3592 2339 3631 a
2364 3560 2630 3640 Vulcano,
2664 3574 2748 3630 uti
2773 3568 3068 3644 Giegorius
3098 3558 3471 3627 Nazianzenus
3490 3578 3723 3645 quoque

2117 3673 2341 3742 scribit,
2378 3670 2432 3729 et
2453 3686 2553 3726 nos
2586 3670 2718 3727 alibi
2759 3670 3101 3734 notavimus,
3137 3685 3203 3725 ac
3228 3668 3462 3724 vinéulis
3487 3665 3727 3724 constri—

2117 3780 2264 3824 ctum
2298 3760 2318 3841 (
2354 3760 2628 3822 Dissertal.
2669 3766 2723 3819 in
2757 3760 2983 3843 Minuc.,
3010 3766 3128 3835 cap.
3165 3758 3252 3827 18,
3285 3770 3385 3815 art.
3418 3750 3724 3828 4;Arnab.,

2117 3862 2208 3918 lib.
2241 3877 2329 3927 1v,
2363 3877 2487 3933 pag.
2520 3858 2646 3928 1M,
2676 3870 2723 3914 el
2751 3856 2839 3914 lib.
2873 3874 2939 3923 v,
2976 3875 3094 3931 pag.
3130 3855 3268 3922 186;
3302 3852 3457 3925 Greg.
3490 3859 3626 3910 orat.
3660 3854 3723 3925 '5,

2117 3968 2206 4007 seu
2245 3952 2298 4020 1,
2338 3951 2396 4006 in
2433 3949 2638 4006 Julian.
2666 3992 2683 4018 ,
2729 3965 2852 4023 pag.
2893 3948 3046 4016 258;
3093 3947 3315 4006 Disserl.
3365 3947 3423 4003 in
3476 3945 3723 4014 Μίνωα,

2117 4061 2236 4116 cap.
2268 4042 2357 4112 17,
2386 4054 2488 4100 art.
2517 4043 2550 4099 4
2578 4046 2619 4125 ).
2766 4124 2769 4125 ν
3421 4031 3429 4039 ’

2189 4135 2323 4205 Quis
2350 4138 2531 4191 autem
2571 4124 2805 4192 ﬂéféule
2846 4132 3333 4206 intemperantior,
3365 4136 3429 4191 ac
3468 4133 3727 4207 petulan-

2121 4230 2263 4285 tior?
2296 4244 2315 4281 α
2345 4227 2574 4285 Sanctus
2607 4220 2772 4293 Deus,
2812 4236 2834 4281 ι
2887 4232 2942 4283 ut
2972 4228 3149 4300 lepide
3179 4228 3383 4284 Auctor
3414 4230 3603 4283 noster
3626 4225 3728 4296 jo-

2120 4324 2276 4377 catur
2299 4365 2313 4388 ,
2346 4340 2365 4374 ο
2398 4330 2554 4377 natas
2601 4320 2990 4391 quinquaginta
3032 4319 3101 4375 de
3138 4304 3365 4377 Thestio
3403 4326 3566 4375 nocte
3610 4333 3728 4373 una

2120 4416 2406 4489 perdocuit
2433 4423 2486 4471 et
2518 4422 2715 4471 nomen
2754 4415 3080 4487 virginitatis
3124 4429 3439 4486 exponere,
3480 4420 3535 4471 et
3560 4413 3726 4485 geni-

2036 4515 2090 4576 D
2116 4510 2308 4565 tricum
2333 4507 2572 4578 pondera
2587 4509 2878 4565 sustinere.
2896 4516 2917 4563 ι
2942 4507 3188 4583 (Arnob,
3215 4509 3305 4565 lib.
3319 4524 3400 4589 1v,
3419 4518 3540 4581 pag.
3568 4507 3727 4581 115.)

2121 4600 2253 4656 Tam
2283 4615 2414 4656 vero
2445 4600 2890 4666 immoderatam,
2933 4608 3095 4671 atque
3122 4600 3385 4656 hactenus
3418 4598 3725 4655 inauditam

2121 4693 2371 4751 Herculis
2417 4694 2767 4765 petulantiam
2805 4692 3038 4749 ethnicis
3082 4694 3338 4749 similiter
3372 4693 3728 4763 obiectarum

2120 4786 2400 4855 Tatianus,
2430 4786 2682 4843 Clemens
2712 4784 3138 4849 Alemndrinns,
3164 4784 3461 4856 Gregorius
3483 4776 3729 4839 Nazian-

2118 4890 2306 4946 zenus,
2338 4890 2393 4934 et
2420 4874 2805 4934 Theodoretus
2827 4874 3083 4947 (Tanaim;
3112 4874 3261 4930 Orat.
3298 4884 3490 4943 contr.,
3522 4872 3728 4944 Gram,

2120 4986 2242 5046 pag.
2294 4970 2438 5042 159;
2485 4971 2649 5028 Clem.
2705 4964 3031 5038 Alexandra,
3086 4971 3353 5027 Admonit.
3414 4972 3485 5025 ad
3539 4980 3729 5044 gen(.,

2127 5080 2248 5139 pag.
2293 5066 2402 5136 20;
2450 5063 2605 5138 Greg.
2651 5063 2820 5133 Naz.,
2871 5070 3003 5119 orat.
3047 5052 3087 5120 '5'
3128 5080 3217 5119 seu
3259 5064 3286 5119 1
3315 5104 3331 5128 ,
3378 5063 3435 5119 in
3475 5057 3686 5119 Julian.
3712 5107 3731 5132 ,

2127 5172 2250 5232 pag.
2280 5159 2423 5225 263;
2453 5158 2786 5227 Πέρασι-ειη
2816 5168 2969 5214 sernt.
2997 5156 3030 5212 8
3053 5203 3069 5232 ,
3097 5154 3163 5213 lle
3189 5162 3431 5229 martyr.,
3462 5164 3584 5230 pag.
3613 5157 3729 5216 591

2126 5264 2173 5309 et
2203 5255 2394 5325 seqq.).
2437 5248 2518 5309 Ex
2564 5250 2846 5325 gentilium
2887 5261 3068 5308 autem
3107 5251 3482 5325 Scriptorib’ns
3522 5252 3733 5309 Pansa-

2127 5350 2242 5404 n'ias
2270 5347 2476 5417 refert,
2521 5362 2642 5419 quae
2676 5347 2879 5405 fuerint
2907 5348 3175 5417 majorum
3206 5358 3271 5403 ea
3300 5342 3370 5403 de
3408 5361 3469 5403 re
3500 5354 3732 5402 senten-

2124 5443 2251 5508 tiae;
2297 5449 2457 5513 atque
2490 5441 2714 5498 Ovidius
2742 5441 2813 5498 ad
2838 5455 2934 5498 eas
2964 5441 3218 5512 respicit,
3263 5440 3552 5512 ipsumque
3574 5438 3725 5497 Her-

2123 5534 2305 5590 culem
2328 5534 2408 5589 sic
2435 5534 2727 5605 alloquitur
2759 5550 2772 5588 :

2218 5624 2325 5676 Non
2346 5625 2437 5675 tibi
2458 5626 2649 5675 crimen
2668 5626 2815 5676 erunt
2835 5625 3160 5677 Teuthrantia
3182 5624 3328 5677 turba
3347 5634 3545 5678 sorores

2312 5688 2530 5749 Quarum
2547 5688 2612 5752 de
2638 5687 2814 5752 populo
2832 5689 2964 5739 nulla
2986 5689 3160 5752 relicta
3180 5690 3288 5752 tibi.

2590 5748 2778 5817 (Obiit,
2801 5752 2961 5820 epist,
2985 5749 3195 5807 Πενθέα.
3216 5751 3266 5817 9,
3286 5766 3401 5823 pag.
3423 5750 3529 5817 89.)

3599 198 3705 255 516
3787 191 3793 199 ’
