3990 6072
194 139 298 198 517
1358 141 1404 183 εξ-
1438 124 1504 195 lN
1542 136 1770 195 ARNOB

1889 136 1921 206 [ι
1958 135 2111 194 CAP.
2155 132 2272 193 ΧΠ.
2912 204 2918 206 Α
3221 135 3233 148 ’
3360 134 3465 196 518

190 253 300 307 Rex
322 265 449 307 vero
478 251 658 319 maris,
689 250 864 322 pergit
888 250 1162 307 Arnobius
1192 249 1324 325 (lib.
1353 266 1426 315 tv,
1448 268 1571 323 pag.
1601 251 1767 321 144),
1798 256 1850 315 Α
1876 247 1963 304 lib.
2009 251 2039 305 7
2063 292 2079 319 ,
2122 265 2242 321 pag.
2285 246 2391 304 2l9
2414 248 2456 319 ).
2517 246 2782 304 Diodorus
2828 264 2958 306 vero
3003 250 3252 317 Siculus,
3311 251 3464 320 Cujus

193 346 242 399 id
269 355 375 412 est,
408 345 686 415 Neptunus
715 360 823 401 non
854 361 959 401 uno
993 354 1199 401 tantum
1228 344 1494 400 adulterio
1516 344 1775 416 pollutus,
1879 342 2039 398 verba
2080 342 2350 397 Eusebius
2393 341 2763 412 transcripsit,
2813 349 3067 409 testatum
3107 344 3305 400 alicubi
3346 346 3473 400 facit

190 440 555 509 Amphrititas,
580 439 937 509 Hippothoas,
969 438 1625 512 Amgonas,Menalippas,
1650 441 1779 494 Alo-
1879 436 2029 491 illum
2076 434 2345 505 Apollinis
2385 442 2441 488 et
2490 433 2854 501 Phoronidis,
2909 435 3219 512 Φορωνίδος,
3277 436 3473 492 melius

192 549 284 602 pas
315 550 405 601 per
431 533 639 604 furiosa:
672 533 970 604 cupiditatis
1000 537 1238 587 ardorem
1264 534 1582 588 castimoniae
1615 533 1778 604 virgi-
1879 530 2018 600 apud
2050 528 2343 583 Eusebium
2372 526 2646 605 Κορωνίδος
2669 570 2683 596 ,
2743 530 2946 597 Veluti,
2988 529 3364 585 Theodoretus
3404 544 3474 587 ex

190 628 353 680 nitate
388 626 618 696 privavit.
656 625 783 682 llaec
812 638 989 681 autem
1024 626 1115 681 ille
1148 635 1426 682 mutuatus
1450 637 1534 683 est
1562 643 1630 683 ex
1652 627 1773 682 Cle-
1880 622 2215 693 Apollodoro
2240 623 2512 688 observat,
2548 624 2828 689 Arsinoes,
2860 623 3027 679 fuisse
3058 640 3246 681 revera
3275 625 3470 693 tilium,

190 731 374 776 mente
413 720 786 776 Alexandrino
810 760 825 786 ,
873 720 963 790 qui
994 729 1106 776 tres
1136 720 1268 775 alias
1298 720 1475 775 adhuc
1517 721 1780 776 mulieres
1882 717 1972 786 qui
2002 717 2219 786 quidem
2246 729 2366 770 cum
2393 717 2596 770 multos
2616 716 2914 785 deploratae
2935 716 3261 772 Valetudinis
3288 717 3470 773 homi-

184 813 272 869 bis
299 813 615 886 subjunxit(
645 814 874 869 Clemens
904 814 1219 880 Alexandr.,
1242 814 1508 869 Admonit.
1539 814 1609 868 ad
1636 824 1774 886 gent.
1883 823 1979 864 nes
2010 806 2263 873 sanaret,
2298 824 2327 862 a
2358 792 2513 873 love,
2546 798 2597 862 id
2629 814 2773 877 aegre
2805 805 3045 875 ferente,
3087 810 3195 864 ic‘tu
3234 804 3474 866 fulminis

185 923 306 978 pag.
338 905 410 961 ‘20
436 906 456 977 )
482 924 495 959 :
521 908 664 962 Κάλει
692 928 779 979 μοι
817 910 902 963 τὸν
929 905 1155 963 Ποσειδῶ
1176 949 1191 972 ,
1232 911 1321 961 καὶ
1362 909 1449 962 τὸν
1491 910 1651 983 χορὸν
1694 910 1761 961 ro:

1897 914 2176 969 percussus
2201 910 2305 955 est.
2332 900 2351 972 (
2376 900 2625 968 Iliaden,
2658 900 2749 954 lib.
2778 917 2851 967 IV,
2882 899 3152 970 Bibliolb.,
3176 913 3296 974 pag.
3330 901 3473 970 189;

186 998 539 1074 διεφθαρμενόν
559 1001 645 1054 ὑπτ
669 1002 850 1065 αὐτοῦ,
874 1006 963 1060 τήν
988 999 1320 1075 Ἀμφιτεὶτην,
1349 1005 1438 1059 τήν
1462 1000 1757 1074 Ἀμυμώνην

1897 992 2075 1047 Euseb.
2101 1035 2117 1059 ,
2168 988 2257 1048 lib.
2292 1004 2330 1048 lt
2353 1035 2369 1060 ,
2417 992 2657 1063 Prwpar.
2690 991 2893 1063 Evang.
2917 1035 2933 1061 ,
2978 1010 3097 1064 cap.
3126 990 3163 1047 2
3184 1036 3198 1060 ,
3222 1004 3345 1066 pag.
3374 994 3473 1063 57;

183 1100 273 1152 τήν
291 1092 507 1156 Ἀλόπην,
521 1097 609 1152 τὴν
625 1094 968 1158 Μεναλὶππην,
985 1098 1074 1151 τήν
1087 1090 1365 1158 Ἀλκυόνην,
1383 1097 1473 1151 τήν
1497 1092 1758 1151 Ἱπποθόην

1605 1092 1780 1160 meam,
1885 1083 2218 1153 Tlleodoret.,
2251 1101 2403 1139 serm.
2426 1085 2480 1151 8,
2507 1084 2572 1140 de
2597 1084 2843 1169 Martyr.,
2877 1103 2997 1157 pag.
3032 1085 3181 1157 595.)

184 1196 275 1250 τήν
292 1192 489 1256 Χιόνην,
517 1193 611 1250 τὰς
628 1186 783 1250 ἄλλοις
798 1193 893 1250 τὰς
914 1192 1122 1265 μυρίας.
1142 1186 1193 1243 ἐν
1211 1184 1289 1249 αἷς
1311 1187 1372 1247 δή
1398 1190 1484 1242 καὶ
1499 1190 1755 1243 τοσαύται

1956 1178 2294 1249 Quapropter
2335 1178 2465 1233 alibi
2496 1180 2768 1234 Arnobius
2814 1181 2918 1236 hoc
2963 1180 3032 1236 de
3075 1180 3170 1235 illo
3216 1181 3477 1251 scriptum

184 1282 391 1351 οὔσαις,
419 1282 493 1338 ἔτι
512 1289 601 1337 τοῦ
620 1281 927 1342 Ποσειδῶνος
947 1282 1089 1354 ὑμῶν
1105 1283 1511 1355 ἐστενοχωρεῖτο
1533 1282 1600 1334 τὰ
1626 1281 1759 1337 πάθη

1901 1271 2150 1343 reliquit:
2196 1291 2214 1323 ι
2252 1271 2522 1343 Numquid
2570 1272 2841 1342 cupidinis
2886 1282 2941 1328 et
2982 1274 3225 1329 avaritiae
3273 1289 3477 1341 causa,

199 1376 335 1433 Voca
366 1376 492 1430 mihi
539 1375 882 1447 Neptunum,
921 1383 1183 1446 totumque
1219 1374 1431 1427 chorum
1472 1372 1559 1443 qui
1599 1372 1695 1443 fuit
1723 1371 1786 1425 ab
1886 1367 2027 1423 sicut
2066 1368 2215 1423 canit
2255 1367 2496 1424 Bmotius
2537 1365 2837 1434 Pindarus,
2885 1366 3260 1438 eEsenlapium
3298 1366 3481 1424 fulmi-

184 1489 245 1527 eo
274 1479 568 1541 corruptus,
604 1470 986 1542 Amphitritem,
1036 1468 1384 1539 Amymonen,
1420 1465 1639 1537 Alopen,
1674 1462 1787 1519 Me-
1889 1463 1974 1517 nis
2001 1462 2318 1517 transfixum
2342 1476 2464 1518 esse
2492 1461 2598 1517 telo
2622 1464 2645 1517 't
2674 1480 2694 1513 ι
2720 1460 2897 1517 Simili
2920 1478 3136 1533 quoque
3163 1462 3324 1519 modo
3346 1463 3478 1519 Ter-

186 1567 436 1635 nalippen
460 1607 474 1632 ,
523 1562 802 1630 Alcionen,
859 1560 1221 1632 Hippothoen,
1255 1558 1500 1616 Cliionem
1523 1601 1538 1625 ,
1583 1568 1628 1614 et
1654 1557 1788 1612 alias
1890 1559 2147 1615 tullianus
2181 1578 2194 1613 :
2229 1568 2250 1613 ὁ
2284 1560 2381 1614 Est
2408 1568 2463 1613 et
2488 1558 2606 1626 ille;
2635 1578 2655 1611 ο
2691 1558 2885 1629 inquit,
2921 1581 2940 1611 ι
2975 1560 3042 1614 tle
3063 1559 3277 1631 Lyricis
3299 1599 3315 1627 ,
3347 1557 3480 1614 Pin-

184 1658 583 1712 innumerabiles
606 1700 620 1723 ,
652 1656 705 1710 in
730 1655 911 1725 quibus
936 1654 1140 1726 quidem
1170 1670 1286 1707 cum
1318 1662 1387 1706 tot
1413 1659 1598 1714 essent,
1629 1649 1782 1705 vestri
1811 1658 1860 1718 Β
1885 1653 2078 1708 darem
2106 1652 2231 1709 dico
2250 1694 2267 1718 ,
2296 1653 2389 1724 qui
2418 1650 2788 1722 {Esculapium
2818 1653 2969 1707 canit
2993 1653 3236 1708 avaritias
3264 1652 3483 1719 merito,

185 1748 428 1822 Neptuni
459 1751 511 1803 in
545 1760 745 1802 arctum
776 1748 1184 1821 perturbationes
1215 1745 1545 1818 cogebantur.
1578 1740 1781 1798 Verum
1886 1747 2009 1817 quia
2039 1748 2362 1804 medicinam
2385 1756 2647 1803 nocenter
2668 1748 2961 1804 exercebat
2983 1790 2999 1815 ,
3032 1746 3258 1804 fulmine
3272 1748 3483 1819 judica-

184 1853 296 1897 tres
325 1841 661 1912 posteriores
700 1836 972 1895 Arnobius
998 1882 1013 1904 ,
1045 1837 1202 1893 sicuti
1228 1847 1281 1893 et
1304 1836 1439 1891 alias
1468 1837 1784 1891 innumera-
1888 1848 2021 1895 tum.
2048 1839 2220 1898 Malus
2249 1840 2461 1911 Jupiter
2481 1883 2496 1909 ,
2544 1841 2592 1896 si
2633 1841 2837 1897 fulmen
2869 1840 3016 1896 illius
3055 1852 3167 1908 est,
3194 1841 3392 1912 impius
3430 1841 3485 1895 in

183 1935 325 1990 biles
345 1934 619 1998 Clemens,
649 1933 850 2000 omisit,
875 1933 1000 2003 quia
1028 1946 1164 2000 quas
1191 1934 1416 1999 uterque
1444 1930 1661 1982 nomine
1684 1938 1787 1983 suo
1891 1944 2143 2005 nepotem
2167 1976 2184 2001 ,
2231 1936 2445 1991 invidus
2475 1936 2530 1992 in
2561 1936 2848 1992 artiﬁcem.
2885 1954 2907 1988 s
2943 1935 2962 2008 (
2988 1935 3183 1990 Arnob.
3208 1976 3226 2003 ,
3259 1935 3349 1990 lib.
3380 1951 3436 1991 IV
3464 1975 3481 2001 ,

183 2027 463 2099 appellat,
494 2040 586 2080 eas
618 2025 683 2078 ad
714 2026 1016 2079 institutum
1049 2032 1205 2077 suum
1235 2020 1366 2075 satis
1395 2033 1517 2075 €558
1549 2018 1751 2073 arbitra

1905 2048 2015 2101 aug.
2038 2031 2181 2096 “5;
2214 2029 2524 2086 Tertullian.
2551 2073 2567 2100 ,
2610 2032 2832 2104 Apolog.
2858 2071 2876 2099 ,
2906 2047 3024 2103 cap.
3060 2032 3158 2097 14,
3188 2047 3310 2103 pag.
3343 2030 3431 2086 15.
3460 2028 3481 2100 )

186 2129 273 2176 tus
300 2128 404 2176 est.
435 2118 694 2174 Eaindem
723 2126 871 2174 certe
899 2117 969 2173 οἱ)
1000 2115 1266 2172 rationem
1294 2114 1469 2170 Julius
1497 2112 1784 2179 Firmicus,
1892 2124 2048 2178 Prius
2088 2139 2219 2180 vero
2259 2125 2361 2179 hoc
2406 2125 2594 2181 retulit,
2619 2123 2872 2180 Clemens
2904 2123 3307 2179 Alexandrinus
3332 2162 3348 2189 ,
3394 2121 3486 2192 qui

186 2215 513 2288 Amyonen,
541 2212 750 2283 Alopcn
773 2256 786 2278 ,
817 2206 1181 2280 Menalippen,
1225 2208 1488 2264 Chionem
1511 2251 1525 2275 ,
1558 2215 1613 2263 et
1642 2208 1789 2279 llyp-
1890 2232 1998 2272 ηοη
2027 2218 2204 2273 εοῙυη]
2233 2218 2451 2273 pinam
2476 2260 2492 2286 ,
2532 2219 2629 2275 sed
2660 2218 2939 2289 Euripidis
2978 2219 3145 2274 etiam
3183 2217 3286 2273 hac
3314 2217 3383 2273 de
3424 2230 3485 2271 re

186 2308 431 2377 pothoen
479 2316 683 2361 tantum
730 2306 998 2360 nominat.
1051 2300 1124 2359 De
1164 2302 1249 2358 his
1291 2316 1459 2375 porro
1498 2308 1552 2358 el
1592 2300 1714 2356 aliis
1757 2316 1787 2355 τι
1891 2310 2131 2364 carmina
2170 2312 2377 2367 retulit.
2410 2309 2626 2366 Videsis
2675 2319 2941 2382 praeterea
2985 2311 3245 2383 Cyrillum
3294 2308 3483 2365 itidem

184 2400 447 2471 Neptuno
475 2399 679 2455 vitiatis
709 2398 933 2453 consule
961 2397 1206 2451 Natalem
1237 2396 1537 2459 Comitem,
1572 2402 1625 2450 et
1656 2392 1789 2447 Vos—
1889 2405 2319 2461 Alexandrinum
2348 2414 2539 2460 εοηιη
2559 2405 2832 2460 ,ιυιξαηιηη
2863 2407 3182 2477 Apamam“,
3203 2403 3486 2473 disputa"-

185 2497 336 2551 sium
377 2494 537 2567 (Jul.
586 2492 754 2548 Firm.
784 2535 799 2560 ,
845 2488 909 2547 de
938 2488 1061 2546 ΕΝ.
1093 2492 1231 2562 prof.
1273 2489 1421 2561 relig‘.
1451 2532 1465 2554 ,
1515 2506 1633 2559 pag.
1682 2487 1750 2542 16

1911 2512 2001 2553 em
2021 2539 2039 2564 ,
2081 2509 2135 2554 et
2161 2514 2282 2569 qua:
2310 2514 2339 2551 a
2371 2498 2530 2553 nobis
2559 2498 2689 2552 alibi
2723 2498 2982 2552 adnotata
3007 2505 3174 2564 sunt,
3206 2510 3271 2551 ac
3296 2502 3487 2565 postea

186 2588 395 2654 Comes,
441 2584 529 2643 lib.
555 2576 896 2659 n,fdlythol.
925 2628 942 2655 ,
994 2600 1109 2653 cap.
1144 2582 1210 2648 8,
1257 2598 1376 2655 pag.
1426 2579 1571 2647 166;
1619 2578 1761 2634 Voss.

1910 2609 1947 2645 πη
2014 2590 2369 2662 subsequenti
2438 2590 2823 2646 dissertatione
2886 2590 3139 2645 dicentur
3186 2589 3205 2657 (
3254 2588 3486 2643 Clemens

187 2683 280 2738 lib.
315 2699 354 2749 ι,
389 2682 452 2736 de
481 2678 626 2753 Orig.
663 2690 710 2734 et
742 2696 916 2751 progr.
950 2676 1104 2744 idol.,
1137 2688 1255 2746 cap.
1291 2676 1380 2740 15,
1415 2688 1537 2746 pag.
1572 2672 1642 2729 65
1675 2675 1715 2744 ).

1905 2683 2204 2749 Merenda,
2235 2684 2496 2737 Admonit.
2525 2684 2595 2736 ad
2614 2693 2777 2755 gent.,
2807 2699 2928 2754 pag.
2953 2683 3042 2748 b8;
3063 2680 3272 2752 Cyrill..
3291 2680 3379 2735 lib.
3404 2694 3481 2746 vr,

260 2775 431 2832 Suam
461 2775 733 2829 Arnobius
762 2771 1113 2844 prose’quildr
1142 2768 1372 2824 ironiam
1393 2810 1407 2835 ,
1437 2776 1491 2822 et
1519 2767 1597 2822 sic
1623 2764 1793 2836 Apol-

1913 2784 1947 2830 η
1992 2775 2221 2842 Iuliam,
2274 2793 2397 2848 pag.
2449 2776 2557 2833 900
2603 2788 2650 2830 et
2698 2790 2873 2846 seqq.;
2934 2780 3058 2829 tam.
3110 2790 3150 2829 ι.
3206 2774 3486 2844 Appltrat.,

186 2870 358 2925 linem
398 2866 585 2922 festive
620 2865 847 2920 irridet:
889 2872 909 2916 c‘
945 2861 1144 2932 Apollo
1175 2857 1440 2916 Latonius
1471 2859 1759 2913 immacula

1912 2878 2014 2941 urg.
2046 2868 2181 2935 754;
2217 2868 2431 2924 Dissert.
2466 2871 2523 2922 in
2546 2868 2747 2923 Minue.
2767 2909 2782 2935 ,
2805 2884 2921 2938 cap.
2956 2867 3044 2933 15,
3074 2875 3174 2922 art.
3206 2866 3240 2922 5
3268 2865 3312 2936 ).
3340 2865 3488 2919 Cita-

189 2973 280 3018 tus
312 2961 427 3028 ille,
459 2961 831 3024 castissimus,
861 2970 1023 3028 atque
1051 2966 1250 3025 purus,
1285 2954 1563 3020 Arsinoes,
1594 2944 1792 3007 [Etliu-
1893 2961 1963 3016 tis
1999 2974 2159 3031 porro
2197 2960 2569 3032 Scriptoribns
2612 2976 2776 3016 unum
2818 2960 2998 3015 adhuc
3050 2958 3210 3015 nobis
3250 2956 3490 3027 adjicere

189 3070 305 3121 sas,
337 3053 664 3125 Hypsipilas,
700 3052 1022 3122 Marpissas,
1052 3038 1383 3119 Zeuxippus,
1415 3058 1470 3102 et
1498 3045 1762 3101 Prothous

1908 3054 2047 3108 :iceat
2078 3053 2403 3125 Gregorium
2437 3053 2875 3119 Naaianzeuum,
2914 3051 3007 3122 qui
3042 3050 3135 3106 illa
3165 3059 3220 3105 et
3249 3049 3361 3104 alia
3385 3064 3484 3103 ne-

191 3147 451 3218 Daphnas
492 3157 546 3201 et
603 3147 859 3215 Steropes
900 3142 1193 3198 inconsulti
1240 3143 1477 3212 pectoris
1534 3141 1800 3211 appetivit
1895 3144 2057 3201 fanda
2105 3160 2368 3217 prorsus,
2422 3156 2585 3217 atque
2639 3144 2957 3216 execranda,
2991 3144 3215 3200 deorum
3261 3141 3491 3199 crimina

192 3239 524 3296 fervoribus.
558 3257 577 3292 ›
621 3238 779 3294 Prius
807 3252 939 3292 vero
974 3235 1233 3292 Clemens
1262 3233 1696 3301 Alexandrinus,
1730 3244 1798 3289 ex
1898 3238 1981 3294 his
2044 3240 2230 3310 paucis
2280 3239 2612 3295 carminibus
2666 3238 2956 3308 descripsit
3015 3236 3036 3310 ε
3085 3235 3243 3308 Greg.
3298 3232 3440 3291 Ναί.
3472 3273 3490 3303 ,

192 3350 308 3407 quo
336 3334 606 3389 Arnobius
635 3349 696 3388 ea
727 3332 978 3387 similiter
1003 3326 1311 3401 delibavit(
1341 3326 1537 3383 Arnob.
1558 3370 1573 3392 ,
1605 3326 1693 3382 lib.
1721 3343 1796 3395 ιν,
1897 3347 2060 3386 carm.
2089 3330 2181 3398 61,
2212 3347 2334 3402 pag.
2364 3330 2470 3388 142
2499 3329 2523 3404 )
2553 3349 2566 3385 :

195 3446 326 3501 pag.
374 3429 508 3492 Ml;
556 3425 789 3481 Clemens
828 3422 1113 3477 Alexandr.
1142 3464 1158 3487 ,
1207 3416 1470 3475 Admonil.
1503 3418 1573 3473 ad
1612 3428 1751 3490 gent.

1567 3422 1573 3442 ι
1612 3428 1751 3490 gen"
1779 3460 1796 3488 9
2051 3456 2235 3509 νώσεις,
2257 3453 2512 3509 ἀνδροφόνους,
2537 3457 2719 3504 σκολιοὺς,
2744 3458 2910 3509 liti.ch
2931 3456 3113 3507 ὀμοῦκσις
3130 3485 3143 3502 ι

196 3537 325 3593 pag.
355 3519 427 3576 20
453 3520 474 3591 )
502 3537 514 3573 :
544 3520 687 3573 Καὶλεὶ
736 3538 853 3590 μοι,
910 3516 1012 3580 ait,
1060 3519 1149 3569 καὶ
1191 3516 1276 3568 τὸν
1321 3511 1572 3580 ’Ᾱπόλλω,
1621 3511 1767 3568 Φοῖϐὀ

1522 3536 1541 3564 ι)
1557 3553 1572 3580 ,
1621 3511 1799 3571 Φοῖϐός
2058 3508 2245 3571 ίρπαγις,
2261 3508 2496 3573 ἀδροτῦνονς,
2518 3522 2682 3574 μοιχοὺς,
2705 3508 2928 3573 inﬁnitam
2948 3517 3098 3574 ἀνδρῶν.

198 3620 347 3672 ἐστιν
371 3617 520 3675 οὗτος
541 3655 557 3677 ,
589 3616 676 3668 καὶ
703 3614 883 3684 μάντις
910 3611 1059 3684 ἁγνὸς
1080 3650 1093 3673 ,
1124 3612 1212 3663 καὶ
1255 3607 1546 3679 σύμϐουλος
1586 3606 1774 3681 ἀγαθός

1670 3606 1798 3666 κθόςο
1995 3614 2275 3684 yendaces,
2294 3616 2442 3666 caedis
2473 3617 2762 3667 constrictos
2783 3616 3043 3684 sanguine,
3068 3612 3246 3672 vafros.

1996 3676 2187 3745 falsum
2206 3679 2447 3745 jurantes,
2474 3687 2715 3745 raptores,
2740 3676 3164 3745 androgynosgue.

1993 3734 2111 3789 Jura
2130 3734 2443 3790 resolventes
2454 3734 2672 3801 thalami,
2704 3734 2946 3802 rabieque
2969 3734 3178 3790 nefanda

199 3810 230 3866 ἡ
277 3806 540 3881 Ἀρσινόν,
577 3800 691 3857 οὐδέ
731 3805 761 3860 ἡ
799 3802 1089 3866 Ζευξίππη,
1133 3796 1249 3853 οὐδὲ
1289 3799 1319 3856 ἡ
1359 3798 1582 3873 Προθόῃ,
1624 3793 1775 3849 οὐδέι

1512 3819 1549 3855 ιη
1568 3838 1582 3863 ,
1624 3793 1741 3849 οὐδέ
1770 3796 1800 3853 ἡ
1996 3802 2265 3853 Miseentes
2288 3816 2402 3853 sese
2422 3805 2607 3865 pueris,
2632 3793 2917 3867 generique
2936 3802 3088 3855 virili.

198 3903 525 3976 Μάρπισσα,
568 3894 681 3951 οὐδὲ
725 3901 755 3953 ri
798 3891 1043 3965 Υψεπὶλη·
1088 3893 1253 3965 Δάφνη
1289 3893 1390 3966 ’γὰρ
1426 3891 1625 3961 ἐξέφυγε
1670 3888 1774 3960 μόνη

1922 3907 2011 3962 Sed
2047 3907 2116 3962 de
2144 3906 2246 3962 hoc
2296 3904 2453 3977 plane
2507 3908 2825 3963 execrando
2865 3923 3157 3979 puerorum
3184 3922 3373 3981 amore
3402 3922 3498 3964 no-

199 3998 287 4049 καὶ
332 3994 416 4048 τὸν
477 3993 689 4063 μάντιν,
747 3992 833 4042 καὶ
878 3994 966 4046 τήν
1016 3986 1220 4061 φθοράν.
1286 3981 1423 4036 Voca
1473 3983 1601 4035 mihi
1649 3982 1775 4036 etian

1473 3983 1601 4035 mihi
1649 3982 1801 4036 ειίαηι
1901 4010 2093 4070 strum,
2124 4002 2169 4056 si
2192 4000 2359 4068 lubet,
2393 4002 2693 4058 Arnobium
2739 4001 3044 4058 audiamus.

198 4088 520 4159 Apollinem.
558 4082 616 4137 Is
648 4093 722 4137 est
759 4076 1012 4146 Phorbas,
1046 4089 1094 4134 et
1133 4088 1273 4133 vates
1307 4086 1513 4143 castus,
1552 4087 1599 4131 et
1644 4076 1804 4129 bonus

200 4180 555 4235 consiliarius.
586 4175 693 4231 Sed
715 4192 818 4229 non
851 4175 945 4227 hoc
970 4173 1097 4226 dicit
1128 4172 1369 4241 Sterope,
1403 4186 1493 4224 nec
1523 4169 1800 4237 Arethusa,
2457 4178 2761 4222 “manus
2797 4180 2854 4222 ll.

201 4291 295 4330 nec
322 4273 561 4335 Arsione,
588 4287 679 4325 nec
698 4269 982 4339 Zeuxippo,
1009 4284 1097 4321 nec
1120 4265 1372 4332 Prothoe,
1395 4282 1487 4319 nec
1514 4265 1777 4335 Mai-pisse

1925 4298 2511 4367 )nnmevidenteradlmc
2530 4302 2779 4367 Arnobius
2798 4300 2944 4353 falsos
2969 4314 3083 4367 esse
3102 4300 3360 4367 gentilium
3380 4305 3501 4356 deos

203 4387 297 4425 nec
341 4367 638 4439 Hypsipile.
673 4364 879 4436 E/Iugit
917 4365 1053 4419 enim
1082 4363 1194 4417 sola
1236 4359 1459 4433 Daphne
1485 4370 1536 4416 et
1563 4370 1726 4415 ratem
1757 4366 1804 4414 et
1966 4363 2253 4439 probaverit
2297 4364 2863 4439 exipuerisca‘t‘amito,
2905 4380 2996 4417 seu
3042 4359 3348 4439 Ganxmede,
3369 4368 3498 4439 llila,

205 4422 701 4527 sitinmjijiramvis
723 4422 907 4512 autem
950 4455 1175 4532 Daphne
1207 4422 1392 4510 vitium
1424 4454 1645 4524 fugerit,
1671 4454 1781 4507 illm

1966 4424 2259 4537 Hgacinlho,
2301 4422 2491 4489 Pelope
2550 4435 2601 4478 et
2646 4422 2931 4494 Chrysippo,
2970 4443 3095 4494 quos
3127 4422 3200 4480 illi
3225 4422 3504 4496 turpissime

1970 4500 1997 4537 a
2034 4496 2322 4538 amaverunt
2340 4499 2393 4539 et
2415 4497 2813 4554 constuprarunt.

204 4571 321 4611 non
359 4553 553 4608 minuit
600 4551 891 4606 νηοί»ὴηὶ
935 4550 1241 4620 argumenti
1276 4549 1418 4613 vim,
1463 4548 1631 4604 immo
1676 4562 1808 4603 vero

205 4646 624 4705 evidentissime
667 4646 860 4715 probat
905 4644 1213 4715 Apollinem
1252 4657 1401 4697 caeca
1439 4641 1808 4713 eﬁ‘renataque
1981 4636 2177 4694 Parum
2206 4637 2305 4693 fuit
2336 4639 2624 4696 insatiabili
2665 4655 2889 4712 prorsus
2925 4643 3155 4701 deorum
3185 4645 3392 4703 libidini
3423 4654 3503 4702 tot

205 4742 265 4797 in
295 4755 416 4797 eam
446 4741 671 4795 libidine
695 4740 958 4810 percitum
986 4736 1189 4801 fuisse,
1245 4752 1308 4790 ac
1337 4736 1566 4805 turpiter
1594 4732 1811 4790 inﬂam-
1911 4739 2128 4801 tamque
2164 4733 2507 4788 detestabilia
2544 4749 2665 4789 eum
2712 4734 2948 4793 foeminis
2978 4738 3245 4796 adulteria
3287 4739 3505 4807 fecisse,

208 4843 439 4892 rnatum.
476 4834 701 4890 Ovidius
726 4846 860 4888 vero
885 4832 1029 4886 hanc
1054 4831 1290 4887 fabulam
1314 4830 1533 4886 cecinit.
1562 4830 1631 4884 At
1662 4829 1811 4883 imtu-
1904 4826 2002 4881 sed
2031 4827 2346 4896 turpissimo
2377 4837 2643 4897 presteres
2682 4844 2977 4899 puerorum
3003 4846 3199 4889 amore‘
3220 4835 3503 4902 excaecati,

212 4929 521 5002 perlegere
549 4928 754 4999 poteris
777 4968 792 4993 ,
840 4924 1042 4981 Iulium
1080 4924 1378 4979 Firmicum
1408 4921 1476 4977 de
1506 4936 1600 4985 ea,
1649 4931 1810 4991 atque
1910 4923 1991 4978 eis
2036 4922 2179 4993 quod
2225 4921 2373 4977 dictu
2408 4922 2739 4980 horrendum
2766 4962 2789 4991 ,ι
2828 4927 2919 4982 illa
2962 4926 3263 4985 intulerunt
3298 4938 3505 5000 stupra,

210 5023 373 5090 aliis,
402 5023 471 5076 ab
499 5020 752 5090 Apolline
780 5018 1073 5089 deperdite‘
1092 5018 1319 5083 amatis,
1354 5030 1417 5069 ac
1446 5015 1491 5069 si
1513 5013 1690 5068 adhuc
1715 5028 1809 5069 va-
1911 5031 2031 5084 quae
2062 5017 2177 5073 suis
2206 5018 2258 5071 in
2293 5015 2534 5072 historiis
2563 5019 2839 5089 publicare
2879 5019 3126 5076 ethnicos
3157 5034 3266 5076 non
3294 5021 3505 5092 puduit.

211 5127 306 5173 eat
332 5159 345 5182 ,
402 5116 631 5173 consule
681 5114 928 5170 Natalem
981 5112 1247 5168 Comitem
1295 5107 1495 5181 (Ovid.
1525 5152 1539 5176 ,
1606 5110 1696 5164 lib.
1754 5120 1811 5165 it.
1912 5108 1998 5164 Ab
2036 5108 2157 5177 ipso
2196 5109 2345 5164 enim
2383 5107 2545 5177 Jove,
2587 5126 2749 5181 quem
2790 5111 2962 5167 Deum
3002 5113 3291 5183 optimum,
3337 5114 3512 5169 maxi-

216 5209 519 5275 Metamor.,
551 5208 658 5279 fab.
687 5207 791 5273 10,
822 5222 946 5279 pag.
975 5205 1045 5260 27
1077 5215 1125 5259 et
1150 5218 1287 5274 seqq.
1318 5218 1338 5267 ;
1368 5201 1481 5256 Jul.
1512 5200 1683 5256 Firm.
1709 5242 1725 5267 ,
1750 5199 1813 5254 de
1915 5215 2060 5256 mum
2090 5243 2102 5265 ,
2138 5201 2405 5256 vocabant
2433 5219 2447 5255 :
2485 5218 2505 5254 ι
2543 5202 2841 5259 Catamitus
2884 5219 3043 5275 puer,
3083 5224 3104 5259 ι
3139 5208 3216 5262 ait
3237 5207 3513 5264 Arnobius

212 5320 321 5357 err.
350 5304 491 5374 prof.
527 5301 672 5372 relig.
701 5315 861 5372 ,pag.
895 5299 1033 5364 762;
1078 5298 1226 5353 Com.
1256 5338 1272 5365 ,
1322 5297 1409 5351 lib.
1436 5312 1510 5351 π.
1546 5295 1772 5368 Mythol.
1794 5337 1812 5365 ,
1918 5292 2159 5363 QArnob.
2186 5334 2201 5352 .
2244 5295 2333 5348 lib.
2368 5312 2395 5348 ν
2421 5339 2435 5362 ,
2469 5312 2591 5366 pag.
2624 5294 2727 5350 172
2752 5293 2806 5366 ),
2869 5296 3088 5366 pudoris
3128 5299 3394 5369 spoliatus
3428 5308 3516 5357 est

213 5412 337 5466 σαρ,
368 5395 459 5461 ιθ,
494 5411 616 5467 ρας,
645 5393 751 5450 542
779 5396 820 5466 ),
1919 5383 2222 5440 honestate.
2252 5384 2272 5456 )
2322 5387 2498 5456 Atque
2527 5395 2587 5442 ut
2627 5387 2735 5441 alio
2764 5386 2818 5442 in
2853 5389 2993 5445 libro
3019 5390 3229 5447 dixerat
3274 5391 3513 5465 (Idem,

293 5489 561 5558 Apollinis
603 5488 744 5543 haud
791 5487 954 5545 dubie
1000 5487 1178 5554 tilias,
1219 5495 1276 5542 et
1316 5483 1474 5540 lovis
1508 5499 1679 5555 nepos
1719 5484 1821 5539 fuit
1919 5478 2011 5533 lib.
2044 5495 2120 5547 IV,
2152 5496 2274 5552 pag.
2308 5480 2412 5536 145
2442 5479 2465 5551 )
2490 5498 2505 5537 :
2532 5482 2835 5539 Catamitus
2866 5501 2998 5555 puer
3027 5472 3236 5557 rapitur
3258 5486 3516 5544 delicium

212 5581 569 5648 Esculapins
595 5621 611 5646 ,
663 5581 753 5650 qui
803 5581 872 5635 ab
928 5581 1168 5636 Arnobio
1216 5587 1411 5635 nostro
1452 5577 1599 5633 haud
1646 5577 1820 5634 semel
1894 5572 2166 5639 futurus,
2205 5582 2260 5628 et
2289 5574 2608 5645 poculorum
2638 5586 2844 5635 custos.
2885 5597 2905 5633 ι
2935 5579 2990 5637 Si
3020 5594 3241 5651 quaeras
3275 5582 3395 5651 quis
3432 5581 3528 5636 ille

217 5671 481 5732 Coronide
516 5681 666 5728 natus
694 5671 881 5728 dicitur
910 5671 1146 5746 (Arnob.
1176 5714 1192 5743 ,
1237 5671 1321 5726 lib.
1372 5687 1425 5740 ι,
1459 5686 1582 5742 pag.
1624 5668 1728 5736 $0,
1774 5678 1822 5724 et
1924 5666 2220 5726 Catamitus
2271 5667 2470 5735 fuerit,
2519 5671 2874 5741 respondebit
2920 5671 3168 5743 Festus(
3205 5672 3425 5740 Festus,
3476 5673 3537 5727 de

198 3710 309 3765 ἀλλ’
351 3712 407 3762 οὐ
447 3714 613 3763 ταῦτα
643 3708 673 3764 ἡ
702 3706 925 3780 Στερόπη
959 3705 1123 3777 λέγει.
1168 3700 1284 3758 σὺδέ
1325 3704 1356 3760 ἡ
1384 3700 1642 3766 Aidanum,
1684 3698 1799 3754 οὐδὲ
