3990 6072
199 279 299 343 ιιι

799 415 1091 463 Αιιτιουιιιε
1135 404 1212 466 ui,

193 507 450 568 Quomodo
469 512 714 561 Arnobius
733 513 899 565 talsam
922 515 1128 566 deorum
1150 517 1466 568 divinitatem
1490 519 1716 572 ostendat
1737 534 1800 571 ex

258 572 506 638 impudico
544 574 736 625 illarmn
763 578 809 626 in
835 577 1060 629 homines
1079 593 1266 638 amore,
1315 581 1516 630 Aurora
1551 584 1603 631 in
1626 583 1800 633 Titho-

256 635 393 714 num,
424 635 643 714 Lup-sein
670 635 1298 714 EndymionemLNereidis
1331 646 1378 714 in
1421 643 1637 714 Iliacum,
1663 645 1800 714 The-

257 697 377 771 tidis
401 703 446 772 in
469 699 672 779 Achillis
689 697 990 779 genitorem,
1024 697 1675 779 Proserpinaejnﬁdp'nem,
1701 708 1798 759 Ce—

256 761 464 844 mrisdn
479 761 1136 844 .msticanumﬂlasionem,‘
1159 761 1393 844 _Veneris_
1415 769 1465 819 in
1508 761 1794 844 Vplcaiuini,

253 822 603 894 Ph_aeton_t_em_,
631 825 873 894 _Mar_tem,
919 822 1300 894 etLAnehisem,
1349 840 1402 883 et
1436 844 1523 882 cur
1547 833 1652 884 haec
1673 822 1796 884 Dio;

254 887 382 948 neia,
412 893 466 937 et
479 886 644 938 Troici
671 889 762 939 viri
788 886 945 941 mater
963 891 1170 944 dicatur.

261 1015 470 1082 Quanta
499 1015 664 1073 etiam
695 1016 855 1074 fuerit
876 1019 1101 1076 dearum
1126 1021 1488 1094 impudicitia,
1514 1023 1600 1082 his
1620 1025 1794 1081 Arno-

182 1107 340 1174 bius,
376 1118 500 1179 post
525 1109 861 1167 Clementem
891 1113 1318 1172 Alexandrinum
1343 1160 1358 1187 ,
1388 1120 1650 1190 exemplis
1681 1137 1792 1176 ma-

183 1203 378 1260 nifeste
416 1203 794 1265 demonstrat:
829 1227 848 1261 ι
877 1207 1068 1266 Nonne
1108 1214 1304 1268 vestris
1332 1225 1548 1269 cautum
1587 1226 1672 1272 est
1701 1216 1792 1270 lit-

183 1300 317 1353 teris
364 1297 678 1356 adamatum
709 1316 831 1358 esse
855 1302 924 1358 ab
970 1306 1178 1362 Aurora
1212 1305 1502 1364 Tithonum
1525 1351 1540 1374 ,
1585 1311 1790 1368 arsisse

189 1392 245 1448 in
288 1392 683 1466 Endymionem
715 1397 922 1453 Lunam
947 1442 964 1468 ,
995 1399 1286 1458 Nereidem
1328 1403 1380 1458 in
1420 1403 1650 1461 (Eacum
1674 1449 1689 1473 ,
1732 1407 1787 1463 in

184 1486 414 1542 Achillis
441 1488 743 1559 genitorem
773 1489 992 1558 Thetin,
1020 1492 1402 1567 Proserpinam
1428 1497 1482 1552 in
1515 1498 1783 1569 Adonem,

181 1593 412 1638 matrem
440 1582 556 1655 ejus
575 1582 829 1642 Cererem
857 1589 908 1642 in
933 1587 1206 1646 Jasionem
1237 1593 1422 1650 nescio
1441 1611 1600 1664 quem
1619 1595 1788 1652 rusti-

177 1688 377 1731 canum
402 1718 418 1744 ,
469 1687 520 1733 et
554 1689 674 1750 post
701 1679 997 1736 Vulcanum
1040 1681 1395 1741 Pliaetontem
1419 1728 1433 1753 ,
1477 1687 1701 1744 Martem
1730 1690 1782 1746 in

179 1768 436 1824 Anchisa:
483 1769 695 1840 nuptias
743 1773 913 1843 ipsam
947 1775 1090 1831 illam
1130 1776 1430 1848 Venerem,
1472 1780 1777 1838 lEneadnm

179 1873 443 1930 matrem,
476 1875 530 1918 et
557 1862 812 1921 Romanae
839 1865 1226 1925 dominationis
1259 1882 1536 1930 auctorem
1575 1894 1594 1929 ι
1628 1876 1646 1946 (
1679 1875 1766 1930 Ar-

173 1953 296 2008 nob.
328 1995 343 2019 ,
402 1954 491 2009 lib.
532 1971 623 2024 tv,
674 1975 794 2030 pag.
829 1958 934 2015 145
977 1971 1026 2016 et
1067 1961 1258 2035 seqq.).
1301 1963 1554 2022 Clemens
1598 1977 1777 2024 autem

181 2047 588 2105 Alexandrinus
647 2052 796 2121 prius
858 2053 1063 2108 eisdem
1134 2057 1427 2128 gentilibus
1505 2059 1780 2130 objecerat

177 2137 199 2212 (
233 2137 473 2196 Clemens
499 2143 780 2198 Alexandr.
808 2186 824 2207 ,
877 2145 1138 2202 Admonit.
1184 2150 1253 2203 ad
1277 2160 1413 2221 gent.
1462 2169 1582 2224 pag.
1617 2153 1680 2208 21
1715 2153 1773 2224 ):

168 2233 216 2289 Ἠ
242 2235 313 2296 ὡς
343 2238 431 2292 ἐπὶ
459 2239 677 2301 nemo,
705 2239 878 2299 Σελήνη
905 2239 1213 2314 Ἐνδυμίωνι,
1243 2249 1434 2320 Νηρηὶς
1471 2248 1556 2302 ἐπὶ
1581 2249 1770 2319 Αἰακῷ,

167 2333 252 2383 καὶ
280 2331 370 2385 ἐπὶ
413 2331 562 2391 Πηλεῖ
605 2334 752 2395 Θέτις
783 2350 796 2363 '
829 2337 915 2390 ἐπὶ
937 2335 990 2390 δὲ
1027 2337 1243 2393 Ἰασίωνι
1270 2345 1528 2416 Δημήτηρ,
1565 2347 1652 2398 καὶ
1688 2345 1776 2398 ἐπὶ

163 2419 392 2477 Ἀδώνιδι
404 2425 712 2500 Φερεφάτταο
726 2425 989 2503 Ἀφροδίτη
1011 2427 1064 2483 δὲ
1081 2431 1160 2486 ἐπ’
1172 2427 1315 2507 "Aper
1330 2438 1768 2508 κατῃσχυμμὲνη,

161 2516 407 2588 μετῆλθεν
432 2518 517 2573 ἐπὶ
536 2520 771 2596 Κινύραν,
804 2526 890 2576 καὶ
915 2522 1160 2596 Ἀγχίσην
1188 2522 1391 2599 ἔβημεν·
1420 2531 1505 2604 gesti
1525 2531 1772 2587 Φαέθοντα
1874 2558 1917 2608 Α
1936 2561 2025 2612 pel

160 2609 361 2683 ἐλόχα,
402 2615 490 2666 καὶ
514 2612 614 2689 ἦρα
638 2610 917 2677 Ἀδώνιδος.
958 2616 1160 2670 Aurora
1201 2629 1411 2690 prapter
1455 2619 1764 2692 Tithonum,

159 2701 318 2756 Luna
357 2715 568 2774 propter
611 2701 990 2778 Endymionem
1013 2751 1026 2773 ,
1063 2708 1249 2766 Nereis
1277 2725 1486 2783 propter
1514 2712 1765 2782 Earum,

1481 289 1549 351 IN
1577 289 1954 359 ARNOBIUM.
1991 290 2146 355 CAP.
2192 291 2310 356 ΧΗ.

1825 407 1876 466 Α
1902 404 2133 461 Plinium
2152 413 2206 459 et
2223 406 2358 464 alios
2379 405 2642 480 (Tlteocr.,
2672 409 2800 481 idgl.
2821 413 2877 479 5;
2895 411 3070 478 0vid.,
3088 415 3234 485 epist.
3255 416 3466 474 Hei-aid.
3481 460 3496 486 ,

3387 308 3492 373 Si”!

1905 497 1991 561 18,
2022 515 2143 569 pag.
2179 500 2302 565 199,
2335 498 2424 553 lib.
2455 516 2514 555 ιιι
2541 501 2605 554 de
2628 502 2741 557 Art.
2771 520 2970 570 antan.,
3000 524 3120 578 pag.
3149 507 3294 576 475;
3324 511 3493 578 Plin.,

1903 587 1994 648 lib.
2024 607 2060 646 ιι
2093 589 2289 646 Natur.
2325 593 2470 660 hist.,
2503 611 2617 666 cap.
2650 595 2704 663 9,
2736 613 2852 668 pag.
2891 596 3051 670 152).

1970 684 2219 742 Nereidis
2271 699 2451 742 autem
2500 688 2719 745 nomine
2765 691 3036 750 Arnobius
3083 708 3268 754 neSIer
3319 702 3500 758 adhuc

1901 790 2016 846 pOSl
2050 775 2385 834 Clementem
2414 782 2838 842 Alexandrinum
2859 827 2873 850 ,
2904 796 2960 840 ut
2987 787 3096 855 jam
3127 791 3381 860 vidimus,
3417 796 3497 851 di-

1897 870 2074 940 signat
2124 872 2447 930 Psamathen
2496 875 2656 931 Nerei
2700 877 2861 933 liliam
2893 880 3158 950 (Clemens
3187 883 3493 956 Alexandr"

1896 961 2156 1018 Admonit.
2189 966 2259 1020 ad
2288 978 2448 1038 gent.,
2484 985 2602 1039 pag.
2635 969 2701 1024 21
2729 970 2768 1040 ),
2806 987 2871 1027 ex
2902 989 3004 1043 qua
3037 974 3264 1044 lEacus,
3310 989 3367 1034 ut
3406 998 3494 1038 re-

1898 1052 2004 1110 fert
2037 1056 2329 1125 Hesiodus,
2361 1059 2599 1116 Phocum
2631 1064 2867 1134 suscepit
2897 1064 3172 1137 (Hesiod.,
3204 1068 3492 1145 Theogon.,

1894 1164 2026 1208 vers.
2059 1150 2237 1221 1004)
2261 1170 2276 1207 :

2053 1261 2144 1312 H101
2166 1277 2230 1325 μιν
2255 1280 2376 1316 Φῶκον
2401 1282 2562 1329 Ψαμάθη
2585 1285 2666 1321 τὰς
2689 1279 2754 1322 δῖα.
2779 1285 2890 1324 ea...
2909 1315 2919 1332 ,

2049 1338 2186 1376 Ᾱὶωιοῦ
2212 1340 2247 1376 ἐν
2271 1341 2454 1391 φιλότητι,
2478 1339 2542 1382 διὰ
2565 1352 2700 1398 χρυσῆν
2723 1337 2948 1398 Appositum

1891 1405 1952 1458 Et
1970 1421 2091 1459 sane
2111 1412 2313 1474 quidem
2338 1413 2556 1466 Phocum
2592 1418 2854 1471 Psamathe
2878 1425 3073 1486 peperit
3099 1431 3492 1488 praestantissima

2014 1533 2147 1587 Aiaci
2174 1538 2223 1586 in
2246 1551 2433 1603 amore,
2460 1553 2549 1604 per
2571 1556 2771 1594 auream
2797 1546 3064 1599 Venerem.
3249 1491 3489 1558 wearum.

1889 1639 2052 1698 Multa
2081 1642 2151 1700 de
2193 1644 2366 1702 Eaco
2404 1657 2458 1703 et
2490 1649 2672 1706 Phoco
2701 1653 2960 1722 Ovidius,
2992 1673 3150 1728 quem
3181 1678 3303 1717 cum
3332 1665 3490 1724 lube«

1886 1734 1996 1805 bit,
2043 1739 2227 1810 legere
2270 1745 2473 1812 poteris
2503 1745 2682 1819 (Ovid.
2709 1791 2723 1814 ,
2761 1750 2851 1806 lib.
2882 1769 2953 1808 vn
2987 1753 3200 1812 Metam.
3227 1801 3240 1822 ,
3274 1761 3302 1833 §
3330 1763 3400 1818 24
3442 1775 3490 1819 et

1809 1809 1858 1870 Β
1884 1847 2024 1903 seqq.
2046 1832 2067 1904 )
2086 1809 2109 1886 ,ί
2137 1809 2308 1903 Quem
2352 1809 2627 1896 Arnobius
2671 1809 2869 1900 dehinc
2900 1809 3309 1907 Achilliswvoca‘l

1884 1931 2058 1979 torem
2081 1966 2097 1992 ,
2129 1927 2174 1980 is
2213 1938 2362 1986 recte
2388 1946 2418 1986 a
2449 1931 2728 1989 Clemente
2767 1935 3144 1998 Alexandrino
3185 1947 3490 2016 appellatur

1882 2017 2106 2087 Peleus,
2139 2023 2231 2096 qui
2269 2026 2521 2082 eumdem
2554 2029 2824 2087 Achillem
2855 2049 2920 2088 ex
2954 2033 3182 2092 Thetide
3226 2055 3484 2110 procrea-

1879 2113 1957 2167 vit
1985 2114 2186 2183 (Clem.
2207 2159 2223 2185 ,
2258 2119 2358 2176 loc.
2389 2122 2476 2175 cit.
2502 2162 2518 2187 ,
2549 2139 2667 2195 pag.
2698 2124 2760 2180 21
2794 2125 2834 2197 ).
2878 2127 2995 2184 Jam
3040 2133 3184 2186 enim
3227 2140 3422 2193 citatus
3451 2156 3483 2196 a

1879 2205 2036 2264 nobis
2087 2209 2358 2268 Hesiodus
2405 2217 2604 2271 cecinit
2651 2217 2959 2292 (Hesiod.,
3005 2223 3263 2300 Theogon.
3291 2271 3307 2297 ,
3350 2249 3479 2289 vers.

1879 2299 2102 2372 l006):

2031 2431 2142 2480 nam
2165 2429 2217 2494 δι’
2233 2429 2413 2484 sitnisi“
2438 2438 2503 2476 0ιά
2525 2441 2630 2488 Θέτις
2653 2441 2878 2494 ἀργυρόπεζα
2897 2475 2909 2492 ,

2031 2497 2058 2533 Γ
2061 2496 2170 2532 ιίνατ⁸
2195 2486 2374 2548 Ᾰχιλλῆιι.

2032 2570 2499 2654 εἶξιιιρληιιὲιιριξω
2511 2574 2608 2624 dea
2626 2574 2819 2639 Thetis,
2836 2581 3069 2634 candidos
3087 2587 3246 2648 pedes
3262 2589 3470 2654 habens,

1999 2623 2183 2678 Genuit
2207 2631 2468 2684 Achillem.

1869 2727 1974 2784 Sed
2008 2731 2112 2789 hoc
2138 2735 2206 2790 ab
2234 2734 2430 2793 Ovidio
2461 2740 2578 2798 fuse
2607 2744 2951 2804 decantatum
2982 2751 3224 2814 invenies
3257 2759 3277 2830 (
3293 2759 3470 2831 0vid.,

158 2805 208 2849 et
229 2807 442 2866 propter
494 2795 708 2852 Peleum
758 2798 931 2856 Thetis
956 2845 971 2867 ,
1023 2813 1231 2873 propter
1283 2803 1549 2862 lasionem
1597 2818 1763 2863 autem

161 2884 316 2909 Ph---
411 2898 444 2909 ,ι
473 2901 677 2909 -_._-._.-,_
740 2891 758 2909 Δ
789 2893 801 2909 ι
879 2892 926 2909 οι
1061 2893 1099 2909 n
1287 2899 1298 2909 .
1444 2899 1481 2909 ιν

1872 2822 1955 2877 lib.
1989 2841 2028 2880 ιι
2070 2826 2438 2904 Melamorplt.,
2469 2835 2497 2907 δ
2525 2795 2619 2909 7⁷)ξ

160 2884 348 2953 Ceres,
399 2898 444 2943 et
469 2901 680 2960 propter
721 2891 1007 2947 Adonidem
1051 2893 1367 2969 Proserpina
1393 2917 1412 2952 :
1444 2899 1610 2955 Venus
1649 2917 1764 2958 vero

157 2990 374 3051 propter
419 2980 640 3037 Martem
664 2994 735 3040 est
762 2987 948 3054 probro
976 2997 1021 3042 et
1057 2988 1305 3046 dedecore
1332 2991 1522 3060 affecta
1554 3036 1570 3061 ,
1615 3005 1762 3049 tran-

155 3072 240 3127 siit
268 3073 341 3127 ad
364 3071 613 3144 Cyniram
638 3117 653 3142 ,
699 3087 747 3131 et
774 3079 947 3147 nupsit
977 3079 1214 3138 Anchisa:
1234 3125 1249 3149 ,
1282 3095 1328 3139 et
1357 3087 1554 3156 paravit
1583 3085 1760 3142 Phae-

159 3169 294 3222 tonti
325 3169 562 3234 insidias,
607 3179 654 3226 et
679 3174 868 3227 amavit
894 3174 1202 3232 Adonidem.

231 3263 505 3319 Tithonus
543 3275 723 3321 autem
765 3265 1186 3337 Laomedontis,
1229 3270 1584 3344 Trojanorum
1625 3277 1769 3348 regis

154 3355 347 3422 frater,
373 3364 431 3409 ut
457 3355 535 3410 ait
561 3356 784 3414 Servius
813 3359 1032 3426 (Servi.,
1069 3362 1122 3417 in
1146 3380 1266 3418 mox
1289 3367 1482 3422 citanti.
1519 3367 1700 3439 Virgil.
1719 3375 1762 3439 ),

150 3449 223 3505 ab
246 3451 456 3506 Aurora
488 3451 557 3506 ob
587 3454 774 3508 l'ormze
804 3458 1166 3523 prmsmntiam
1195 3458 1475 3516 adamatus
1500 3473 1554 3518 et
1580 3472 1764 3532 raptus

147 3543 288 3611 fuit,
323 3558 483 3617 atque
524 3547 574 3602 in
607 3545 939 3620 Ethiopiam
981 3551 1222 3622 ejusdem
1265 3571 1426 3610 curru
1467 3555 1755 3624 advectus,

147 3635 223 3692 ibi
251 3652 322 3692 ex
350 3636 437 3692 illa
465 3639 652 3709 genuit
678 3639 1041 3698 Memnonem.
1073 3642 1225 3700 Unde
1249 3646 1503 3718 Virgilius
1529 3650 1756 3706 cecinit:

901 3758 1001 3808 Aut
1014 3760 1108 3828 ubi
1133 3760 1505 3828 pallidaksurget

257 3813 460 3867 Tithoni
490 3831 716 3870 croceum
747 3818 978 3884 linquens
999 3813 1183 3874 Aurora
1203 3818 1382 3876 cubile.

695 3902 924 3971 (Virgil,
956 3906 1072 3959 lib.i
1097 3910 1292 3976 Georg.,
1318 3925 1441 3965 vers.
1463 3913 1599 3977 M6.)

141 4004 209 4060 Et
235 4019 426 4062 rursus
455 4008 562 4064 alio
595 4009 647 4064 in
680 4011 850 4067 libro:

232 4099 591 4175 Et‘jamprima
615 4117 748 4175 novo
764 4107 1034 4175 spargebat
1054 4107 1238 4161 lumine
1263 4119 1442 4175 terras,

233 4163 448 4216 Tithoni
463 4179 695 4218 croceum
720 4163 948 4234 linque'ns
971 4172 1163 4222 Aurora
1187 4174 1372 4229 cubile.

647 4248 832 4314 (Idem,
858 4250 943 4304 lib.
963 4268 1009 4304 iv
1037 4255 1252 4316 λΕηεὶιιη
1274 4270 1398 4310 vers.
1423 4257 1557 4323 584.)

139 4350 214 4407 De
244 4351 333 4407 his
356 4353 510 4424 plura
538 4354 803 4414 Hesiodus
831 4357 1096 4432 (Hesiod.,
1126 4362 1408 4435 Theogon.,
1433 4381 1561 4422 vers.
1589 4365 1739 4436 90$),

135 4452 190 4498 et
213 4444 532 4515 Propertius
554 4446 850 4520 (ProperL,
878 4451 966 4508 lib.
994 4469 1063 4519 il,
1111 4455 1237 4527 eleg.
1289 4457 1378 4524 18;
1419 4458 1582 4528 idem,
1611 4459 1736 4532 eleg.

136 4535 278 4629 15).
317 4537 404 4606 qui
433 4537 502 4594 de
528 4539 866 4613 Endymione
895 4543 994 4601 hos
1023 4544 1152 4602 fecit
1185 4564 1374 4606 versus
1400 4569 1412 4606 :

244 4647 491 4723 Nudus-et
513 4651 780 4723 Endymion
799 4656 979 4723 thbi
995 4661 1187 4723 cepisse
1210 4676 1429 4716 sororem

325 4711 537 4776 Dicitur,
564 4711 784 4769 et'nudse
810 4711 1285 4777 concubuisserdeae:

129 4815 330 4872 Pastor
366 4817 458 4874 ille
489 4818 696 4889 fuerat,
728 4824 892 4880 Athlii
948 4827 1123 4896 lilius,
1171 4832 1325 4903 cujus
1363 4850 1546 4892 amore
1586 4836 1734 4895 Luna

126 4918 320 4978 capta,
368 4911 419 4966 in
450 4911 624 4969 Latmi
666 4915 840 4972 Caria:
878 4922 1074 4978 montis
1101 4926 1394 4982 occultavit
1433 4943 1633 5000 specu,
1679 4945 1735 4989 et

125 4999 526 5072 dormientem,
569 5007 710 5063 sicut
747 5009 938 5068 Cicero
964 5017 1070 5083 ait,
1113 5019 1386 5075 osculatus
1424 5033 1526 5077 est.
1568 5024 1734 5082 Visne

125 5091 278 5148 illius
308 5097 466 5151 verba
501 5098 597 5153 tibi
631 5099 900 5170 proferri?
934 5105 1012 5161 En
1047 5112 1160 5177 ipsa
1188 5120 1345 5166 sunt:
1378 5131 1397 5165 ι
1426 5114 1729 5187 Endymion

123 5201 293 5252 vero,
324 5191 368 5244 si
402 5189 612 5247 fabulas
640 5195 830 5253 audire
870 5200 1148 5270 volumus,
1195 5208 1378 5264 nescio
1417 5211 1635 5281 quando
1677 5215 1728 5270 in

122 5279 321 5336 Latmo
365 5283 731 5354 obdormivit,
773 5293 862 5360 qui
908 5304 992 5348 est
1038 5312 1194 5354 mons
1235 5279 1446 5370 Carius,
1491 5305 1725 5362 nondom

120 5375 322 5444 opinor
349 5390 719 5447 experrectus.
765 5383 900 5440 Num
946 5387 1109 5460 igitur
1137 5407 1258 5447 cum
1290 5408 1480 5450 curare
1510 5414 1722 5466 censes,

117 5482 247 5523 cum
281 5467 426 5524 Luna
458 5472 698 5541 laboret,
727 5493 756 5530 a
781 5493 882 5549 qna
910 5484 1222 5555 constipims
1252 5499 1501 5557 potator;
1527 5503 1581 5547 nt
1602 5509 1725 5548 eum

118 5563 490 5622 dormientem
523 5571 905 5628 oscularetur»
944 5576 1157 5648 (Cicer.,
1178 5580 1264 5635 lib.
1299 5599 1316 5637 ι
1348 5581 1725 5663 Tuscul.,pag.

119 5657 273 5723 150,
319 5658 415 5712 lin.
453 5659 596 5733 56)?
635 5663 825 5720 Plures
865 5677 1080 5735 autem,
1111 5674 1203 5742 qui
1246 5674 1362 5730 haec
1403 5676 1469 5731 ad
1516 5657 1725 5747 aniles,

121 5769 225 5809 nec
255 5753 556 5812 audiendas
582 5775 836 5830 umquam
867 5763 1104 5834 fabulas,
1138 5783 1242 5823 non
1274 5771 1525 5840 rejieiant
1553 5775 1596 5829 si
1629 5793 1728 5831 au-

121 5845 244 5906 dire
274 5847 586 5918 desideras,
617 5853 771 5910 adire
805 5860 1002 5926 poteris
1026 5860 1407 5935 Theocritum,
1441 5867 1724 5941 Ovidium,

409 5957 420 5970 '
494 5944 774 6011 Panos.
825 5949 899 6010 Υ.

1941 2916 2147 2976 Ferunt
2175 2935 2355 2982 autem
2389 2927 2769 3004 Proserpinam
2803 2955 2867 2994 ac
2900 2941 3163 3000 Venerem
3187 2989 3200 3012 ,
3236 2949 3467 3007 Adonim

1867 3014 2069 3080 pariter
2096 3015 2473 3088 deperientes,
2510 3025 2576 3078 ad
2609 3025 2756 3084 Jovis
2787 3034 3004 3090 venisse
3037 3035 3333 3109 judicium,
3360 3059 3471 3114 quo

1867 3106 1960 3163 ille
2003 3114 2380 3178 pronuntiaret
2421 3120 2636 3176 cuinam
2693 3139 2756 3180 ex
2811 3127 3020 3185 duabus
3058 3134 3464 3194 concederetur.

1788 3197 1832 3260 C
1869 3200 2004 3256 Dato
2031 3219 2163 3260 vero
2191 3207 2259 3262 ab
2287 3225 2353 3264 eo
2383 3209 2480 3265 fuit
2519 3213 2627 3269 litis
2667 3217 2867 3274 arbitra
2900 3233 2954 3279 et
2983 3223 3150 3292 judcx
3189 3227 3461 3298 Calliope,

1871 3310 1992 3365 quae
2034 3300 2348 3369 constituit,
2389 3314 2446 3360 ut
2489 3306 2636 3362 illum
2679 3327 3015 3387 unaqumque
3055 3333 3149 3386 per
3185 3319 3464 3378 dimidiam

1867 3389 1992 3443 anni
2043 3401 2248 3460 partem
2294 3397 2614 3465 possideret.
2648 3401 2792 3476 Lege
2815 3449 2829 3472 ,
2862 3407 2904 3462 si
2949 3409 3078 3464 velis
3102 3454 3116 3478 ,
3155 3411 3420 3484 Hyginum
3443 3458 3460 3484 ,

1868 3482 2256 3551 Apollodorum
2287 3529 2302 3551 ,
2360 3498 2416 3544 et
2467 3490 2745 3550 Giraldnm
2791 3498 3063 3571 (Hygin.,
3125 3482 3458 3571 Asirbnom.,

1864 3585 2039 3642 poet.;
2068 3577 2266 3648 Apoll,
2301 3581 2388 3637 lib.
2423 3600 2480 3639 ιιι
2505 3584 2796 3656 Biblioth.;
2847 3592 3074 3664 Cirald.,
3104 3610 3359 3672 syntagm.
3396 3604 3462 3660 15

1862 3667 2027 3735 deor.,
2063 3689 2182 3744 pag.
2214 3673 2319 3731 596

1929 3762 2114 3820 Jasion
2147 3784 2310 3837 porro
2339 3771 2408 3824 ab
2438 3782 2660 3832 auctore
2693 3789 2879 3835 nostro
2909 3784 3212 3843 rusticanus
3239 3790 3456 3861 quidem

1857 3858 2041 3914 nescio
2079 3860 2236 3929 quis,
2285 3863 2378 3916 sed
2425 3880 2452 3917 a
2497 3865 2694 3924 Nonuo
2742 3872 2823 3925 vir
2848 3876 3122 3946 agricola,
3159 3889 3214 3934 et
3242 3858 3456 3940 Cereris

1853 3949 2053 4019 conjux
2073 3993 2088 4018 ,
2121 3952 2191 4007 ab
2220 3955 2342 4010 aliis
2371 3955 2522 4014 Jovis
2552 3972 2607 4015 ct
2638 3961 2904 4033 Electrae,
2938 3979 2991 4022 et
3027 3971 3094 4026 ab
3132 3973 3453 4043 quibusdam

1851 4039 2058 4097 Menois
2088 4054 2142 4099 et
2172 4044 2430 4102 Phroniae
2465 4051 2605 4107 illius
2635 4053 2834 4111 dicitur
2862 4058 3093 4131 (Name,
3125 4039 3212 4119 lib.
3247 4083 3416 4123 sunt
3436 4111 3451 4136 ,

1848 4149 1978 4189 vers.
2011 4135 2152 4202 969,
2204 4147 2250 4191 et
2290 4155 2425 4211 seqq.
2447 4141 2484 4212 ).
2535 4144 2619 4200 Ah
2664 4145 2900 4204 Hesiodo
2940 4159 3119 4207 autem
3165 4153 3448 4228 (Hesiod.,

1849 4226 2110 4301 Theogon.
2134 4246 2263 4288 vers.
2292 4233 2432 4307 969)
2460 4238 2775 4307 perhibetur
2799 4259 2866 4299 ex
2889 4244 3087 4303 Cerere
3112 4248 3328 4309 Plutum
3355 4226 3452 4326 ge.

1845 4336 2067 4378 ηυιεεθε

1998 4453 2166 4508 Aspim?
2185 4455 2250 4502 μὲν
2271 4455 2437 4495 Πλώτιον
2460 4459 2633 4507 ιγιὶνατο,
2659 4456 2725 4499 δία
2748 4462 2860 4502 Osis»
2881 4492 2892 4508 ,

1999 4501 2112 4566 ἰασίμῳ
2243 4519 2373 4568 μιγιῖσ¹
2397 4501 2505 4571 ινατῇ
2523 4501 2696 4573 φιλότητι.

1939 4586 2527 4673 Ceroquuidenrl’lutum
2546 4600 2739 4673 genuit.
2762 4605 3161 4661 prmstanlissima
3187 4608 3408 4673 dearum,

1937 4649 2073 4701 Jasio
2096 4649 2237 4704 heroi
2261 4656 2415 4705 mixta
2431 4649 2645 4720 jucunde
2660 4649 2847 4713 amore.

1842 4752 1944 4809 Adi
1971 4755 2182 4825 adhuc,
2212 4760 2256 4814 si
2288 4761 2454 4829 velis,
2497 4774 2551 4818 et
2591 4776 2779 4833 vacet,
2815 4769 3164 4830 Theocritum
3208 4789 3261 4832 et
3304 4780 3438 4834 Ovi-

1840 4848 1986 4904 dium
2031 4849 2304 4922 (T/ieocr.,
2343 4855 2498 4926 idyl.,
2552 4873 2680 4916 vers.
2715 4860 2816 4923 50;
2853 4863 3025 4933 0vid.,
3057 4869 3148 4923 lib.
3180 4886 3232 4924 ix
3266 4871 3438 4928 Meta-

1839 4945 2066 5014 morph.,
2104 4944 2132 5019 §
2167 4947 2223 5002 11
2252 4948 2290 5016 ).

1910 5039 1979 5092 At
2006 5053 2110 5093 n0n
2140 5039 2373 5097 Jasionis
2400 5043 2588 5107 solius,
2622 5049 2715 5103 sed
2744 5050 2967 5107 Vulcani
2998 5055 3159 5110 etiam
3181 5097 3198 5122 ,
3228 5059 3432 5128 Martis,

1834 5128 2146 5187 Phaetontis
2188 5143 2243 5189 et
2283 5135 2533 5191 Anchisa!
2576 5141 2910 5210 nequissimo
2949 5162 3133 5202 amore
3164 5149 3430 5220 impudica

1837 5221 2019 5279 Venus
2048 5224 2307 5296 ﬂagrat’it.
2360 5228 2436 5283 De
2475 5229 2642 5288 Marte
2674 5245 2849 5288 autem
2887 5238 3042 5304 paulo
3083 5250 3240 5307 ante,
3274 5259 3337 5298 ac
3365 5246 3431 5301 de

1833 5313 2153 5382 Phaetonte,
2179 5334 2271 5374 seu
2302 5323 2479 5389 potius
2504 5322 2719 5378 Phaone
2748 5327 2799 5379 in
2828 5330 3106 5396 superiore
3128 5334 3430 5403 Apparatus

1833 5411 2004 5464 nostri
2034 5423 2178 5466 tomo
2201 5415 2558 5469 disseruimus
2583 5418 2727 5486 (tom.
2775 5435 2789 5474 ι
2827 5421 3106 5491 Apparat.,
3131 5445 3249 5498 pag.
3275 5431 3428 5504 707).

1902 5501 2008 5558 Sed
2041 5505 2329 5562 observare
2360 5509 2446 5563 hic
2470 5509 2622 5579 juvat
2658 5513 2925 5581 triplicem
2958 5538 2983 5567 ει
3017 5519 3282 5578 Cicerone
3313 5525 3429 5581 dis-

1833 5595 1997 5666 tingui
2021 5596 2290 5654 Venerem
2311 5643 2325 5665 ,
2353 5617 2578 5671 quarum
2609 5623 2629 5654 (
2657 5606 2809 5662 tertia
2835 5628 2854 5661 ι
2884 5611 3054 5682 inquit
3076 5612 3278 5680 (Cicer.
3311 5617 3428 5685 lib.,

1830 5703 1886 5742 ιιι
1930 5688 1993 5742 de
2041 5687 2169 5745 Nat.
2205 5693 2348 5747 deor.
2383 5711 2504 5766 pag.
2539 5697 2646 5752 218
2669 5741 2682 5763 ,
2717 5701 2808 5754 Im.
2840 5702 2972 5775 28),
3004 5723 3022 5756 ‹
3052 5704 3193 5762 Jove
3229 5721 3350 5763 nata
3383 5724 3438 5766 et

1836 5780 2036 5850 Dione,
2083 5787 2264 5852 nupsit
2309 5784 2594 5843 Vulcano»
2632 5791 2681 5845 in
2724 5811 2919 5864 quam,
2966 5807 3020 5851 ut
3065 5797 3218 5855 dixit.
3257 5810 3446 5854 auctor

1832 5887 2038 5951 noster,
2073 5877 2318 5938 ardebat.
2373 5881 2524 5950 Quod
2559 5885 2771 5954 quidem
2805 5892 3164 5947 conﬁrmatur
3215 5892 3457 5950 nServio

2716 5980 2795 6034 17
