3990 6072
434 246 538 309 517

1660 253 2115 322 DISSEBTATIO
2153 258 2437 324 ΡΜινιΑ

3614 277 3725 340 ΒΜ

431 363 593 417 etiam
621 371 704 418 est
727 376 827 418 una
853 364 1093 423 omnium
1120 362 1327 425 facies?
1368 365 1502 425 Nam
1533 370 1580 428 si
1607 370 1828 442 plures;
1860 374 2019 429 aliam
2048 376 2101 442 Α
2126 378 2398 450 repandis,
2435 399 2453 432 ι
2482 380 2594 439 sive
2616 392 2828 437 sursum
2851 384 3118 442 recurvis.
3140 386 3271 461 Quls
3298 402 3427 445 vero
3450 404 3556 449 non
3589 391 3726 451 fate-

432 468 557 509 esse
585 455 687 510 alia
716 455 1042 526 pulcriorem
1089 472 1315 514 necesse
1350 471 1527 517 est....
1574 462 1633 518 Si
1689 466 1833 519 enim
1887 466 2023 521 nihil

427 544 572 601 inter
599 546 759 603 deum
799 557 853 604 et
886 547 1047 604 deum
1070 548 1274 618 dim-rt,
1295 553 1437 607 nulla
1467 563 1551 609 est
1572 556 1712 625 apud
1743 557 1876 613 deos
1900 574 2025 624 cog-

425 640 584 706 nitio,
614 642 760 696 nulla
796 643 1086 714 perceptio.
1112 662 1132 696 ›
1161 642 1373 718 (Civem,
1392 647 1482 701 lib.
1507 649 1606 703 ide
1627 648 1822 707 Natur.
1853 652 2019 717 deor.,

426 748 550 804 pag.
579 731 707 799 207,
737 733 831 789 lin.
864 733 945 805 5.)

497 824 779 882 Labeones
806 839 1020 895 autem,
1050 828 1120 885 de
1145 830 1338 902 quibus
1383 832 1590 889 Plinius
1618 833 1786 906 (Plin.
1806 879 1821 904 ,
1856 838 1949 893 lib.
1983 853 2021 894 ιι

418 916 564 973 Hist.
595 929 791 987 natur.,
817 936 933 992 cap.
965 922 1055 986 '57,
1085 940 1211 995 pag.
1233 923 1387 997 555),
1414 937 1469 980 et
1488 925 1598 991 alii,
1623 931 1692 982 ab
1717 930 2020 985 immodicis

417 1012 578 1067 labiis
635 1014 888 1083 appellati
937 1028 1083 1070 sunt.
1118 1017 1250 1073 Vide
1277 1034 1457 1075 autem
1488 1024 1665 1076 utrum
1695 1023 1938 1078 silunculi
1964 1033 2021 1080 et

416 1106 603 1171 nterii,
648 1106 681 1160 ii
727 1108 868 1172 sint,
918 1124 1054 1179 quos
1079 1110 1268 1165 Cicero
1305 1113 1455 1177 silos,
1489 1125 1542 1168 et
1573 1130 1783 1170 naevum
1819 1119 2020 1174 habere

415 1197 575 1253 dixit.
618 1197 884 1255 Verentur
930 1208 1107 1256 tamen
1161 1218 1229 1258 ne
1282 1215 1537 1274 corrupta
1569 1205 1678 1260 sint
1709 1206 1763 1262 in
1792 1206 2018 1264 Arnobii

411 1298 564 1346 textu
614 1289 732 1345 haec
773 1292 1056 1347 vocabula.
1091 1292 1221 1349 Nam
1250 1294 1305 1349 in
1337 1297 1485 1367 regio
1515 1298 1704 1353 codice
1731 1300 2019 1358 cilunculos

413 1397 468 1441 et
497 1388 733 1442 nwvimos
754 1389 1005 1460 legimus.
1037 1388 1149 1446 Nec
1194 1393 1374 1447 minus
1414 1394 1707 1464 depravata
1730 1411 1833 1451 vox
1853 1398 2018 1452 sacci-

414 1480 613 1537 bucces.
672 1482 729 1537 In
777 1483 968 1538 eodem
1014 1484 1156 1539 enim
1206 1486 1394 1543 codice
1445 1490 1595 1558 regio
1646 1492 2015 1560 manu~cripto

408 1577 670 1645 scriptum
713 1586 797 1632 est
849 1578 1134 1632 sacrivoces
1181 1581 1271 1635 alii
1329 1584 1623 1650 acrivoces,
1671 1585 2012 1642 scribendum

407 1668 772 1737 suSpicantur.
829 1669 934 1724 Sed
966 1669 1085 1724 sine
1114 1673 1506 1729 emendatioris
1530 1675 1761 1745 alicujus
1790 1693 2013 1734 manus-

2126 470 2271 527 bitur
2285 473 2353 527 ab
2369 483 2600 547 utroque
2617 476 3028 533 evidentissima
3043 478 3404 540 demonstrari
3428 499 3536 540 non
3554 487 3725 544 mino-

2124 578 2239 618 rem
2267 579 2390 620 esse
2420 567 2748 623 dementiam
2781 568 3147 627 Romanorum
3174 573 3515 649 aliorumque
3545 580 3723 649 genti-

2122 653 2289 722 lium,
2340 658 2433 728 qui
2488 658 2621 715 deos
2677 660 2911 718 humana
2971 662 3144 727 facie,
3196 673 3254 723 et
3303 682 3426 724 cum
3471 670 3721 729 animalis

2123 747 2405 817 cujusdam
2439 751 2739 824 insignibus
2768 768 3187 827 repracsentatos
3216 761 3505 830 colebant,
3555 780 3719 835 quam

2123 839 2522 915 IEgyptiorum,
2544 847 2635 918 qui
2655 848 2904 906 animalia
2938 851 3076 922 ipsa,
3099 861 3374 927 tamquam
3400 856 3531 915 deos
3553 875 3719 917 vene-

2125 936 2409 992 rebantur.

2194 1027 2393 1086 Verum
2432 1032 2706 1091 Arnobius
2750 1037 3015 1094 insaniam
3041 1039 3187 1096 illam
3208 1042 3317 1098 alio
3344 1044 3524 1102 adhuc
3547 1047 3719 1104 ariete

2121 1126 2379 1187 concutit.
2405 1137 2459 1182 et
2478 1129 2673 1184 evertit
2701 1129 2939 1201 (Arnob.,
2959 1132 3051 1188 lib.
3072 1149 3150 1192 ιιι.
3178 1152 3278 1207 pag
3320 1138 3446 1205 109,
3479 1148 3526 1194 et
3555 1138 3714 1212 seq.).

2119 1217 2174 1271 Si
2204 1217 2439 1285 aselluli,
2472 1219 2665 1291 inquit,
2697 1236 2863 1279 canes
2897 1235 2953 1279 et
2989 1226 3139 1295 porci
3166 1228 3387 1300 aliquid,
3411 1230 3478 1286 ad
3504 1231 3716 1288 discen-

2118 1311 2217 1367 das
2264 1323 2411 1369 artes
2434 1356 2451 1381 ,
2503 1314 2724 1372 humani
2762 1318 2959 1389 ingenii
2993 1319 3285 1388 haberent,
3319 1333 3478 1396 atque
3507 1324 3574 1381 ad
3617 1343 3717 1383 nos

2121 1405 2506 1475 honorandos,
2538 1418 2746 1466 statuas
2776 1410 3151 1485 imaginesque
3183 1416 3287 1472 sibi
3312 1416 3516 1485 similes
3544 1418 3714 1476 fabri-

2119 1508 2349 1564 carent,
2410 1516 2592 1557 nonne
2638 1502 2858 1575 indigne
2914 1522 3134 1576 prorsus
3161 1523 3261 1565 nec
3287 1511 3404 1566 sine
3432 1513 3715 1569 stomacho

2120 1599 2431 1660 pateremur
2453 1593 2742 1651 bestiarum
2773 1598 2947 1654 forma
2973 1615 3070 1655 nos
3089 1603 3379 1660 exhiberi?
3418 1605 3606 1662 Nonne
3633 1607 3715 1679 ip-

2117 1683 2279 1739 simet
2308 1686 2510 1744 ethnici
2547 1689 2957 1760 indignarentur
2981 1694 3268 1752 Romulum
3298 1701 3509 1756 asinina
3540 1701 3711 1774 ﬁgura

403 1760 563 1830 cripti
600 1762 803 1818 codicis
839 1778 944 1834 ope
986 1779 1103 1834 quae
1134 1780 1259 1820 vera
1289 1768 1361 1821 sit
1384 1768 1547 1824 lectio
1572 1770 1693 1840 quis
1724 1782 1878 1828 certo
1917 1774 2012 1829 de-
2040 1781 2091 1842 B
2117 1785 2529 1849 repraesentari,
2572 1783 2798 1842 Numam
2848 1790 3065 1859 canina,
3096 1801 3154 1848 et
3176 1795 3395 1862 porcina
3421 1796 3705 1867 Catonem,

402 1854 559 1909 ﬁnire
587 1855 821 1926 poterit?

476 1946 644 2018 Urget
671 1948 943 2005 Arnobius
966 1954 1150 2022 negari
1179 1954 1246 2008 ab
1275 1955 1511 2012 ethnicis
1553 1973 1661 2013 non
1690 1973 1848 2029 posse
1874 1975 2009 2031 qua-

400 2040 482 2096 les
535 2041 919 2112 descripsimus
943 2085 959 2108 ,
1018 2045 1148 2100 tales
1178 2061 1208 2100 a
1237 2046 1351 2101 suis
1394 2047 1575 2121 efﬁngi
1603 2050 1759 2107 deos.
1787 2052 1919 2109 Nam
1949 2054 2004 2110 id

400 2147 589 2188 eorum
612 2144 663 2190 et
690 2151 709 2185 ‹
740 2134 991 2205 produnt,
1028 2154 1048 2188 ι
1085 2137 1158 2191 uti
1184 2138 1277 2194 ille
1303 2140 1536 2210 loquitur
1557 2139 1909 2216 (Arnob.,lib.
1930 2162 2002 2214 tv,

398 2244 522 2298 pag.
550 2223 702 2299 108),
739 2245 759 2279 ι
797 2237 958 2298 atque
998 2227 1240 2285 indicant
1283 2231 1539 2289 ofﬁcinae.
1573 2236 1852 2302 Siquidem
1880 2255 2003 2295 cum

398 2318 577 2374 fat-itis
615 2328 778 2390 atque
819 2319 1123 2377 informatis
1153 2322 1307 2391 deos,
1339 2324 1442 2381 hos
1467 2329 1696 2384 crinitos
1723 2329 2000 2402 effingitis,

396 2412 537 2468 alios
566 2412 751 2480 laeves,
783 2428 963 2481 senes,
984 2415 1231 2485 juvenes,
1264 2433 1486 2488 pueros,
1519 2423 1754 2492 aquilos,
1787 2427 2001 2495 caesios,

397 2524 580 2575 ravos,
609 2509 947 2577 seminudos,
982 2512 1235 2578 inlectos,
1267 2525 1360 2569 aut
1387 2532 1455 2571 ne
1487 2516 1655 2589 frigus
1706 2522 2001 2578 incommo-

396 2602 505 2665 det,
540 2601 821 2657 ﬂuidarum
854 2607 1084 2659 vestium
1138 2608 1539 2676 superjet-tione
1569 2612 1837 2681 perfusos.
1878 2636 1897 2668 ι
1926 2617 1995 2673 Et

393 2694 513 2750 haec
534 2709 746 2763 quoque
775 2709 842 2750 ex
872 2695 1062 2752 eodem
1116 2695 1395 2755 Ciceronis
1439 2701 1577 2757 libro
1625 2704 1815 2763 hausta
1846 2722 1993 2765 sunt.

393 2785 526 2841 Post
550 2787 711 2840 citata
739 2786 884 2842 enim
909 2802 940 2841 a
970 2788 1128 2843 nobis
1153 2788 1270 2860 ejus
1300 2791 1464 2847 verba
1485 2834 1501 2859 ,
1538 2794 1845 2854 institutum
1874 2816 1996 2855 Scr-

392 2894 609 2935 monem
638 2879 718 2935 sic
738 2881 1119 2952 prosequitur:
1150 2901 1169 2935 ‹
1198 2884 1363 2939 Nobis
1396 2885 1627 2945 fortasse
1654 2892 1699 2946 si
1735 2898 1994 2962 occurrit,

391 2980 449 3026 ut
471 2971 633 3038 dicis,
664 2971 889 3037 Jovem,
931 2972 1238 3045 lunonem,
1275 2977 1610 3051 Minervam,
1661 2985 1992 3060 Neptunum,

391 3062 690 3121 Vulcanum
715 3107 732 3131 ,
782 3066 1087 3136 Apollinem
1110 3110 1126 3133 ,
1171 3070 1410 3142 reliquos
1432 3074 1564 3131 deos
1585 3094 1647 3133 ea
1678 3078 1818 3137 facie
1844 3088 1996 3138 navi-

390 3172 547 3219 mus.
580 3173 686 3227 qua
715 3159 954 3229 pictores
995 3161 1321 3232 lictoresque
1349 3167 1678 3238 voluerunt;
1705 3189 1880 3243 neque
1906 3194 1998 3233 so-

389 3250 502 3306 lum
530 3250 687 3316 fat-ie,
721 3252 814 3308 sed
842 3254 1003 3310 etiam
1036 3266 1229 3311 ornatu
1261 3299 1275 3323 ,
1326 3270 1490 3331 atque
1541 3267 1838 3324 vestitu....
1880 3270 1994 3329 Isto

389 3344 537 3399 enim
564 3343 725 3398 modo
745 3345 927 3400 dicere
955 3345 1138 3402 licebit
1184 3348 1376 3406 Jovem
1422 3368 1640 3423 semper
1687 3360 1990 3434 barbatum,

390 3434 698 3503 Apollinem
722 3450 940 3506 semper
960 3438 1279 3506 imberbem,
1303 3444 1492 3501 caesios
1513 3449 1699 3505 oculos
1717 3453 1989 3523 Minervae,

387 3528 655 3583 creruleos
700 3543 820 3583 c~se
864 3527 1118 3598 Neptuni.
1152 3552 1173 3585 ι
1226 3532 1433 3605 (Cicer.,
1482 3537 1572 3593 lib.
1615 3557 1631 3596 ι
1673 3544 1738 3598 de
1769 3544 1989 3616 Natur.,

389 3636 514 3691 pag.
541 3620 671 3683 207,
702 3620 796 3674 lin.
834 3620 946 3688 12.)
1005 3620 1197 3679 Nonne
1248 3638 1427 3681 autem
1486 3630 1610 3686 inde
1642 3637 1775 3690 satis
1804 3650 1991 3708 aperte

386 3714 675 3769 coniicitur
720 3729 857 3784 quas
903 3716 1184 3785 gentilium
1236 3721 1481 3777 ofﬁcinas
1514 3729 1784 3787 Arnobius
1811 3746 1987 3803 vocat,

387 3802 489 3860 bas
519 3804 662 3875 ipsas
687 3820 809 3860 esse
837 3806 1086 3875 istorum,
1115 3821 1169 3863 ut
1192 3810 1266 3864 ait
1285 3810 1497 3881 Cicero,
1524 3817 1790 3888 pictorum
1814 3839 1877 3881 ac
1894 3802 1989 3882 ﬁc-

388 3908 597 3964 torum,
645 3898 738 3969 qui
786 3897 1011 3955 deorum
1051 3900 1332 3973 imagines,
1362 3915 1566 3965 statuas
1594 3921 1650 3967 et
1677 3916 1985 3987 simulacra,

385 3991 662 4063 quomodo
732 4003 958 4064 uterque
1023 3993 1359 4066 descripsit,
1432 4002 1637 4074 ﬁngere
1695 4009 1986 4069 solebant?

384 4082 555 4141 Recte
597 4100 726 4154 ergo
772 4084 899 4142 inde
939 4086 1102 4143 ambo
1144 4090 1479 4149 concludunt
1506 4095 1640 4153 nihil
1674 4099 1789 4157 Deo
1814 4108 1984 4174 magis

378 4176 662 4251 indignum
688 4194 752 4235 ac
773 4180 1222 4239 contumeliosum
1270 4200 1432 4254 posse
1473 4203 1728 4262 umquam
1758 4201 1982 4273 excogi-

382 4268 511 4326 tari.

452 4360 562 4417 Sed
599 4361 838 4432 pressius
882 4361 1061 4419 adhuc
1107 4381 1231 4421 cum
1272 4368 1506 4428 ethnicis
1546 4376 1658 4446 agit
1707 4383 1979 4441 Arnobius

381 4455 622 4530 (Arnob.,
648 4457 739 4511 lib.
771 4470 850 4520 ut,
880 4473 1001 4529 pag.
1029 4456 1156 4532 109)
1177 4501 1191 4523 ,
1216 4470 1269 4517 et
1298 4478 1523 4521 summa:
1548 4470 1625 4525 ait
1651 4487 1775 4530 esse
1796 4477 1977 4534 stulti-

2114 1871 2233 1930 sive
2276 1874 2596 1934 Ciceronem
2626 1920 2643 1947 ,
2691 1890 2784 1938 aut
2825 1883 2986 1940 alium
3019 1886 3355 1954 quemlibet?
3380 1889 3496 1947 Jam
3527 1903 3710 1950 autem

2112 1968 2345 2025 vidimus
2391 1970 2728 2031 Clementem
2776 1977 3204 2037 Alexandrinqu
3262 1984 3316 2039 in
3374 1986 3707 2046 Stromatum

2111 2061 2266 2118 libris
2309 2066 2501 2121 eodem
2539 2076 2726 2124 contra
2772 2073 3001 2142 gentiles
3040 2090 3191 2131 usum
3215 2091 3338 2135 esse
3359 2095 3705 2154 argumento,

2118 2167 2282 2227 atque
2321 2159 2567 2215 eamdem
2615 2161 2667 2216 in
2713 2177 2826 2219 rem
2871 2165 2941 2220 ab
2969 2164 3102 2236 illo,
3156 2173 3609 2240 quemadmodum
3638 2178 3710 2235 ab

2109 2245 2367 2315 Ettsebio,
2395 2261 2450 2307 et
2477 2250 2860 2324 Thsodoreto,
2892 2259 3043 2315 citari
3075 2261 3428 2337 Xenophanis
3468 2274 3706 2330 carmina

2115 2341 2291 2414 (Tom.
2320 2362 2337 2400 ι
2379 2347 2634 2416 Apparet.
2690 2349 2782 2406 lib.
2811 2367 2893 2422 tu,
2924 2354 3130 2414 dissert.
3153 2357 3212 2427 2,
3240 2377 3361 2433 cap.
3395 2364 3483 2432 14,
3514 2376 3614 2423 art.
3652 2368 3702 2437 1,

2106 2455 2229 2511 pag.
2260 2440 2449 2515 1089).

2175 2531 2246 2585 At
2275 2532 2369 2598 dii,
2396 2536 2471 2590 uti
2495 2543 2724 2598 assumit
2746 2544 3047 2613 Arnobius,
3072 2547 3342 2621 indignius
3373 2552 3513 2611 ferre
3538 2553 3708 2616 debe-

2103 2632 2225 2679 rent
2252 2640 2312 2681 se
2337 2629 2407 2683 ab
2436 2630 2743 2691 hominibus
2791 2635 3024 2693 humana
3045 2682 3060 2705 ,
3110 2657 3271 2710 quam
3312 2643 3559 2704 homines
3582 2664 3643 2707 se
3671 2668 3704 2708 a

2102 2714 2289 2772 bestiis
2319 2719 2547 2777 belluina
2583 2724 2721 2783 facie
2758 2728 2995 2801 depingi.
3041 2731 3222 2806 Longe
3253 2738 3426 2810 major
3447 2743 3589 2797 enim
3618 2754 3706 2802 est

2100 2806 2325 2865 deorum
2355 2813 2423 2869 ab
2444 2813 2753 2876 hominibus
2772 2862 2788 2889 ,
2811 2839 2971 2893 quam
3002 2825 3277 2885 hominum
3310 2806 3559 2892 avbelluis
3584 2838 3701 2895 dis-

2100 2905 2397 2972 crepantia.
2416 2906 2624 2979 Ecquid
2656 2927 2806 2980 vero,
2833 2915 3008 2986 inquit
3036 2919 3331 2991 Arnobius,
3358 2945 3377 2978 ι
3402 2928 3453 2983 in
3480 2929 3701 2991 homine

2099 2994 2382 3064 pulchrum
2400 3000 2423 3054 ?
2439 3002 2587 3072 quid,
2605 3021 2811 3075 qumso,
2826 3009 3166 3078 admirabile.
3184 3019 3269 3074 vel
3291 3019 3570 3089 decorum.
3593 3029 3698 3087 nisi

2095 3088 2239 3157 quod
2269 3100 2321 3146 et
2349 3094 2560 3151 clurino
2585 3115 2706 3154 cum
2739 3117 2966 3174 pecore,
3010 3126 3029 3160 υ
3078 3109 3152 3166 ita
3193 3129 3295 3170 ms.
3326 3118 3495 3175 codex
3525 3133 3581 3178 et
3611 3125 3698 3179 ul-

2023 3174 2069 3237 C
2103 3183 2229 3239 lima
2257 3185 2441 3255 editio,
2473 3190 2726 3269 «(Nescio
2771 3198 2892 3267 quis
2940 3212 3132 3259 auctor
3180 3208 3349 3264 voluit
3387 3226 3510 3268 esse
3548 3229 3699 3272 com-

2097 3293 2278 3375 mune.
2313 3301 2331 3333 ι
2369 3283 2610 3352 (Arnob,
2658 3289 2743 3344 lib.
2781 3307 3002 3368 nt,pag.
3037 3299 3187 3373 110.)
3242 3306 3423 3375 Αρυόι
3451 3308 3694 3370 Plautum

2096 3373 2314 3442 quidem
2348 3377 2574 3443 legimus
2596 3382 2842 3440 clusirnm
2872 3405 3028 3456 pecus
3059 3408 3079 3447 :
3124 3396 3220 3450 sed
3273 3373 3422 3469 putat
3468 3402 3695 3466 Vossius

2095 3467 2163 3520 ab
2188 3467 2279 3522 illo
2303 3472 2561 3541 scriptum
2597 3475 2765 3533 fuisse
2791 3483 3048 3540 clurinum
3076 3505 3248 3558 pecus.
3279 3510 3451 3563 eoque
3478 3501 3695 3558 nomine

2092 3557 2277 3614 simias
2316 3563 2603 3631 significari
2633 3568 2838 3639 (Plaut.
2872 3573 3113 3633 'Comazd.
3135 3623 3151 3647 ,
3197 3557 3453 3654 Tractat,
3484 3602 3583 3647 act.
3618 3594 3691 3664 2,

2092 3668 2234 3709 scen.
2256 3654 2325 3721 2;
2371 3655 2538 3728 Voss.,
2572 3660 2866 3738 Etgmolog.
2891 3672 2959 3723 ad
2984 3672 3184 3728 verbum
3210 3677 3413 3755 CLURA)
3454 3683 3518 3739 Al
3545 3654 3695 3743 certe

2092 3743 2198 3802 hoc
2224 3763 2389 3806 sensu
2415 3752 2484 3806 ab
2507 3753 2752 3813 Arnobio
2800 3772 2988 3818 nostro
3037 3768 3205 3838 accipi
3258 3743 3487 3846 videtur,
3528 3791 3692 3852 atque

2091 3835 2178 3894 bis
2207 3842 2387 3899 verbis
2412 3861 2427 3897 :
2458 3844 2649 3904 Nescio
2673 3851 2788 3922 quis
2808 3866 3012 3922 auctor,
3034 3835 3266 3919 Ennium
3299 3835 3525 3926 laudari.
3552 3835 3689 3930 Dium

2087 3935 2235 3991 enim
2277 3936 2395 3995 haec
2441 3943 2747 4014 scribebat,
2778 3947 2831 4003 in
2878 3963 3057 4009 mente
3105 3960 3474 4025 proculdubio
3502 3965 3692 4026 habuit

2088 4026 2234 4085 hunc
2262 4031 2540 4091 Ciceronis
2584 4039 2760 4097 locum
2794 4042 3007 4116 (Ciam,
3041 4049 3130 4104 lib.
3162 4052 3265 4108 ide
3292 4053 3481 4113 Natur.
3514 4060 3684 4133 deor.,

2087 4137 2210 4193 pag.
2243 4124 2372 4191 eos,
2405 4127 2499 4183 lin.
2531 4130 2626 4202 s7)
2654 4151 2669 4187 ε
2700 4153 2720 4186 ι
2752 4133 2870 4205 Ipsa
2919 4154 3083 4208 vero,
3125 4160 3289 4212 quum
3322 4149 3453 4206 nihil
3479 4152 3546 4208 ad
3568 4124 3684 4212 rem

2086 4216 2348 4286 pertinet,
2370 4235 2492 4291 quae
2514 4238 2610 4278 vos
2633 4229 2867 4286 maxime
2889 4230 3124 4291 delectat
3151 4238 3486 4301 similitudo?
3509 4244 3686 4317 Quid?

2085 4310 2235 4365 canis
2265 4326 2446 4369 nonne
2467 4314 2662 4375 similis
2690 4319 2849 4392 lupo?
2872 4344 2893 4377 ι
2929 4327 3109 4398 Atque
3130 4339 3189 4386 ut
3214 4332 3420 4395 Ennius
3444 4355 3461 4394 :

2178 4446 2329 4498 Simia
2348 4461 2495 4514 quam
2513 4454 2691 4507 similis
2712 4460 2993 4523 turpissima
3012 4464 3172 4518 bestia
3196 4470 3356 4523 nobis.

377 4547 467 4607 ιίω
497 4550 566 4606 ab
596 4550 827 4605 ethnicis
873 4551 1087 4605 irrideri
1136 4553 1418 4623 Icttigmata
1447 4559 1851 4637 Egyjntittrum,
1882 4570 1975 4640 qui
2001 4562 2054 4623 D
2080 4568 2253 4643 Major
2280 4588 2410 4647 ergo
2439 4576 2544 4635 diis
2570 4578 2629 4636 fit
2656 4588 2980 4643 contumelia
3005 4631 3020 4657 ,
3064 4591 3185 4648 cum
3211 4595 3416 4654 similes
3446 4599 3677 4659 homini-

373 4644 628 4700 animalia
657 4643 935 4705 vilissima.
960 4660 1187 4701 numero
1207 4646 1435 4705 deormu
1460 4654 1755 4727 adscripta,
1784 4664 1978 4720 solem.

374 4734 532 4793 nilms
553 4735 868 4793 cerimoniis
903 4746 956 4792 et
984 4737 1176 4793 ritibus
1204 4738 1562 4803 honorabant.
1593 4748 1863 4819 Ipsosmet
1897 4756 1972 4812 si-

370 4830 589 4904 quidem
642 4828 888 4885 cthnicos
930 4846 1034 4884 non
1094 4832 1329 4902 pudebat
1378 4836 1693 4907 hominum.
1738 4846 1969 4916 adjecﬁs

368 4921 688 4992 quibusdam
717 4920 1029 4977 animalium
1059 4922 1385 4994 insignibus,
1420 4938 1690 5003 tamquam
1733 4938 1963 4997 deorum

365 5027 587 5070 suorum
631 5029 787 5070 veras
840 5015 1048 5086 effigies
1091 5017 1274 5074 colere
1328 5037 1392 5075 ac
1449 5029 1716 5085 venerari.
1752 5034 1821 5087 At
1851 5035 1966 5092 haec

363 5120 556 5163 rursus
602 5106 836 5162 delibata
884 5118 1012 5163 sunt
1063 5124 1127 5163 ex
1184 5110 1374 5167 eodem
1426 5116 1691 5176 Cicerone
1724 5123 1960 5196 (εὴ-θη,

362 5200 454 5257 lib.
505 5218 522 5257 ι
566 5201 630 5257 de
679 5199 872 5254 Natur.
923 5203 1103 5270 deor.,
1162 5220 1285 5277 pag.
1313 5207 1437 5271 207.
1474 5212 1567 5267 lin.
1610 5216 1731 5287 ts),
1774 5222 1864 5289 qui
1896 5238 1961 5279 ea

360 5294 558 5349 clarius
599 5291 847 5362 [tuncque
886 5293 937 5348 in
980 5294 1196 5351 modum
1238 5299 1471 5367 expliCnI.
1509 5321 1524 5358 :
1562 5324 1579 5356 ι
1621 5306 1756 5375 Quid
1800 5312 1963 5383 igitur

358 5386 591 5443 cenSes‘t
634 5386 788 5456 Apim
824 5385 971 5443 illum
994 5430 1008 5449 .
1041 5401 1285 5445 satiatum
1317 5391 1692 5466 [Egyptiorum
1726 5404 1916 5463 bovem
1937 5451 1956 5474 ,

355 5495 538 5537 nome
569 5480 730 5537 deum
777 5479 945 5536 videri
978 5480 1289 5554 Egyptiis?
1338 5485 1467 5542 Tam
1502 5489 1731 5550 llercle!
1789 5515 1950 5570 quam

354 5575 451 5631 tibi
476 5575 618 5630 illam
652 5583 893 5630 nostram
923 5579 1207 5643 sospitant,
1237 5581 1447 5637 scilicet
1477 5582 1768 5652 lunonem.
1789 5609 1948 5663 quam

351 5679 409 5727 tu
443 5683 735 5738 numquam
763 5683 831 5725 ne
855 5668 910 5724 in
942 5668 1169 5725 sommis
1189 5672 1407 5743 quidem
1441 5678 1624 5749 vides,
1670 5682 1771 5740 nisi
1822 5703 1945 5745 cum

351 5764 493 5839 pelle
522 5760 764 5833 caprina,
788 5778 912 5823 cum
927 5761 1102 5833 hasta,
1133 5778 1256 5824 cum
1286 5772 1517 5844 scutulo,
1542 5791 1663 5837 cum
1692 5780 1946 5842 calceolis

2077 4660 2181 4722 bus
2208 4667 2557 4740 effinguntur,
2587 4691 2745 4745 quam
2776 4678 3107 4751 hominibus,
3138 4686 3260 4744 cum
3288 4690 3673 4753 exhiberentur

2076 4757 2272 4826 simitu,
2297 4763 2522 4837 aliisque
2541 4767 2728 4824 bestiis
2750 4770 2978 4831 similes.

2146 4852 2256 4909 Nec
2273 4855 2401 4912 sinit
2419 4860 2688 4918 Arnobius
2709 4863 2810 4920 sibi
2833 4866 2902 4920 ab
2939 4868 3171 4928 ethnicis
3196 4878 3516 4948 responderi
3539 4881 3673 4939 alias

2073 4947 2291 5019 quidem
2345 4966 2468 5008 esse
2525 4955 2749 5015 deorum
2804 4960 3025 5034 (Arnob.
3053 5007 3068 5030 ,
3109 4966 3180 5022 lib
3233 4984 3322 5035 nt,
3361 4988 3479 5045 pag.
3514 4973 3667 5049 109),

2071 5056 2232 5111 quam
2278 5044 2556 5102 hominum
2604 5050 2804 5110 formas
2832 5062 2891 5110 et
2916 5057 3123 5127 species
3144 5102 3159 5124 ,
3197 5061 3292 5117 sed
3320 5044 3668 5123 hasrhnnoris

2070 5147 2231 5191 causa
2263 5137 2364 5192 illis
2392 5144 2813 5202 accommodari.
2846 5147 2978 5204 Nam
3003 5149 3090 5207 bic
3117 5169 3273 5209 error
3299 5155 3481 5226 priore
3509 5159 3668 5232 longe

2068 5228 2224 5299 pejor
2251 5240 2353 5286 est.
2384 5233 2461 5289 Eo
2482 5237 2745 5308 siquidem
2800 5241 3005 5312 majore
3050 5244 3247 5313 probro
3271 5250 3505 5316 gentiles
3533 5228 3667 5309 deos

2068 5333 2198 5376 suos
2232 5322 2541 5381 afficieltant
2574 5329 2657 5385 his
2686 5334 3269 5409 for-mamentisdiuinis,
3302 5342 3444 5397 sicut
3466 5343 3557 5399 ille
3587 5343 3666 5398 lo-

2064 5416 2269 5484 quitur,
2300 5432 2410 5486 quo
2430 5420 2629 5476 certius
2650 5438 2712 5477 ea
2745 5423 2898 5491 falsa,
2922 5427 3130 5501 diisqne
3158 5433 3275 5487 suis
3301 5434 3471 5505 magis
3498 5434 3662 5491 dissi-

2065 5507 2208 5562 milia
2239 5524 2361 5565 esse
2387 5525 2666 5571 noverant.
2698 5516 2873 5575 Minus
2899 5522 3041 5577 enim
3074 5535 3259 5594 pet-cat
3283 5526 3409 5594 ille,
3440 5530 3530 5599 qui
3555 5527 3662 5586 diis

2062 5597 2182 5656 falsi
2225 5603 2461 5674 aliquid,
2515 5611 2659 5679 quod
2720 5621 2900 5671 tamen
2955 5633 3140 5675 verum
3181 5636 3305 5677 esse
3338 5597 3656 5692 arbitratur,

2059 5693 2377 5768 imprudens
2409 5701 2616 5772 tribuit,
2641 5723 2803 5777 quam
2833 5710 2968 5768 alius
2988 5756 3005 5780 ,
3037 5714 3129 5785 qui
3149 5716 3327 5773 sciens
3356 5715 3656 5788 volensque

2056 5782 2189 5850 falsa
2215 5790 2350 5866 ipsis
2374 5792 2650 5859 adscribit.
2679 5782 3253 5867 Ferramenta—autem
3282 5805 3427 5870 idem
3454 5782 3653 5870 sonant
