  <div class='ocr_page' id='page_1' title='image "/cluster/home/n/w/nwhite01/storage/ocr_20150623/5/hvd.32044073505083/270.png"; bbox 0 0 3990 6072; ppageno 0'>
   <div class='ocr_carea' id='block_1_1' title="bbox 244 223 348 284">
    <p class='ocr_par' dir='ltr' id='par_1_1' title="bbox 244 223 348 284">
     <span class='ocr_line' id='line_1_1' title="bbox 244 223 348 284; baseline 0 0"><span class='ocrx_word' id='word_1_1' title='bbox 244 223 348 284; x_wconf 68' lang='lat'><strong>829</strong></span> 
     </span>
    </p>
   </div>
   <div class='ocr_carea' id='block_1_2' title="bbox 1457 237 2307 313">
    <p class='ocr_par' dir='ltr' id='par_1_2' title="bbox 1457 237 2307 313">
     <span class='ocr_line' id='line_1_2' title="bbox 1457 237 2307 313; baseline 0.007 -18"><span class='ocrx_word' id='word_1_2' title='bbox 1457 237 1525 295; x_wconf 83' lang='lat' dir='ltr'><strong>IN</strong></span> <span class='ocrx_word' id='word_1_3' title='bbox 1559 240 1935 313; x_wconf 79' lang='lat' dir='ltr'><strong>ARNOBIUM,</strong></span> <span class='ocrx_word' id='word_1_4' title='bbox 1974 244 2130 304; x_wconf 85' lang='lat' dir='ltr'><strong>CAP.</strong></span> <span class='ocrx_word' id='word_1_5' title='bbox 2175 244 2307 303; x_wconf 80' lang='grc' dir='ltr'><strong>ΧῙΠ.</strong></span> 
     </span>
    </p>
   </div>
   <div class='ocr_carea' id='block_1_3' title="bbox 3426 250 3535 307">
    <p class='ocr_par' dir='ltr' id='par_1_3' title="bbox 3426 250 3535 307">
     <span class='ocr_line' id='line_1_3' title="bbox 3426 250 3535 307; baseline 0 0"><span class='ocrx_word' id='word_1_6' title='bbox 3426 250 3535 307; x_wconf 76' lang='lat'><strong>550</strong></span> 
     </span>
    </p>
   </div>
   <div class='ocr_carea' id='block_1_4' title="bbox 240 338 3533 434">
    <p class='ocr_par' dir='ltr' id='par_1_4' title="bbox 240 338 3533 434">
     <span class='ocr_line' id='line_1_4' title="bbox 240 338 3533 434; baseline 0.008 -38"><span class='ocrx_word' id='word_1_7' title='bbox 240 355 303 396; x_wconf 90' lang='lat' dir='ltr'><strong>ac</strong></span> <span class='ocrx_word' id='word_1_8' title='bbox 325 339 512 434; x_wconf 59' lang='lat' dir='ltr'><strong>figurae</strong></span> <span class='ocrx_word' id='word_1_9' title='bbox 532 347 586 398; x_wconf 92' lang='lat' dir='ltr'><strong>et</strong></span> <span class='ocrx_word' id='word_1_10' title='bbox 603 338 816 413; x_wconf 82' lang='lat' dir='ltr'><strong>formae,</strong></span> <span class='ocrx_word' id='word_1_11' title='bbox 843 344 1001 406; x_wconf 90' lang='lat' dir='ltr'><strong>sicuti</strong></span> <span class='ocrx_word' id='word_1_12' title='bbox 1027 349 1111 407; x_wconf 89' lang='lat' dir='ltr'><strong>his</strong></span> <span class='ocrx_word' id='word_1_13' title='bbox 1136 351 1303 425; x_wconf 86' lang='lat' dir='ltr'><strong>liquet</strong></span> <span class='ocrx_word' id='word_1_14' title='bbox 1336 351 1609 424; x_wconf 91' lang='lat' dir='ltr'><strong>Lucretii,</strong></span> <span class='ocrx_word' id='word_1_15' title='bbox 1662 371 1821 428; x_wconf 86' lang='lat' dir='ltr'><strong>quem</strong></span> <span class='ocrx_word' id='word_1_16' title='bbox 1852 361 1902 420; x_wconf 83' lang='lat' dir='ltr'><strong>A</strong></span> <span class='ocrx_word' id='word_1_17' title='bbox 1928 369 2043 415; x_wconf 86' lang='lat' dir='ltr'><strong>cata</strong></span> <span class='ocrx_word' id='word_1_18' title='bbox 2063 358 2251 417; x_wconf 61' lang='grc' dir='ltr'>ίΕηειε</span> <span class='ocrx_word' id='word_1_19' title='bbox 2271 376 2420 417; x_wconf 87' lang='lat' dir='ltr'><strong>arma</strong></span> <span class='ocrx_word' id='word_1_20' title='bbox 2441 362 2553 433; x_wconf 85' lang='lat' dir='ltr'><strong>jam</strong></span> <span class='ocrx_word' id='word_1_21' title='bbox 2578 375 2736 433; x_wconf 82' lang='lat' dir='ltr'><strong>supra</strong></span> <span class='ocrx_word' id='word_1_22' title='bbox 2762 361 2967 434; x_wconf 82' lang='lat' dir='ltr'><strong>Virgilii</strong></span> <span class='ocrx_word' id='word_1_23' title='bbox 2994 361 3173 419; x_wconf 94' lang='lat' dir='ltr'><strong>citatis</strong></span> <span class='ocrx_word' id='word_1_24' title='bbox 3196 364 3533 422; x_wconf 85' lang='lat' dir='ltr'><strong>carminibus</strong></span> 
     </span>
    </p>
   </div>
   <div class='ocr_carea' id='block_1_5' title="bbox 238 432 1473 515">
    <p class='ocr_par' dir='ltr' id='par_1_5' title="bbox 238 432 1473 515">
     <span class='ocr_line' id='line_1_5' title="bbox 238 432 1473 515; baseline 0.012 -27"><span class='ocrx_word' id='word_1_25' title='bbox 238 432 485 505; x_wconf 75' lang='lat' dir='ltr'><strong>Scriptor</strong></span> <span class='ocrx_word' id='word_1_26' title='bbox 515 444 701 492; x_wconf 87' lang='lat' dir='ltr'><strong>uoster</strong></span> <span class='ocrx_word' id='word_1_27' title='bbox 721 452 871 507; x_wconf 80' lang='lat' dir='ltr'><strong>saepe</strong></span> <span class='ocrx_word' id='word_1_28' title='bbox 895 445 1157 515; x_wconf 80' lang='lat' dir='ltr'><strong>sequitur,</strong></span> <span class='ocrx_word' id='word_1_29' title='bbox 1186 445 1432 504; x_wconf 84' lang='lat' dir='ltr'><strong>versibus</strong></span> <span class='ocrx_word' id='word_1_30' title='bbox 1459 467 1473 503; x_wconf 90' lang='lat'><strong>:</strong></span> 
     </span>
    </p>
   </div>
   <div class='ocr_carea' id='block_1_6' title="bbox 918 579 1455 648">
    <p class='ocr_par' dir='ltr' id='par_1_6' title="bbox 918 579 1455 648">
     <span class='ocr_line' id='line_1_6' title="bbox 918 579 1455 648; baseline 0.006 -16"><span class='ocrx_word' id='word_1_31' title='bbox 918 579 1090 633; x_wconf 83' lang='lat' dir='ltr'><strong>Omnia</strong></span> <span class='ocrx_word' id='word_1_32' title='bbox 1106 584 1455 648; x_wconf 79' lang='lat' dir='ltr'><strong>principiorum</strong></span> 
     </span>
    </p>
   </div>
   <div class='ocr_carea' id='block_1_7' title="bbox 332 637 1484 712">
    <p class='ocr_par' dir='ltr' id='par_1_7' title="bbox 332 637 1484 712">
     <span class='ocr_line' id='line_1_7' title="bbox 332 637 1484 712; baseline 0.006 -21"><span class='ocrx_word' id='word_1_33' title='bbox 332 637 674 696; x_wconf 83' lang='lat' dir='ltr'><strong>Formamenta</strong></span> <span class='ocrx_word' id='word_1_34' title='bbox 693 654 882 712; x_wconf 88' lang='lat' dir='ltr'><strong>queunt</strong></span> <span class='ocrx_word' id='word_1_35' title='bbox 896 637 1146 712; x_wconf 71' lang='lat' dir='ltr'><strong>in_qnoii&#39;s</strong></span> <span class='ocrx_word' id='word_1_36' title='bbox 1166 637 1280 712; x_wconf 55' lang='lat' dir='ltr'><strong>esse</strong></span> <span class='ocrx_word' id='word_1_37' title='bbox 1303 651 1484 699; x_wconf 82' lang='lat' dir='ltr'><strong>nitore.</strong></span> 
     </span>
    </p>
   </div>
   <div class='ocr_carea' id='block_1_8' title="bbox 911 705 1642 785">
    <p class='ocr_par' dir='ltr' id='par_1_8' title="bbox 911 705 1642 785">
     <span class='ocr_line' id='line_1_8' title="bbox 911 705 1642 785; baseline 0.007 -28"><span class='ocrx_word' id='word_1_38' title='bbox 911 705 1147 770; x_wconf 59' lang='lat' dir='ltr'><strong>(Lucret,</strong></span> <span class='ocrx_word' id='word_1_39' title='bbox 1175 705 1258 759; x_wconf 83' lang='lat' dir='ltr'><strong>lib.</strong></span> <span class='ocrx_word' id='word_1_40' title='bbox 1281 725 1331 770; x_wconf 93' lang='grc' dir='ltr'><strong>ιι,</strong></span> <span class='ocrx_word' id='word_1_41' title='bbox 1361 722 1487 762; x_wconf 84' lang='lat' dir='ltr'><strong>vers.</strong></span> <span class='ocrx_word' id='word_1_42' title='bbox 1505 710 1642 785; x_wconf 75' lang='lat'><strong>818.)</strong></span> 
     </span>
    </p>
   </div>
   <div class='ocr_carea' id='block_1_9' title="bbox 831 852 1211 897">
    <p class='ocr_par' dir='ltr' id='par_1_9' title="bbox 831 852 1211 897">
     <span class='ocr_line' id='line_1_9' title="bbox 831 852 1211 897; baseline 0.005 -3"><span class='ocrx_word' id='word_1_43' title='bbox 831 852 1125 897; x_wconf 70' lang='lat' dir='ltr'><strong>ARTICULUS</strong></span> <span class='ocrx_word' id='word_1_44' title='bbox 1150 855 1211 896; x_wconf 75' lang='grc' dir='ltr'><strong>ΙΙ.</strong></span> 
     </span>
    </p>
   </div>
   <div class='ocr_carea' id='block_1_10' title="bbox 231 965 1824 1039">
    <p class='ocr_par' dir='ltr' id='par_1_10' title="bbox 231 965 1824 1039">
     <span class='ocr_line' id='line_1_10' title="bbox 231 965 1824 1039; baseline 0.008 -23"><span class='ocrx_word' id='word_1_45' title='bbox 231 965 385 1039; x_wconf 72' lang='lat' dir='ltr'><strong>Onam</strong></span> <span class='ocrx_word' id='word_1_46' title='bbox 410 975 733 1039; x_wconf 76' lang='lat' dir='ltr'><strong>commentitii</strong></span> <span class='ocrx_word' id='word_1_47' title='bbox 754 974 853 1025; x_wconf 89' lang='lat' dir='ltr'><strong>sint</strong></span> <span class='ocrx_word' id='word_1_48' title='bbox 871 974 937 1027; x_wconf 88' lang='lat' dir='ltr'><strong>dii</strong></span> <span class='ocrx_word' id='word_1_49' title='bbox 956 1014 968 1032; x_wconf 89' lang='lat'><strong>.</strong></span> <span class='ocrx_word' id='word_1_50' title='bbox 994 989 1119 1039; x_wconf 87' lang='lat' dir='ltr'><strong>quos</strong></span> <span class='ocrx_word' id='word_1_51' title='bbox 1140 976 1328 1026; x_wconf 84' lang='lat' dir='ltr'><strong>ethnici</strong></span> <span class='ocrx_word' id='word_1_52' title='bbox 1351 976 1502 1027; x_wconf 88' lang='lat' dir='ltr'><strong>variis</strong></span> <span class='ocrx_word' id='word_1_53' title='bbox 1520 976 1708 1039; x_wconf 82' lang='lat' dir='ltr'><strong>artibus</strong></span> <span class='ocrx_word' id='word_1_54' title='bbox 1730 978 1824 1027; x_wconf 88' lang='lat' dir='ltr'><strong>im-</strong></span> 
     </span>
    </p>
   </div>
   <div class='ocr_carea' id='block_1_11' title="bbox 290 1030 1822 1103">
    <p class='ocr_par' dir='ltr' id='par_1_11' title="bbox 290 1030 1822 1103">
     <span class='ocr_line' id='line_1_11' title="bbox 290 1030 1822 1103; baseline 0.005 -21"><span class='ocrx_word' id='word_1_55' title='bbox 290 1030 438 1103; x_wconf 67' lang='lat' dir='ltr'><strong>butos</strong></span> <span class='ocrx_word' id='word_1_56' title='bbox 459 1044 544 1085; x_wconf 90' lang='lat' dir='ltr'><strong>aut</strong></span> <span class='ocrx_word' id='word_1_57' title='bbox 571 1036 830 1103; x_wconf 61' lang='lat' dir='ltr'><strong>[refectos</strong></span> <span class='ocrx_word' id='word_1_58' title='bbox 866 1030 1212 1103; x_wconf 53' lang='lat' dir='ltr'><strong>pgaidi&#39;cabant,</strong></span> <span class='ocrx_word' id='word_1_59' title='bbox 1235 1039 1319 1103; x_wconf 85' lang='lat' dir='ltr'><strong>ubi</strong></span> <span class='ocrx_word' id='word_1_60' title='bbox 1349 1040 1414 1089; x_wconf 89' lang='lat' dir='ltr'><strong>de</strong></span> <span class='ocrx_word' id='word_1_61' title='bbox 1438 1038 1822 1103; x_wconf 65' lang='lat' dir='ltr'><strong>Apollinevate,</strong></span> 
     </span>
    </p>
   </div>
   <div class='ocr_carea' id='block_1_12' title="bbox 296 1093 1821 1163">
    <p class='ocr_par' dir='ltr' id='par_1_12' title="bbox 296 1093 1821 1163">
     <span class='ocr_line' id='line_1_12' title="bbox 296 1093 1821 1163; baseline 0.005 -18"><span class='ocrx_word' id='word_1_62' title='bbox 296 1093 456 1163; x_wconf 56' lang='lat' dir='ltr'><strong>gnara</strong></span> <span class='ocrx_word' id='word_1_63' title='bbox 470 1093 1159 1163; x_wconf 15' lang='lat' dir='ltr'><strong>rprzettuuutiaute,&#39;zﬁsculapio</strong></span> <span class='ocrx_word' id='word_1_64' title='bbox 1179 1093 1389 1159; x_wconf 85' lang='lat' dir='ltr'><strong>medico,</strong></span> <span class='ocrx_word' id='word_1_65' title='bbox 1426 1093 1644 1152; x_wconf 82' lang='lat' dir='ltr'><strong>Vtilrano</strong></span> <span class='ocrx_word' id='word_1_66' title='bbox 1666 1093 1821 1162; x_wconf 65' lang='lat' dir='ltr'><strong>Lbro,</strong></span> 
     </span>
    </p>
   </div>
   <div class='ocr_carea' id='block_1_13' title="bbox 294 1157 1823 1224">
    <p class='ocr_par' dir='ltr' id='par_1_13' title="bbox 294 1157 1823 1224">
     <span class='ocr_line' id='line_1_13' title="bbox 294 1157 1823 1224; baseline 0.004 -16"><span class='ocrx_word' id='word_1_67' title='bbox 294 1157 510 1210; x_wconf 84' lang='lat' dir='ltr'><strong>Tritonia</strong></span> <span class='ocrx_word' id='word_1_68' title='bbox 526 1174 616 1209; x_wconf 83' lang='lat' dir='ltr'><strong>seu</strong></span> <span class='ocrx_word' id='word_1_69' title='bbox 639 1157 929 1224; x_wconf 72' lang='lat' dir='ltr'><strong>Ttitngouia</strong></span> <span class='ocrx_word' id='word_1_70' title='bbox 954 1172 1006 1214; x_wconf 91' lang='lat' dir='ltr'><strong>et</strong></span> <span class='ocrx_word' id='word_1_71' title='bbox 1041 1157 1266 1214; x_wconf 69' lang='lat' dir='ltr'><strong>Arat-line</strong></span> <span class='ocrx_word' id='word_1_72' title='bbox 1291 1157 1526 1222; x_wconf 80' lang='lat' dir='ltr'><strong>textrina,</strong></span> <span class='ocrx_word' id='word_1_73' title='bbox 1552 1173 1601 1213; x_wconf 88' lang='lat' dir='ltr'><strong>et</strong></span> <span class='ocrx_word' id='word_1_74' title='bbox 1621 1157 1823 1214; x_wconf 57' lang='lat' dir='ltr'><strong>Atalau-l</strong></span> 
     </span>
    </p>
   </div>
   <div class='ocr_carea' id='block_1_14' title="bbox 292 1224 1819 1290">
    <p class='ocr_par' dir='ltr' id='par_1_14' title="bbox 292 1224 1819 1290">
     <span class='ocr_line' id='line_1_14' title="bbox 292 1224 1819 1290; baseline 0.005 -20"><span class='ocrx_word' id='word_1_75' title='bbox 292 1226 376 1290; x_wconf 72' lang='lat' dir='ltr'><strong>tea</strong></span> <span class='ocrx_word' id='word_1_76' title='bbox 390 1224 651 1290; x_wconf 73' lang='lat' dir='ltr'><strong>progenie,</strong></span> <span class='ocrx_word' id='word_1_77' title='bbox 669 1226 775 1274; x_wconf 84' lang='lat' dir='ltr'><strong>sive</strong></span> <span class='ocrx_word' id='word_1_78' title='bbox 790 1226 915 1290; x_wconf 62' lang='lat' dir='ltr'><strong>ilaly.</strong></span> <span class='ocrx_word' id='word_1_79' title='bbox 937 1240 992 1278; x_wconf 82' lang='lat' dir='ltr'><strong>so</strong></span> <span class='ocrx_word' id='word_1_80' title='bbox 1017 1228 1212 1277; x_wconf 71' lang='lat' dir='ltr'><strong>cieteris</strong></span> <span class='ocrx_word' id='word_1_81' title='bbox 1228 1226 1591 1290; x_wconf 73' lang='lat' dir='ltr'><strong>eimlueutiore,</strong></span> <span class='ocrx_word' id='word_1_82' title='bbox 1607 1226 1672 1276; x_wconf 89' lang='lat' dir='ltr'><strong>de</strong></span> <span class='ocrx_word' id='word_1_83' title='bbox 1695 1227 1819 1289; x_wconf 89' lang='lat' dir='ltr'><strong>aliis,</strong></span> 
     </span>
    </p>
   </div>
   <div class='ocr_carea' id='block_1_15' title="bbox 293 1284 1822 1353">
    <p class='ocr_par' dir='ltr' id='par_1_15' title="bbox 293 1284 1822 1353">
     <span class='ocr_line' id='line_1_15' title="bbox 293 1284 1822 1353; baseline 0.003 -19"><span class='ocrx_word' id='word_1_84' title='bbox 293 1284 377 1347; x_wconf 90' lang='lat' dir='ltr'><strong>qui</strong></span> <span class='ocrx_word' id='word_1_85' title='bbox 394 1284 593 1353; x_wconf 77' lang='lat' dir='ltr'><strong>artibus</strong></span> <span class='ocrx_word' id='word_1_86' title='bbox 614 1296 697 1338; x_wconf 90' lang='lat' dir='ltr'><strong>aut</strong></span> <span class='ocrx_word' id='word_1_87' title='bbox 729 1284 957 1353; x_wconf 70' lang='lat' dir='ltr'><strong>scientiis</strong></span> <span class='ocrx_word' id='word_1_88' title='bbox 995 1303 1211 1351; x_wconf 67' lang='lat' dir='ltr'><strong>praeesse</strong></span> <span class='ocrx_word' id='word_1_89' title='bbox 1249 1284 1577 1353; x_wconf 64' lang='lat' dir='ltr'><strong>fingebantur,</strong></span> <span class='ocrx_word' id='word_1_90' title='bbox 1603 1291 1674 1339; x_wconf 91' lang='lat' dir='ltr'><strong>uti</strong></span> <span class='ocrx_word' id='word_1_91' title='bbox 1702 1284 1822 1353; x_wconf 58' lang='lat' dir='ltr'><strong>Pot-4</strong></span> 
     </span>
    </p>
   </div>
   <div class='ocr_carea' id='block_1_16' title="bbox 293 1350 1821 1414">
    <p class='ocr_par' dir='ltr' id='par_1_16' title="bbox 293 1350 1821 1414">
     <span class='ocr_line' id='line_1_16' title="bbox 293 1350 1821 1414; baseline 0.005 -18"><span class='ocrx_word' id='word_1_92' title='bbox 293 1353 440 1414; x_wconf 68' lang='lat' dir='ltr'><strong>i_tu_t_tg_s</strong></span> <span class='ocrx_word' id='word_1_93' title='bbox 480 1350 794 1414; x_wconf 76' lang='lat' dir='ltr'><strong>navigationi.</strong></span> <span class='ocrx_word' id='word_1_94' title='bbox 835 1350 1072 1414; x_wconf 85' lang='lat' dir='ltr'><strong>armentis</strong></span> <span class='ocrx_word' id='word_1_95' title='bbox 1117 1359 1172 1402; x_wconf 91' lang='lat' dir='ltr'><strong>et</strong></span> <span class='ocrx_word' id='word_1_96' title='bbox 1210 1350 1451 1414; x_wconf 67' lang='lat' dir='ltr'><strong>gregibus</strong></span> <span class='ocrx_word' id='word_1_97' title='bbox 1494 1352 1660 1411; x_wconf 82' lang='lat' dir='ltr'><strong>Pales,</strong></span> <span class='ocrx_word' id='word_1_98' title='bbox 1688 1352 1821 1403; x_wconf 90' lang='lat' dir='ltr'><strong>unde</strong></span> 
     </span>
    </p>
   </div>
   <div class='ocr_carea' id='block_1_17' title="bbox 288 1406 1821 1479">
    <p class='ocr_par' dir='ltr' id='par_1_17' title="bbox 288 1406 1821 1479">
     <span class='ocr_line' id='line_1_17' title="bbox 288 1406 1821 1479; baseline 0.007 -23"><span class='ocrx_word' id='word_1_99' title='bbox 288 1406 482 1479; x_wconf 62' lang='lat' dir='ltr'><strong>Palilia,</strong></span> <span class='ocrx_word' id='word_1_100' title='bbox 520 1406 831 1479; x_wconf 70' lang='lat' dir='ltr'><strong>[minussive</strong></span> <span class='ocrx_word' id='word_1_101' title='bbox 873 1413 974 1479; x_wconf 75' lang='lat' dir='ltr'><strong>Pan</strong></span> <span class='ocrx_word' id='word_1_102' title='bbox 998 1406 1547 1479; x_wconf 53' lang='lat' dir='ltr'><strong>aiiiiiialilius,&quot;Pythius</strong></span> <span class='ocrx_word' id='word_1_103' title='bbox 1568 1406 1821 1466; x_wconf 76' lang='lat' dir='ltr'><strong>ariolatiti-</strong></span> 
     </span>
    </p>
   </div>
   <div class='ocr_carea' id='block_1_18' title="bbox 291 1471 1820 1542">
    <p class='ocr_par' dir='ltr' id='par_1_18' title="bbox 291 1471 1820 1542">
     <span class='ocr_line' id='line_1_18' title="bbox 291 1471 1820 1542; baseline 0.005 -21"><span class='ocrx_word' id='word_1_104' title='bbox 291 1471 399 1542; x_wconf 77' lang='lat' dir='ltr'><strong>bus.</strong></span> <span class='ocrx_word' id='word_1_105' title='bbox 421 1488 597 1537; x_wconf 87' lang='lat' dir='ltr'><strong>regum</strong></span> <span class='ocrx_word' id='word_1_106' title='bbox 617 1477 755 1542; x_wconf 81' lang='lat' dir='ltr'><strong>gazis</strong></span> <span class='ocrx_word' id='word_1_107' title='bbox 775 1475 1119 1542; x_wconf 83' lang='lat' dir='ltr'><strong>locupletatus,</strong></span> <span class='ocrx_word' id='word_1_108' title='bbox 1149 1484 1202 1528; x_wconf 94' lang='lat' dir='ltr'><strong>et</strong></span> <span class='ocrx_word' id='word_1_109' title='bbox 1235 1471 1499 1529; x_wconf 68' lang='lat' dir='ltr'><strong>Tutelares</strong></span> <span class='ocrx_word' id='word_1_110' title='bbox 1522 1478 1694 1529; x_wconf 69' lang='lat' dir='ltr'><strong>tutelae</strong></span> <span class='ocrx_word' id='word_1_111' title='bbox 1728 1479 1820 1529; x_wconf 90' lang='lat' dir='ltr'><strong>ho-</strong></span> 
     </span>
    </p>
   </div>
   <div class='ocr_carea' id='block_1_19' title="bbox 290 1534 737 1601">
    <p class='ocr_par' dir='ltr' id='par_1_19' title="bbox 290 1534 737 1601">
     <span class='ocr_line' id='line_1_19' title="bbox 290 1534 737 1601; baseline 0.016 -20"><span class='ocrx_word' id='word_1_112' title='bbox 290 1534 737 1601; x_wconf 58' lang='lat' dir='ltr'><strong>minum&#39;praalECtl.</strong></span> 
     </span>
    </p>
   </div>
   <div class='ocr_carea' id='block_1_20' title="bbox 301 1665 1812 1742">
    <p class='ocr_par' dir='ltr' id='par_1_20' title="bbox 301 1665 1812 1742">
     <span class='ocr_line' id='line_1_20' title="bbox 301 1665 1812 1742; baseline 0.005 -22"><span class='ocrx_word' id='word_1_113' title='bbox 301 1665 455 1721; x_wconf 82' lang='lat' dir='ltr'><strong>Aliud</strong></span> <span class='ocrx_word' id='word_1_114' title='bbox 472 1680 661 1723; x_wconf 90' lang='lat' dir='ltr'><strong>contra</strong></span> <span class='ocrx_word' id='word_1_115' title='bbox 682 1667 871 1725; x_wconf 75' lang='lat' dir='ltr'><strong>falsam</strong></span> <span class='ocrx_word' id='word_1_116' title='bbox 891 1669 1127 1738; x_wconf 88' lang='lat' dir='ltr'><strong>illorum,</strong></span> <span class='ocrx_word' id='word_1_117' title='bbox 1144 1685 1281 1742; x_wconf 88' lang='lat' dir='ltr'><strong>quos</strong></span> <span class='ocrx_word' id='word_1_118' title='bbox 1301 1670 1533 1742; x_wconf 77' lang='lat' dir='ltr'><strong>gentiles</strong></span> <span class='ocrx_word' id='word_1_119' title='bbox 1547 1671 1812 1738; x_wconf 82' lang='lat' dir='ltr'><strong>colebant,</strong></span> 
     </span>
    </p>
   </div>
   <div class='ocr_carea' id='block_1_21' title="bbox 1934 453 3532 525">
    <p class='ocr_par' dir='ltr' id='par_1_21' title="bbox 1934 453 3532 525">
     <span class='ocr_line' id='line_1_21' title="bbox 1934 453 3532 525; baseline 0.003 -18"><span class='ocrx_word' id='word_1_120' title='bbox 1934 453 2289 508; x_wconf 84' lang='lat' dir='ltr'><strong>ostendimus.</strong></span> <span class='ocrx_word' id='word_1_121' title='bbox 2318 453 2412 511; x_wconf 88' lang='lat' dir='ltr'><strong>Ille</strong></span> <span class='ocrx_word' id='word_1_122' title='bbox 2441 470 2572 510; x_wconf 88' lang='lat' dir='ltr'><strong>vero</strong></span> <span class='ocrx_word' id='word_1_123' title='bbox 2600 456 2714 525; x_wconf 90' lang='lat' dir='ltr'><strong>ipse</strong></span> <span class='ocrx_word' id='word_1_124' title='bbox 2748 454 3014 511; x_wconf 91' lang='lat' dir='ltr'><strong>Vulcanus</strong></span> <span class='ocrx_word' id='word_1_125' title='bbox 3041 466 3146 522; x_wconf 89' lang='lat' dir='ltr'><strong>est,</strong></span> <span class='ocrx_word' id='word_1_126' title='bbox 3174 456 3328 525; x_wconf 84' lang='lat' dir='ltr'><strong>cujus</strong></span> <span class='ocrx_word' id='word_1_127' title='bbox 3358 457 3411 511; x_wconf 91' lang='lat' dir='ltr'><strong>iu</strong></span> <span class='ocrx_word' id='word_1_128' title='bbox 3446 468 3532 512; x_wconf 89' lang='lat' dir='ltr'><strong>tu-</strong></span> 
     </span>
    </p>
   </div>
   <div class='ocr_carea' id='block_1_22' title="bbox 1933 546 3536 617">
    <p class='ocr_par' dir='ltr' id='par_1_22' title="bbox 1933 546 3536 617">
     <span class='ocr_line' id='line_1_22' title="bbox 1933 546 3536 617; baseline 0.004 -16"><span class='ocrx_word' id='word_1_129' title='bbox 1933 546 2036 602; x_wconf 87' lang='lat' dir='ltr'><strong>tela</strong></span> <span class='ocrx_word' id='word_1_130' title='bbox 2077 547 2251 617; x_wconf 87' lang='lat' dir='ltr'><strong>ignem</strong></span> <span class='ocrx_word' id='word_1_131' title='bbox 2291 548 2457 602; x_wconf 78' lang='lat' dir='ltr'><strong>fuisse</strong></span> <span class='ocrx_word' id='word_1_132' title='bbox 2485 547 2613 602; x_wconf 80' lang='lat' dir='ltr'><strong>alibi</strong></span> <span class='ocrx_word' id='word_1_133' title='bbox 2645 552 2847 603; x_wconf 81' lang='lat' dir='ltr'><strong>Auctor</strong></span> <span class='ocrx_word' id='word_1_134' title='bbox 2897 558 3085 605; x_wconf 83' lang='lat' dir='ltr'><strong>noster</strong></span> <span class='ocrx_word' id='word_1_135' title='bbox 3125 562 3420 606; x_wconf 82' lang='lat' dir='ltr'><strong>asseverat.</strong></span> <span class='ocrx_word' id='word_1_136' title='bbox 3461 553 3536 607; x_wconf 83' lang='lat' dir='ltr'><strong>At</strong></span> 
     </span>
    </p>
   </div>
   <div class='ocr_carea' id='block_1_23' title="bbox 1930 637 3527 712">
    <p class='ocr_par' dir='ltr' id='par_1_23' title="bbox 1930 637 3527 712">
     <span class='ocr_line' id='line_1_23' title="bbox 1930 637 3527 712; baseline 0.006 -20"><span class='ocrx_word' id='word_1_137' title='bbox 1930 637 2000 693; x_wconf 88' lang='lat' dir='ltr'><strong>de</strong></span> <span class='ocrx_word' id='word_1_138' title='bbox 2020 653 2087 694; x_wconf 88' lang='lat' dir='ltr'><strong>eo</strong></span> <span class='ocrx_word' id='word_1_139' title='bbox 2113 654 2212 694; x_wconf 88' lang='lat' dir='ltr'><strong>nos</strong></span> <span class='ocrx_word' id='word_1_140' title='bbox 2240 640 2290 693; x_wconf 93' lang='lat' dir='ltr'><strong>in</strong></span> <span class='ocrx_word' id='word_1_141' title='bbox 2324 640 2590 710; x_wconf 85' lang='lat' dir='ltr'><strong>superiori</strong></span> <span class='ocrx_word' id='word_1_142' title='bbox 2622 642 2926 712; x_wconf 78' lang='lat' dir='ltr'><strong>Apparatus</strong></span> <span class='ocrx_word' id='word_1_143' title='bbox 2953 644 3120 697; x_wconf 80' lang='lat' dir='ltr'><strong>nostri</strong></span> <span class='ocrx_word' id='word_1_144' title='bbox 3147 653 3293 698; x_wconf 90' lang='lat' dir='ltr'><strong>tomo</strong></span> <span class='ocrx_word' id='word_1_145' title='bbox 3313 643 3527 711; x_wconf 63' lang='lat' dir='ltr'><strong>(Cicera,</strong></span> 
     </span>
    </p>
   </div>
   <div class='ocr_carea' id='block_1_24' title="bbox 1927 730 3525 810">
    <p class='ocr_par' dir='ltr' id='par_1_24' title="bbox 1927 730 3525 810">
     <span class='ocr_line' id='line_1_24' title="bbox 1927 730 3525 810; baseline 0.005 -24"><span class='ocrx_word' id='word_1_146' title='bbox 1927 730 2020 786; x_wconf 91' lang='lat' dir='ltr'><strong>lib.</strong></span> <span class='ocrx_word' id='word_1_147' title='bbox 2065 747 2122 788; x_wconf 88' lang='grc' dir='ltr'><strong>ιιι</strong></span> <span class='ocrx_word' id='word_1_148' title='bbox 2171 732 2235 787; x_wconf 85' lang='lat' dir='ltr'><strong>de</strong></span> <span class='ocrx_word' id='word_1_149' title='bbox 2284 732 2477 788; x_wconf 81' lang='lat' dir='ltr'><strong>Natur.</strong></span> <span class='ocrx_word' id='word_1_150' title='bbox 2532 734 2711 800; x_wconf 82' lang='lat' dir='ltr'><strong>deor.,</strong></span> <span class='ocrx_word' id='word_1_151' title='bbox 2760 753 2881 806; x_wconf 85' lang='lat' dir='ltr'><strong>pag.</strong></span> <span class='ocrx_word' id='word_1_152' title='bbox 2929 735 3056 802; x_wconf 73' lang='grc'><strong>248,</strong></span> <span class='ocrx_word' id='word_1_153' title='bbox 3089 736 3180 792; x_wconf 86' lang='lat' dir='ltr'><strong>lin.</strong></span> <span class='ocrx_word' id='word_1_154' title='bbox 3214 737 3280 800; x_wconf 78' lang='lat'><strong>2;</strong></span> <span class='ocrx_word' id='word_1_155' title='bbox 3320 736 3525 810; x_wconf 85' lang='lat' dir='ltr'><strong>Virgil.,</strong></span> 
     </span>
    </p>
   </div>
   <div class='ocr_carea' id='block_1_25' title="bbox 1928 824 3528 902">
    <p class='ocr_par' dir='ltr' id='par_1_25' title="bbox 1928 824 3528 902">
     <span class='ocr_line' id='line_1_25' title="bbox 1928 824 3528 902; baseline 0.006 -24"><span class='ocrx_word' id='word_1_156' title='bbox 1928 824 2018 879; x_wconf 92' lang='lat' dir='ltr'><strong>lib.</strong></span> <span class='ocrx_word' id='word_1_157' title='bbox 2059 841 2181 880; x_wconf 87' lang='lat' dir='ltr'><strong>Vlll.</strong></span> <span class='ocrx_word' id='word_1_158' title='bbox 2213 826 2431 883; x_wconf 68' lang='lat' dir='ltr'><strong>Aineid.</strong></span> <span class='ocrx_word' id='word_1_159' title='bbox 2452 870 2468 895; x_wconf 94' lang='lat'><strong>,</strong></span> <span class='ocrx_word' id='word_1_160' title='bbox 2520 831 2780 885; x_wconf 77' lang='lat' dir='ltr'><strong>vers.370</strong></span> <span class='ocrx_word' id='word_1_161' title='bbox 2805 841 2851 884; x_wconf 84' lang='lat' dir='ltr'><strong>et</strong></span> <span class='ocrx_word' id='word_1_162' title='bbox 2871 847 3048 902; x_wconf 58' lang='lat' dir='ltr'><strong>seqq,-</strong></span> <span class='ocrx_word' id='word_1_163' title='bbox 3079 833 3292 898; x_wconf 79' lang='lat' dir='ltr'><strong>Arnob.,</strong></span> <span class='ocrx_word' id='word_1_164' title='bbox 3324 833 3415 888; x_wconf 88' lang='lat' dir='ltr'><strong>lib.</strong></span> <span class='ocrx_word' id='word_1_165' title='bbox 3447 850 3528 901; x_wconf 88' lang='grc' dir='ltr'>ιιι,</span> 
     </span>
    </p>
   </div>
   <div class='ocr_carea' id='block_1_26' title="bbox 1936 922 3252 999">
    <p class='ocr_par' dir='ltr' id='par_1_26' title="bbox 1936 922 3252 999">
     <span class='ocr_line' id='line_1_26' title="bbox 1936 922 3252 999; baseline 0.008 -26"><span class='ocrx_word' id='word_1_166' title='bbox 1936 936 2058 990; x_wconf 82' lang='lat' dir='ltr'><strong>pag.</strong></span> <span class='ocrx_word' id='word_1_167' title='bbox 2092 922 2214 987; x_wconf 73' lang='lat' dir='ltr'><strong>Ml;</strong></span> <span class='ocrx_word' id='word_1_168' title='bbox 2245 932 2368 976; x_wconf 85' lang='lat' dir='ltr'><strong>tom.</strong></span> <span class='ocrx_word' id='word_1_169' title='bbox 2401 939 2416 976; x_wconf 92' lang='grc' dir='ltr'><strong>ι</strong></span> <span class='ocrx_word' id='word_1_170' title='bbox 2449 924 2670 994; x_wconf 58' lang='lat' dir='ltr'><strong>Appian,</strong></span> <span class='ocrx_word' id='word_1_171' title='bbox 2702 941 2823 997; x_wconf 87' lang='lat' dir='ltr'><strong>pag.</strong></span> <span class='ocrx_word' id='word_1_172' title='bbox 2852 925 2956 980; x_wconf 88' lang='lat'><strong>776</strong></span> <span class='ocrx_word' id='word_1_173' title='bbox 2980 928 3252 999; x_wconf 77' lang='lat' dir='ltr'><strong>elinfra.).</strong></span> 
     </span>
    </p>
   </div>
   <div class='ocr_carea' id='block_1_27' title="bbox 1996 1012 3527 1090">
    <p class='ocr_par' dir='ltr' id='par_1_27' title="bbox 1996 1012 3527 1090">
     <span class='ocr_line' id='line_1_27' title="bbox 1996 1012 3527 1090; baseline 0.009 -25"><span class='ocrx_word' id='word_1_174' title='bbox 1996 1012 2126 1077; x_wconf 67' lang='lat' dir='ltr'><strong>Quae</strong></span> <span class='ocrx_word' id='word_1_175' title='bbox 2176 1022 2354 1070; x_wconf 85' lang='lat' dir='ltr'><strong>autem</strong></span> <span class='ocrx_word' id='word_1_176' title='bbox 2403 1015 2506 1069; x_wconf 89' lang='lat' dir='ltr'><strong>diis</strong></span> <span class='ocrx_word' id='word_1_177' title='bbox 2558 1017 2751 1081; x_wconf 91' lang='lat' dir='ltr'><strong>nebat,</strong></span> <span class='ocrx_word' id='word_1_178' title='bbox 2787 1032 2848 1071; x_wconf 84' lang='lat' dir='ltr'><strong>ac</strong></span> <span class='ocrx_word' id='word_1_179' title='bbox 2879 1030 3054 1072; x_wconf 62' lang='lat' dir='ltr'><strong>vestes</strong></span> <span class='ocrx_word' id='word_1_180' title='bbox 3082 1022 3312 1086; x_wconf 89' lang='lat' dir='ltr'><strong>trilices,</strong></span> <span class='ocrx_word' id='word_1_181' title='bbox 3344 1022 3396 1076; x_wconf 92' lang='lat' dir='ltr'><strong>id</strong></span> <span class='ocrx_word' id='word_1_182' title='bbox 3422 1033 3527 1090; x_wconf 73' lang='lat' dir='ltr'><strong>est,</strong></span> 
     </span>
    </p>
   </div>
   <div class='ocr_carea' id='block_1_28' title="bbox 1926 1103 3532 1176">
    <p class='ocr_par' dir='ltr' id='par_1_28' title="bbox 1926 1103 3532 1176">
     <span class='ocr_line' id='line_1_28' title="bbox 1926 1103 3532 1176; baseline 0.009 -20"><span class='ocrx_word' id='word_1_183' title='bbox 1926 1103 2095 1158; x_wconf 92' lang='lat' dir='ltr'><strong>tribus</strong></span> <span class='ocrx_word' id='word_1_184' title='bbox 2143 1105 2278 1160; x_wconf 88' lang='lat' dir='ltr'><strong>liciis</strong></span> <span class='ocrx_word' id='word_1_185' title='bbox 2333 1109 2748 1165; x_wconf 89' lang='lat' dir='ltr'><strong>versicoloribus</strong></span> <span class='ocrx_word' id='word_1_186' title='bbox 2802 1110 3075 1165; x_wconf 81' lang='lat' dir='ltr'><strong>confectas</strong></span> <span class='ocrx_word' id='word_1_187' title='bbox 3118 1112 3204 1176; x_wconf 89' lang='lat' dir='ltr'><strong>iis,</strong></span> <span class='ocrx_word' id='word_1_188' title='bbox 3234 1114 3345 1167; x_wconf 81' lang='lat' dir='ltr'><strong>sine</strong></span> <span class='ocrx_word' id='word_1_189' title='bbox 3381 1131 3532 1170; x_wconf 84' lang='lat' dir='ltr'><strong>onere</strong></span> 
     </span>
    </p>
   </div>
   <div class='ocr_carea' id='block_1_29' title="bbox 1925 1197 3531 1270">
    <p class='ocr_par' dir='ltr' id='par_1_29' title="bbox 1925 1197 3531 1270">
     <span class='ocr_line' id='line_1_29' title="bbox 1925 1197 3531 1270; baseline 0.008 -18"><span class='ocrx_word' id='word_1_190' title='bbox 1925 1197 2252 1270; x_wconf 74' lang='lat' dir='ltr'><strong>imponebat.</strong></span> <span class='ocrx_word' id='word_1_191' title='bbox 2283 1200 2398 1258; x_wconf 71' lang='lat' dir='ltr'><strong>limo</strong></span> <span class='ocrx_word' id='word_1_192' title='bbox 2428 1204 2497 1258; x_wconf 86' lang='lat' dir='ltr'><strong>ab</strong></span> <span class='ocrx_word' id='word_1_193' title='bbox 2520 1205 2756 1261; x_wconf 86' lang='lat' dir='ltr'><strong>Arnobiu</strong></span> <span class='ocrx_word' id='word_1_194' title='bbox 2783 1217 2968 1261; x_wconf 91' lang='lat' dir='ltr'><strong>nostro</strong></span> <span class='ocrx_word' id='word_1_195' title='bbox 3007 1206 3249 1263; x_wconf 81' lang='lat' dir='ltr'><strong>Tritonia</strong></span> <span class='ocrx_word' id='word_1_196' title='bbox 3302 1222 3531 1265; x_wconf 85' lang='lat' dir='ltr'><strong>vocatur</strong></span> 
     </span>
    </p>
   </div>
   <div class='ocr_carea' id='block_1_30' title="bbox 1922 1290 3527 1373">
    <p class='ocr_par' dir='ltr' id='par_1_30' title="bbox 1922 1290 3527 1373">
     <span class='ocr_line' id='line_1_30' title="bbox 1922 1290 3527 1373; baseline 0.008 -30"><span class='ocrx_word' id='word_1_197' title='bbox 1922 1290 2163 1360; x_wconf 52' lang='grc' dir='ltr'><strong>(Ληθὼ,</strong></span> <span class='ocrx_word' id='word_1_198' title='bbox 2187 1291 2273 1346; x_wconf 87' lang='lat' dir='ltr'><strong>lib.</strong></span> <span class='ocrx_word' id='word_1_199' title='bbox 2304 1309 2358 1355; x_wconf 94' lang='lat' dir='ltr'><strong>ll,</strong></span> <span class='ocrx_word' id='word_1_200' title='bbox 2393 1312 2512 1365; x_wconf 86' lang='lat' dir='ltr'><strong>pag.</strong></span> <span class='ocrx_word' id='word_1_201' title='bbox 2544 1296 2683 1364; x_wconf 74' lang='lat'><strong>“2,</strong></span> <span class='ocrx_word' id='word_1_202' title='bbox 2713 1311 2760 1351; x_wconf 82' lang='lat' dir='ltr'><strong>et</strong></span> <span class='ocrx_word' id='word_1_203' title='bbox 2790 1298 2875 1353; x_wconf 92' lang='lat' dir='ltr'><strong>lib.</strong></span> <span class='ocrx_word' id='word_1_204' title='bbox 2911 1314 3004 1364; x_wconf 82' lang='lat' dir='ltr'><strong>vn,</strong></span> <span class='ocrx_word' id='word_1_205' title='bbox 3035 1316 3154 1371; x_wconf 87' lang='lat' dir='ltr'><strong>pag.</strong></span> <span class='ocrx_word' id='word_1_206' title='bbox 3187 1300 3319 1365; x_wconf 71' lang='lat'><strong>228;</strong></span> <span class='ocrx_word' id='word_1_207' title='bbox 3374 1304 3527 1373; x_wconf 83' lang='lat' dir='ltr'><strong>infr.,</strong></span> 
     </span>
    </p>
   </div>
   <div class='ocr_carea' id='block_1_31' title="bbox 1922 1386 3525 1461">
    <p class='ocr_par' dir='ltr' id='par_1_31' title="bbox 1922 1386 3525 1461">
     <span class='ocr_line' id='line_1_31' title="bbox 1922 1386 3525 1461; baseline 0.008 -25"><span class='ocrx_word' id='word_1_208' title='bbox 1922 1400 2036 1451; x_wconf 88' lang='lat' dir='ltr'><strong>cap.</strong></span> <span class='ocrx_word' id='word_1_209' title='bbox 2065 1386 2154 1452; x_wconf 79' lang='grc'><strong>14,</strong></span> <span class='ocrx_word' id='word_1_210' title='bbox 2178 1396 2277 1440; x_wconf 83' lang='lat' dir='ltr'><strong>art.</strong></span> <span class='ocrx_word' id='word_1_211' title='bbox 2307 1387 2385 1457; x_wconf 75' lang='grc' dir='ltr'><strong>ὅ).</strong></span> <span class='ocrx_word' id='word_1_212' title='bbox 2420 1388 2595 1444; x_wconf 83' lang='lat' dir='ltr'><strong>Pallas</strong></span> <span class='ocrx_word' id='word_1_213' title='bbox 2622 1401 2799 1444; x_wconf 89' lang='lat' dir='ltr'><strong>autem</strong></span> <span class='ocrx_word' id='word_1_214' title='bbox 2836 1392 2948 1445; x_wconf 78' lang='lat' dir='ltr'><strong>inec</strong></span> <span class='ocrx_word' id='word_1_215' title='bbox 2974 1401 3089 1457; x_wconf 86' lang='lat' dir='ltr'><strong>est,</strong></span> <span class='ocrx_word' id='word_1_216' title='bbox 3119 1409 3215 1447; x_wconf 81' lang='lat' dir='ltr'><strong>seu</strong></span> <span class='ocrx_word' id='word_1_217' title='bbox 3248 1393 3486 1449; x_wconf 82' lang='lat' dir='ltr'><strong>Minerva</strong></span> <span class='ocrx_word' id='word_1_218' title='bbox 3508 1437 3525 1461; x_wconf 94' lang='lat'><strong>,</strong></span> 
     </span>
    </p>
   </div>
   <div class='ocr_carea' id='block_1_32' title="bbox 1921 1477 3530 1555">
    <p class='ocr_par' dir='ltr' id='par_1_32' title="bbox 1921 1477 3530 1555">
     <span class='ocr_line' id='line_1_32' title="bbox 1921 1477 3530 1555; baseline 0.008 -28"><span class='ocrx_word' id='word_1_219' title='bbox 1921 1489 2042 1545; x_wconf 65' lang='lat' dir='ltr'><strong>quae</strong></span> <span class='ocrx_word' id='word_1_220' title='bbox 2071 1477 2191 1529; x_wconf 81' lang='lat' dir='ltr'><strong>ideo</strong></span> <span class='ocrx_word' id='word_1_221' title='bbox 2213 1477 2475 1547; x_wconf 86' lang='lat' dir='ltr'><strong>Tritonia,</strong></span> <span class='ocrx_word' id='word_1_222' title='bbox 2508 1481 2619 1535; x_wconf 86' lang='lat' dir='ltr'><strong>sive</strong></span> <span class='ocrx_word' id='word_1_223' title='bbox 2651 1481 2909 1549; x_wconf 82' lang='lat' dir='ltr'><strong>Tritonis,</strong></span> <span class='ocrx_word' id='word_1_224' title='bbox 2940 1484 3022 1539; x_wconf 88' lang='lat' dir='ltr'><strong>vel</strong></span> <span class='ocrx_word' id='word_1_225' title='bbox 3052 1482 3094 1537; x_wconf 84' lang='grc' dir='ltr'><strong>Τ</strong></span> <span class='ocrx_word' id='word_1_226' title='bbox 3100 1486 3363 1555; x_wconf 85' lang='lat' dir='ltr'><strong>ritogenia</strong></span> <span class='ocrx_word' id='word_1_227' title='bbox 3395 1503 3530 1541; x_wconf 87' lang='lat' dir='ltr'><strong>nun-</strong></span> 
     </span>
    </p>
   </div>
   <div class='ocr_carea' id='block_1_33' title="bbox 1919 1569 3530 1644">
    <p class='ocr_par' dir='ltr' id='par_1_33' title="bbox 1919 1569 3530 1644">
     <span class='ocr_line' id='line_1_33' title="bbox 1919 1569 3530 1644; baseline 0.007 -23"><span class='ocrx_word' id='word_1_228' title='bbox 1919 1576 2108 1639; x_wconf 88' lang='lat' dir='ltr'><strong>cupata</strong></span> <span class='ocrx_word' id='word_1_229' title='bbox 2133 1569 2263 1637; x_wconf 85' lang='lat' dir='ltr'><strong>fuit,</strong></span> <span class='ocrx_word' id='word_1_230' title='bbox 2291 1581 2384 1627; x_wconf 91' lang='lat' dir='ltr'><strong>aut</strong></span> <span class='ocrx_word' id='word_1_231' title='bbox 2403 1573 2527 1644; x_wconf 85' lang='lat' dir='ltr'><strong>quia</strong></span> <span class='ocrx_word' id='word_1_232' title='bbox 2550 1590 2616 1629; x_wconf 81' lang='lat' dir='ltr'><strong>ex</strong></span> <span class='ocrx_word' id='word_1_233' title='bbox 2642 1573 2792 1630; x_wconf 85' lang='lat' dir='ltr'><strong>Jovis</strong></span> <span class='ocrx_word' id='word_1_234' title='bbox 2812 1576 3037 1631; x_wconf 86' lang='lat' dir='ltr'><strong>cerebro</strong></span> <span class='ocrx_word' id='word_1_235' title='bbox 3068 1589 3208 1643; x_wconf 90' lang='lat' dir='ltr'><strong>orta,</strong></span> <span class='ocrx_word' id='word_1_236' title='bbox 3226 1588 3344 1644; x_wconf 88' lang='lat' dir='ltr'><strong>aut,</strong></span> <span class='ocrx_word' id='word_1_237' title='bbox 3370 1590 3426 1634; x_wconf 93' lang='lat' dir='ltr'><strong>ut</strong></span> <span class='ocrx_word' id='word_1_238' title='bbox 3455 1580 3530 1633; x_wconf 87' lang='lat' dir='ltr'><strong>ait</strong></span> 
     </span>
    </p>
   </div>
   <div class='ocr_carea' id='block_1_34' title="bbox 1920 1658 3532 1743">
    <p class='ocr_par' dir='ltr' id='par_1_34' title="bbox 1920 1658 3532 1743">
     <span class='ocr_line' id='line_1_34' title="bbox 1920 1658 3532 1743; baseline 0.008 -29"><span class='ocrx_word' id='word_1_239' title='bbox 1920 1658 2190 1729; x_wconf 87' lang='lat' dir='ltr'><strong>Lucanus,</strong></span> <span class='ocrx_word' id='word_1_240' title='bbox 2220 1674 2276 1719; x_wconf 91' lang='lat' dir='ltr'><strong>et</strong></span> <span class='ocrx_word' id='word_1_241' title='bbox 2306 1676 2427 1736; x_wconf 78' lang='lat' dir='ltr'><strong>pust</strong></span> <span class='ocrx_word' id='word_1_242' title='bbox 2450 1682 2574 1722; x_wconf 90' lang='lat' dir='ltr'><strong>eum</strong></span> <span class='ocrx_word' id='word_1_243' title='bbox 2606 1667 2826 1723; x_wconf 88' lang='lat' dir='ltr'><strong>Servius</strong></span> <span class='ocrx_word' id='word_1_244' title='bbox 2845 1710 2861 1735; x_wconf 96' lang='lat'><strong>,</strong></span> <span class='ocrx_word' id='word_1_245' title='bbox 2902 1685 2930 1722; x_wconf 92' lang='lat' dir='ltr'><strong>a</strong></span> <span class='ocrx_word' id='word_1_246' title='bbox 2960 1670 3181 1725; x_wconf 88' lang='lat' dir='ltr'><strong>Tritone</strong></span> <span class='ocrx_word' id='word_1_247' title='bbox 3210 1671 3407 1727; x_wconf 70' lang='lat' dir='ltr'><strong>Africa:</strong></span> <span class='ocrx_word' id='word_1_248' title='bbox 3438 1687 3532 1743; x_wconf 88' lang='lat' dir='ltr'><strong>pa-</strong></span> 
     </span>
    </p>
   </div>
   <div class='ocr_carea' id='block_1_35' title="bbox 226 1755 3525 1837">
    <p class='ocr_par' dir='ltr' id='par_1_35' title="bbox 226 1755 3525 1837">
     <span class='ocr_line' id='line_1_35' title="bbox 226 1755 3525 1837; baseline 0.004 -20"><span class='ocrx_word' id='word_1_249' title='bbox 226 1760 563 1819; x_wconf 87' lang='lat' dir='ltr'><strong>divinitatem</strong></span> <span class='ocrx_word' id='word_1_250' title='bbox 593 1772 969 1833; x_wconf 74' lang='lat' dir='ltr'><strong>argumentum</strong></span> <span class='ocrx_word' id='word_1_251' title='bbox 998 1766 1123 1820; x_wconf 86' lang='lat' dir='ltr'><strong>inde</strong></span> <span class='ocrx_word' id='word_1_252' title='bbox 1144 1765 1279 1836; x_wconf 78' lang='lat' dir='ltr'><strong>petit</strong></span> <span class='ocrx_word' id='word_1_253' title='bbox 1319 1767 1621 1834; x_wconf 80' lang='lat' dir='ltr'><strong>Arnobius,</strong></span> <span class='ocrx_word' id='word_1_254' title='bbox 1673 1766 1813 1837; x_wconf 89' lang='lat' dir='ltr'><strong>quod</strong></span> <span class='ocrx_word' id='word_1_255' title='bbox 1845 1771 1893 1829; x_wconf 84' lang='grc' dir='ltr'><strong>Β</strong></span> <span class='ocrx_word' id='word_1_256' title='bbox 1922 1755 2046 1812; x_wconf 81' lang='lat' dir='ltr'><strong>lude</strong></span> <span class='ocrx_word' id='word_1_257' title='bbox 2074 1798 2090 1824; x_wconf 87' lang='lat'><strong>,</strong></span> <span class='ocrx_word' id='word_1_258' title='bbox 2146 1758 2295 1828; x_wconf 67' lang='lat' dir='ltr'><strong>justa</strong></span> <span class='ocrx_word' id='word_1_259' title='bbox 2354 1776 2515 1829; x_wconf 87' lang='lat' dir='ltr'><strong>quam</strong></span> <span class='ocrx_word' id='word_1_260' title='bbox 2562 1775 2684 1816; x_wconf 88' lang='lat' dir='ltr'><strong>nata</strong></span> <span class='ocrx_word' id='word_1_261' title='bbox 2730 1761 2928 1817; x_wconf 74' lang='lat' dir='ltr'><strong>dicitur</strong></span> <span class='ocrx_word' id='word_1_262' title='bbox 2972 1762 3195 1820; x_wconf 77' lang='lat' dir='ltr'><strong>(Lucan.</strong></span> <span class='ocrx_word' id='word_1_263' title='bbox 3224 1804 3240 1828; x_wconf 93' lang='lat'><strong>,</strong></span> <span class='ocrx_word' id='word_1_264' title='bbox 3291 1764 3380 1819; x_wconf 91' lang='lat' dir='ltr'><strong>lib.</strong></span> <span class='ocrx_word' id='word_1_265' title='bbox 3437 1781 3525 1829; x_wconf 75' lang='lat' dir='ltr'><strong>Ix.</strong></span> 
     </span>
    </p>
   </div>
   <div class='ocr_carea' id='block_1_36' title="bbox 226 1855 1815 1929">
    <p class='ocr_par' dir='ltr' id='par_1_36' title="bbox 226 1855 1815 1929">
     <span class='ocr_line' id='line_1_36' title="bbox 226 1855 1815 1929; baseline 0.002 -17"><span class='ocrx_word' id='word_1_266' title='bbox 226 1855 430 1913; x_wconf 88' lang='lat' dir='ltr'><strong>ethnici</strong></span> <span class='ocrx_word' id='word_1_267' title='bbox 480 1872 576 1914; x_wconf 84' lang='lat' dir='ltr'><strong>eos</strong></span> <span class='ocrx_word' id='word_1_268' title='bbox 624 1859 900 1925; x_wconf 87' lang='lat' dir='ltr'><strong>artiiices,</strong></span> <span class='ocrx_word' id='word_1_269' title='bbox 951 1871 1114 1929; x_wconf 91' lang='lat' dir='ltr'><strong>atque</strong></span> <span class='ocrx_word' id='word_1_270' title='bbox 1159 1861 1354 1915; x_wconf 86' lang='lat' dir='ltr'><strong>artium</strong></span> <span class='ocrx_word' id='word_1_271' title='bbox 1385 1870 1442 1917; x_wconf 92' lang='lat' dir='ltr'><strong>et</strong></span> <span class='ocrx_word' id='word_1_272' title='bbox 1469 1861 1815 1915; x_wconf 85' lang='lat' dir='ltr'><strong>scientiarum</strong></span> 
     </span>
    </p>
   </div>
   <div class='ocr_carea' id='block_1_37' title="bbox 227 1949 1817 2020">
    <p class='ocr_par' dir='ltr' id='par_1_37' title="bbox 227 1949 1817 2020">
     <span class='ocr_line' id='line_1_37' title="bbox 227 1949 1817 2020; baseline 0.004 -18"><span class='ocrx_word' id='word_1_273' title='bbox 227 1949 490 2019; x_wconf 83' lang='lat' dir='ltr'><strong>praesides</strong></span> <span class='ocrx_word' id='word_1_274' title='bbox 544 1951 943 2020; x_wconf 86' lang='lat' dir='ltr'><strong>proclamarem</strong></span> <span class='ocrx_word' id='word_1_275' title='bbox 976 1971 990 2007; x_wconf 88' lang='lat'><strong>:</strong></span> <span class='ocrx_word' id='word_1_276' title='bbox 1027 1972 1046 2006; x_wconf 74' lang='grc' dir='ltr'><strong>ι</strong></span> <span class='ocrx_word' id='word_1_277' title='bbox 1082 1953 1219 2009; x_wconf 90' lang='lat' dir='ltr'><strong>Deos</strong></span> <span class='ocrx_word' id='word_1_278' title='bbox 1252 1973 1271 2006; x_wconf 74' lang='grc' dir='ltr'><strong>ι</strong></span> <span class='ocrx_word' id='word_1_279' title='bbox 1305 1954 1448 2009; x_wconf 91' lang='lat' dir='ltr'><strong>enim</strong></span> <span class='ocrx_word' id='word_1_280' title='bbox 1484 1973 1505 2006; x_wconf 79' lang='grc' dir='ltr'><strong>ι</strong></span> <span class='ocrx_word' id='word_1_281' title='bbox 1544 1953 1701 2010; x_wconf 83' lang='lat' dir='ltr'><strong>nobis</strong></span> <span class='ocrx_word' id='word_1_282' title='bbox 1732 1955 1817 2009; x_wconf 91' lang='lat' dir='ltr'><strong>in-</strong></span> 
     </span>
    </p>
   </div>
   <div class='ocr_carea' id='block_1_38' title="bbox 225 2046 1811 2119">
    <p class='ocr_par' dir='ltr' id='par_1_38' title="bbox 225 2046 1811 2119">
     <span class='ocr_line' id='line_1_38' title="bbox 225 2046 1811 2119; baseline 0.004 -19"><span class='ocrx_word' id='word_1_283' title='bbox 225 2046 456 2111; x_wconf 84' lang='lat' dir='ltr'><strong>ducitis,</strong></span> <span class='ocrx_word' id='word_1_284' title='bbox 495 2066 515 2102; x_wconf 75' lang='grc' dir='ltr'><strong>ι</strong></span> <span class='ocrx_word' id='word_1_285' title='bbox 549 2049 713 2105; x_wconf 89' lang='lat' dir='ltr'><strong>verba</strong></span> <span class='ocrx_word' id='word_1_286' title='bbox 756 2050 900 2106; x_wconf 89' lang='lat' dir='ltr'><strong>illius</strong></span> <span class='ocrx_word' id='word_1_287' title='bbox 937 2058 1064 2106; x_wconf 88' lang='lat' dir='ltr'><strong>sunt</strong></span> <span class='ocrx_word' id='word_1_288' title='bbox 1116 2050 1364 2107; x_wconf 88' lang='lat' dir='ltr'><strong>ethnicos</strong></span> <span class='ocrx_word' id='word_1_289' title='bbox 1411 2050 1811 2119; x_wconf 84' lang='lat' dir='ltr'><strong>compellantis,</strong></span> 
     </span>
    </p>
   </div>
   <div class='ocr_carea' id='block_1_39' title="bbox 230 2139 1815 2211">
    <p class='ocr_par' dir='ltr' id='par_1_39' title="bbox 230 2139 1815 2211">
     <span class='ocr_line' id='line_1_39' title="bbox 230 2139 1815 2211; baseline 0.005 -20"><span class='ocrx_word' id='word_1_290' title='bbox 230 2157 252 2191; x_wconf 77' lang='grc' dir='ltr'><strong>σ</strong></span> <span class='ocrx_word' id='word_1_291' title='bbox 286 2140 428 2196; x_wconf 87' lang='lat' dir='ltr'><strong>alios</strong></span> <span class='ocrx_word' id='word_1_292' title='bbox 454 2139 655 2207; x_wconf 82' lang='lat' dir='ltr'><strong>fabros,</strong></span> <span class='ocrx_word' id='word_1_293' title='bbox 696 2143 830 2199; x_wconf 87' lang='lat' dir='ltr'><strong>alios</strong></span> <span class='ocrx_word' id='word_1_294' title='bbox 873 2143 1133 2211; x_wconf 89' lang='lat' dir='ltr'><strong>medicos,</strong></span> <span class='ocrx_word' id='word_1_295' title='bbox 1162 2143 1297 2199; x_wconf 86' lang='lat' dir='ltr'><strong>alios</strong></span> <span class='ocrx_word' id='word_1_296' title='bbox 1325 2144 1578 2209; x_wconf 89' lang='lat' dir='ltr'><strong>lanarios,</strong></span> <span class='ocrx_word' id='word_1_297' title='bbox 1602 2155 1815 2211; x_wconf 87' lang='lat' dir='ltr'><strong>nautas,</strong></span> 
     </span>
    </p>
   </div>
   <div class='ocr_carea' id='block_1_40' title="bbox 223 2229 1818 2309">
    <p class='ocr_par' dir='ltr' id='par_1_40' title="bbox 223 2229 1818 2309">
     <span class='ocr_line' id='line_1_40' title="bbox 223 2229 1818 2309; baseline 0.003 -22"><span class='ocrx_word' id='word_1_298' title='bbox 223 2229 553 2296; x_wconf 78' lang='lat' dir='ltr'><strong>citharistas,</strong></span> <span class='ocrx_word' id='word_1_299' title='bbox 586 2233 847 2303; x_wconf 73' lang='lat' dir='ltr'><strong>aulaedos,</strong></span> <span class='ocrx_word' id='word_1_300' title='bbox 876 2245 1196 2302; x_wconf 86' lang='lat' dir='ltr'><strong>venatores,</strong></span> <span class='ocrx_word' id='word_1_301' title='bbox 1244 2247 1524 2306; x_wconf 86' lang='lat' dir='ltr'><strong>pastores,</strong></span> <span class='ocrx_word' id='word_1_302' title='bbox 1573 2246 1630 2292; x_wconf 90' lang='lat' dir='ltr'><strong>et</strong></span> <span class='ocrx_word' id='word_1_303' title='bbox 1672 2238 1818 2309; x_wconf 90' lang='lat' dir='ltr'><strong>quod</strong></span> 
     </span>
    </p>
   </div>
   <div class='ocr_carea' id='block_1_41' title="bbox 221 2328 1815 2404">
    <p class='ocr_par' dir='ltr' id='par_1_41' title="bbox 221 2328 1815 2404">
     <span class='ocr_line' id='line_1_41' title="bbox 221 2328 1815 2404; baseline 0.004 -25"><span class='ocrx_word' id='word_1_304' title='bbox 221 2336 546 2395; x_wconf 85' lang='lat' dir='ltr'><strong>supererat.</strong></span> <span class='ocrx_word' id='word_1_305' title='bbox 600 2331 852 2385; x_wconf 74' lang='lat' dir='ltr'><strong>rusticos.</strong></span> <span class='ocrx_word' id='word_1_306' title='bbox 890 2349 910 2384; x_wconf 78' lang='grc' dir='ltr'><strong>ι</strong></span> <span class='ocrx_word' id='word_1_307' title='bbox 974 2328 1232 2404; x_wconf 80' lang='lat' dir='ltr'><strong>(Arnob.,</strong></span> <span class='ocrx_word' id='word_1_308' title='bbox 1274 2331 1365 2388; x_wconf 86' lang='lat' dir='ltr'><strong>lib.</strong></span> <span class='ocrx_word' id='word_1_309' title='bbox 1393 2346 1482 2393; x_wconf 86' lang='lat' dir='ltr'><strong>ut.</strong></span> <span class='ocrx_word' id='word_1_310' title='bbox 1512 2349 1612 2403; x_wconf 85' lang='lat' dir='ltr'><strong>pag</strong></span> <span class='ocrx_word' id='word_1_311' title='bbox 1665 2332 1815 2404; x_wconf 87' lang='grc'><strong>111.)</strong></span> 
     </span>
    </p>
   </div>
   <div class='ocr_carea' id='block_1_42' title="bbox 220 2417 1819 2497">
    <p class='ocr_par' dir='ltr' id='par_1_42' title="bbox 220 2417 1819 2497">
     <span class='ocr_line' id='line_1_42' title="bbox 220 2417 1819 2497; baseline 0.006 -22"><span class='ocrx_word' id='word_1_312' title='bbox 220 2417 409 2491; x_wconf 81' lang='lat' dir='ltr'><strong>Neque</strong></span> <span class='ocrx_word' id='word_1_313' title='bbox 440 2420 555 2477; x_wconf 67' lang='lat' dir='ltr'><strong>haec</strong></span> <span class='ocrx_word' id='word_1_314' title='bbox 577 2422 813 2486; x_wconf 89' lang='lat' dir='ltr'><strong>ethnici.</strong></span> <span class='ocrx_word' id='word_1_315' title='bbox 840 2439 869 2479; x_wconf 90' lang='lat' dir='ltr'><strong>a</strong></span> <span class='ocrx_word' id='word_1_316' title='bbox 900 2425 1257 2496; x_wconf 84' lang='lat' dir='ltr'><strong>scriptoribus</strong></span> <span class='ocrx_word' id='word_1_317' title='bbox 1286 2427 1401 2482; x_wconf 89' lang='lat' dir='ltr'><strong>suis</strong></span> <span class='ocrx_word' id='word_1_318' title='bbox 1428 2441 1574 2496; x_wconf 66' lang='lat' dir='ltr'><strong>saepe</strong></span> <span class='ocrx_word' id='word_1_319' title='bbox 1619 2428 1819 2497; x_wconf 59' lang='lat' dir='ltr'><strong>saipius</strong></span> 
     </span>
    </p>
   </div>
   <div class='ocr_carea' id='block_1_43' title="bbox 222 2513 1818 2593">
    <p class='ocr_par' dir='ltr' id='par_1_43' title="bbox 222 2513 1818 2593">
     <span class='ocr_line' id='line_1_43' title="bbox 222 2513 1818 2593; baseline 0.005 -24"><span class='ocrx_word' id='word_1_320' title='bbox 222 2513 510 2570; x_wconf 85' lang='lat' dir='ltr'><strong>decantata</strong></span> <span class='ocrx_word' id='word_1_321' title='bbox 542 2557 556 2579; x_wconf 91' lang='lat'><strong>,</strong></span> <span class='ocrx_word' id='word_1_322' title='bbox 613 2532 812 2589; x_wconf 84' lang='lat' dir='ltr'><strong>negare</strong></span> <span class='ocrx_word' id='word_1_323' title='bbox 864 2528 1132 2590; x_wconf 88' lang='lat' dir='ltr'><strong>poterant.</strong></span> <span class='ocrx_word' id='word_1_324' title='bbox 1188 2519 1323 2575; x_wconf 86' lang='lat' dir='ltr'><strong>Nam</strong></span> <span class='ocrx_word' id='word_1_325' title='bbox 1352 2529 1409 2575; x_wconf 92' lang='lat' dir='ltr'><strong>ut</strong></span> <span class='ocrx_word' id='word_1_326' title='bbox 1436 2521 1629 2576; x_wconf 89' lang='lat' dir='ltr'><strong>missos</strong></span> <span class='ocrx_word' id='word_1_327' title='bbox 1658 2537 1818 2593; x_wconf 87' lang='lat' dir='ltr'><strong>quam</strong></span> 
     </span>
    </p>
   </div>
   <div class='ocr_carea' id='block_1_44' title="bbox 221 2605 1815 2684">
    <p class='ocr_par' dir='ltr' id='par_1_44' title="bbox 221 2605 1815 2684">
     <span class='ocr_line' id='line_1_44' title="bbox 221 2605 1815 2684; baseline 0.004 -22"><span class='ocrx_word' id='word_1_328' title='bbox 221 2605 408 2678; x_wconf 87' lang='lat' dir='ltr'><strong>plures</strong></span> <span class='ocrx_word' id='word_1_329' title='bbox 429 2605 710 2677; x_wconf 89' lang='lat' dir='ltr'><strong>faciamus,</strong></span> <span class='ocrx_word' id='word_1_330' title='bbox 739 2611 853 2667; x_wconf 64' lang='lat' dir='ltr'><strong>haec</strong></span> <span class='ocrx_word' id='word_1_331' title='bbox 875 2611 1141 2668; x_wconf 86' lang='lat' dir='ltr'><strong>Hesiodus</strong></span> <span class='ocrx_word' id='word_1_332' title='bbox 1171 2612 1223 2667; x_wconf 90' lang='lat' dir='ltr'><strong>in</strong></span> <span class='ocrx_word' id='word_1_333' title='bbox 1254 2612 1566 2684; x_wconf 86' lang='lat' dir='ltr'><strong>Theogonia</strong></span> <span class='ocrx_word' id='word_1_334' title='bbox 1595 2614 1815 2670; x_wconf 70' lang='lat' dir='ltr'><strong>cei-init.</strong></span> 
     </span>
    </p>
   </div>
   <div class='ocr_carea' id='block_1_45' title="bbox 222 2702 1820 2780">
    <p class='ocr_par' dir='ltr' id='par_1_45' title="bbox 222 2702 1820 2780">
     <span class='ocr_line' id='line_1_45' title="bbox 222 2702 1820 2780; baseline 0.004 -23"><span class='ocrx_word' id='word_1_335' title='bbox 222 2702 368 2757; x_wconf 85' lang='lat' dir='ltr'><strong>Deos</strong></span> <span class='ocrx_word' id='word_1_336' title='bbox 395 2718 527 2759; x_wconf 88' lang='lat' dir='ltr'><strong>vero</strong></span> <span class='ocrx_word' id='word_1_337' title='bbox 550 2705 786 2761; x_wconf 84' lang='lat' dir='ltr'><strong>rusticos</strong></span> <span class='ocrx_word' id='word_1_338' title='bbox 814 2720 879 2761; x_wconf 89' lang='lat' dir='ltr'><strong>ac</strong></span> <span class='ocrx_word' id='word_1_339' title='bbox 912 2713 1160 2777; x_wconf 86' lang='lat' dir='ltr'><strong>pastores</strong></span> <span class='ocrx_word' id='word_1_340' title='bbox 1200 2708 1445 2778; x_wconf 81' lang='lat' dir='ltr'><strong>agnoscit</strong></span> <span class='ocrx_word' id='word_1_341' title='bbox 1474 2707 1589 2778; x_wconf 88' lang='lat' dir='ltr'><strong>ipse</strong></span> <span class='ocrx_word' id='word_1_342' title='bbox 1613 2709 1705 2780; x_wconf 90' lang='lat' dir='ltr'><strong>qui</strong></span> <span class='ocrx_word' id='word_1_343' title='bbox 1724 2723 1820 2766; x_wconf 90' lang='lat' dir='ltr'><strong>eos</strong></span> 
     </span>
    </p>
   </div>
   <div class='ocr_carea' id='block_1_46' title="bbox 219 2796 1608 2875">
    <p class='ocr_par' dir='ltr' id='par_1_46' title="bbox 219 2796 1608 2875">
     <span class='ocr_line' id='line_1_46' title="bbox 219 2796 1608 2875; baseline 0.004 -24"><span class='ocrx_word' id='word_1_344' title='bbox 219 2796 440 2852; x_wconf 80' lang='lat' dir='ltr'><strong>invocat</strong></span> <span class='ocrx_word' id='word_1_345' title='bbox 466 2797 720 2870; x_wconf 79' lang='lat' dir='ltr'><strong>Virgilius</strong></span> <span class='ocrx_word' id='word_1_346' title='bbox 745 2798 767 2874; x_wconf 91' lang='lat'>(</span> <span class='ocrx_word' id='word_1_347' title='bbox 783 2798 990 2871; x_wconf 77' lang='lat' dir='ltr'><strong>Virgil.,</strong></span> <span class='ocrx_word' id='word_1_348' title='bbox 1013 2801 1127 2855; x_wconf 79' lang='lat' dir='ltr'><strong>init.</strong></span> <span class='ocrx_word' id='word_1_349' title='bbox 1159 2801 1249 2856; x_wconf 86' lang='lat' dir='ltr'><strong>lib.</strong></span> <span class='ocrx_word' id='word_1_350' title='bbox 1275 2817 1292 2855; x_wconf 93' lang='grc' dir='ltr'><strong>ι</strong></span> <span class='ocrx_word' id='word_1_351' title='bbox 1322 2799 1608 2875; x_wconf 62' lang='lat' dir='ltr'><strong>Georgia).</strong></span> 
     </span>
    </p>
   </div>
   <div class='ocr_carea' id='block_1_47' title="bbox 297 2890 1820 2964">
    <p class='ocr_par' dir='ltr' id='par_1_47' title="bbox 297 2890 1820 2964">
     <span class='ocr_line' id='line_1_47' title="bbox 297 2890 1820 2964; baseline 0.005 -21"><span class='ocrx_word' id='word_1_352' title='bbox 297 2890 436 2957; x_wconf 86' lang='lat' dir='ltr'><strong>Quid</strong></span> <span class='ocrx_word' id='word_1_353' title='bbox 474 2901 656 2947; x_wconf 90' lang='lat' dir='ltr'><strong>autem</strong></span> <span class='ocrx_word' id='word_1_354' title='bbox 712 2893 795 2949; x_wconf 81' lang='lat' dir='ltr'><strong>liis</strong></span> <span class='ocrx_word' id='word_1_355' title='bbox 846 2892 1100 2951; x_wconf 87' lang='lat' dir='ltr'><strong>absurdis</strong></span> <span class='ocrx_word' id='word_1_356' title='bbox 1150 2895 1466 2964; x_wconf 90' lang='lat' dir='ltr'><strong>opinionum</strong></span> <span class='ocrx_word' id='word_1_357' title='bbox 1495 2895 1820 2952; x_wconf 89' lang='lat' dir='ltr'><strong>commentis</strong></span> 
     </span>
    </p>
   </div>
   <div class='ocr_carea' id='block_1_48' title="bbox 221 2984 1818 3060">
    <p class='ocr_par' dir='ltr' id='par_1_48' title="bbox 221 2984 1818 3060">
     <span class='ocr_line' id='line_1_48' title="bbox 221 2984 1818 3060; baseline 0.003 -19"><span class='ocrx_word' id='word_1_358' title='bbox 221 2984 422 3041; x_wconf 68' lang='lat' dir='ltr'><strong>divinae</strong></span> <span class='ocrx_word' id='word_1_359' title='bbox 451 2998 658 3042; x_wconf 70' lang='lat' dir='ltr'><strong>naturae</strong></span> <span class='ocrx_word' id='word_1_360' title='bbox 684 2990 854 3060; x_wconf 86' lang='lat' dir='ltr'><strong>magis</strong></span> <span class='ocrx_word' id='word_1_361' title='bbox 882 2989 1230 3058; x_wconf 80' lang='lat' dir='ltr'><strong>Oppositum?</strong></span> <span class='ocrx_word' id='word_1_362' title='bbox 1258 2988 1522 3049; x_wconf 77' lang='lat' dir='ltr'><strong>Numquid</strong></span> <span class='ocrx_word' id='word_1_363' title='bbox 1555 2991 1718 3048; x_wconf 88' lang='lat' dir='ltr'><strong>enim.</strong></span> <span class='ocrx_word' id='word_1_364' title='bbox 1744 2988 1818 3045; x_wconf 90' lang='lat' dir='ltr'><strong>ait</strong></span> 
     </span>
    </p>
   </div>
   <div class='ocr_carea' id='block_1_49' title="bbox 220 3080 1818 3153">
    <p class='ocr_par' dir='ltr' id='par_1_49' title="bbox 220 3080 1818 3153">
     <span class='ocr_line' id='line_1_49' title="bbox 220 3080 1818 3153; baseline 0.001 -17"><span class='ocrx_word' id='word_1_365' title='bbox 220 3080 428 3136; x_wconf 86' lang='lat' dir='ltr'><strong>Auctor</strong></span> <span class='ocrx_word' id='word_1_366' title='bbox 475 3093 678 3147; x_wconf 77' lang='lat' dir='ltr'><strong>mater,</strong></span> <span class='ocrx_word' id='word_1_367' title='bbox 722 3081 773 3134; x_wconf 92' lang='lat' dir='ltr'><strong>in</strong></span> <span class='ocrx_word' id='word_1_368' title='bbox 801 3082 956 3136; x_wconf 66' lang='lat' dir='ltr'><strong>caelis</strong></span> <span class='ocrx_word' id='word_1_369' title='bbox 977 3090 1109 3136; x_wconf 86' lang='lat' dir='ltr'><strong>sunt</strong></span> <span class='ocrx_word' id='word_1_370' title='bbox 1133 3098 1278 3149; x_wconf 89' lang='lat' dir='ltr'><strong>rura,</strong></span> <span class='ocrx_word' id='word_1_371' title='bbox 1301 3098 1423 3153; x_wconf 68' lang='lat' dir='ltr'><strong>qua:</strong></span> <span class='ocrx_word' id='word_1_372' title='bbox 1447 3100 1475 3134; x_wconf 87' lang='lat' dir='ltr'><strong>a</strong></span> <span class='ocrx_word' id='word_1_373' title='bbox 1504 3082 1606 3137; x_wconf 86' lang='lat' dir='ltr'><strong>diis</strong></span> <span class='ocrx_word' id='word_1_374' title='bbox 1630 3082 1818 3138; x_wconf 83' lang='lat' dir='ltr'><strong>colan-</strong></span> 
     </span>
    </p>
   </div>
   <div class='ocr_carea' id='block_1_50' title="bbox 1921 1851 3527 1927">
    <p class='ocr_par' dir='ltr' id='par_1_50' title="bbox 1921 1851 3527 1927">
     <span class='ocr_line' id='line_1_50' title="bbox 1921 1851 3527 1927; baseline 0.005 -25"><span class='ocrx_word' id='word_1_375' title='bbox 1921 1865 2046 1904; x_wconf 76' lang='lat' dir='ltr'><strong>vers.</strong></span> <span class='ocrx_word' id='word_1_376' title='bbox 2074 1851 2172 1906; x_wconf 69' lang='grc'><strong>511</strong></span> <span class='ocrx_word' id='word_1_377' title='bbox 2210 1861 2255 1904; x_wconf 84' lang='lat' dir='ltr'><strong>et</strong></span> <span class='ocrx_word' id='word_1_378' title='bbox 2291 1867 2438 1923; x_wconf 74' lang='lat' dir='ltr'><strong>seq.;</strong></span> <span class='ocrx_word' id='word_1_379' title='bbox 2466 1853 2639 1917; x_wconf 64' lang='lat' dir='ltr'><strong>Serm,</strong></span> <span class='ocrx_word' id='word_1_380' title='bbox 2673 1854 2725 1906; x_wconf 86' lang='lat' dir='ltr'><strong>in</strong></span> <span class='ocrx_word' id='word_1_381' title='bbox 2753 1854 2843 1907; x_wconf 88' lang='lat' dir='ltr'><strong>lib.</strong></span> <span class='ocrx_word' id='word_1_382' title='bbox 2875 1869 2910 1908; x_wconf 95' lang='grc' dir='ltr'><strong>ιι</strong></span> <span class='ocrx_word' id='word_1_383' title='bbox 2955 1853 3197 1921; x_wconf 63' lang='grc' dir='ltr'><strong>Αὸιιείάη</strong></span> <span class='ocrx_word' id='word_1_384' title='bbox 3227 1873 3345 1925; x_wconf 88' lang='lat' dir='ltr'><strong>pug.</strong></span> <span class='ocrx_word' id='word_1_385' title='bbox 3372 1855 3527 1927; x_wconf 70' lang='lat'><strong>252).</strong></span> 
     </span>
    </p>
   </div>
   <div class='ocr_carea' id='block_1_51' title="bbox 1921 1942 3526 2018">
    <p class='ocr_par' dir='ltr' id='par_1_51' title="bbox 1921 1942 3526 2018">
     <span class='ocr_line' id='line_1_51' title="bbox 1921 1942 3526 2018; baseline 0.005 -21"><span class='ocrx_word' id='word_1_386' title='bbox 1921 1942 2115 1999; x_wconf 83' lang='lat' dir='ltr'><strong>Ovidio</strong></span> <span class='ocrx_word' id='word_1_387' title='bbox 2159 1953 2341 2001; x_wconf 89' lang='lat' dir='ltr'><strong>autem</strong></span> <span class='ocrx_word' id='word_1_388' title='bbox 2367 1947 2411 2000; x_wconf 87' lang='lat' dir='ltr'><strong>si</strong></span> <span class='ocrx_word' id='word_1_389' title='bbox 2443 1944 2601 2001; x_wconf 85' lang='lat' dir='ltr'><strong>ﬁdem</strong></span> <span class='ocrx_word' id='word_1_390' title='bbox 2647 1946 2884 2011; x_wconf 86' lang='lat' dir='ltr'><strong>habeas,</strong></span> <span class='ocrx_word' id='word_1_391' title='bbox 2937 1948 3096 2003; x_wconf 89' lang='lat' dir='ltr'><strong>telam</strong></span> <span class='ocrx_word' id='word_1_392' title='bbox 3142 1948 3230 2002; x_wconf 82' lang='lat' dir='ltr'><strong>illa</strong></span> <span class='ocrx_word' id='word_1_393' title='bbox 3273 1952 3526 2018; x_wconf 76' lang='lat' dir='ltr'><strong>texebat,</strong></span> 
     </span>
    </p>
   </div>
   <div class='ocr_carea' id='block_1_52' title="bbox 1922 2036 3523 2115">
    <p class='ocr_par' dir='ltr' id='par_1_52' title="bbox 1922 2036 3523 2115">
     <span class='ocr_line' id='line_1_52' title="bbox 1922 2036 3523 2115; baseline 0.005 -23"><span class='ocrx_word' id='word_1_394' title='bbox 1922 2036 2233 2108; x_wconf 81' lang='lat' dir='ltr'><strong>puellasque</strong></span> <span class='ocrx_word' id='word_1_395' title='bbox 2261 2054 2380 2094; x_wconf 88' lang='lat' dir='ltr'><strong>eam</strong></span> <span class='ocrx_word' id='word_1_396' title='bbox 2411 2040 2624 2096; x_wconf 79' lang='lat' dir='ltr'><strong>texendi</strong></span> <span class='ocrx_word' id='word_1_397' title='bbox 2668 2049 2839 2098; x_wconf 75' lang='lat' dir='ltr'><strong>artem</strong></span> <span class='ocrx_word' id='word_1_398' title='bbox 2869 2041 3072 2098; x_wconf 89' lang='lat' dir='ltr'><strong>docuit.</strong></span> <span class='ocrx_word' id='word_1_399' title='bbox 3124 2043 3287 2110; x_wconf 88' lang='lat' dir='ltr'><strong>Audi,</strong></span> <span class='ocrx_word' id='word_1_400' title='bbox 3318 2059 3523 2115; x_wconf 78' lang='lat' dir='ltr'><strong>quaeso,</strong></span> 
     </span>
    </p>
   </div>
   <div class='ocr_carea' id='block_1_53' title="bbox 1921 2129 2377 2188">
    <p class='ocr_par' dir='ltr' id='par_1_53' title="bbox 1921 2129 2377 2188">
     <span class='ocr_line' id='line_1_53' title="bbox 1921 2129 2377 2188; baseline 0.007 -3"><span class='ocrx_word' id='word_1_401' title='bbox 1921 2129 2065 2186; x_wconf 89' lang='lat' dir='ltr'><strong>illius</strong></span> <span class='ocrx_word' id='word_1_402' title='bbox 2094 2132 2333 2188; x_wconf 81' lang='lat' dir='ltr'><strong>carmina</strong></span> <span class='ocrx_word' id='word_1_403' title='bbox 2365 2150 2377 2187; x_wconf 89' lang='lat'><strong>:</strong></span> 
     </span>
    </p>
   </div>
   <div class='ocr_carea' id='block_1_54' title="bbox 2076 2265 3171 2334">
    <p class='ocr_par' dir='ltr' id='par_1_54' title="bbox 2076 2265 3171 2334">
     <span class='ocr_line' id='line_1_54' title="bbox 2076 2265 3171 2334; baseline 0.007 -19"><span class='ocrx_word' id='word_1_404' title='bbox 2076 2265 2692 2334; x_wconf 51' lang='lat' dir='ltr'><strong>Palladeplacataﬂanam</strong></span> <span class='ocrx_word' id='word_1_405' title='bbox 2720 2270 2930 2331; x_wconf 88' lang='lat' dir='ltr'><strong>mollite,</strong></span> <span class='ocrx_word' id='word_1_406' title='bbox 2953 2272 3133 2334; x_wconf 69' lang='lat' dir='ltr'><strong>puellae</strong></span> <span class='ocrx_word' id='word_1_407' title='bbox 3158 2287 3171 2322; x_wconf 88' lang='lat'><strong>:</strong></span> 
     </span>
    </p>
   </div>
   <div class='ocr_carea' id='block_1_55' title="bbox 2166 2329 3116 2395">
    <p class='ocr_par' dir='ltr' id='par_1_55' title="bbox 2166 2329 3116 2395">
     <span class='ocr_line' id='line_1_55' title="bbox 2166 2329 3116 2395; baseline 0.006 -16"><span class='ocrx_word' id='word_1_408' title='bbox 2166 2329 2353 2381; x_wconf 77' lang='lat' dir='ltr'><strong>Disciie</strong></span> <span class='ocrx_word' id='word_1_409' title='bbox 2363 2331 2463 2394; x_wconf 85' lang='lat' dir='ltr'><strong>jam</strong></span> <span class='ocrx_word' id='word_1_410' title='bbox 2483 2329 2652 2395; x_wconf 75' lang='lat' dir='ltr'><strong>plenas</strong></span> <span class='ocrx_word' id='word_1_411' title='bbox 2669 2329 3116 2385; x_wconf 60' lang='lat' dir='ltr'><strong>exonerare&#39;colos.</strong></span> 
     </span>
    </p>
   </div>
   <div class='ocr_carea' id='block_1_56' title="bbox 2075 2389 3165 2458">
    <p class='ocr_par' dir='ltr' id='par_1_56' title="bbox 2075 2389 3165 2458">
     <span class='ocr_line' id='line_1_56' title="bbox 2075 2389 3165 2458; baseline 0.009 -19"><span class='ocrx_word' id='word_1_412' title='bbox 2075 2389 2161 2440; x_wconf 89' lang='lat' dir='ltr'><strong>Illa</strong></span> <span class='ocrx_word' id='word_1_413' title='bbox 2174 2395 2328 2458; x_wconf 67' lang='lat' dir='ltr'><strong>etiam</strong></span> <span class='ocrx_word' id='word_1_414' title='bbox 2350 2389 2543 2448; x_wconf 71' lang='lat' dir='ltr'><strong>stantes</strong></span> <span class='ocrx_word' id='word_1_415' title='bbox 2559 2397 2694 2446; x_wconf 89' lang='lat' dir='ltr'><strong>radio</strong></span> <span class='ocrx_word' id='word_1_416' title='bbox 2715 2409 3012 2458; x_wconf 72' lang='lat' dir='ltr'><strong>percurrere</strong></span> <span class='ocrx_word' id='word_1_417' title='bbox 3039 2395 3165 2449; x_wconf 87' lang='lat' dir='ltr'><strong>telas</strong></span> 
     </span>
    </p>
   </div>
   <div class='ocr_carea' id='block_1_57' title="bbox 2169 2454 3205 2519">
    <p class='ocr_par' dir='ltr' id='par_1_57' title="bbox 2169 2454 3205 2519">
     <span class='ocr_line' id='line_1_57' title="bbox 2169 2454 3205 2519; baseline 0.008 -15"><span class='ocrx_word' id='word_1_418' title='bbox 2169 2454 2361 2519; x_wconf 84' lang='lat' dir='ltr'><strong>Erudit,</strong></span> <span class='ocrx_word' id='word_1_419' title='bbox 2392 2465 2444 2506; x_wconf 88' lang='lat' dir='ltr'><strong>et</strong></span> <span class='ocrx_word' id='word_1_420' title='bbox 2461 2470 2623 2506; x_wconf 89' lang='lat' dir='ltr'><strong>rarum</strong></span> <span class='ocrx_word' id='word_1_421' title='bbox 2651 2454 2848 2519; x_wconf 78' lang='lat' dir='ltr'><strong>pectine</strong></span> <span class='ocrx_word' id='word_1_422' title='bbox 2867 2460 3045 2509; x_wconf 81' lang='lat' dir='ltr'><strong>densat</strong></span> <span class='ocrx_word' id='word_1_423' title='bbox 3066 2473 3205 2519; x_wconf 89' lang='lat' dir='ltr'><strong>opus.</strong></span> 
     </span>
    </p>
   </div>
   <div class='ocr_carea' id='block_1_58' title="bbox 2076 2516 3401 2582">
    <p class='ocr_par' dir='ltr' id='par_1_58' title="bbox 2076 2516 3401 2582">
     <span class='ocr_line' id='line_1_58' title="bbox 2076 2516 3401 2582; baseline 0.008 -16"><span class='ocrx_word' id='word_1_424' title='bbox 2076 2516 2215 2582; x_wconf 74' lang='lat' dir='ltr'><strong>Hanc</strong></span> <span class='ocrx_word' id='word_1_425' title='bbox 2238 2517 2367 2579; x_wconf 90' lang='lat' dir='ltr'><strong>cole,</strong></span> <span class='ocrx_word' id='word_1_426' title='bbox 2391 2520 2475 2582; x_wconf 87' lang='lat' dir='ltr'><strong>qui</strong></span> <span class='ocrx_word' id='word_1_427' title='bbox 2495 2516 2711 2570; x_wconf 87' lang='lat' dir='ltr'><strong>maculas</strong></span> <span class='ocrx_word' id='word_1_428' title='bbox 2735 2522 2866 2572; x_wconf 62' lang='lat' dir='ltr'><strong>Nesis</strong></span> <span class='ocrx_word' id='word_1_429' title='bbox 2880 2524 2945 2571; x_wconf 88' lang='lat' dir='ltr'><strong>de</strong></span> <span class='ocrx_word' id='word_1_430' title='bbox 2964 2516 3188 2573; x_wconf 81' lang='lat' dir='ltr'><strong>vestibus</strong></span> <span class='ocrx_word' id='word_1_431' title='bbox 3210 2523 3401 2578; x_wconf 78' lang='lat' dir='ltr'><strong>aufers.</strong></span> 
     </span>
    </p>
   </div>
   <div class='ocr_carea' id='block_1_59' title="bbox 2168 2580 3329 2649">
    <p class='ocr_par' dir='ltr' id='par_1_59' title="bbox 2168 2580 3329 2649">
     <span class='ocr_line' id='line_1_59' title="bbox 2168 2580 3329 2649; baseline 0.006 -19"><span class='ocrx_word' id='word_1_432' title='bbox 2168 2580 2305 2632; x_wconf 87' lang='lat' dir='ltr'><strong>Hanc</strong></span> <span class='ocrx_word' id='word_1_433' title='bbox 2327 2580 2436 2632; x_wconf 78' lang='lat' dir='ltr'><strong>cole</strong></span> <span class='ocrx_word' id='word_1_434' title='bbox 2459 2582 2730 2633; x_wconf 81' lang='lat' dir='ltr'><strong>velleribus</strong></span> <span class='ocrx_word' id='word_1_435' title='bbox 2750 2586 2974 2648; x_wconf 79' lang='lat' dir='ltr'><strong>quisquis</strong></span> <span class='ocrx_word' id='word_1_436' title='bbox 2990 2586 3147 2634; x_wconf 83' lang='lat' dir='ltr'><strong>ahena</strong></span> <span class='ocrx_word' id='word_1_437' title='bbox 3172 2599 3329 2649; x_wconf 86' lang='lat' dir='ltr'><strong>paras.</strong></span> 
     </span>
    </p>
   </div>
   <div class='ocr_carea' id='block_1_60' title="bbox 2356 2661 3272 2732">
    <p class='ocr_par' dir='ltr' id='par_1_60' title="bbox 2356 2661 3272 2732">
     <span class='ocr_line' id='line_1_60' title="bbox 2356 2661 3272 2732; baseline 0 -16"><span class='ocrx_word' id='word_1_438' title='bbox 2356 2678 2357 2681; x_wconf 75' lang='lat'>‘</span> <span class='ocrx_word' id='word_1_439' title='bbox 2420 2661 2607 2728; x_wconf 84' lang='lat' dir='ltr'><strong>(Ovid.,</strong></span> <span class='ocrx_word' id='word_1_440' title='bbox 2629 2661 2713 2716; x_wconf 89' lang='lat' dir='ltr'><strong>lib.</strong></span> <span class='ocrx_word' id='word_1_441' title='bbox 2737 2680 2788 2716; x_wconf 87' lang='grc' dir='ltr'><strong>ιιι</strong></span> <span class='ocrx_word' id='word_1_442' title='bbox 2813 2667 3026 2730; x_wconf 84' lang='lat' dir='ltr'><strong>Fastor.,</strong></span> <span class='ocrx_word' id='word_1_443' title='bbox 3052 2669 3139 2718; x_wconf 80' lang='lat' dir='ltr'><strong>sub</strong></span> <span class='ocrx_word' id='word_1_444' title='bbox 3160 2664 3272 2732; x_wconf 79' lang='lat' dir='ltr'><strong>ﬁn.)</strong></span> 
     </span>
    </p>
   </div>
   <div class='ocr_carea' id='block_1_61' title="bbox 1917 2789 3512 2862">
    <p class='ocr_par' dir='ltr' id='par_1_61' title="bbox 1917 2789 3512 2862">
     <span class='ocr_line' id='line_1_61' title="bbox 1917 2789 3512 2862; baseline 0.004 -17"><span class='ocrx_word' id='word_1_445' title='bbox 1917 2789 2188 2847; x_wconf 67' lang='lat' dir='ltr'><strong>Praeterea</strong></span> <span class='ocrx_word' id='word_1_446' title='bbox 2220 2790 2311 2847; x_wconf 91' lang='lat' dir='ltr'><strong>ille</strong></span> <span class='ocrx_word' id='word_1_447' title='bbox 2339 2791 2536 2847; x_wconf 88' lang='lat' dir='ltr'><strong>cecinit</strong></span> <span class='ocrx_word' id='word_1_448' title='bbox 2562 2791 2806 2862; x_wconf 87' lang='lat' dir='ltr'><strong>ejusdem</strong></span> <span class='ocrx_word' id='word_1_449' title='bbox 2836 2792 3068 2848; x_wconf 83' lang='lat' dir='ltr'><strong>Palladis</strong></span> <span class='ocrx_word' id='word_1_450' title='bbox 3106 2808 3228 2848; x_wconf 90' lang='lat' dir='ltr'><strong>cum</strong></span> <span class='ocrx_word' id='word_1_451' title='bbox 3258 2794 3512 2851; x_wconf 83' lang='lat' dir='ltr'><strong>Arachne</strong></span> 
     </span>
    </p>
   </div>
   <div class='ocr_carea' id='block_1_62' title="bbox 1919 2882 3524 2958">
    <p class='ocr_par' dir='ltr' id='par_1_62' title="bbox 1919 2882 3524 2958">
     <span class='ocr_line' id='line_1_62' title="bbox 1919 2882 3524 2958; baseline 0.005 -21"><span class='ocrx_word' id='word_1_452' title='bbox 1919 2882 1989 2939; x_wconf 91' lang='lat' dir='ltr'><strong>de</strong></span> <span class='ocrx_word' id='word_1_453' title='bbox 2021 2884 2255 2939; x_wconf 88' lang='lat' dir='ltr'><strong>lanilicin</strong></span> <span class='ocrx_word' id='word_1_454' title='bbox 2302 2883 2518 2953; x_wconf 90' lang='lat' dir='ltr'><strong>telaque</strong></span> <span class='ocrx_word' id='word_1_455' title='bbox 2557 2886 2786 2940; x_wconf 80' lang='lat' dir='ltr'><strong>texeuda</strong></span> <span class='ocrx_word' id='word_1_456' title='bbox 2839 2896 3153 2951; x_wconf 88' lang='lat' dir='ltr'><strong>certamen,</strong></span> <span class='ocrx_word' id='word_1_457' title='bbox 3198 2896 3253 2942; x_wconf 87' lang='lat' dir='ltr'><strong>et</strong></span> <span class='ocrx_word' id='word_1_458' title='bbox 3281 2888 3409 2958; x_wconf 90' lang='lat' dir='ltr'><strong>quid</strong></span> <span class='ocrx_word' id='word_1_459' title='bbox 3453 2889 3524 2945; x_wconf 88' lang='lat' dir='ltr'><strong>ab</strong></span> 
     </span>
    </p>
   </div>
   <div class='ocr_carea' id='block_1_63' title="bbox 1921 2974 3520 3052">
    <p class='ocr_par' dir='ltr' id='par_1_63' title="bbox 1921 2974 3520 3052">
     <span class='ocr_line' id='line_1_63' title="bbox 1921 2974 3520 3052; baseline 0.003 -20"><span class='ocrx_word' id='word_1_460' title='bbox 1921 2989 2149 3046; x_wconf 89' lang='lat' dir='ltr'><strong>utraque</strong></span> <span class='ocrx_word' id='word_1_461' title='bbox 2195 2976 2391 3031; x_wconf 79' lang='lat' dir='ltr'><strong>laetum</strong></span> <span class='ocrx_word' id='word_1_462' title='bbox 2424 2974 2584 3031; x_wconf 83' lang='lat' dir='ltr'><strong>fuerit</strong></span> <span class='ocrx_word' id='word_1_463' title='bbox 2645 2975 2840 3047; x_wconf 84' lang='lat' dir='ltr'><strong>(Idem,</strong></span> <span class='ocrx_word' id='word_1_464' title='bbox 2870 2978 2962 3032; x_wconf 88' lang='lat' dir='ltr'><strong>lib.</strong></span> <span class='ocrx_word' id='word_1_465' title='bbox 3004 2992 3057 3032; x_wconf 77' lang='grc' dir='ltr'>νι</span> <span class='ocrx_word' id='word_1_466' title='bbox 3102 2977 3343 3046; x_wconf 68' lang='lat' dir='ltr'><strong>Metam,</strong></span> <span class='ocrx_word' id='word_1_467' title='bbox 3376 2983 3520 3052; x_wconf 81' lang='lat' dir='ltr'><strong>init.,</strong></span> 
     </span>
    </p>
   </div>
   <div class='ocr_carea' id='block_1_64' title="bbox 1920 3071 3524 3142">
    <p class='ocr_par' dir='ltr' id='par_1_64' title="bbox 1920 3071 3524 3142">
     <span class='ocr_line' id='line_1_64' title="bbox 1920 3071 3524 3142; baseline 0.005 -18"><span class='ocrx_word' id='word_1_468' title='bbox 1920 3088 2041 3142; x_wconf 87' lang='lat' dir='ltr'><strong>pag.</strong></span> <span class='ocrx_word' id='word_1_469' title='bbox 2070 3072 2171 3127; x_wconf 76' lang='lat'><strong>187</strong></span> <span class='ocrx_word' id='word_1_470' title='bbox 2192 3083 2237 3126; x_wconf 86' lang='lat' dir='ltr'><strong>et</strong></span> <span class='ocrx_word' id='word_1_471' title='bbox 2262 3071 2413 3141; x_wconf 65' lang='lat' dir='ltr'><strong>seq.)</strong></span> <span class='ocrx_word' id='word_1_472' title='bbox 2445 3071 2685 3141; x_wconf 89' lang='lat' dir='ltr'><strong>Denique</strong></span> <span class='ocrx_word' id='word_1_473' title='bbox 2703 3071 2879 3128; x_wconf 82' lang='lat' dir='ltr'><strong>Julius</strong></span> <span class='ocrx_word' id='word_1_474' title='bbox 2904 3072 3197 3137; x_wconf 86' lang='lat' dir='ltr'><strong>Firtnicus,</strong></span> <span class='ocrx_word' id='word_1_475' title='bbox 3226 3076 3313 3130; x_wconf 87' lang='lat' dir='ltr'><strong>tibi</strong></span> <span class='ocrx_word' id='word_1_476' title='bbox 3341 3076 3409 3132; x_wconf 90' lang='lat' dir='ltr'><strong>de</strong></span> <span class='ocrx_word' id='word_1_477' title='bbox 3431 3094 3524 3132; x_wconf 88' lang='lat' dir='ltr'><strong>va-</strong></span> 
     </span>
    </p>
   </div>
   <div class='ocr_carea' id='block_1_65' title="bbox 220 3165 1817 3244">
    <p class='ocr_par' dir='ltr' id='par_1_65' title="bbox 220 3172 1813 3244">
     <span class='ocr_line' id='line_1_65' title="bbox 220 3172 1813 3244; baseline 0.001 -18"><span class='ocrx_word' id='word_1_478' title='bbox 220 3180 343 3236; x_wconf 86' lang='lat' dir='ltr'><strong>tur;</strong></span> <span class='ocrx_word' id='word_1_479' title='bbox 374 3181 587 3227; x_wconf 90' lang='lat' dir='ltr'><strong>montes</strong></span> <span class='ocrx_word' id='word_1_480' title='bbox 608 3185 663 3227; x_wconf 90' lang='lat' dir='ltr'><strong>et</strong></span> <span class='ocrx_word' id='word_1_481' title='bbox 682 3172 874 3244; x_wconf 63' lang='lat' dir='ltr'><strong>sylva»,</strong></span> <span class='ocrx_word' id='word_1_482' title='bbox 902 3172 993 3227; x_wconf 90' lang='lat' dir='ltr'><strong>ubi</strong></span> <span class='ocrx_word' id='word_1_483' title='bbox 1018 3173 1092 3227; x_wconf 90' lang='lat' dir='ltr'><strong>illi</strong></span> <span class='ocrx_word' id='word_1_484' title='bbox 1121 3184 1411 3237; x_wconf 87' lang='lat' dir='ltr'><strong>venentur;</strong></span> <span class='ocrx_word' id='word_1_485' title='bbox 1456 3172 1653 3229; x_wconf 82' lang='lat' dir='ltr'><strong>inﬁrmi</strong></span> <span class='ocrx_word' id='word_1_486' title='bbox 1678 3214 1694 3237; x_wconf 91' lang='lat'><strong>,</strong></span> <span class='ocrx_word' id='word_1_487' title='bbox 1724 3173 1813 3244; x_wconf 87' lang='lat' dir='ltr'><strong>qui</strong></span> 
     </span>
    </p>
   </div>
   <div class='ocr_carea' id='block_1_66' title="bbox 1926 3165 3522 3244">
    <p class='ocr_par' dir='ltr' id='par_1_66' title="bbox 1926 3165 3522 3243">
     <span class='ocr_line' id='line_1_66' title="bbox 1926 3165 3522 3243; baseline 0.004 -22"><span class='ocrx_word' id='word_1_488' title='bbox 1926 3166 2012 3221; x_wconf 89' lang='lat' dir='ltr'><strong>riis</strong></span> <span class='ocrx_word' id='word_1_489' title='bbox 2035 3166 2324 3221; x_wconf 83' lang='lat' dir='ltr'><strong>Minervis:</strong></span> <span class='ocrx_word' id='word_1_490' title='bbox 2356 3185 2375 3218; x_wconf 74' lang='grc' dir='ltr'><strong>ι</strong></span> <span class='ocrx_word' id='word_1_491' title='bbox 2406 3165 2531 3221; x_wconf 87' lang='lat' dir='ltr'><strong>Fuit</strong></span> <span class='ocrx_word' id='word_1_492' title='bbox 2555 3168 2681 3232; x_wconf 91' lang='lat' dir='ltr'><strong>alia,</strong></span> <span class='ocrx_word' id='word_1_493' title='bbox 2717 3186 2737 3219; x_wconf 78' lang='grc' dir='ltr'><strong>ι</strong></span> <span class='ocrx_word' id='word_1_494' title='bbox 2766 3169 2961 3239; x_wconf 91' lang='lat' dir='ltr'><strong>inquit,</strong></span> <span class='ocrx_word' id='word_1_495' title='bbox 2998 3187 3017 3220; x_wconf 77' lang='grc' dir='ltr'><strong>ι</strong></span> <span class='ocrx_word' id='word_1_496' title='bbox 3054 3170 3105 3224; x_wconf 91' lang='lat' dir='ltr'><strong>in</strong></span> <span class='ocrx_word' id='word_1_497' title='bbox 3129 3169 3389 3243; x_wconf 68' lang='lat' dir='ltr'><strong>Egypto,</strong></span> <span class='ocrx_word' id='word_1_498' title='bbox 3412 3172 3522 3228; x_wconf 88' lang='lat' dir='ltr'><strong>Nili</strong></span> 
     </span>
    </p>
   </div>
   <div class='ocr_carea' id='block_1_67' title="bbox 220 3264 1816 3340">
    <p class='ocr_par' dir='ltr' id='par_1_67' title="bbox 220 3264 1816 3340">
     <span class='ocr_line' id='line_1_67' title="bbox 220 3264 1816 3340; baseline 0.003 -21"><span class='ocrx_word' id='word_1_499' title='bbox 220 3264 292 3320; x_wconf 87' lang='lat' dir='ltr'><strong>ab</strong></span> <span class='ocrx_word' id='word_1_500' title='bbox 317 3266 399 3321; x_wconf 89' lang='lat' dir='ltr'><strong>eis</strong></span> <span class='ocrx_word' id='word_1_501' title='bbox 425 3275 716 3332; x_wconf 88' lang='lat' dir='ltr'><strong>curentur;</strong></span> <span class='ocrx_word' id='word_1_502' title='bbox 745 3267 917 3322; x_wconf 86' lang='lat' dir='ltr'><strong>aliave</strong></span> <span class='ocrx_word' id='word_1_503' title='bbox 944 3268 1078 3327; x_wconf 85' lang='lat' dir='ltr'><strong>ioca.</strong></span> <span class='ocrx_word' id='word_1_504' title='bbox 1112 3268 1202 3323; x_wconf 86' lang='lat' dir='ltr'><strong>ubi</strong></span> <span class='ocrx_word' id='word_1_505' title='bbox 1230 3278 1443 3324; x_wconf 74' lang='lat' dir='ltr'><strong>czeterte</strong></span> <span class='ocrx_word' id='word_1_506' title='bbox 1465 3278 1610 3324; x_wconf 87' lang='lat' dir='ltr'><strong>artes</strong></span> <span class='ocrx_word' id='word_1_507' title='bbox 1637 3269 1704 3325; x_wconf 92' lang='lat' dir='ltr'><strong>ab</strong></span> <span class='ocrx_word' id='word_1_508' title='bbox 1734 3270 1816 3340; x_wconf 90' lang='lat' dir='ltr'><strong>ip-</strong></span> 
     </span>
    </p>
   </div>
   <div class='ocr_carea' id='block_1_68' title="bbox 222 3359 1815 3430">
    <p class='ocr_par' dir='ltr' id='par_1_68' title="bbox 222 3359 1815 3430">
     <span class='ocr_line' id='line_1_68' title="bbox 222 3359 1815 3430; baseline 0.003 -16"><span class='ocrx_word' id='word_1_509' title='bbox 222 3359 302 3414; x_wconf 88' lang='lat' dir='ltr'><strong>sis</strong></span> <span class='ocrx_word' id='word_1_510' title='bbox 322 3359 718 3415; x_wconf 81' lang='lat' dir='ltr'><strong>exerreantur?</strong></span> <span class='ocrx_word' id='word_1_511' title='bbox 747 3363 878 3426; x_wconf 62' lang='lat' dir='ltr'><strong>Quae</strong></span> <span class='ocrx_word' id='word_1_512' title='bbox 908 3361 1079 3430; x_wconf 90' lang='lat' dir='ltr'><strong>major</strong></span> <span class='ocrx_word' id='word_1_513' title='bbox 1104 3362 1399 3430; x_wconf 85' lang='lat' dir='ltr'><strong>insulsitas,</strong></span> <span class='ocrx_word' id='word_1_514' title='bbox 1430 3372 1487 3418; x_wconf 89' lang='lat' dir='ltr'><strong>et</strong></span> <span class='ocrx_word' id='word_1_515' title='bbox 1509 3363 1815 3430; x_wconf 88' lang='lat' dir='ltr'><strong>insolentia,</strong></span> 
     </span>
    </p>
   </div>
   <div class='ocr_carea' id='block_1_69' title="bbox 218 3451 1812 3525">
    <p class='ocr_par' dir='ltr' id='par_1_69' title="bbox 218 3451 1812 3525">
     <span class='ocr_line' id='line_1_69' title="bbox 218 3451 1812 3525; baseline 0.004 -20"><span class='ocrx_word' id='word_1_516' title='bbox 218 3465 384 3523; x_wconf 81' lang='lat' dir='ltr'><strong>quam</strong></span> <span class='ocrx_word' id='word_1_517' title='bbox 411 3451 555 3506; x_wconf 82' lang='lat' dir='ltr'><strong>serio</strong></span> <span class='ocrx_word' id='word_1_518' title='bbox 593 3452 779 3508; x_wconf 86' lang='lat' dir='ltr'><strong>dicere</strong></span> <span class='ocrx_word' id='word_1_519' title='bbox 819 3452 960 3509; x_wconf 84' lang='lat' dir='ltr'><strong>hunc</strong></span> <span class='ocrx_word' id='word_1_520' title='bbox 1000 3451 1162 3508; x_wconf 90' lang='lat' dir='ltr'><strong>deum</strong></span> <span class='ocrx_word' id='word_1_521' title='bbox 1208 3454 1386 3525; x_wconf 85' lang='lat' dir='ltr'><strong>aliqua</strong></span> <span class='ocrx_word' id='word_1_522' title='bbox 1431 3454 1599 3510; x_wconf 87' lang='lat' dir='ltr'><strong>imbui</strong></span> <span class='ocrx_word' id='word_1_523' title='bbox 1657 3466 1812 3524; x_wconf 87' lang='lat' dir='ltr'><strong>arte,</strong></span> 
     </span>
    </p>
   </div>
   <div class='ocr_carea' id='block_1_70' title="bbox 219 3538 1816 3617">
    <p class='ocr_par' dir='ltr' id='par_1_70' title="bbox 219 3538 1816 3617">
     <span class='ocr_line' id='line_1_70' title="bbox 219 3538 1816 3617; baseline 0.004 -21"><span class='ocrx_word' id='word_1_524' title='bbox 219 3557 385 3613; x_wconf 87' lang='lat' dir='ltr'><strong>quam</strong></span> <span class='ocrx_word' id='word_1_525' title='bbox 436 3543 575 3598; x_wconf 86' lang='lat' dir='ltr'><strong>alius</strong></span> <span class='ocrx_word' id='word_1_526' title='bbox 615 3543 866 3615; x_wconf 89' lang='lat' dir='ltr'><strong>ignorare</strong></span> <span class='ocrx_word' id='word_1_527' title='bbox 910 3544 1139 3601; x_wconf 84' lang='lat' dir='ltr'><strong>debeat?</strong></span> <span class='ocrx_word' id='word_1_528' title='bbox 1183 3545 1322 3614; x_wconf 87' lang='lat' dir='ltr'><strong>Quid</strong></span> <span class='ocrx_word' id='word_1_529' title='bbox 1351 3538 1618 3617; x_wconf 84' lang='lat' dir='ltr'><strong>putidius,</strong></span> <span class='ocrx_word' id='word_1_530' title='bbox 1652 3559 1816 3617; x_wconf 85' lang='lat' dir='ltr'><strong>quum</strong></span> 
     </span>
    </p>
   </div>
   <div class='ocr_carea' id='block_1_71' title="bbox 218 3634 1814 3712">
    <p class='ocr_par' dir='ltr' id='par_1_71' title="bbox 218 3634 1814 3712">
     <span class='ocr_line' id='line_1_71' title="bbox 218 3634 1814 3712; baseline 0.003 -22"><span class='ocrx_word' id='word_1_531' title='bbox 218 3648 473 3691; x_wconf 78' lang='lat' dir='ltr'><strong>asserere</strong></span> <span class='ocrx_word' id='word_1_532' title='bbox 522 3634 615 3691; x_wconf 89' lang='lat' dir='ltr'><strong>uni</strong></span> <span class='ocrx_word' id='word_1_533' title='bbox 656 3636 772 3693; x_wconf 60' lang='lat' dir='ltr'><strong>deae</strong></span> <span class='ocrx_word' id='word_1_534' title='bbox 817 3636 1119 3707; x_wconf 87' lang='lat' dir='ltr'><strong>laboranti,</strong></span> <span class='ocrx_word' id='word_1_535' title='bbox 1161 3639 1246 3694; x_wconf 88' lang='lat' dir='ltr'><strong>vel</strong></span> <span class='ocrx_word' id='word_1_536' title='bbox 1291 3641 1571 3712; x_wconf 73' lang='lat' dir='ltr'><strong>aegrotanti</strong></span> <span class='ocrx_word' id='word_1_537' title='bbox 1619 3655 1814 3711; x_wconf 81' lang='lat' dir='ltr'><strong>Opem,</strong></span> 
     </span>
    </p>
   </div>
   <div class='ocr_carea' id='block_1_72' title="bbox 221 3728 1817 3804">
    <p class='ocr_par' dir='ltr' id='par_1_72' title="bbox 221 3728 1817 3804">
     <span class='ocr_line' id='line_1_72' title="bbox 221 3728 1817 3804; baseline 0.004 -23"><span class='ocrx_word' id='word_1_538' title='bbox 221 3739 387 3798; x_wconf 80' lang='lat' dir='ltr'><strong>quam</strong></span> <span class='ocrx_word' id='word_1_539' title='bbox 418 3728 507 3784; x_wconf 90' lang='lat' dir='ltr'><strong>illa</strong></span> <span class='ocrx_word' id='word_1_540' title='bbox 536 3728 637 3785; x_wconf 86' lang='lat' dir='ltr'><strong>sibi</strong></span> <span class='ocrx_word' id='word_1_541' title='bbox 670 3730 812 3787; x_wconf 78' lang='lat' dir='ltr'><strong>ferre</strong></span> <span class='ocrx_word' id='word_1_542' title='bbox 841 3748 947 3788; x_wconf 91' lang='lat' dir='ltr'><strong>non</strong></span> <span class='ocrx_word' id='word_1_543' title='bbox 975 3741 1206 3802; x_wconf 86' lang='lat' dir='ltr'><strong>poterat.</strong></span> <span class='ocrx_word' id='word_1_544' title='bbox 1234 3733 1303 3789; x_wconf 89' lang='lat' dir='ltr'><strong>ab</strong></span> <span class='ocrx_word' id='word_1_545' title='bbox 1322 3733 1423 3788; x_wconf 87' lang='lat' dir='ltr'><strong>alia</strong></span> <span class='ocrx_word' id='word_1_546' title='bbox 1458 3749 1614 3804; x_wconf 89' lang='lat' dir='ltr'><strong>posse</strong></span> <span class='ocrx_word' id='word_1_547' title='bbox 1643 3733 1817 3790; x_wconf 77' lang='lat' dir='ltr'><strong>ferri?</strong></span> 
     </span>
    </p>
   </div>
   <div class='ocr_carea' id='block_1_73' title="bbox 296 3818 1813 3899">
    <p class='ocr_par' dir='ltr' id='par_1_73' title="bbox 296 3818 1813 3899">
     <span class='ocr_line' id='line_1_73' title="bbox 296 3818 1813 3899; baseline 0.005 -24"><span class='ocrx_word' id='word_1_548' title='bbox 296 3818 518 3877; x_wconf 81' lang='lat' dir='ltr'><strong>Frustra</strong></span> <span class='ocrx_word' id='word_1_549' title='bbox 552 3838 714 3893; x_wconf 85' lang='lat' dir='ltr'><strong>ergo.</strong></span> <span class='ocrx_word' id='word_1_550' title='bbox 757 3824 833 3880; x_wconf 90' lang='lat' dir='ltr'><strong>uti</strong></span> <span class='ocrx_word' id='word_1_551' title='bbox 877 3825 1225 3896; x_wconf 85' lang='lat' dir='ltr'><strong>prosequitur</strong></span> <span class='ocrx_word' id='word_1_552' title='bbox 1275 3826 1542 3882; x_wconf 84' lang='lat' dir='ltr'><strong>Arnobius</strong></span> <span class='ocrx_word' id='word_1_553' title='bbox 1574 3827 1813 3899; x_wconf 53' lang='lat' dir='ltr'><strong>(Ai-nali&quot;</strong></span> 
     </span>
    </p>
   </div>
   <div class='ocr_carea' id='block_1_74' title="bbox 219 3913 1819 3989">
    <p class='ocr_par' dir='ltr' id='par_1_74' title="bbox 219 3913 1819 3989">
     <span class='ocr_line' id='line_1_74' title="bbox 219 3913 1819 3989; baseline 0.003 -19"><span class='ocrx_word' id='word_1_554' title='bbox 219 3913 315 3971; x_wconf 92' lang='lat' dir='ltr'><strong>lib.</strong></span> <span class='ocrx_word' id='word_1_555' title='bbox 340 3931 429 3980; x_wconf 87' lang='grc' dir='ltr'>ιιι,</span> <span class='ocrx_word' id='word_1_556' title='bbox 458 3932 576 3987; x_wconf 77' lang='lat' dir='ltr'><strong>pag.</strong></span> <span class='ocrx_word' id='word_1_557' title='bbox 603 3915 735 3989; x_wconf 71' lang='grc'><strong>112)</strong></span> <span class='ocrx_word' id='word_1_558' title='bbox 753 3957 770 3983; x_wconf 89' lang='grc'>,</span> <span class='ocrx_word' id='word_1_559' title='bbox 802 3916 1004 3973; x_wconf 90' lang='lat' dir='ltr'><strong>ethnici</strong></span> <span class='ocrx_word' id='word_1_560' title='bbox 1036 3918 1397 3988; x_wconf 82' lang='lat' dir='ltr'><strong>opinabantur</strong></span> <span class='ocrx_word' id='word_1_561' title='bbox 1422 3917 1701 3974; x_wconf 69' lang='lat' dir='ltr'><strong>Minnioni</strong></span> <span class='ocrx_word' id='word_1_562' title='bbox 1729 3934 1819 3974; x_wconf 75' lang='lat' dir='ltr'><strong>va-</strong></span> 
     </span>
    </p>
   </div>
   <div class='ocr_carea' id='block_1_75' title="bbox 216 4007 1818 4082">
    <p class='ocr_par' dir='ltr' id='par_1_75' title="bbox 216 4007 1818 4082">
     <span class='ocr_line' id='line_1_75' title="bbox 216 4007 1818 4082; baseline 0.004 -20"><span class='ocrx_word' id='word_1_563' title='bbox 216 4017 340 4076; x_wconf 75' lang='lat' dir='ltr'><strong>tem,</strong></span> <span class='ocrx_word' id='word_1_564' title='bbox 368 4010 622 4064; x_wconf 88' lang='lat' dir='ltr'><strong>nimirum</strong></span> <span class='ocrx_word' id='word_1_565' title='bbox 665 4007 972 4082; x_wconf 81' lang='lat' dir='ltr'><strong>Apollinem</strong></span> <span class='ocrx_word' id='word_1_566' title='bbox 1017 4010 1185 4077; x_wconf 80' lang='lat' dir='ltr'><strong>love,</strong></span> <span class='ocrx_word' id='word_1_567' title='bbox 1213 4022 1271 4067; x_wconf 91' lang='lat' dir='ltr'><strong>ut</strong></span> <span class='ocrx_word' id='word_1_568' title='bbox 1314 4012 1581 4077; x_wconf 82' lang='lat' dir='ltr'><strong>diximus,</strong></span> <span class='ocrx_word' id='word_1_569' title='bbox 1616 4024 1665 4071; x_wconf 91' lang='lat' dir='ltr'><strong>et</strong></span> <span class='ocrx_word' id='word_1_570' title='bbox 1714 4012 1818 4069; x_wconf 83' lang='lat' dir='ltr'><strong>La-</strong></span> 
     </span>
    </p>
   </div>
   <div class='ocr_carea' id='block_1_76' title="bbox 219 4103 1813 4176">
    <p class='ocr_par' dir='ltr' id='par_1_76' title="bbox 219 4103 1813 4176">
     <span class='ocr_line' id='line_1_76' title="bbox 219 4103 1813 4176; baseline 0.002 -19"><span class='ocrx_word' id='word_1_571' title='bbox 219 4112 351 4158; x_wconf 90' lang='lat' dir='ltr'><strong>tona</strong></span> <span class='ocrx_word' id='word_1_572' title='bbox 375 4112 583 4168; x_wconf 87' lang='lat' dir='ltr'><strong>natum,</strong></span> <span class='ocrx_word' id='word_1_573' title='bbox 606 4103 711 4157; x_wconf 87' lang='lat' dir='ltr'><strong>alio</strong></span> <span class='ocrx_word' id='word_1_574' title='bbox 737 4103 861 4169; x_wconf 90' lang='lat' dir='ltr'><strong>deo,</strong></span> <span class='ocrx_word' id='word_1_575' title='bbox 891 4103 941 4157; x_wconf 91' lang='lat' dir='ltr'><strong>id</strong></span> <span class='ocrx_word' id='word_1_576' title='bbox 972 4114 1076 4169; x_wconf 90' lang='lat' dir='ltr'><strong>est,</strong></span> <span class='ocrx_word' id='word_1_577' title='bbox 1108 4103 1243 4161; x_wconf 85' lang='lat' dir='ltr'><strong>Jove</strong></span> <span class='ocrx_word' id='word_1_578' title='bbox 1286 4104 1404 4175; x_wconf 86' lang='lat' dir='ltr'><strong>ipso</strong></span> <span class='ocrx_word' id='word_1_579' title='bbox 1441 4106 1719 4176; x_wconf 89' lang='lat' dir='ltr'><strong>impletum</strong></span> <span class='ocrx_word' id='word_1_580' title='bbox 1751 4120 1813 4160; x_wconf 88' lang='lat' dir='ltr'><strong>ea</strong></span> 
     </span>
    </p>
   </div>
   <div class='ocr_carea' id='block_1_77' title="bbox 216 4194 1815 4268">
    <p class='ocr_par' dir='ltr' id='par_1_77' title="bbox 216 4194 1815 4268">
     <span class='ocr_line' id='line_1_77' title="bbox 216 4194 1815 4268; baseline 0.001 -16"><span class='ocrx_word' id='word_1_581' title='bbox 216 4194 436 4252; x_wconf 65' lang='lat' dir='ltr'><strong>ueteris</strong></span> <span class='ocrx_word' id='word_1_582' title='bbox 484 4195 608 4261; x_wconf 86' lang='lat' dir='ltr'><strong>diis,</strong></span> <span class='ocrx_word' id='word_1_583' title='bbox 650 4210 769 4267; x_wconf 67' lang='lat' dir='ltr'><strong>qua:</strong></span> <span class='ocrx_word' id='word_1_584' title='bbox 822 4196 1185 4262; x_wconf 86' lang='lat' dir='ltr'><strong>nesciebant,.</strong></span> <span class='ocrx_word' id='word_1_585' title='bbox 1228 4198 1615 4268; x_wconf 69' lang='lat' dir='ltr'><strong>praenuntiam.</strong></span> <span class='ocrx_word' id='word_1_586' title='bbox 1652 4197 1815 4254; x_wconf 87' lang='lat' dir='ltr'><strong>Vetus</strong></span> 
     </span>
    </p>
   </div>
   <div class='ocr_carea' id='block_1_78' title="bbox 215 4284 997 4353">
    <p class='ocr_par' dir='ltr' id='par_1_78' title="bbox 215 4284 997 4353">
     <span class='ocr_line' id='line_1_78' title="bbox 215 4284 997 4353; baseline -0.001 -11"><span class='ocrx_word' id='word_1_587' title='bbox 215 4284 365 4342; x_wconf 88' lang='lat' dir='ltr'><strong>enim</strong></span> <span class='ocrx_word' id='word_1_588' title='bbox 394 4296 550 4353; x_wconf 87' lang='lat' dir='ltr'><strong>poeta</strong></span> <span class='ocrx_word' id='word_1_589' title='bbox 574 4285 703 4342; x_wconf 90' lang='lat' dir='ltr'><strong>olim</strong></span> <span class='ocrx_word' id='word_1_590' title='bbox 729 4288 959 4344; x_wconf 86' lang='lat' dir='ltr'><strong>canebat</strong></span> <span class='ocrx_word' id='word_1_591' title='bbox 983 4305 997 4341; x_wconf 90' lang='lat'><strong>:</strong></span> 
     </span>
    </p>
   </div>
   <div class='ocr_carea' id='block_1_79' title="bbox 407 4437 1239 4494">
    <p class='ocr_par' dir='ltr' id='par_1_79' title="bbox 407 4437 1239 4494">
     <span class='ocr_line' id='line_1_79' title="bbox 407 4437 1239 4494; baseline 0 -14"><span class='ocrx_word' id='word_1_592' title='bbox 407 4440 570 4480; x_wconf 74' lang='grc' dir='ltr'><strong>Στίλλιιν</strong></span> <span class='ocrx_word' id='word_1_593' title='bbox 590 4437 684 4487; x_wconf 68' lang='grc' dir='ltr'>διευς</span> <span class='ocrx_word' id='word_1_594' title='bbox 705 4441 874 4493; x_wconf 63' lang='grc' dir='ltr'><strong>τάχιστέ</strong></span> <span class='ocrx_word' id='word_1_595' title='bbox 898 4444 1019 4480; x_wconf 69' lang='grc' dir='ltr'><strong>ταῦτα</strong></span> <span class='ocrx_word' id='word_1_596' title='bbox 1037 4441 1106 4492; x_wconf 72' lang='grc' dir='ltr'><strong>τὰρ</strong></span> <span class='ocrx_word' id='word_1_597' title='bbox 1119 4442 1239 4494; x_wconf 61' lang='grc' dir='ltr'><strong>πατὴρ</strong></span> 
     </span>
    </p>
   </div>
   <div class='ocr_carea' id='block_1_80' title="bbox 414 4503 801 4555">
    <p class='ocr_par' dir='ltr' id='par_1_80' title="bbox 414 4503 801 4555">
     <span class='ocr_line' id='line_1_80' title="bbox 414 4503 801 4555; baseline -0.005 -11"><span class='ocrx_word' id='word_1_598' title='bbox 414 4504 498 4550; x_wconf 71' lang='grc' dir='ltr'><strong>Ζιῦς</strong></span> <span class='ocrx_word' id='word_1_599' title='bbox 523 4503 665 4555; x_wconf 56' lang='lat' dir='ltr'><strong>truta</strong></span> <span class='ocrx_word' id='word_1_600' title='bbox 683 4503 801 4545; x_wconf 72' lang='grc' dir='ltr'>λοεειι.</span> 
     </span>
    </p>
   </div>
   <div class='ocr_carea' id='block_1_81' title="bbox 376 4573 1339 4638">
    <p class='ocr_par' dir='ltr' id='par_1_81' title="bbox 376 4573 1339 4638">
     <span class='ocr_line' id='line_1_81' title="bbox 376 4573 1339 4638; baseline -0.004 -10"><span class='ocrx_word' id='word_1_601' title='bbox 376 4576 623 4638; x_wconf 75' lang='lat' dir='ltr'><strong>Citissime</strong></span> <span class='ocrx_word' id='word_1_602' title='bbox 644 4575 739 4626; x_wconf 89' lang='lat' dir='ltr'><strong>huc</strong></span> <span class='ocrx_word' id='word_1_603' title='bbox 762 4574 966 4638; x_wconf 75' lang='lat' dir='ltr'><strong>venire;</strong></span> <span class='ocrx_word' id='word_1_604' title='bbox 992 4586 1204 4638; x_wconf 82' lang='lat' dir='ltr'><strong>namque</strong></span> <span class='ocrx_word' id='word_1_605' title='bbox 1226 4573 1339 4624; x_wconf 86' lang='lat' dir='ltr'><strong>talia</strong></span> 
     </span>
    </p>
   </div>
   <div class='ocr_carea' id='block_1_82' title="bbox 379 4636 1264 4704">
    <p class='ocr_par' dir='ltr' id='par_1_82' title="bbox 379 4636 1264 4704">
     <span class='ocr_line' id='line_1_82' title="bbox 379 4636 1264 4704; baseline -0.003 -15"><span class='ocrx_word' id='word_1_606' title='bbox 379 4637 593 4704; x_wconf 79' lang='lat' dir='ltr'><strong>Apollini</strong></span> <span class='ocrx_word' id='word_1_607' title='bbox 617 4647 755 4703; x_wconf 87' lang='lat' dir='ltr'><strong>pater</strong></span> <span class='ocrx_word' id='word_1_608' title='bbox 778 4636 997 4701; x_wconf 87' lang='lat' dir='ltr'><strong>loquenti</strong></span> <span class='ocrx_word' id='word_1_609' title='bbox 1020 4636 1264 4702; x_wconf 74' lang='lat' dir='ltr'><strong>suggerit.</strong></span> 
     </span>
    </p>
   </div>
   <div class='ocr_carea' id='block_1_83' title="bbox 220 4761 1816 4836">
    <p class='ocr_par' dir='ltr' id='par_1_83' title="bbox 220 4761 1816 4836">
     <span class='ocr_line' id='line_1_83' title="bbox 220 4761 1816 4836; baseline 0 -16"><span class='ocrx_word' id='word_1_610' title='bbox 220 4764 438 4822; x_wconf 76' lang='lat' dir='ltr'><strong>Videsis</strong></span> <span class='ocrx_word' id='word_1_611' title='bbox 462 4781 525 4821; x_wconf 88' lang='lat' dir='ltr'><strong>ea</strong></span> <span class='ocrx_word' id='word_1_612' title='bbox 547 4764 616 4821; x_wconf 89' lang='lat' dir='ltr'><strong>de</strong></span> <span class='ocrx_word' id='word_1_613' title='bbox 638 4764 950 4821; x_wconf 85' lang='lat' dir='ltr'><strong>reNatalem</strong></span> <span class='ocrx_word' id='word_1_614' title='bbox 973 4763 1237 4819; x_wconf 86' lang='lat' dir='ltr'><strong>Comitem</strong></span> <span class='ocrx_word' id='word_1_615' title='bbox 1265 4762 1420 4836; x_wconf 82' lang='lat' dir='ltr'><strong>(Nat.</strong></span> <span class='ocrx_word' id='word_1_616' title='bbox 1436 4761 1607 4830; x_wconf 67' lang='lat' dir='ltr'><strong>Com,</strong></span> <span class='ocrx_word' id='word_1_617' title='bbox 1641 4762 1732 4820; x_wconf 86' lang='lat' dir='ltr'><strong>lib.</strong></span> <span class='ocrx_word' id='word_1_618' title='bbox 1764 4777 1816 4819; x_wconf 78' lang='lat' dir='ltr'><strong>tv</strong></span> 
     </span>
    </p>
   </div>
   <div class='ocr_carea' id='block_1_84' title="bbox 219 4856 1073 4932">
    <p class='ocr_par' dir='ltr' id='par_1_84' title="bbox 219 4856 1073 4932">
     <span class='ocr_line' id='line_1_84' title="bbox 219 4856 1073 4932; baseline -0.004 -16"><span class='ocrx_word' id='word_1_619' title='bbox 219 4859 475 4932; x_wconf 74' lang='lat' dir='ltr'><strong>Mythol.,</strong></span> <span class='ocrx_word' id='word_1_620' title='bbox 501 4876 616 4931; x_wconf 84' lang='lat' dir='ltr'><strong>cap.</strong></span> <span class='ocrx_word' id='word_1_621' title='bbox 652 4860 739 4923; x_wconf 85' lang='lat' dir='ltr'><strong>to.</strong></span> <span class='ocrx_word' id='word_1_622' title='bbox 768 4876 889 4931; x_wconf 90' lang='lat' dir='ltr'><strong>pag.</strong></span> <span class='ocrx_word' id='word_1_623' title='bbox 919 4856 1073 4932; x_wconf 75' lang='lat'><strong>559).</strong></span> 
     </span>
    </p>
   </div>
   <div class='ocr_carea' id='block_1_85' title="bbox 301 4951 1809 5025">
    <p class='ocr_par' dir='ltr' id='par_1_85' title="bbox 301 4951 1809 5025">
     <span class='ocr_line' id='line_1_85' title="bbox 301 4951 1809 5025; baseline -0.001 -17"><span class='ocrx_word' id='word_1_624' title='bbox 301 4954 591 5025; x_wconf 84' lang='lat' dir='ltr'><strong>Perperam</strong></span> <span class='ocrx_word' id='word_1_625' title='bbox 616 4969 828 5025; x_wconf 89' lang='lat' dir='ltr'><strong>quoque</strong></span> <span class='ocrx_word' id='word_1_626' title='bbox 850 4952 1197 5009; x_wconf 87' lang='lat' dir='ltr'><strong>venditabant</strong></span> <span class='ocrx_word' id='word_1_627' title='bbox 1224 4951 1588 5023; x_wconf 83' lang='lat' dir='ltr'><strong>Epidaurium,</strong></span> <span class='ocrx_word' id='word_1_628' title='bbox 1617 4952 1669 5006; x_wconf 88' lang='lat' dir='ltr'><strong>id</strong></span> <span class='ocrx_word' id='word_1_629' title='bbox 1693 4959 1809 5020; x_wconf 86' lang='lat' dir='ltr'><strong>est,</strong></span> 
     </span>
    </p>
   </div>
   <div class='ocr_carea' id='block_1_86' title="bbox 218 5045 1817 5119">
    <p class='ocr_par' dir='ltr' id='par_1_86' title="bbox 218 5045 1817 5119">
     <span class='ocr_line' id='line_1_86' title="bbox 218 5045 1817 5119; baseline -0.003 -15"><span class='ocrx_word' id='word_1_630' title='bbox 218 5045 594 5114; x_wconf 67' lang='lat' dir='ltr'><strong>Esrulapium</strong></span> <span class='ocrx_word' id='word_1_631' title='bbox 614 5089 632 5114; x_wconf 92' lang='lat'><strong>,</strong></span> <span class='ocrx_word' id='word_1_632' title='bbox 661 5046 730 5102; x_wconf 88' lang='lat' dir='ltr'><strong>de</strong></span> <span class='ocrx_word' id='word_1_633' title='bbox 758 5061 866 5119; x_wconf 87' lang='lat' dir='ltr'><strong>quo</strong></span> <span class='ocrx_word' id='word_1_634' title='bbox 897 5061 995 5101; x_wconf 90' lang='lat' dir='ltr'><strong>nos</strong></span> <span class='ocrx_word' id='word_1_635' title='bbox 1017 5047 1129 5117; x_wconf 87' lang='lat' dir='ltr'><strong>jam</strong></span> <span class='ocrx_word' id='word_1_636' title='bbox 1162 5045 1303 5100; x_wconf 89' lang='lat' dir='ltr'><strong>haud</strong></span> <span class='ocrx_word' id='word_1_637' title='bbox 1349 5045 1518 5101; x_wconf 85' lang='lat' dir='ltr'><strong>semel</strong></span> <span class='ocrx_word' id='word_1_638' title='bbox 1559 5045 1817 5100; x_wconf 88' lang='lat' dir='ltr'><strong>disserui-</strong></span> 
     </span>
    </p>
   </div>
   <div class='ocr_carea' id='block_1_87' title="bbox 220 5133 1817 5211">
    <p class='ocr_par' dir='ltr' id='par_1_87' title="bbox 220 5133 1817 5211">
     <span class='ocr_line' id='line_1_87' title="bbox 220 5133 1817 5211; baseline -0.004 -16"><span class='ocrx_word' id='word_1_639' title='bbox 220 5154 369 5205; x_wconf 72' lang='lat' dir='ltr'><strong>mus,</strong></span> <span class='ocrx_word' id='word_1_640' title='bbox 395 5137 625 5193; x_wconf 89' lang='lat' dir='ltr'><strong>aliorum</strong></span> <span class='ocrx_word' id='word_1_641' title='bbox 674 5137 881 5211; x_wconf 85' lang='lat' dir='ltr'><strong>morbis</strong></span> <span class='ocrx_word' id='word_1_642' title='bbox 901 5145 959 5192; x_wconf 91' lang='lat' dir='ltr'><strong>et</strong></span> <span class='ocrx_word' id='word_1_643' title='bbox 990 5134 1306 5191; x_wconf 84' lang='lat' dir='ltr'><strong>vulneribus</strong></span> <span class='ocrx_word' id='word_1_644' title='bbox 1347 5134 1551 5191; x_wconf 87' lang='lat' dir='ltr'><strong>mederi</strong></span> <span class='ocrx_word' id='word_1_645' title='bbox 1592 5133 1767 5208; x_wconf 83' lang='lat' dir='ltr'><strong>(Tom.</strong></span> <span class='ocrx_word' id='word_1_646' title='bbox 1798 5150 1817 5189; x_wconf 94' lang='grc' dir='ltr'><strong>ι</strong></span> 
     </span>
    </p>
   </div>
   <div class='ocr_carea' id='block_1_88' title="bbox 219 5226 1815 5301">
    <p class='ocr_par' dir='ltr' id='par_1_88' title="bbox 219 5226 1815 5301">
     <span class='ocr_line' id='line_1_88' title="bbox 219 5226 1815 5301; baseline -0.003 -16"><span class='ocrx_word' id='word_1_647' title='bbox 219 5230 480 5301; x_wconf 76' lang='lat' dir='ltr'><strong>Apparet.</strong></span> <span class='ocrx_word' id='word_1_648' title='bbox 503 5271 519 5296; x_wconf 94' lang='lat'><strong>,</strong></span> <span class='ocrx_word' id='word_1_649' title='bbox 549 5246 667 5300; x_wconf 88' lang='lat' dir='ltr'><strong>pag.</strong></span> <span class='ocrx_word' id='word_1_650' title='bbox 701 5229 806 5285; x_wconf 65' lang='lat'><strong>754</strong></span> <span class='ocrx_word' id='word_1_651' title='bbox 831 5238 881 5282; x_wconf 75' lang='lat' dir='ltr'><strong>et</strong></span> <span class='ocrx_word' id='word_1_652' title='bbox 914 5226 1080 5293; x_wconf 76' lang='lat' dir='ltr'><strong>H93,</strong></span> <span class='ocrx_word' id='word_1_653' title='bbox 1114 5237 1163 5282; x_wconf 87' lang='lat' dir='ltr'><strong>el</strong></span> <span class='ocrx_word' id='word_1_654' title='bbox 1182 5243 1280 5297; x_wconf 76' lang='lat' dir='ltr'><strong>sup</strong></span> <span class='ocrx_word' id='word_1_655' title='bbox 1324 5269 1339 5289; x_wconf 86' lang='lat'><strong>,</strong></span> <span class='ocrx_word' id='word_1_656' title='bbox 1369 5243 1487 5297; x_wconf 81' lang='lat' dir='ltr'><strong>cap.</strong></span> <span class='ocrx_word' id='word_1_657' title='bbox 1517 5226 1568 5293; x_wconf 89' lang='lat'><strong>9,</strong></span> <span class='ocrx_word' id='word_1_658' title='bbox 1603 5239 1704 5282; x_wconf 82' lang='lat' dir='ltr'><strong>art.</strong></span> <span class='ocrx_word' id='word_1_659' title='bbox 1732 5226 1815 5298; x_wconf 77' lang='lat'><strong>2).</strong></span> 
     </span>
    </p>
   </div>
   <div class='ocr_carea' id='block_1_89' title="bbox 218 5320 1812 5394">
    <p class='ocr_par' dir='ltr' id='par_1_89' title="bbox 218 5320 1812 5394">
     <span class='ocr_line' id='line_1_89' title="bbox 218 5320 1812 5394; baseline -0.003 -15"><span class='ocrx_word' id='word_1_660' title='bbox 218 5323 381 5393; x_wconf 86' lang='lat' dir='ltr'><strong>Quod</strong></span> <span class='ocrx_word' id='word_1_661' title='bbox 406 5340 535 5379; x_wconf 86' lang='lat' dir='ltr'><strong>vero</strong></span> <span class='ocrx_word' id='word_1_662' title='bbox 555 5321 1055 5393; x_wconf 80' lang='lat' dir='ltr'><strong>subjiritAruobius</strong></span> <span class='ocrx_word' id='word_1_663' title='bbox 1072 5321 1312 5394; x_wconf 81' lang='lat' dir='ltr'><strong>(Arnob.,</strong></span> <span class='ocrx_word' id='word_1_664' title='bbox 1331 5320 1422 5378; x_wconf 92' lang='lat' dir='ltr'><strong>lib.</strong></span> <span class='ocrx_word' id='word_1_665' title='bbox 1446 5337 1523 5389; x_wconf 87' lang='grc' dir='ltr'>ιιι,</span> <span class='ocrx_word' id='word_1_666' title='bbox 1545 5338 1664 5393; x_wconf 90' lang='lat' dir='ltr'><strong>pag.</strong></span> <span class='ocrx_word' id='word_1_667' title='bbox 1688 5321 1812 5389; x_wconf 75' lang='grc'><strong>115,</strong></span> 
     </span>
    </p>
   </div>
   <div class='ocr_carea' id='block_1_90' title="bbox 219 5414 1819 5488">
    <p class='ocr_par' dir='ltr' id='par_1_90' title="bbox 219 5414 1819 5488">
     <span class='ocr_line' id='line_1_90' title="bbox 219 5414 1819 5488; baseline -0.005 -13"><span class='ocrx_word' id='word_1_668' title='bbox 219 5428 275 5475; x_wconf 82' lang='lat' dir='ltr'><strong>et</strong></span> <span class='ocrx_word' id='word_1_669' title='bbox 301 5418 391 5472; x_wconf 87' lang='lat' dir='ltr'><strong>lib.</strong></span> <span class='ocrx_word' id='word_1_670' title='bbox 416 5432 487 5483; x_wconf 90' lang='lat' dir='ltr'><strong>tv,</strong></span> <span class='ocrx_word' id='word_1_671' title='bbox 524 5433 645 5488; x_wconf 82' lang='lat' dir='ltr'><strong>pag.</strong></span> <span class='ocrx_word' id='word_1_672' title='bbox 679 5414 831 5488; x_wconf 73' lang='lat' dir='ltr'><strong>M5),</strong></span> <span class='ocrx_word' id='word_1_673' title='bbox 862 5414 1163 5471; x_wconf 84' lang='lat' dir='ltr'><strong>Volcanum</strong></span> <span class='ocrx_word' id='word_1_674' title='bbox 1192 5429 1342 5471; x_wconf 88' lang='lat' dir='ltr'><strong>arma</strong></span> <span class='ocrx_word' id='word_1_675' title='bbox 1373 5414 1685 5480; x_wconf 81' lang='lat' dir='ltr'><strong>fabricasse,</strong></span> <span class='ocrx_word' id='word_1_676' title='bbox 1734 5414 1819 5469; x_wconf 89' lang='lat' dir='ltr'><strong>vel</strong></span> 
     </span>
    </p>
   </div>
   <div class='ocr_carea' id='block_1_91' title="bbox 219 5509 1823 5582">
    <p class='ocr_par' dir='ltr' id='par_1_91' title="bbox 219 5509 1823 5582">
     <span class='ocr_line' id='line_1_91' title="bbox 219 5509 1823 5582; baseline -0.003 -14"><span class='ocrx_word' id='word_1_677' title='bbox 219 5523 287 5569; x_wconf 86' lang='lat' dir='ltr'><strong>ut</strong></span> <span class='ocrx_word' id='word_1_678' title='bbox 312 5512 470 5573; x_wconf 85' lang='lat' dir='ltr'><strong>alibi.</strong></span> <span class='ocrx_word' id='word_1_679' title='bbox 498 5512 641 5582; x_wconf 82' lang='lat' dir='ltr'><strong>apud</strong></span> <span class='ocrx_word' id='word_1_680' title='bbox 664 5509 888 5566; x_wconf 72' lang='lat' dir='ltr'><strong>insulam</strong></span> <span class='ocrx_word' id='word_1_681' title='bbox 935 5509 1185 5565; x_wconf 83' lang='lat' dir='ltr'><strong>Lemnum</strong></span> <span class='ocrx_word' id='word_1_682' title='bbox 1230 5509 1438 5581; x_wconf 79' lang='lat' dir='ltr'><strong>fabrilia</strong></span> <span class='ocrx_word' id='word_1_683' title='bbox 1477 5525 1635 5578; x_wconf 80' lang='lat' dir='ltr'><strong>opera</strong></span> <span class='ocrx_word' id='word_1_684' title='bbox 1677 5524 1823 5563; x_wconf 69' lang='lat' dir='ltr'><strong>exer-</strong></span> 
     </span>
    </p>
   </div>
   <div class='ocr_carea' id='block_1_92' title="bbox 217 5599 1821 5673">
    <p class='ocr_par' dir='ltr' id='par_1_92' title="bbox 217 5599 1821 5673">
     <span class='ocr_line' id='line_1_92' title="bbox 217 5599 1821 5673; baseline -0.004 -12"><span class='ocrx_word' id='word_1_685' title='bbox 217 5604 527 5667; x_wconf 71' lang='lat' dir='ltr'><strong>cuisse,hoc</strong></span> <span class='ocrx_word' id='word_1_686' title='bbox 549 5615 821 5673; x_wconf 87' lang='lat' dir='ltr'><strong>sumptum</strong></span> <span class='ocrx_word' id='word_1_687' title='bbox 853 5602 1228 5673; x_wconf 82' lang='lat' dir='ltr'><strong>proculdubio</strong></span> <span class='ocrx_word' id='word_1_688' title='bbox 1257 5603 1353 5656; x_wconf 90' lang='lat' dir='ltr'><strong>fuit</strong></span> <span class='ocrx_word' id='word_1_689' title='bbox 1382 5616 1449 5657; x_wconf 84' lang='lat' dir='ltr'><strong>ex</strong></span> <span class='ocrx_word' id='word_1_690' title='bbox 1482 5603 1629 5656; x_wconf 87' lang='lat' dir='ltr'><strong>hisce</strong></span> <span class='ocrx_word' id='word_1_691' title='bbox 1658 5599 1821 5656; x_wconf 89' lang='lat' dir='ltr'><strong>Tullii</strong></span> 
     </span>
    </p>
   </div>
   <div class='ocr_carea' id='block_1_93' title="bbox 224 5691 1826 5763">
    <p class='ocr_par' dir='ltr' id='par_1_93' title="bbox 224 5691 1826 5763">
     <span class='ocr_line' id='line_1_93' title="bbox 224 5691 1826 5763; baseline -0.003 -10"><span class='ocrx_word' id='word_1_692' title='bbox 224 5695 417 5753; x_wconf 86' lang='lat' dir='ltr'><strong>verbis</strong></span> <span class='ocrx_word' id='word_1_693' title='bbox 443 5713 457 5749; x_wconf 89' lang='lat'><strong>:</strong></span> <span class='ocrx_word' id='word_1_694' title='bbox 489 5696 754 5752; x_wconf 84' lang='lat' dir='ltr'><strong>Vulcanus</strong></span> <span class='ocrx_word' id='word_1_695' title='bbox 779 5696 957 5750; x_wconf 76' lang='lat' dir='ltr'><strong>tertius</strong></span> <span class='ocrx_word' id='word_1_696' title='bbox 985 5710 1051 5749; x_wconf 78' lang='lat' dir='ltr'><strong>ea:</strong></span> <span class='ocrx_word' id='word_1_697' title='bbox 1077 5694 1226 5748; x_wconf 77' lang='lat' dir='ltr'><strong>tertio</strong></span> <span class='ocrx_word' id='word_1_698' title='bbox 1253 5692 1383 5748; x_wconf 78' lang='lat' dir='ltr'><strong>Jove</strong></span> <span class='ocrx_word' id='word_1_699' title='bbox 1410 5701 1458 5747; x_wconf 81' lang='lat' dir='ltr'><strong>et</strong></span> <span class='ocrx_word' id='word_1_700' title='bbox 1485 5691 1715 5761; x_wconf 73' lang='lat' dir='ltr'><strong>lunone,</strong></span> <span class='ocrx_word' id='word_1_701' title='bbox 1738 5693 1826 5763; x_wconf 82' lang='lat' dir='ltr'><strong>qui</strong></span> 
     </span>
    </p>
   </div>
   <div class='ocr_carea' id='block_1_94' title="bbox 219 5786 1822 5859">
    <p class='ocr_par' dir='ltr' id='par_1_94' title="bbox 219 5786 1822 5859">
     <span class='ocr_line' id='line_1_94' title="bbox 219 5786 1822 5859; baseline -0.002 -12"><span class='ocrx_word' id='word_1_702' title='bbox 219 5789 439 5849; x_wconf 65' lang='lat' dir='ltr'><strong>Lemne</strong></span> <span class='ocrx_word' id='word_1_703' title='bbox 466 5788 677 5859; x_wconf 73' lang='lat' dir='ltr'><strong>fabrica:</strong></span> <span class='ocrx_word' id='word_1_704' title='bbox 703 5787 893 5844; x_wconf 70' lang='lat' dir='ltr'><strong>dicitur</strong></span> <span class='ocrx_word' id='word_1_705' title='bbox 918 5788 1205 5859; x_wconf 75' lang='lat' dir='ltr'><strong>prafuiue.</strong></span> <span class='ocrx_word' id='word_1_706' title='bbox 1222 5786 1307 5842; x_wconf 90' lang='lat' dir='ltr'><strong>Ab</strong></span> <span class='ocrx_word' id='word_1_707' title='bbox 1333 5786 1427 5843; x_wconf 88' lang='lat' dir='ltr'><strong>illo</strong></span> <span class='ocrx_word' id='word_1_708' title='bbox 1442 5795 1623 5842; x_wconf 84' lang='lat' dir='ltr'><strong>autem</strong></span> <span class='ocrx_word' id='word_1_709' title='bbox 1654 5786 1822 5843; x_wconf 86' lang='lat' dir='ltr'><strong>fabri-</strong></span> 
     </span>
    </p>
   </div>
   <div class='ocr_carea' id='block_1_95' title="bbox 1921 3258 3522 3333">
    <p class='ocr_par' dir='ltr' id='par_1_95' title="bbox 1921 3258 3522 3333">
     <span class='ocr_line' id='line_1_95' title="bbox 1921 3258 3522 3333; baseline 0.004 -18"><span class='ocrx_word' id='word_1_710' title='bbox 1921 3260 2061 3331; x_wconf 80' lang='lat' dir='ltr'><strong>rrgis</strong></span> <span class='ocrx_word' id='word_1_711' title='bbox 2089 3258 2220 3324; x_wconf 84' lang='lat' dir='ltr'><strong>lilia,</strong></span> <span class='ocrx_word' id='word_1_712' title='bbox 2255 3261 2502 3314; x_wconf 72' lang='lat' dir='ltr'><strong>textrina:</strong></span> <span class='ocrx_word' id='word_1_713' title='bbox 2526 3260 2660 3314; x_wconf 90' lang='lat' dir='ltr'><strong>artis</strong></span> <span class='ocrx_word' id='word_1_714' title='bbox 2693 3261 2972 3332; x_wconf 84' lang='lat' dir='ltr'><strong>magistra.</strong></span> <span class='ocrx_word' id='word_1_715' title='bbox 3007 3281 3027 3314; x_wconf 74' lang='grc' dir='ltr'><strong>ι</strong></span> <span class='ocrx_word' id='word_1_716' title='bbox 3059 3260 3322 3333; x_wconf 81' lang='lat' dir='ltr'><strong>(Firmic.,</strong></span> <span class='ocrx_word' id='word_1_717' title='bbox 3357 3266 3421 3320; x_wconf 84' lang='lat' dir='ltr'><strong>de</strong></span> <span class='ocrx_word' id='word_1_718' title='bbox 3439 3282 3522 3321; x_wconf 82' lang='lat' dir='ltr'><strong>er-</strong></span> 
     </span>
    </p>
   </div>
   <div class='ocr_carea' id='block_1_96' title="bbox 1920 3352 3524 3427">
    <p class='ocr_par' dir='ltr' id='par_1_96' title="bbox 1920 3352 3524 3427">
     <span class='ocr_line' id='line_1_96' title="bbox 1920 3352 3524 3427; baseline 0.003 -17"><span class='ocrx_word' id='word_1_719' title='bbox 1920 3371 2027 3410; x_wconf 84' lang='lat' dir='ltr'><strong>ror.</strong></span> <span class='ocrx_word' id='word_1_720' title='bbox 2065 3354 2249 3426; x_wconf 79' lang='lat' dir='ltr'><strong>praplt.</strong></span> <span class='ocrx_word' id='word_1_721' title='bbox 2287 3354 2464 3423; x_wconf 84' lang='lat' dir='ltr'><strong>relig.,</strong></span> <span class='ocrx_word' id='word_1_722' title='bbox 2496 3369 2620 3424; x_wconf 86' lang='lat' dir='ltr'><strong>pag.</strong></span> <span class='ocrx_word' id='word_1_723' title='bbox 2654 3352 2769 3422; x_wconf 75' lang='lat'><strong>20).</strong></span> <span class='ocrx_word' id='word_1_724' title='bbox 2799 3353 2907 3411; x_wconf 78' lang='lat' dir='ltr'><strong>Sed</strong></span> <span class='ocrx_word' id='word_1_725' title='bbox 2939 3354 2990 3409; x_wconf 91' lang='lat' dir='ltr'><strong>id</strong></span> <span class='ocrx_word' id='word_1_726' title='bbox 3012 3355 3247 3427; x_wconf 82' lang='lat' dir='ltr'><strong>gentiles</strong></span> <span class='ocrx_word' id='word_1_727' title='bbox 3292 3358 3524 3427; x_wconf 82' lang='lat' dir='ltr'><strong>probare</strong></span> 
     </span>
    </p>
   </div>
   <div class='ocr_carea' id='block_1_97' title="bbox 1919 3456 2556 3520">
    <p class='ocr_par' dir='ltr' id='par_1_97' title="bbox 1919 3456 2556 3520">
     <span class='ocr_line' id='line_1_97' title="bbox 1919 3456 2556 3520; baseline -0.005 -16"><span class='ocrx_word' id='word_1_728' title='bbox 1919 3463 2210 3520; x_wconf 83' lang='lat' dir='ltr'><strong>numquam</strong></span> <span class='ocrx_word' id='word_1_729' title='bbox 2244 3456 2556 3519; x_wconf 91' lang='lat' dir='ltr'><strong>potuerunt.</strong></span> 
     </span>
    </p>
   </div>
   <div class='ocr_carea' id='block_1_98' title="bbox 1993 3538 3520 3617">
    <p class='ocr_par' dir='ltr' id='par_1_98' title="bbox 1993 3538 3520 3617">
     <span class='ocr_line' id='line_1_98' title="bbox 1993 3538 3520 3617; baseline 0.003 -21"><span class='ocrx_word' id='word_1_730' title='bbox 1993 3541 2234 3611; x_wconf 89' lang='lat' dir='ltr'><strong>Denique</strong></span> <span class='ocrx_word' id='word_1_731' title='bbox 2272 3541 2514 3596; x_wconf 76' lang='lat' dir='ltr'><strong>Atlantea</strong></span> <span class='ocrx_word' id='word_1_732' title='bbox 2541 3541 2668 3611; x_wconf 90' lang='lat' dir='ltr'><strong>(ms.</strong></span> <span class='ocrx_word' id='word_1_733' title='bbox 2700 3538 2871 3597; x_wconf 89' lang='lat' dir='ltr'><strong>codex</strong></span> <span class='ocrx_word' id='word_1_734' title='bbox 2905 3555 3019 3612; x_wconf 88' lang='lat' dir='ltr'><strong>reg.</strong></span> <span class='ocrx_word' id='word_1_735' title='bbox 3059 3540 3302 3616; x_wconf 79' lang='lat' dir='ltr'><strong>Alantea)</strong></span> <span class='ocrx_word' id='word_1_736' title='bbox 3332 3559 3520 3617; x_wconf 77' lang='lat' dir='ltr'><strong>proge-</strong></span> 
     </span>
    </p>
   </div>
   <div class='ocr_carea' id='block_1_99' title="bbox 1917 3632 3518 3712">
    <p class='ocr_par' dir='ltr' id='par_1_99' title="bbox 1917 3632 3518 3712">
     <span class='ocr_line' id='line_1_99' title="bbox 1917 3632 3518 3712; baseline 0.004 -24"><span class='ocrx_word' id='word_1_737' title='bbox 1917 3635 2048 3701; x_wconf 73' lang='lat' dir='ltr'><strong>nies,</strong></span> <span class='ocrx_word' id='word_1_738' title='bbox 2067 3632 2465 3705; x_wconf 67' lang='lat' dir='ltr'><strong>qum,sicutiait</strong></span> <span class='ocrx_word' id='word_1_739' title='bbox 2484 3633 2756 3689; x_wconf 88' lang='lat' dir='ltr'><strong>Arnobius</strong></span> <span class='ocrx_word' id='word_1_740' title='bbox 2778 3632 3020 3707; x_wconf 76' lang='lat' dir='ltr'><strong>(Arnob.‘,</strong></span> <span class='ocrx_word' id='word_1_741' title='bbox 3038 3634 3130 3689; x_wconf 85' lang='lat' dir='ltr'><strong>lib.</strong></span> <span class='ocrx_word' id='word_1_742' title='bbox 3146 3650 3205 3702; x_wconf 90' lang='grc' dir='ltr'><strong>ιι,</strong></span> <span class='ocrx_word' id='word_1_743' title='bbox 3222 3652 3344 3708; x_wconf 85' lang='lat' dir='ltr'><strong>pag.</strong></span> <span class='ocrx_word' id='word_1_744' title='bbox 3363 3638 3424 3693; x_wconf 88' lang='grc'><strong>11</strong></span> <span class='ocrx_word' id='word_1_745' title='bbox 3439 3634 3518 3712; x_wconf 67' lang='lat'><strong>2),</strong></span> 
     </span>
    </p>
   </div>
   <div class='ocr_carea' id='block_1_100' title="bbox 1919 3723 3524 3799">
    <p class='ocr_par' dir='ltr' id='par_1_100' title="bbox 1919 3723 3524 3799">
     <span class='ocr_line' id='line_1_100' title="bbox 1919 3723 3524 3799; baseline 0.003 -17"><span class='ocrx_word' id='word_1_746' title='bbox 1919 3723 2126 3796; x_wconf 88' lang='lat' dir='ltr'><strong>eloquii</strong></span> <span class='ocrx_word' id='word_1_747' title='bbox 2165 3726 2369 3796; x_wconf 88' lang='lat' dir='ltr'><strong>primas</strong></span> <span class='ocrx_word' id='word_1_748' title='bbox 2411 3724 2604 3781; x_wconf 87' lang='lat' dir='ltr'><strong>tulisse</strong></span> <span class='ocrx_word' id='word_1_749' title='bbox 2648 3724 3006 3796; x_wconf 87' lang='lat' dir='ltr'><strong>perhibetur,</strong></span> <span class='ocrx_word' id='word_1_750' title='bbox 3051 3741 3231 3784; x_wconf 88' lang='lat' dir='ltr'><strong>nonne</strong></span> <span class='ocrx_word' id='word_1_751' title='bbox 3275 3727 3390 3799; x_wconf 90' lang='lat' dir='ltr'><strong>ipsa</strong></span> <span class='ocrx_word' id='word_1_752' title='bbox 3437 3743 3524 3787; x_wconf 71' lang='lat' dir='ltr'><strong>es:</strong></span> 
     </span>
    </p>
   </div>
   <div class='ocr_carea' id='block_1_101' title="bbox 1918 3808 3520 3891">
    <p class='ocr_par' dir='ltr' id='par_1_101' title="bbox 1918 3808 3520 3891">
     <span class='ocr_line' id='line_1_101' title="bbox 1918 3808 3520 3891; baseline 0.002 -17"><span class='ocrx_word' id='word_1_753' title='bbox 1918 3814 2155 3891; x_wconf 71' lang='lat' dir='ltr'><strong>Calypso</strong></span> <span class='ocrx_word' id='word_1_754' title='bbox 2179 3816 2437 3885; x_wconf 81' lang='lat' dir='ltr'><strong>Atlantis,</strong></span> <span class='ocrx_word' id='word_1_755' title='bbox 2463 3816 2537 3871; x_wconf 92' lang='lat' dir='ltr'><strong>uti</strong></span> <span class='ocrx_word' id='word_1_756' title='bbox 2563 3815 2800 3872; x_wconf 77' lang='lat' dir='ltr'><strong>Homero</strong></span> <span class='ocrx_word' id='word_1_757' title='bbox 2826 3816 3148 3889; x_wconf 86' lang='lat' dir='ltr'><strong>Tibulloque</strong></span> <span class='ocrx_word' id='word_1_758' title='bbox 3170 3808 3520 3878; x_wconf 80' lang='lat' dir='ltr'><strong>observatum</strong></span> 
     </span>
    </p>
   </div>
   <div class='ocr_carea' id='block_1_102' title="bbox 1918 3907 3518 3989">
    <p class='ocr_par' dir='ltr' id='par_1_102' title="bbox 1918 3907 3518 3989">
     <span class='ocr_line' id='line_1_102' title="bbox 1918 3907 3518 3989; baseline 0.004 -26"><span class='ocrx_word' id='word_1_759' title='bbox 1918 3909 2182 3982; x_wconf 65' lang='lat' dir='ltr'><strong>(Romen,</strong></span> <span class='ocrx_word' id='word_1_760' title='bbox 2223 3909 2386 3980; x_wconf 68' lang='grc' dir='ltr'><strong>θάνε.</strong></span> <span class='ocrx_word' id='word_1_761' title='bbox 2419 3924 2484 3975; x_wconf 88' lang='lat' dir='ltr'><strong>v;</strong></span> <span class='ocrx_word' id='word_1_762' title='bbox 2519 3907 2737 3976; x_wconf 82' lang='lat' dir='ltr'><strong>Tibull.,</strong></span> <span class='ocrx_word' id='word_1_763' title='bbox 2768 3908 2857 3963; x_wconf 85' lang='lat' dir='ltr'><strong>lib.</strong></span> <span class='ocrx_word' id='word_1_764' title='bbox 2889 3924 2965 3977; x_wconf 86' lang='grc' dir='ltr'>ιν,</span> <span class='ocrx_word' id='word_1_765' title='bbox 2997 3911 3127 3983; x_wconf 81' lang='lat' dir='ltr'><strong>eleg.</strong></span> <span class='ocrx_word' id='word_1_766' title='bbox 3160 3911 3213 3976; x_wconf 77' lang='grc'><strong>1,</strong></span> <span class='ocrx_word' id='word_1_767' title='bbox 3244 3928 3374 3968; x_wconf 75' lang='lat' dir='ltr'><strong>vers.</strong></span> <span class='ocrx_word' id='word_1_768' title='bbox 3403 3912 3518 3989; x_wconf 87' lang='lat'><strong>77),</strong></span> 
     </span>
    </p>
   </div>
   <div class='ocr_carea' id='block_1_103' title="bbox 1920 4001 3539 4077">
    <p class='ocr_par' dir='ltr' id='par_1_103' title="bbox 1920 4001 3539 4077">
     <span class='ocr_line' id='line_1_103' title="bbox 1920 4001 3539 4077; baseline 0.003 -18"><span class='ocrx_word' id='word_1_769' title='bbox 1920 4003 2061 4069; x_wconf 84' lang='lat' dir='ltr'><strong>lilia,</strong></span> <span class='ocrx_word' id='word_1_770' title='bbox 2099 4002 2242 4073; x_wconf 87' lang='lat' dir='ltr'><strong>apud</strong></span> <span class='ocrx_word' id='word_1_771' title='bbox 2288 4019 2446 4074; x_wconf 86' lang='lat' dir='ltr'><strong>quam</strong></span> <span class='ocrx_word' id='word_1_772' title='bbox 2490 4001 2781 4074; x_wconf 83' lang='lat' dir='ltr'><strong>naufragus</strong></span> <span class='ocrx_word' id='word_1_773' title='bbox 2811 4002 3037 4076; x_wconf 84' lang='lat' dir='ltr'><strong>Ulysses</strong></span> <span class='ocrx_word' id='word_1_774' title='bbox 3062 4020 3159 4061; x_wconf 84' lang='lat' dir='ltr'><strong>sex</strong></span> <span class='ocrx_word' id='word_1_775' title='bbox 3187 4015 3281 4060; x_wconf 90' lang='lat' dir='ltr'><strong>aut</strong></span> <span class='ocrx_word' id='word_1_776' title='bbox 3306 4018 3539 4077; x_wconf 72' lang='lat' dir='ltr'><strong>septem-</strong></span> 
     </span>
    </p>
   </div>
   <div class='ocr_carea' id='block_1_104' title="bbox 1916 4094 3520 4168">
    <p class='ocr_par' dir='ltr' id='par_1_104' title="bbox 1916 4094 3520 4168">
     <span class='ocr_line' id='line_1_104' title="bbox 1916 4094 3520 4168; baseline 0.004 -18"><span class='ocrx_word' id='word_1_777' title='bbox 1916 4096 2075 4150; x_wconf 89' lang='lat' dir='ltr'><strong>annis</strong></span> <span class='ocrx_word' id='word_1_778' title='bbox 2104 4095 2443 4161; x_wconf 85' lang='lat' dir='ltr'><strong>diversatus,</strong></span> <span class='ocrx_word' id='word_1_779' title='bbox 2476 4106 2661 4165; x_wconf 88' lang='lat' dir='ltr'><strong>postea</strong></span> <span class='ocrx_word' id='word_1_780' title='bbox 2690 4094 2838 4151; x_wconf 80' lang='lat' dir='ltr'><strong>Jovis</strong></span> <span class='ocrx_word' id='word_1_781' title='bbox 2872 4098 3134 4167; x_wconf 88' lang='lat' dir='ltr'><strong>imperio,</strong></span> <span class='ocrx_word' id='word_1_782' title='bbox 3164 4101 3520 4168; x_wconf 84' lang='lat' dir='ltr'><strong>quemadmo-</strong></span> 
     </span>
    </p>
   </div>
   <div class='ocr_carea' id='block_1_105' title="bbox 1915 4188 3518 4256">
    <p class='ocr_par' dir='ltr' id='par_1_105' title="bbox 1915 4188 3518 4256">
     <span class='ocr_line' id='line_1_105' title="bbox 1915 4188 3518 4256; baseline 0.003 -9"><span class='ocrx_word' id='word_1_783' title='bbox 1915 4189 2044 4247; x_wconf 87' lang='lat' dir='ltr'><strong>dum</strong></span> <span class='ocrx_word' id='word_1_784' title='bbox 2077 4189 2222 4245; x_wconf 91' lang='lat' dir='ltr'><strong>canit</strong></span> <span class='ocrx_word' id='word_1_785' title='bbox 2269 4190 2408 4246; x_wconf 89' lang='lat' dir='ltr'><strong>idem</strong></span> <span class='ocrx_word' id='word_1_786' title='bbox 2456 4188 2760 4256; x_wconf 78' lang='lat' dir='ltr'><strong>Homerus,</strong></span> <span class='ocrx_word' id='word_1_787' title='bbox 2792 4190 2861 4247; x_wconf 89' lang='lat' dir='ltr'><strong>ab</strong></span> <span class='ocrx_word' id='word_1_788' title='bbox 2900 4206 2959 4247; x_wconf 79' lang='lat' dir='ltr'><strong>ea</strong></span> <span class='ocrx_word' id='word_1_789' title='bbox 3003 4192 3272 4249; x_wconf 72' lang='lat' dir='ltr'><strong>discessit.</strong></span> <span class='ocrx_word' id='word_1_790' title='bbox 3304 4194 3380 4250; x_wconf 89' lang='lat' dir='ltr'><strong>De</strong></span> <span class='ocrx_word' id='word_1_791' title='bbox 3421 4195 3518 4252; x_wconf 87' lang='lat' dir='ltr'><strong>illa</strong></span> 
     </span>
    </p>
   </div>
   <div class='ocr_carea' id='block_1_106' title="bbox 1918 4283 3512 4358">
    <p class='ocr_par' dir='ltr' id='par_1_106' title="bbox 1918 4283 3512 4358">
     <span class='ocr_line' id='line_1_106' title="bbox 1918 4283 3512 4358; baseline 0.004 -18"><span class='ocrx_word' id='word_1_792' title='bbox 1918 4283 2059 4340; x_wconf 90' lang='lat' dir='ltr'><strong>baud</strong></span> <span class='ocrx_word' id='word_1_793' title='bbox 2098 4285 2265 4340; x_wconf 87' lang='lat' dir='ltr'><strong>semel</strong></span> <span class='ocrx_word' id='word_1_794' title='bbox 2309 4283 2559 4352; x_wconf 85' lang='lat' dir='ltr'><strong>Ovidius,</strong></span> <span class='ocrx_word' id='word_1_795' title='bbox 2613 4295 2669 4340; x_wconf 90' lang='lat' dir='ltr'><strong>et</strong></span> <span class='ocrx_word' id='word_1_796' title='bbox 2712 4285 2802 4340; x_wconf 87' lang='lat' dir='ltr'><strong>alii</strong></span> <span class='ocrx_word' id='word_1_797' title='bbox 2842 4283 3045 4358; x_wconf 80' lang='lat' dir='ltr'><strong>(0vid.,</strong></span> <span class='ocrx_word' id='word_1_798' title='bbox 3083 4285 3174 4342; x_wconf 87' lang='lat' dir='ltr'><strong>lib.</strong></span> <span class='ocrx_word' id='word_1_799' title='bbox 3214 4304 3252 4342; x_wconf 91' lang='grc' dir='ltr'><strong>ιι</strong></span> <span class='ocrx_word' id='word_1_800' title='bbox 3309 4288 3512 4356; x_wconf 69' lang='lat' dir='ltr'><strong>Aman,</strong></span> 
     </span>
    </p>
   </div>
   <div class='ocr_carea' id='block_1_107' title="bbox 1913 4376 3515 4454">
    <p class='ocr_par' dir='ltr' id='par_1_107' title="bbox 1913 4376 3515 4454">
     <span class='ocr_line' id='line_1_107' title="bbox 1913 4376 3515 4454; baseline 0.004 -21"><span class='ocrx_word' id='word_1_801' title='bbox 1913 4379 2046 4451; x_wconf 79' lang='lat' dir='ltr'><strong>eleg.</strong></span> <span class='ocrx_word' id='word_1_802' title='bbox 2076 4378 2168 4445; x_wconf 90' lang='grc'><strong>17,</strong></span> <span class='ocrx_word' id='word_1_803' title='bbox 2206 4395 2326 4450; x_wconf 87' lang='lat' dir='ltr'><strong>pag.</strong></span> <span class='ocrx_word' id='word_1_804' title='bbox 2351 4377 2480 4444; x_wconf 78' lang='grc'><strong>556,</strong></span> <span class='ocrx_word' id='word_1_805' title='bbox 2522 4376 2614 4434; x_wconf 89' lang='lat' dir='ltr'><strong>lib.</strong></span> <span class='ocrx_word' id='word_1_806' title='bbox 2651 4394 2691 4434; x_wconf 92' lang='grc' dir='ltr'><strong>ιι</strong></span> <span class='ocrx_word' id='word_1_807' title='bbox 2749 4379 2814 4433; x_wconf 83' lang='lat' dir='ltr'><strong>de</strong></span> <span class='ocrx_word' id='word_1_808' title='bbox 2853 4380 2967 4434; x_wconf 81' lang='lat' dir='ltr'><strong>Art.</strong></span> <span class='ocrx_word' id='word_1_809' title='bbox 3005 4396 3205 4448; x_wconf 86' lang='lat' dir='ltr'><strong>aman.,</strong></span> <span class='ocrx_word' id='word_1_810' title='bbox 3238 4398 3360 4454; x_wconf 86' lang='lat' dir='ltr'><strong>pag.</strong></span> <span class='ocrx_word' id='word_1_811' title='bbox 3388 4382 3515 4451; x_wconf 72' lang='grc'><strong>442,</strong></span> 
     </span>
    </p>
   </div>
   <div class='ocr_carea' id='block_1_108' title="bbox 1916 4471 3513 4548">
    <p class='ocr_par' dir='ltr' id='par_1_108' title="bbox 1916 4471 3513 4548">
     <span class='ocr_line' id='line_1_108' title="bbox 1916 4471 3513 4548; baseline 0.004 -22"><span class='ocrx_word' id='word_1_812' title='bbox 1916 4480 1963 4527; x_wconf 84' lang='lat' dir='ltr'><strong>et</strong></span> <span class='ocrx_word' id='word_1_813' title='bbox 1987 4472 2138 4543; x_wconf 75' lang='lat' dir='ltr'><strong>epist.</strong></span> <span class='ocrx_word' id='word_1_814' title='bbox 2169 4471 2258 4539; x_wconf 81' lang='grc'><strong>10,</strong></span> <span class='ocrx_word' id='word_1_815' title='bbox 2286 4488 2406 4543; x_wconf 88' lang='lat' dir='ltr'><strong>pag.</strong></span> <span class='ocrx_word' id='word_1_816' title='bbox 2435 4472 2589 4542; x_wconf 77' lang='lat'><strong>355).</strong></span> <span class='ocrx_word' id='word_1_817' title='bbox 2624 4471 2897 4543; x_wconf 82' lang='lat' dir='ltr'><strong>Numquid</strong></span> <span class='ocrx_word' id='word_1_818' title='bbox 2929 4488 3059 4545; x_wconf 86' lang='lat' dir='ltr'><strong>ergo</strong></span> <span class='ocrx_word' id='word_1_819' title='bbox 3084 4472 3320 4548; x_wconf 71' lang='lat' dir='ltr'><strong>Calypso</strong></span> <span class='ocrx_word' id='word_1_820' title='bbox 3347 4484 3513 4533; x_wconf 72' lang='lat' dir='ltr'><strong>caete-</strong></span> 
     </span>
    </p>
   </div>
   <div class='ocr_carea' id='block_1_109' title="bbox 1839 4566 3027 4637">
    <p class='ocr_par' dir='ltr' id='par_1_109' title="bbox 1839 4566 3027 4637">
     <span class='ocr_line' id='line_1_109' title="bbox 1839 4566 3027 4637; baseline -0.003 -9"><span class='ocrx_word' id='word_1_821' title='bbox 1839 4568 1894 4628; x_wconf 90' lang='lat' dir='ltr'><strong>D</strong></span> <span class='ocrx_word' id='word_1_822' title='bbox 1917 4566 1994 4624; x_wconf 86' lang='lat' dir='ltr'><strong>ris</strong></span> <span class='ocrx_word' id='word_1_823' title='bbox 2021 4567 2125 4623; x_wconf 90' lang='lat' dir='ltr'><strong>diis</strong></span> <span class='ocrx_word' id='word_1_824' title='bbox 2152 4576 2242 4622; x_wconf 87' lang='lat' dir='ltr'><strong>aut</strong></span> <span class='ocrx_word' id='word_1_825' title='bbox 2270 4566 2475 4624; x_wconf 86' lang='lat' dir='ltr'><strong>deabus</strong></span> <span class='ocrx_word' id='word_1_826' title='bbox 2502 4567 2847 4637; x_wconf 88' lang='lat' dir='ltr'><strong>eloquentior</strong></span> <span class='ocrx_word' id='word_1_827' title='bbox 2875 4569 3027 4624; x_wconf 80' lang='lat' dir='ltr'><strong>erat?</strong></span> 
     </span>
    </p>
   </div>
   <div class='ocr_carea' id='block_1_110' title="bbox 1987 4658 3517 4734">
    <p class='ocr_par' dir='ltr' id='par_1_110' title="bbox 1987 4658 3517 4734">
     <span class='ocr_line' id='line_1_110' title="bbox 1987 4658 3517 4734; baseline 0.002 -19"><span class='ocrx_word' id='word_1_828' title='bbox 1987 4660 2127 4728; x_wconf 81' lang='lat' dir='ltr'><strong>Quid</strong></span> <span class='ocrx_word' id='word_1_829' title='bbox 2155 4660 2222 4716; x_wconf 87' lang='lat' dir='ltr'><strong>ad</strong></span> <span class='ocrx_word' id='word_1_830' title='bbox 2254 4659 2371 4716; x_wconf 67' lang='lat' dir='ltr'><strong>hanc</strong></span> <span class='ocrx_word' id='word_1_831' title='bbox 2399 4658 2641 4715; x_wconf 85' lang='lat' dir='ltr'><strong>ethnici?</strong></span> <span class='ocrx_word' id='word_1_832' title='bbox 2673 4660 2816 4715; x_wconf 88' lang='lat' dir='ltr'><strong>Deos</strong></span> <span class='ocrx_word' id='word_1_833' title='bbox 2837 4702 2851 4724; x_wconf 93' lang='lat'><strong>,</strong></span> <span class='ocrx_word' id='word_1_834' title='bbox 2882 4660 3197 4731; x_wconf 84' lang='lat' dir='ltr'><strong>iuquiebant</strong></span> <span class='ocrx_word' id='word_1_835' title='bbox 3215 4704 3230 4728; x_wconf 91' lang='lat'><strong>,</strong></span> <span class='ocrx_word' id='word_1_836' title='bbox 3262 4678 3369 4718; x_wconf 90' lang='lat' dir='ltr'><strong>non</strong></span> <span class='ocrx_word' id='word_1_837' title='bbox 3397 4663 3517 4734; x_wconf 90' lang='lat' dir='ltr'><strong>opi-</strong></span> 
     </span>
    </p>
   </div>
   <div class='ocr_carea' id='block_1_111' title="bbox 1917 4751 3517 4824">
    <p class='ocr_par' dir='ltr' id='par_1_111' title="bbox 1917 4751 3517 4824">
     <span class='ocr_line' id='line_1_111' title="bbox 1917 4751 3517 4824; baseline -0.001 -13"><span class='ocrx_word' id='word_1_838' title='bbox 1917 4755 2070 4822; x_wconf 80' lang='lat' dir='ltr'><strong>fices,</strong></span> <span class='ocrx_word' id='word_1_839' title='bbox 2101 4765 2194 4809; x_wconf 87' lang='lat' dir='ltr'><strong>aut</strong></span> <span class='ocrx_word' id='word_1_840' title='bbox 2233 4753 2501 4816; x_wconf 88' lang='lat' dir='ltr'><strong>artitices,</strong></span> <span class='ocrx_word' id='word_1_841' title='bbox 2545 4751 2640 4807; x_wconf 89' lang='lat' dir='ltr'><strong>sed</strong></span> <span class='ocrx_word' id='word_1_842' title='bbox 2679 4752 2877 4807; x_wconf 87' lang='lat' dir='ltr'><strong>artium</strong></span> <span class='ocrx_word' id='word_1_843' title='bbox 2918 4755 3375 4824; x_wconf 88' lang='lat' dir='ltr'><strong>scientiarumque</strong></span> <span class='ocrx_word' id='word_1_844' title='bbox 3403 4770 3517 4809; x_wconf 89' lang='lat' dir='ltr'><strong>ma-</strong></span> 
     </span>
    </p>
   </div>
   <div class='ocr_carea' id='block_1_112' title="bbox 1912 4842 3514 4919">
    <p class='ocr_par' dir='ltr' id='par_1_112' title="bbox 1912 4842 3514 4919">
     <span class='ocr_line' id='line_1_112' title="bbox 1912 4842 3514 4919; baseline -0.001 -17"><span class='ocrx_word' id='word_1_845' title='bbox 1912 4847 2116 4919; x_wconf 75' lang='lat' dir='ltr'><strong>gi~tros</strong></span> <span class='ocrx_word' id='word_1_846' title='bbox 2158 4845 2406 4900; x_wconf 89' lang='lat' dir='ltr'><strong>dicimus.</strong></span> <span class='ocrx_word' id='word_1_847' title='bbox 2450 4842 2558 4898; x_wconf 90' lang='lat' dir='ltr'><strong>Sed</strong></span> <span class='ocrx_word' id='word_1_848' title='bbox 2603 4857 2764 4913; x_wconf 87' lang='lat' dir='ltr'><strong>quam</strong></span> <span class='ocrx_word' id='word_1_849' title='bbox 2810 4857 2945 4897; x_wconf 90' lang='lat' dir='ltr'><strong>vana</strong></span> <span class='ocrx_word' id='word_1_850' title='bbox 2999 4843 3272 4914; x_wconf 89' lang='lat' dir='ltr'><strong>t&#39;utilisque</strong></span> <span class='ocrx_word' id='word_1_851' title='bbox 3298 4845 3370 4899; x_wconf 91' lang='lat' dir='ltr'><strong>sit</strong></span> <span class='ocrx_word' id='word_1_852' title='bbox 3398 4842 3514 4901; x_wconf 66' lang='lat' dir='ltr'><strong>haec</strong></span> 
     </span>
    </p>
   </div>
   <div class='ocr_carea' id='block_1_113' title="bbox 1917 4936 3516 5013">
    <p class='ocr_par' dir='ltr' id='par_1_113' title="bbox 1917 4936 3516 5013">
     <span class='ocr_line' id='line_1_113' title="bbox 1917 4936 3516 5013; baseline -0.003 -14"><span class='ocrx_word' id='word_1_853' title='bbox 1917 4940 2205 5013; x_wconf 86' lang='lat' dir='ltr'><strong>responsio</strong></span> <span class='ocrx_word' id='word_1_854' title='bbox 2251 4954 2315 4993; x_wconf 85' lang='lat' dir='ltr'><strong>ex</strong></span> <span class='ocrx_word' id='word_1_855' title='bbox 2360 4937 2472 5007; x_wconf 87' lang='lat' dir='ltr'><strong>jam</strong></span> <span class='ocrx_word' id='word_1_856' title='bbox 2512 4936 2673 4993; x_wconf 88' lang='lat' dir='ltr'><strong>dictis</strong></span> <span class='ocrx_word' id='word_1_857' title='bbox 2706 4946 2887 5007; x_wconf 86' lang='lat' dir='ltr'><strong>patet,</strong></span> <span class='ocrx_word' id='word_1_858' title='bbox 2936 4937 3132 5007; x_wconf 88' lang='lat' dir='ltr'><strong>quibus</strong></span> <span class='ocrx_word' id='word_1_859' title='bbox 3177 4940 3516 4995; x_wconf 80' lang='lat' dir='ltr'><strong>ostendimus</strong></span> 
     </span>
    </p>
   </div>
   <div class='ocr_carea' id='block_1_114' title="bbox 1917 5028 3516 5108">
    <p class='ocr_par' dir='ltr' id='par_1_114' title="bbox 1917 5028 3516 5108">
     <span class='ocr_line' id='line_1_114' title="bbox 1917 5028 3516 5108; baseline -0.002 -19"><span class='ocrx_word' id='word_1_860' title='bbox 1917 5051 2077 5108; x_wconf 88' lang='lat' dir='ltr'><strong>quam</strong></span> <span class='ocrx_word' id='word_1_861' title='bbox 2125 5039 2500 5088; x_wconf 87' lang='lat' dir='ltr'><strong>asseveranter</strong></span> <span class='ocrx_word' id='word_1_862' title='bbox 2558 5029 2761 5085; x_wconf 87' lang='lat' dir='ltr'><strong>ethnici</strong></span> <span class='ocrx_word' id='word_1_863' title='bbox 2812 5040 3068 5085; x_wconf 85' lang='lat' dir='ltr'><strong>tractatas</strong></span> <span class='ocrx_word' id='word_1_864' title='bbox 3119 5028 3187 5083; x_wconf 91' lang='lat' dir='ltr'><strong>ab</strong></span> <span class='ocrx_word' id='word_1_865' title='bbox 3240 5030 3318 5085; x_wconf 87' lang='lat' dir='ltr'><strong>eis</strong></span> <span class='ocrx_word' id='word_1_866' title='bbox 3369 5042 3516 5087; x_wconf 90' lang='lat' dir='ltr'><strong>artes</strong></span> 
     </span>
    </p>
   </div>
   <div class='ocr_carea' id='block_1_115' title="bbox 1923 5120 3513 5201">
    <p class='ocr_par' dir='ltr' id='par_1_115' title="bbox 1923 5120 3513 5201">
     <span class='ocr_line' id='line_1_115' title="bbox 1923 5120 3513 5201; baseline -0.005 -16"><span class='ocrx_word' id='word_1_867' title='bbox 1923 5128 2301 5201; x_wconf 67' lang='lat' dir='ltr'><strong>praedicarent.</strong></span> <span class='ocrx_word' id='word_1_868' title='bbox 2337 5124 2442 5180; x_wconf 83' lang='lat' dir='ltr'><strong>Fac</strong></span> <span class='ocrx_word' id='word_1_869' title='bbox 2469 5136 2647 5179; x_wconf 88' lang='lat' dir='ltr'><strong>tamen</strong></span> <span class='ocrx_word' id='word_1_870' title='bbox 2676 5123 2808 5178; x_wconf 89' lang='lat' dir='ltr'><strong>deos</strong></span> <span class='ocrx_word' id='word_1_871' title='bbox 2837 5138 2898 5177; x_wconf 88' lang='lat' dir='ltr'><strong>ac</strong></span> <span class='ocrx_word' id='word_1_872' title='bbox 2924 5120 3055 5176; x_wconf 90' lang='lat' dir='ltr'><strong>deas</strong></span> <span class='ocrx_word' id='word_1_873' title='bbox 3083 5122 3363 5193; x_wconf 74' lang='lat' dir='ltr'><strong>przefuisse</strong></span> <span class='ocrx_word' id='word_1_874' title='bbox 3392 5132 3513 5178; x_wconf 88' lang='lat' dir='ltr'><strong>tan-</strong></span> 
     </span>
    </p>
   </div>
   <div class='ocr_carea' id='block_1_116' title="bbox 1925 5214 3517 5291">
    <p class='ocr_par' dir='ltr' id='par_1_116' title="bbox 1925 5214 3517 5291">
     <span class='ocr_line' id='line_1_116' title="bbox 1925 5214 3517 5291; baseline -0.007 -9"><span class='ocrx_word' id='word_1_875' title='bbox 1925 5236 2035 5282; x_wconf 88' lang='lat' dir='ltr'><strong>tum</strong></span> <span class='ocrx_word' id='word_1_876' title='bbox 2064 5223 2293 5279; x_wconf 90' lang='lat' dir='ltr'><strong>artibus.</strong></span> <span class='ocrx_word' id='word_1_877' title='bbox 2325 5221 2418 5277; x_wconf 88' lang='lat' dir='ltr'><strong>Dic</strong></span> <span class='ocrx_word' id='word_1_878' title='bbox 2439 5233 2570 5291; x_wconf 89' lang='lat' dir='ltr'><strong>ergo</strong></span> <span class='ocrx_word' id='word_1_879' title='bbox 2598 5231 2829 5285; x_wconf 85' lang='lat' dir='ltr'><strong>quonam</strong></span> <span class='ocrx_word' id='word_1_880' title='bbox 2858 5215 3021 5269; x_wconf 90' lang='lat' dir='ltr'><strong>modo</strong></span> <span class='ocrx_word' id='word_1_881' title='bbox 3053 5215 3174 5270; x_wconf 89' lang='lat' dir='ltr'><strong>illas</strong></span> <span class='ocrx_word' id='word_1_882' title='bbox 3197 5214 3396 5271; x_wconf 90' lang='lat' dir='ltr'><strong>docere</strong></span> <span class='ocrx_word' id='word_1_883' title='bbox 3422 5230 3517 5287; x_wconf 84' lang='lat' dir='ltr'><strong>po-</strong></span> 
     </span>
    </p>
   </div>
   <div class='ocr_carea' id='block_1_117' title="bbox 1927 5307 3515 5385">
    <p class='ocr_par' dir='ltr' id='par_1_117' title="bbox 1927 5307 3515 5385">
     <span class='ocr_line' id='line_1_117' title="bbox 1927 5307 3515 5385; baseline -0.007 -11"><span class='ocrx_word' id='word_1_884' title='bbox 1927 5320 2151 5385; x_wconf 90' lang='lat' dir='ltr'><strong>tuerint,</strong></span> <span class='ocrx_word' id='word_1_885' title='bbox 2187 5314 2291 5371; x_wconf 90' lang='lat' dir='ltr'><strong>nisi</strong></span> <span class='ocrx_word' id='word_1_886' title='bbox 2319 5316 2383 5371; x_wconf 91' lang='lat' dir='ltr'><strong>iis</strong></span> <span class='ocrx_word' id='word_1_887' title='bbox 2412 5315 2559 5385; x_wconf 89' lang='lat' dir='ltr'><strong>prius</strong></span> <span class='ocrx_word' id='word_1_888' title='bbox 2587 5310 2801 5376; x_wconf 89' lang='lat' dir='ltr'><strong>imbuti,</strong></span> <span class='ocrx_word' id='word_1_889' title='bbox 2831 5323 2895 5363; x_wconf 91' lang='lat' dir='ltr'><strong>ac</strong></span> <span class='ocrx_word' id='word_1_890' title='bbox 2926 5307 3081 5378; x_wconf 89' lang='lat' dir='ltr'><strong>primi</strong></span> <span class='ocrx_word' id='word_1_891' title='bbox 3113 5308 3314 5364; x_wconf 83' lang='lat' dir='ltr'><strong>fuerint</strong></span> <span class='ocrx_word' id='word_1_892' title='bbox 3342 5308 3515 5364; x_wconf 81' lang='lat' dir='ltr'><strong>artiﬁ-</strong></span> 
     </span>
    </p>
   </div>
   <div class='ocr_carea' id='block_1_118' title="bbox 1924 5402 3517 5474">
    <p class='ocr_par' dir='ltr' id='par_1_118' title="bbox 1924 5402 3517 5474">
     <span class='ocr_line' id='line_1_118' title="bbox 1924 5402 3517 5474; baseline -0.006 -5"><span class='ocrx_word' id='word_1_893' title='bbox 1924 5412 2051 5469; x_wconf 82' lang='lat' dir='ltr'><strong>ces?</strong></span> <span class='ocrx_word' id='word_1_894' title='bbox 2077 5410 2351 5466; x_wconf 66' lang='lat' dir='ltr'><strong>Praeterea</strong></span> <span class='ocrx_word' id='word_1_895' title='bbox 2377 5424 2500 5464; x_wconf 88' lang='lat' dir='ltr'><strong>cum</strong></span> <span class='ocrx_word' id='word_1_896' title='bbox 2534 5404 2714 5459; x_wconf 90' lang='lat' dir='ltr'><strong>nullus</strong></span> <span class='ocrx_word' id='word_1_897' title='bbox 2752 5403 2823 5457; x_wconf 89' lang='lat' dir='ltr'><strong>sit</strong></span> <span class='ocrx_word' id='word_1_898' title='bbox 2868 5402 3074 5458; x_wconf 81' lang='lat' dir='ltr'><strong>artibus</strong></span> <span class='ocrx_word' id='word_1_899' title='bbox 3115 5402 3255 5474; x_wconf 89' lang='lat' dir='ltr'><strong>apttd</strong></span> <span class='ocrx_word' id='word_1_900' title='bbox 3286 5416 3517 5473; x_wconf 85' lang='lat' dir='ltr'><strong>superos</strong></span> 
     </span>
    </p>
   </div>
   <div class='ocr_carea' id='block_1_119' title="bbox 1926 5494 3515 5569">
    <p class='ocr_par' dir='ltr' id='par_1_119' title="bbox 1926 5494 3515 5569">
     <span class='ocr_line' id='line_1_119' title="bbox 1926 5494 3515 5569; baseline -0.008 -7"><span class='ocrx_word' id='word_1_901' title='bbox 1926 5507 2078 5562; x_wconf 87' lang='lat' dir='ltr'><strong>locus</strong></span> <span class='ocrx_word' id='word_1_902' title='bbox 2099 5545 2113 5569; x_wconf 93' lang='lat'><strong>,</strong></span> <span class='ocrx_word' id='word_1_903' title='bbox 2141 5518 2239 5558; x_wconf 88' lang='lat' dir='ltr'><strong>cur</strong></span> <span class='ocrx_word' id='word_1_904' title='bbox 2266 5500 2467 5557; x_wconf 87' lang='lat' dir='ltr'><strong>ctltnici</strong></span> <span class='ocrx_word' id='word_1_905' title='bbox 2496 5499 2691 5553; x_wconf 85' lang='lat' dir='ltr'><strong>frustra</strong></span> <span class='ocrx_word' id='word_1_906' title='bbox 2720 5494 2850 5550; x_wconf 91' lang='lat' dir='ltr'><strong>deos</strong></span> <span class='ocrx_word' id='word_1_907' title='bbox 2878 5494 3140 5566; x_wconf 84' lang='lat' dir='ltr'><strong>quosdam</strong></span> <span class='ocrx_word' id='word_1_908' title='bbox 3169 5495 3269 5549; x_wconf 90' lang='lat' dir='ltr'><strong>hac</strong></span> <span class='ocrx_word' id='word_1_909' title='bbox 3297 5495 3385 5550; x_wconf 91' lang='lat' dir='ltr'><strong>vel</strong></span> <span class='ocrx_word' id='word_1_910' title='bbox 3426 5494 3515 5549; x_wconf 88' lang='lat' dir='ltr'><strong>illa</strong></span> 
     </span>
    </p>
   </div>
   <div class='ocr_carea' id='block_1_120' title="bbox 1928 5586 3520 5659">
    <p class='ocr_par' dir='ltr' id='par_1_120' title="bbox 1928 5586 3520 5659">
     <span class='ocr_line' id='line_1_120' title="bbox 1928 5586 3520 5659; baseline -0.009 -4"><span class='ocrx_word' id='word_1_911' title='bbox 1928 5607 2134 5655; x_wconf 89' lang='lat' dir='ltr'><strong>tantum</strong></span> <span class='ocrx_word' id='word_1_912' title='bbox 2175 5605 2293 5650; x_wconf 89' lang='lat' dir='ltr'><strong>arte</strong></span> <span class='ocrx_word' id='word_1_913' title='bbox 2322 5605 2373 5648; x_wconf 87' lang='lat' dir='ltr'><strong>et</strong></span> <span class='ocrx_word' id='word_1_914' title='bbox 2406 5588 2630 5648; x_wconf 89' lang='lat' dir='ltr'><strong>scientia</strong></span> <span class='ocrx_word' id='word_1_915' title='bbox 2661 5587 2929 5644; x_wconf 85' lang='lat' dir='ltr'><strong>excellere</strong></span> <span class='ocrx_word' id='word_1_916' title='bbox 2965 5586 3314 5659; x_wconf 84' lang='lat' dir='ltr'><strong>garriebant?</strong></span> <span class='ocrx_word' id='word_1_917' title='bbox 3345 5586 3520 5641; x_wconf 74' lang='lat' dir='ltr'><strong>Verus</strong></span> 
     </span>
    </p>
   </div>
   <div class='ocr_carea' id='block_1_121' title="bbox 1928 5680 3519 5755">
    <p class='ocr_par' dir='ltr' id='par_1_121' title="bbox 1928 5680 3519 5755">
     <span class='ocr_line' id='line_1_121' title="bbox 1928 5680 3519 5755; baseline -0.011 -5"><span class='ocrx_word' id='word_1_918' title='bbox 1928 5692 2074 5751; x_wconf 89' lang='lat' dir='ltr'><strong>enim</strong></span> <span class='ocrx_word' id='word_1_919' title='bbox 2128 5690 2267 5747; x_wconf 90' lang='lat' dir='ltr'><strong>Deus</strong></span> <span class='ocrx_word' id='word_1_920' title='bbox 2306 5685 2485 5744; x_wconf 87' lang='lat' dir='ltr'><strong>omnia</strong></span> <span class='ocrx_word' id='word_1_921' title='bbox 2529 5685 2699 5751; x_wconf 85' lang='lat' dir='ltr'><strong>sciat,</strong></span> <span class='ocrx_word' id='word_1_922' title='bbox 2737 5682 2981 5755; x_wconf 89' lang='lat' dir='ltr'><strong>nihilque</strong></span> <span class='ocrx_word' id='word_1_923' title='bbox 3020 5681 3240 5753; x_wconf 86' lang='lat' dir='ltr'><strong>penitus</strong></span> <span class='ocrx_word' id='word_1_924' title='bbox 3268 5680 3519 5751; x_wconf 87' lang='lat' dir='ltr'><strong>ignoret,</strong></span> 
     </span>
    </p>
   </div>
   <div class='ocr_carea' id='block_1_122' title="bbox 1929 5785 2532 5845">
    <p class='ocr_par' dir='ltr' id='par_1_122' title="bbox 1929 5785 2532 5845">
     <span class='ocr_line' id='line_1_122' title="bbox 1929 5785 2532 5845; baseline -0.023 0"><span class='ocrx_word' id='word_1_925' title='bbox 1929 5785 2153 5845; x_wconf 88' lang='lat' dir='ltr'><strong>omnino</strong></span> <span class='ocrx_word' id='word_1_926' title='bbox 2186 5796 2408 5844; x_wconf 87' lang='lat' dir='ltr'><strong>necesse</strong></span> <span class='ocrx_word' id='word_1_927' title='bbox 2431 5786 2532 5836; x_wconf 84' lang='lat' dir='ltr'><strong>est.</strong></span> 
     </span>
    </p>
   </div>
  </div>
