3990 6072
450 159 554 214 5'55

1694 145 2149 208 DlSSERTATlO
2186 145 2466 204 PREVIA

3638 131 3748 197 556

445 279 584 334 lacte
604 289 658 334 et
681 293 710 334 a
732 280 885 335 cuuis
904 279 1249 334 transierunt.
1277 274 1429 344 Quod
1455 271 1748 346 Virgilius:
1774 269 1884 327 Nec
1903 271 2038 326 deus
2060 269 2115 329 Α
2139 280 2302 337 quem
2329 266 2376 322 si
2407 273 2582 332 vacat,
2609 265 2832 322 consule
2863 265 2976 337 (lib.
3020 279 3054 320 ιι
3073 305 3087 331 ,
3124 279 3267 337 cap.,
3309 263 3414 328 19;
3459 261 3548 316 lib.
3580 275 3706 315 xxvi
3729 301 3747 326 ,

446 371 588 426 hunc
615 389 820 438 mensa,
849 373 948 428 dea
977 387 1078 427 nec
1104 371 1317 441 dignata
1347 370 1507 425 cubili
1538 379 1640 424 est.
1673 368 1784 422 lloc
1811 365 2032 421 adnota.

444 465 521 519 vit
562 465 785 521 Probus.
819 485 838 518 ι
876 465 1088 538 (Donat.
1133 465 1187 517 in
1226 462 1426 539 Terent.
1472 461 1810 524 lermion.,
1851 468 1950 513 act.
1978 459 2032 524 1,

441 573 580 612 scen.
615 558 692 628 l.)
721 560 1049 628 Augustinus
1084 572 1214 611 vero
1259 569 1352 610 eas
1393 562 1549 609 vocat
1587 553 1866 619 Patinam,
1915 565 2034 620 qua:

442 651 752 721 potionem;
778 662 832 705 et
859 649 1121 716 Educam,
1145 665 1266 720 quae
1291 663 1470 704 escam
1499 647 1737 716 praebeat
1766 645 2032 717 (August,

441 743 530 798 lib.
560 759 611 797 tv
646 745 709 796 de
729 743 902 806 Civit,
932 760 1050 815 cap.
1082 745 1171 808 11,
1203 759 1322 814 pag.
1355 738 1470 811 97).
1501 744 1570 796 At
1596 749 1878 810 utramque
1905 737 2037 792 ridi-

440 834 613 889 culam
649 835 783 890 hanc
811 837 1140 891 divinitatem
1171 835 1294 891 ideo
1323 835 1594 904 explodit;
1623 834 1748 904 quia
1777 830 2034 886 Israelitze

439 927 494 981 in
518 926 780 999 A‘Igypto,
820 930 928 983 sine
959 927 1157 994 Educa,
1200 940 1246 982 et
1291 927 1483 983 Patina
1520 944 1720 990 escam,
1761 936 2033 996 potumque

438 1033 780 1092 simipserunl.
807 1023 996 1078 Postea
1025 1039 1206 1077 vero.r
1230 1023 1284 1077 Si
1304 1022 1438 1076 duas
1460 1023 1742 1091 quisquam
1773 1019 2031 1083 initrices,

438 1113 626 1184 inquit,
651 1114 928 1170 adhiberet
951 1114 1157 1180 infanti,
1183 1131 1403 1185 quarum
1428 1129 1532 1169 una
1555 1112 1684 1168 nihil
1708 1112 1808 1167 nisi
1832 1127 2032 1177 escam,

435 1208 602 1262 altera
634 1208 762 1262 nihil
798 1209 895 1262 nisi
945 1220 1124 1278 potum
1155 1209 1336 1269 daret,
1377 1209 1513 1263 sicut
1545 1209 1630 1264 isti
1674 1209 1739 1262 ad
1773 1206 1874 1261 hoc
1902 1207 2035 1261 duas

434 1300 797 1355 adhibuerunt
833 1301 960 1360 deas
980 1343 994 1363 .
1026 1301 1259 1356 Educam
1286 1314 1339 1357 et
1369 1302 1636 1364 Potinam,
1673 1316 1862 1370 nempe
1891 1299 2036 1355 desi-

434 1407 594 1463 pere,
641 1402 693 1447 et
735 1395 933 1463 aliquid
967 1397 1128 1450 mimo
1158 1395 1334 1451 simile
1366 1397 1415 1450 in
1447 1411 1539 1452 sua
1571 1395 1733 1451 domo
1761 1410 1920 1466 agere
1951 1395 2034 1449 vi-

434 1485 672 1541 deretur.
712 1506 732 1538 ι
766 1486 856 1541 (Ε.
889 1486 974 1542 lib.
1018 1503 1098 1550 vr,
1138 1505 1252 1558 cap.
1300 1488 1354 1555 9,
1387 1506 1505 1560 pag.
1549 1487 1700 1560 156.)
1732 1487 1826 1543 Hie
1855 1495 2032 1543 autem

435 1577 566 1648 ipsre
610 1581 789 1650 procul
823 1580 982 1635 dubio
1011 1591 1155 1647 sunt,
1191 1598 1310 1651 qua:
1353 1582 1420 1636 ab
1452 1579 1691 1637 Arnobio
1734 1590 1922 1636 nostro
1943 1623 1957 1646 ,
1988 1579 2032 1634 si

2138 373 2255 428 cap.
2287 357 2388 425 2i;
2419 359 2511 414 lib.
2546 373 2755 424 xxvnt,
2787 374 2906 428 cap.
2929 357 2986 424 9;
3017 357 3244 422 Lucam,
3273 355 3362 412 lib.
3394 369 3490 421 vn,
3519 371 3576 424 p.
3605 354 3750 422 847;

2142 448 2353 517 Horat,
2386 432 2537 505 εει-νῆ’.
2569 450 2625 516 2,
2656 452 2802 506 satir.
2833 451 2897 516 3;
2929 449 3150 518 Tibull.,
3177 449 3266 504 lib.
3299 465 3352 515 ι,
3385 449 3515 521 eleg.
3541 463 3624 514 vt;
3653 447 3753 503 Gi-

2137 544 2299 608 rald.,
2335 544 2609 615 Syntagm.
2643 546 2731 610 10,
2759 563 2810 616 p.
2842 544 2948 602 309
2975 554 3023 600 el
3051 546 3240 616 seqq)

2209 640 2279 693 At
2302 638 2552 710 Virgilius
2571 639 2816 710 ejusdem
2838 641 3096 706 Bellonae,
3126 639 3442 706 Discordia’,
3459 638 3746 695 Furiarum

2137 737 2194 785 et
2237 729 2453 796 Martis,
2506 731 2576 788 de
2623 732 2818 804 quibus
2864 745 3053 789 anetor
3101 742 3286 790 uoster
3329 733 3587 803 loquitur,
3639 745 3751 790 uno

2137 827 2439 897 eodemque
2465 828 2518 884 in
2551 830 2670 884 loco
2695 829 2774 884 sic
2799 829 3042 884 meminit
3073 847 3087 884 :

2482 942 2629 993 Saevit
2647 943 2811 992 medio
2830 943 2877 992 in
2903 944 3172 994 certamine
3197 942 3408 1002 Mavors,

2230 1003 2436 1080 Caelatus
2454 1003 2604 1080 ferro,
2625 1007 2982 1080 tristesquenex
3002 1006 3192 1080 aethere
3209 1005 3361 1080 Dirae,

2229 1067 2291 1117 Et
2313 1070 2459 1116 scissa
2477 1069 2701 1132 gaudens
2725 1067 2856 1118 vadit
2879 1067 3125 1132 Discordia
3147 1067 3269 1132 palla
3297 1081 3308 1115 :

2238 1133 2391 1190 Quam
2409 1129 2520 1180 cum
2544 1134 2817 1191 sanguineo
2839 1133 3060 1192 sequitur
3087 1129 3285 1180 Bellona
3309 1129 3525 1188 ﬂagello.

2417 1211 2649 1280 (Virgil.,
2673 1213 2758 1266 lib.
2777 1230 2858 1266 vm
2877 1214 3093 1273 zEneidq
3119 1227 3244 1266 vers.
3267 1215 3361 1288 700
3377 1221 3422 1265 et
3444 1213 3602 1280 seqq.)

2142 1321 2218 1377 De
2243 1321 2517 1379 Discordia
2555 1340 2742 1380 rursus
2775 1323 2917 1381 idem
2949 1325 3230 1397 Virgilius,
3259 1324 3531 1387 Lucanus,
3564 1324 3749 1396 Augu-

2139 1416 2331 1481 stinus,
2363 1426 2418 1471 et
2445 1417 2535 1472 alii
2567 1417 2798 1491 (ldem.,
2827 1419 2916 1474 lib.
2967 1435 3017 1475 νι
3071 1418 3313 1485 1Eneid.,
3353 1435 3497 1476 vers.
3529 1418 3669 1484 280,
3697 1429 3752 1474 ct

2137 1525 2281 1580 seq.;
2310 1508 2530 1576 Lucam,
2565 1510 2655 1566 lib.
2694 1527 2795 1578 vu,
2831 1530 2948 1585 pag.
2990 1511 3128 1579 287;
3160 1512 3400 1584 August.,
3434 1509 3524 1568 lib.
3575 1527 3634 1568 ιιι
3682 1513 3751 1566 de

2141 1601 2316 1668 (ΗΜΛ,
2346 1620 2462 1674 cap.
2495 1603 2586 1672 ‘25,
2617 1621 2736 1676 pag.
2767 1603 2882 1678 82).

438 1680 614 1725 tamen
646 1671 825 1726 nullus
866 1674 916 1727 in
961 1673 1078 1743 ejus
1109 1683 1256 1730 textu
1296 1675 1465 1730 subsit
1491 1673 1632 1729 haud
1674 1673 1921 1728 instilitus
1959 1673 2027 1727 li-
2061 1655 2107 1716 Β
2156 1655 2165 1656 ί
2207 1655 2896 1753 ρίάτοᾞυῖέῇιᾜδέεϊέξ
2928 1697 3152 1753 dearum
3183 1696 3309 1753 albo
3335 1695 3593 1753 delendas
3623 1711 3750 1753 esse

433 1763 598 1820 brarii
626 1781 798 1833 error,
837 1765 978 1822 Victa
1006 1779 1051 1822 et
1086 1767 1252 1823 Potua
1281 1779 1674 1839 nuncupantur.
1702 1768 1771 1822 At
1801 1769 1893 1823 ille
1923 1783 2029 1822 non

435 1859 656 1925 minori,
690 1877 849 1931 quam
887 1864 1238 1933 Augustinus,
1272 1863 1527 1934 despectu
1564 1873 1618 1919 et
1657 1861 1887 1917 ludibrio
1915 1874 2028 1926 eas,

432 1963 488 2007 ct
512 1951 635 2022 jure
665 1954 881 2022 quidem
915 1958 1104 2010 merito
1136 1957 1421 2027 proscribit
1450 1972 1514 2011 ac
1544 1955 1740 2025 rcjicit.

1029 2089 1326 2130 ARTICULUS
1349 2091 1422 2130 IV.

432 2183 510 2236 De
533 2189 881 2239 eommentitiis
903 2188 1012 2237 aliis
1029 2188 1142 2242 diis.
1161 2190 1242 2250 qui
1262 2200 1361 2236 non
1398 2190 1556 2236 minus
1581 2187 1792 2236 absurde
1818 2185 1924 2236 aliis
1938 2198 2033 2250 gre-

495 2251 591 2301 bus
609 2250 1016 2313 praeﬁciebantur,
1034 2251 1104 2300 uti
1146 2247 1349 2300 Bellona
1386 2249 1552 2311 bellis,
1580 2249 1837 2300 Discordia
1861 2247 2032 2313 etfu—

495 2315 582 2361 ri;e
601 2309 833 2377 diSsidiis,
863 2314 988 2363 Mars
1006 2309 1217 2377 'prteliis.
1248 2313 1525 2363 Mercurius
1539 2309 1804 2377 '_eeromis_,_
1820 2309 2031 2377 pugilla-

496 2377 647 2436 tibus,
697 2382 749 2426 ct
795 2373 1166 2431 luctationibus;
1207 2377 1430 2426 hostibus
1483 2373 1729 2438 pellendis
1758 2373 2028 2438 lelt’mia,

536 2451 644 2502 nam
665 2438 907 2502 Romanis
935 2451 1030 2502 non
1061 2438 1239 2502 favisse
1279 2435 1498 2502 probant
1518 2438 1687 2502 praelia
1711 2437 1768 2486 ad
1794 2435 2033 2502 Furculas

536 2451 644 2486 nam
665 2451 893 2488 nomams
935 2451 1030 2487 non
1061 2451 1239 2488 lavisse
1279 2451 1486 2502 probant
1518 2451 1687 2500 praelia
1711 2451 1768 2486 au
1795 2451 2033 2486 r'urcutas

497 2451 750 2559 Caudinas,
777 2509 828 2549 et
851 2501 909 2548 ad
935 2501 1113 2549 Lacum
1138 2501 1506 2563 'l‘rasymenum,
1547 2514 1602 2550 ac
1625 2501 1910 2552 Cannenses
1932 2495 2034 2546 cla-

495 2562 616 2622 des;
645 2577 736 2612 nee
759 2564 856 2612 dici
886 2577 1027 2623 posse
1061 2564 1184 2612 deos
1222 2562 1436 2613 sinistris
1482 2565 1703 2624 partibus
1722 2573 1958 2625 praeesse,
1980 2567 2033 2625 et

495 2621 687 2695 dextris
724 2621 974 2695 adversari
1003 2640 1014 2672 :
1057 2627 1195 2695 item_
1219 2628 1297 2695 de
1329 2621 1667 2695 Pausoinbellis
1702 2621 1940 2695 oppositg,
1965 2621 2031 2695 de

501 2691 746 2750 Ptjzestana
771 2697 822 2738 et
848 2689 1026 2746 Panda,
1047 2703 1138 2738 seu
1163 2689 1376 2749 Pontica,
1403 2694 1455 2738 et
1477 2687 1589 2738 'l‘ito
1629 2684 1787 2748 Tatio,
1813 2689 1863 2735 in
1890 2684 2033 2750 Capi-

496 2748 665 2806 tolium
683 2751 970 2801 introducto.

506 2882 746 2940 Gradum
791 2883 858 2936 ad
906 2882 1007 2934 alia
1055 2881 1100 2937 si
1145 2880 1426 2946 faciamus,
1459 2895 1568 2952 quo
1612 2889 1760 2936 certe
1803 2879 2031 2936 ulterius

434 2976 863 3048 progrediemur,
893 2991 960 3029 eo
983 2990 1112 3030 sane
1141 2976 1323 3047 peiora
1350 2991 1413 3032 ac
1438 2976 1594 3048 longe
1624 2975 1896 3031 deteriora
1931 2975 2029 3030 de-

435 3040 852 3140 prehendemus.
885 3067 1128 3124 Gentiles
1153 3069 1297 3124 enim
1329 3085 1433 3124 non
1478 3069 1666 3141 puduit
1709 3060 2031 3126 in'deorum
2061 3040 2110 3106 Ο

435 3179 654 3218 ειιοιιιιιι
680 3180 961 3218 numerum
991 3163 1114 3219 illos
1143 3163 1366 3231 referre,
1389 3181 1547 3236 quos,
1578 3164 1734 3219 sicuti
1764 3165 2034 3220 Arnobius

436 3267 624 3312 uester
657 3257 901 3326 perhibet
935 3257 1175 3329 (Arnob,
1206 3259 1296 3313 lib.
1322 3274 1397 3325 ut,
1425 3277 1546 3329 pag.
1584 3257 1745 3330 115),
1780 3258 1914 3314 truci
1969 3274 2034 3315 ac

435 3351 640 3405 crudeli
674 3359 861 3405 natura
891 3352 1044 3406 malis
1070 3352 1349 3407 hominum
1377 3364 1431 3406 et
1457 3352 1694 3422 gaudere
1714 3362 1770 3408 et
1793 3354 2033 3422 praeponi

437 3441 722 3498 ﬁnxerunt.
746 3443 875 3510 Quae.
898 3445 1112 3514 quidem
1139 3454 1244 3499 tam
1271 3443 1503 3501 absurda
1527 3459 1648 3500 esse
1670 3447 2032 3516 existimavit,

437 3544 496 3590 ut
520 3533 759 3605 Bellona,
781 3535 1076 3606 Discordia,
1104 3537 1302 3608 Furiis,
1331 3555 1394 3595 ac
1422 3541 1563 3596 leuis
1587 3540 1882 3597 numinibus
1904 3557 2036 3614 prae-

437 3629 722 3694 termissis,
746 3631 927 3684 statim
955 3630 1163 3686 venerit
1184 3631 1252 3686 ad
1276 3631 1518 3699 Martem,
1545 3632 1702 3690 bellis
1724 3634 2035 3706 przeliisque

434 3719 772 3790 przel'ectum,
800 3733 854 3776 et
881 3721 935 3775 in
963 3721 1050 3786 iis,
1086 3722 1158 3777 uti
1203 3723 1368 3780 stulte
1413 3724 1838 3791 arbitrabantur,
1860 3727 2035 3783 domi-

434 3821 678 3866 nantem.
709 3812 983 3869 Bellonam
1013 3825 1191 3871 autem
1231 3816 1452 3884 omittit,
1485 3819 1608 3890 quia
1651 3819 1698 3875 si
1743 3819 1883 3876 Mars
1912 3821 2034 3878 bel-

432 3902 612 3960 lorqu
641 3906 776 3962 deus
804 3923 925 3964 esse
955 3923 1060 3964 non
1088 3911 1280 3982 possit,
1301 3919 1358 3967 ut
1375 3929 1497 3968 mox
1519 3914 1844 3979 videbimus.
1863 3915 2035 3972 multo

435 3998 614 4052 minus
645 3997 840 4054 fen'iina
872 4011 1034 4055 tanta:
1063 4002 1392 4069 crudelitati,
1421 4005 1691 4076 tantisque
1711 4007 2030 4076 sceleribus,

434 4105 556 4160 qua:
588 4091 768 4159 praelia
812 4107 993 4149 secum
1035 4095 1265 4162 vehunt,
1298 4113 1531 4168 praeesse
1581 4109 1788 4169 poterat
1832 4098 2029 4172 (Ibid.,

433 4182 524 4236 lib.
557 4200 594 4250 ι,
629 4200 747 4256 pag.
787 4186 884 4248 15,
919 4197 969 4243 et
1019 4187 1106 4242 lib.
1139 4204 1217 4252 tu,
1261 4207 1379 4262 pag.
1432 4191 1582 4263 115).
1628 4193 1812 4248 lloma:
1853 4202 2030 4250 tamen

434 4292 626 4332 versus
656 4287 866 4348 portam
896 4279 1295 4338 Carmentalem
1345 4285 1600 4354 templum
1655 4285 1778 4342 huic
1824 4287 2032 4342 bellica:

431 4367 571 4430 dea}.
607 4369 764 4424 sicuti
798 4375 1124 4443 Augustinus
1153 4373 1349 4446 aliique
1375 4387 1727 4444 annotarunt,
1759 4379 1828 4433 ab
1856 4381 2030 4450 Appio

431 4463 759 4519 ardilicntum
789 4463 985 4531 fuerat,
1015 4484 1078 4521 ac
1105 4467 1275 4537 pridie
1302 4485 1472 4524 nonas
1494 4471 1617 4527 Julii
1648 4483 2024 4530 consecratum

436 4555 756 4628 (Augustin.,
783 4559 871 4613 lib.
902 4575 960 4614 ιιι
1009 4559 1074 4614 de
1102 4558 1274 4626 Civit.,
1300 4577 1416 4632 cap.
1451 4563 1544 4630 25,
1573 4583 1696 4637 pag.
1729 4565 1820 4633 82,
1853 4576 1902 4621 el
1931 4569 2022 4626 lib.

432 4666 518 4718 ιιι,
561 4668 675 4720 cap.
725 4653 816 4718 11,
849 4670 965 4725 pag.
1019 4653 1132 4727 96).
1185 4655 1402 4712 0vid.us
1445 4669 1622 4714 autem
1673 4661 1788 4717 haec
1837 4663 2023 4719 stricta

429 4746 674 4800 oratione
704 4745 773 4800 ita
802 4745 1107 4802 decantavit
1133 4767 1146 4802 ε

524 4860 834 4925 Ilac_saerata
852 4861 1118 4925 dicATusco
1140 4863 1341 4916 Bellona
1366 4867 1533 4919 duello
1597 4917 1604 4925 .

620 4923 826 4996 Dicitur,
854 4934 906 4974 et
931 4923 1070 4996 Latig
1093 4941 1325 4996 prospera
1345 4943 1546 4996 semper
1561 4923 1722 4987 adest.

523 4985 711 5059 Appips
721 4995 810 5059 est
826 4996 1012 5059 auctor,
1038 4985 1223 5059 Pyrrho
1245 4993 1328 5059 qui
1353 4985 1470 5056 pacé
1495 4985 1695 5059 negata,

617 5048 818 5120 Multum
841 5054 1002 5120 animo
1021 5048 1170 5112 vidit;
1191 5048 1376 5105 lumine
1394 5048 1713 5120 captusverat.

524 5107 764 5187 PPO'Sj’icit
783 5126 816 5183 .a
842 5114 1026 5176 templo
1049 5107 1289 5165 summum
1309 5107 1472 5187 brevis
1489 5107 1821 5176 instigem

617 5174 702 5222 Est
726 5174 793 5241 ibi
821 5189 913 5241 non
942 5174 1102 5239 parvae
1123 5191 1266 5241 parva
1291 5181 1513 5232 columna
1539 5193 1683 5235 nota‘.

530 5235 660 5310 Hiqc
681 5235 808 5285 solet
833 5235 965 5310 hasta
987 5235 1152 5310 mana,
1179 5239 1300 5293 belli
1318 5248 1598 5310 praenuntia
1622 5251 1766 5310 mitti,

615 5298 670 5346 In
687 5309 860 5360 regem
881 5306 933 5349 et
947 5309 1128 5362 gentes
1149 5317 1259 5353 cum
1284 5298 1442 5368 placet
1460 5320 1590 5358 arma
1609 5298 1735 5376 capi.

1090 5385 1266 5450 l0vid.,
1288 5388 1371 5438 lib.
1400 5391 1715 5459 v1Fnsl0r.,§
1733 5394 1805 5460 1.)

387 5518 390 5528 -
425 5485 599 5558 llujus
629 5495 806 5543 autem
838 5487 1042 5557 templi,
1071 5499 1124 5543 et
1151 5502 1371 5548 senatus
1399 5493 1450 5548 in
1478 5512 1543 5550 eo
1571 5495 1734 5553 habiti
1767 5497 2022 5572 frequens

423 5583 563 5653 apud
588 5581 795 5636 Livium
827 5581 1087 5650 aliosque,
1107 5599 1168 5637 ac
1192 5589 1488 5655 praesertim
1514 5599 1702 5659 poetas
1725 5591 2018 5663 Lucanum,

422 5675 725 5743 Horatium,
747 5673 1131 5746 Tibullumque
1159 5679 1382 5736 mentio.
1406 5679 1563 5738 Plura
1589 5697 1717 5742 vero
1745 5683 2012 5754 Giraldus,

2135 1786 2356 1852 Furias,
2386 1803 2519 1858 quas
2560 1787 2733 1844 Graeci
2780 1787 3106 1845 Eumenides
3152 1807 3245 1844 seu
3299 1789 3548 1861 Erynnes
3578 1805 3746 1845 voca-

2135 1877 2266 1933 bant
2296 1897 2308 1932 :
2344 1897 2363 1932 s
2402 1880 2494 1935 Sin
2537 1879 2768 1946 Hecme,
2810 1900 2828 1934 ι
2884 1883 3086 1954 inquit,
3125 1901 3144 1936 ι
3198 1883 3300 1938 dea
3345 1893 3459 1948 est,
3491 1900 3590 1939 cur
3633 1900 3746 1941 non

2136 1971 2504 2028 Eumenides?
2533 1973 2666 2041 Quae
2694 1975 2740 2029 si
2772 1973 2886 2030 dem
2912 1989 3058 2041 sunt,
3079 1991 3304 2048 quarum
3334 1986 3388 2030 et
3415 1975 3642 2031 Athenis
3670 1976 3750 2031 fa—

2137 2079 2266 2120 num
2305 2077 2409 2131 est,
2437 2077 2491 2120 et
2520 2068 2659 2136 apml
2699 2083 2818 2134 nos,
2853 2079 2909 2122 ut
2937 2085 3038 2140 ego
3067 2071 3416 2140 interpretor,
3448 2071 3606 2140 cujus
3635 2070 3747 2126 Fu-

2137 2157 2302 2220 rinre,
2331 2155 2505 2211 Furiis
2531 2158 2647 2212 dea:
2677 2170 2833 2226 sunt,
2863 2161 3285 2229 speculatrices,
3315 2159 3512 2228 credo,
3538 2170 3594 2216 et
3627 2161 3748 2216 vin-

2136 2249 2285 2305 dices
2325 2249 2625 2305 facinorum
2671 2262 2725 2306 et
2770 2253 3060 2308 scelerum.
3122 2272 3142 2305 ν
3170 2249 3390 2324 (Cicer.,
3431 2254 3521 2308 lib.
3579 2269 3637 2309 ιιι
3684 2254 3752 2308 de

2139 2339 2332 2395 Natur.
2353 2341 2496 2408 deor,
2517 2359 2639 2412 pag.
2660 2341 2788 2406 216.
2807 2345 2902 2400 lin.
2921 2343 3224 2414 55.)Quem
3247 2345 3300 2398 in
3329 2343 3505 2400 locum
3527 2343 3750 2416 Legesis

2135 2433 2517 2504 Lescalopierii
2567 2435 2994 2491 observationes.
3046 2435 3181 2492 Vide
3219 2437 3422 2502 etiam,
3471 2439 3516 2490 si
3569 2437 3740 2502 velis,

2136 2527 2330 2582 Liliuin
2361 2527 2660 2594 Giraldum,
2691 2528 2933 2583 Natalem
2963 2528 3253 2594 Comitem,
3274 2546 3306 2588 a
3336 2531 3530 2600 quibus
3558 2531 3747 2601 plures

2137 2621 2430 2690 scriptores
2465 2621 2658 2677 citatos
2701 2622 2906 2677 videbis
2936 2622 2954 2693 (
2972 2620 3198 2686 Girald.,
3232 2622 3505 2694 Syntagm.
3537 2624 3590 2688 6,
3621 2642 3746 2695 pag.

2137 2713 2246 2767 215
2271 2724 2318 2768 et
2345 2730 2482 2785 seqq.
2505 2732 2520 2781 ;
2554 2713 2630 2770 Ν.
2659 2713 2806 2772 Cant.
2866 2716 2956 2770 lib.
3005 2731 3060 2770 ιιι
3087 2713 3334 2787 Mylliol.,
3364 2733 3480 2786 cap.
3507 2716 3596 2783 10,
3621 2733 3742 2790 pag.

2137 2807 2244 2864 215
2263 2818 2310 2862 el
2333 2809 2518 2880 seqq.).

2212 2903 2420 2958 Przeliis
2485 2918 2650 2974 porro
2699 2903 2921 2959 Martem
2977 2907 3045 2961 ab
3099 2905 3330 2961 ethnicis
3390 2907 3742 2977 pramositum

2141 2995 2333 3064 fuisse,
2369 2997 2438 3050 ita
2471 3007 2657 3052 notum
2707 3007 2808 3066 est,
2860 3007 2912 3052 ut
2967 2999 3283 3068 probatione
3329 3014 3434 3056 non
3483 3001 3739 3074 indigeat.

2139 3087 2482 3158 Quapropter
2510 3086 2613 3144 hoc
2646 3098 2849 3145 tantum
2897 3090 2965 3145 ab
3003 3088 3193 3147 Ovidio
3240 3091 3584 3150 decantatum
3617 3109 3745 3166 pro-

2137 3179 2372 3235 feremus
2399 3199 2412 3234 :

2232 3271 2856 3342 Mars_Latio_venerandus
2875 3282 3002 3337 erat,
3027 3279 3143 3342 quia
3168 3277 3400 3342 praesidet
3425 3279 3594 3341 armis,

2353 3334 2502 3384 Arma
2521 3335 2638 3387 ferae
2659 3338 2798 3400 genti
2821 3334 3030 3401 remque
3046 3334 3277 3403 deusque
3295 3341 3496 3391 dabunt.

2135 3443 2308 3500 Recte
2355 3443 2516 3513 igitur
2561 3443 2894 3515 Augustinus
2937 3446 3066 3503 illud
3109 3447 3300 3504 iisdem
3342 3450 3633 3522 gentilibus
3661 3451 3742 3510 sic

2133 3537 2341 3608 probro
2365 3536 2602 3608 vitioque
2632 3535 2791 3594 vertit
2819 3555 2833 3592 :
2874 3556 2894 3592 ι
2927 3539 3062 3606 Quia
3092 3555 3193 3596 nec
3213 3541 3367 3598 Marti
3395 3543 3614 3615 aliquod
3631 3544 3772 3606 θιὼ.

2137 3643 2404 3694 mentum,
2432 3630 2520 3687 vel
2549 3641 2756 3702 partem
2796 3632 2983 3688 mundi
3023 3633 3268 3691 invenire
3294 3648 3617 3706 petuerunt,
3651 3639 3742 3696 ubi

2137 3732 2325 3794 ageret
2359 3738 2524 3795 opera
2552 3725 2962 3798 qualiacumque
2990 3739 3218 3794 naturae,
3260 3727 3420 3786 deum
3461 3731 3589 3788 belli
3619 3747 3744 3790 esse

2137 3812 2413 3881 dixerunt,
2447 3816 2590 3885 quod
2630 3831 2767 3887 opus
2811 3829 2894 3873 est
2935 3816 3252 3888 hominum,
3282 3830 3338 3876 et
3382 3823 3616 3892 amabile
3661 3823 3744 3880 eis

2137 3921 2246 3961 non
2277 3916 2381 3963 est.
2415 3905 2470 3963 Si
2508 3922 2638 3979 ergo
2683 3923 2869 3979 pacem
2912 3921 3223 3982 perpetuam
3272 3911 3523 3970 Felicitas
3563 3916 3740 3982 daret,

2138 3997 2282 4053 Mars
2329 3999 2457 4070 quid
2509 4010 2716 4069 ageret,
2772 4016 2878 4056 non
2924 4000 3170 4059 haberet.
3223 4021 3244 4058 ι
3297 4005 3497 4078 (υιιίάη
3544 4007 3633 4062 lib.
3685 4025 3742 4065 ιιι

2141 4088 2378 4156 Fastor.,
2401 4107 2532 4146 vers.
2556 4091 2627 4147 85
2648 4101 2695 4146 et
2721 4110 2882 4164 seq/1.;
2907 4094 3251 4166 Angust.,lib.
3268 4113 3341 4153 vn
3364 4099 3428 4152 de
3451 4098 3586 4167 οδω,
3617 4117 3739 4171 cap.

2136 4183 2227 4249 M,
2265 4200 2381 4256 pag.
2419 4185 2580 4257 173.)
2612 4185 2745 4254 Quis
2788 4201 2918 4258 ergo
2961 4188 3188 4244 moleste
3233 4205 3338 4245 non
3385 4192 3522 4248 lerat
3566 4194 3732 4250 talem

2136 4277 2297 4334 deum
2329 4293 2432 4335 tam
2465 4279 2839 4346 inhumanum,
2870 4292 2975 4337 tam
3001 4282 3300 4350 crudelem,
3333 4301 3395 4340 ac
3424 4288 3595 4344 multo
3620 4307 3738 4345 ma-

2134 4373 2218 4442 gis
2251 4371 2585 4428 Discordiam
2617 4385 2665 4428 et
2697 4374 2886 4430 Furias
2914 4377 2982 4432 ab
3011 4376 3257 4435 Etlmicis
3294 4379 3425 4437 deas
3463 4379 3628 4454 ﬁngi,
3656 4383 3741 4440 in-

2137 4467 2340 4534 vocari,
2372 4469 2666 4522 honorari?

2209 4557 2314 4615 Sed
2363 4561 2624 4630 agedum,
2654 4575 2718 4616 ac
2757 4561 2803 4617 si
2832 4562 2923 4616 tibi
2951 4577 3115 4634 grave
3143 4565 3319 4622 adhuc
3347 4583 3450 4624 non
3478 4571 3573 4638 sit,
3604 4573 3735 4627 ani-

2134 4668 2304 4719 mum,
2335 4668 2554 4724 quaeso,
2585 4654 2862 4710 nobiscum
2894 4656 3147 4726 adverte,
3177 4675 3336 4730 quam
3385 4663 3518 4718 dirae
3559 4663 3738 4722 adhuc

2131 4744 2478 4815 crudelisque
2501 4754 2703 4802 natura:
2735 4747 2827 4803 ille
2856 4746 3012 4804 fuerit
3041 4751 3321 4820 gentilium
3347 4753 3502 4823 deus,
3531 4756 3601 4814 de
3627 4775 3737 4829 quo

2135 4838 2444 4893 Arnobius:
2481 4857 2499 4890 ι
2537 4841 2732 4906 Curat,
2768 4860 2787 4894 ι
2838 4842 3010 4914 inquit
3055 4844 3303 4916 (Arnob.,
3354 4847 3444 4902 lib.
3488 4865 3568 4916 ιιι,
3609 4869 3732 4924 pag.

2132 4931 2305 5005 114),
2341 4950 2360 4984 ι
2397 4931 2694 4989 Mercurius
2737 4950 3018 5000 ceromas,
3077 4939 3419 5008 pugillatibus
3463 4952 3520 4998 et
3557 4942 3732 5000 lucta-

2129 5023 2369 5078 tionibus
2401 5036 2615 5094 prearst,
2653 5045 2672 5078 ι
2706 5026 2901 5097 quibus
2939 5029 3157 5087 athleta:
3183 5047 3307 5088 sese
3347 5045 3535 5090 mutuo
3562 5038 3734 5093 conli-

2131 5121 2366 5175 ciebant.
2391 5121 2464 5175 Ea
2490 5129 2672 5176 tamen
2694 5131 2813 5178 erat
2834 5125 2991 5194 hujus
3017 5125 3106 5182 dei
3131 5126 3498 5194 imbecillitas;
3545 5139 3603 5185 ut
3631 5132 3730 5187 im-

2131 5213 2319 5285 pedire
2335 5215 2655 5286 nequiverit,
2672 5218 2800 5287 quin
2818 5218 2985 5274 altera
3008 5222 3357 5290 pugnantium
3373 5221 3730 5280 luctantium-

2127 5322 2234 5378 que
2265 5323 2390 5378 pars
2421 5308 2732 5364 vinceretur
2756 5311 2824 5367 ab
2851 5312 3054 5380 altera,
3087 5324 3179 5368 aut
3209 5313 3410 5386 aliquid
3455 5326 3730 5386 pateretur

2126 5403 2459 5460 detrimenti.
2477 5404 2689 5461 Siccine
2705 5421 2836 5476 ergo
2856 5408 3162 5476 hujusmodi
3177 5409 3308 5465 deos
3322 5410 3523 5482 ngere
3541 5411 3729 5468 licuit?

2201 5500 2290 5564 At,
2309 5498 2512 5570 inquiet
2533 5500 2746 5571 aliquis,
2764 5502 2887 5570 quid
2914 5519 2978 5558 ea
2999 5519 3126 5572 vox,
3148 5520 3397 5571 ceromas,
3423 5506 3729 5577 signiﬁcat?

2125 5592 2333 5664 Duplex
2379 5603 2464 5649 est
2510 5593 2656 5651 illius
2698 5597 3040 5668 signiﬁcatio.
3085 5602 3312 5657 Ceroma
3341 5602 3482 5656 enim
3515 5611 3600 5658 est
3629 5622 3729 5660 un-

2122 5699 2402 5761 guentum,
2431 5687 2581 5757 oleo,
2611 5690 2942 5763 subactaque
2971 5706 3118 5758 cera,
3149 5703 3207 5750 et
3242 5693 3354 5752 luto
3381 5693 3723 5772 confectum,
