3990 6072
274 190 376 249 537

1479 207 1545 265 IN
1582 208 1960 286 ARNOBIUM,
2003 219 2153 279 CAP.
2196 221 2334 279 Xlll.
2390 221 2400 230 ³

3457 233 3565 291 558

267 304 869 423 qia-ouatbletae‘et-alii
912 318 1276 423 ungehantuc.
1297 320 1444 423 Olim
1483 335 1662 384 autem
1703 346 1863 402 quam
1893 339 1944 398 Α
1968 338 2218 395 consules
2263 337 2437 395 foedus
2478 354 2600 397 cum
2646 342 2726 399 eis
2767 342 2947 401 facere
2984 346 3159 403 coacti
3196 356 3362 415 sunt;
3394 348 3466 405 ita
3506 357 3566 423 ut

264 411 561 459 commune
590 402 968 480 vulgatumque
995 410 1155 468 fuerit
1177 455 1193 482 ,
1224 413 1400 472 disces
1432 417 1533 474 hoc
1562 421 1679 476 solo
1708 422 1862 480 Juve-

267 492 412 549 nalis
437 496 677 555 carmine
696 540 713 566 ,
738 500 841 557 nisi
868 503 1012 560 aliud
1040 507 1309 576 quoddam
1334 509 1540 582 simile,
1573 515 1863 584 pretiosum

269 597 464 644 notare
490 589 719 647 voluerit
744 611 760 650 :

400 745 520 806 Quis
541 750 739 802 nesci"
926 690 1218 745 Femineum
1259 709 1456 749 ceroma
1475 734 1488 762 ,

270 856 419 912 Illius
443 856 623 915 adhuc
650 860 977 919 mentionem
1020 864 1226 922 faciunt
1254 867 1540 939 Martialis,
1570 881 1625 928 et
1668 875 1864 946 sapius

271 950 499 1009 Plinius.
527 953 823 1024 (Juvenal.,
856 959 1005 1016 satir.
1039 962 1095 1027 6,
1123 974 1242 1019 ante
1273 969 1445 1031 med.;
1472 967 1732 1037 Μινύαι,
1770 973 1860 1027 lib.

268 1057 382 1110 xlv,
410 1044 595 1116 Epigr.
626 1048 723 1114 19;
771 1048 1048 1109 Plin..lib.
1074 1070 1237 1111 xxvut
1269 1056 1463 1113 Natur.
1494 1061 1639 1126 hisL,
1663 1079 1780 1135 cap.
1804 1064 1860 1132 4,

269 1154 392 1209 pag.
443 1139 572 1206 575,
593 1150 644 1195 et
667 1140 759 1199 lib.
783 1159 928 1213 χχιι,
959 1161 1081 1218 cap.
1111 1149 1164 1215 l,
1187 1167 1307 1223 pag.
1338 1151 1473 1219 672;
1501 1167 1547 1209 et
1573 1155 1663 1212 lib.
1694 1173 1860 1226 xxxv,

267 1245 385 1300 cap.
415 1232 505 1297 l3,
539 1250 660 1306 pag.
690 1233 845 1309 247.)

341 1323 465 1379 Alio
506 1341 720 1398 quoque
761 1343 924 1386 sensu
969 1346 1181 1390 ceroma
1224 1335 1404 1394 locum
1441 1339 1729 1412 significat,
1772 1343 1860 1399 ubi

269 1415 434 1474 iidem
478 1420 698 1477 athleta:
729 1425 1082 1496 uagabantur.
1115 1430 1200 1486 Ab
1226 1431 1418 1489 eodem
1446 1437 1643 1491 etenim
1688 1438 1863 1494 Plinio

270 1513 532 1605 scriptum
565 1514 806 1573 invenies
838 1536 854 1576 :
888 1537 909 1572 ι
945 1520 1230 1582 Ρειιωειηε
1263 1526 1589 1586 athletarum
1622 1533 1861 1605 imagini--

270 1603 405 1669 bus.
433 1617 487 1664 Βῑ
527 1620 799 1669 ceromata
836 1629 935 1672 sua
976 1630 1261 1678 exornant.
1295 1640 1314 1675 ι
1367 1625 1410 1678 Α
1442 1625 1646 1683 Seneca
1690 1603 1860 1687 ς’έτοε

1969 430 2241 500 equitibus
2292 433 2543 488 Romanis
2573 438 2841 492 sexcentis
2871 438 3149 494 obsidibus
3179 440 3346 506 datis,
3377 443 3561 501 caeteri

1967 525 2180 577 amissis
2209 525 2375 580 armis
2395 567 2410 592 ,
2439 527 2665 595 aliiSque
2707 530 2950 600 ενθιίειιί,
2981 533 3280 605 privatique
3313 535 3564 606 tegmini-

1965 615 2107 683 bus,
2139 618 2241 675 sub
2282 621 2467 691 jugum
2518 621 2749 677 hostium
2792 639 2913 679 cum
2961 627 3295 683 vestimentis
3338 627 3563 699 singulis

1967 711 2341 768 mitterentur?
2380 731 2400 766 ι
2451 710 2728 786 (Augusl.,
2757 717 2843 772 lib.
2901 734 2957 774 ιιι
2998 721 3060 774 de
3088 717 3274 788 Civil.,
3318 738 3435 794 cap.
3468 721 3559 791 17,

1965 825 2086 881 pag.
2115 808 2229 882 75.)

2036 904 2148 960 Nec
2175 920 2235 960 ea
2269 905 2381 961 sola
2412 908 2502 961 fuit
2527 947 2543 973 ,
2576 921 2682 961 non
2707 906 3035 977 impediente
3064 906 3323 976 Pellonia,
3359 907 3559 964 Roma-

1967 1012 2156 1051 norum
2200 1008 2425 1069 strages.
2479 998 2675 1055 Verum
2722 1019 2734 1052 :
2782 1000 2931 1070 Apud
2990 1000 3311 1056 Thrasimeni
3349 1017 3561 1072 quoque

1964 1089 2153 1158 lacum,
2174 1094 2346 1163 pergit
2376 1103 2563 1148 auctor
2593 1106 2777 1150 uoster
2809 1094 3050 1167 (Aruab.,
3080 1094 3168 1150 lib.
3199 1110 3276 1163 tv,
3306 1114 3359 1169 p.
3405 1093 3555 1168 129),

1963 1188 2229 1255 sanguinei
2257 1177 2526 1242 cucurrere
2546 1198 2808 1244 torrentes.
2844 1189 2899 1243 ln
2932 1204 3061 1259 agro
3090 1199 3267 1245 autem
3297 1190 3561 1247 Perusino

1964 1278 2100 1333 situs
2135 1289 2214 1334 est
2268 1279 2353 1334 hic
2399 1281 2543 1334 lacus
2566 1323 2581 1346 ,
2613 1281 2697 1336 ubi
2732 1279 2995 1336 Flaminio
3025 1282 3248 1338 conSuIe
3292 1292 3348 1338 et
3396 1283 3556 1353 duce,

1966 1370 2240 1427 Romanus
2266 1372 2535 1427 exercitus
2556 1373 2624 1426 ab
2649 1373 2909 1428 Annibale
2933 1372 3081 1428 fusus
3107 1374 3420 1446 deletusque
3440 1374 3556 1432 fuit.

1965 1464 2255 1520 Historiam
2281 1477 2465 1521 narrat
2491 1465 2695 1527 Livius.
2720 1482 2783 1520 ac
2807 1475 3014 1536 postea,
3040 1465 3184 1521 hunc
3210 1466 3298 1521 ille
3326 1467 3561 1539 loquitur

1963 1559 2018 1615 in
2043 1560 2298 1615 modum:
2334 1580 2351 1611 ι
2390 1559 2518 1615 llaec
2557 1570 2639 1616 est
2684 1559 2881 1614 nobilis
2910 1559 2975 1614 ad
3004 1560 3430 1633 Thrasymeuum
3464 1577 3562 1633 pu-

1962 1667 2085 1723 gna,
2120 1662 2281 1722 atque
2308 1653 2449 1708 inter
2482 1667 2677 1723 paucas
2720 1660 3017 1707 memorata
3059 1650 3423 1707 Romanorum
3451 1653 3561 1709 cla-

274 1717 297 1753 s
338 1700 391 1757 lu
418 1714 806 1764 ceromate.....
834 1720 1104 1780 Spectator
1131 1730 1418 1785 puerorum
1456 1719 1744 1777 rixantium
1773 1736 1852 1778 se-

278 1794 302 1814 ,
342 1805 358 1814 -
481 1797 497 1814 ,
522 1796 538 1814 .
566 1800 579 1814 ,
1221 1808 1247 1814 ι
1520 1813 1527 1814 γ

1962 1700 2085 1723 0"",
2120 1700 2173 1708 "'
2196 1700 2280 1722 1""
2309 1700 2437 1708 """'
2482 1700 2675 1723 r""""
2722 1700 3017 1707 ““’“”’⁷“”“””“
3059 1700 3120 1705 ““⁷
3146 1700 3423 1707 “”““”“’”“”““
3456 1700 3532 1709 ⁷¹’“

1965 1744 2082 1800 des.
2104 1743 2421 1814 Quindecim
2453 1745 2619 1800 millia
2652 1745 3016 1799 Romanorum
3041 1745 3093 1799 iu
3116 1747 3231 1801 acie
3252 1760 3388 1802 caesa
3411 1754 3559 1814 sunt,

266 1794 382 1871 det.
418 1817 438 1851 ι
475 1796 676 1871 (Idem,
711 1801 799 1858 lib.
850 1820 1013 1873 xxxv,
1059 1823 1175 1873 cap.
1217 1808 1272 1871 2,
1312 1828 1434 1882 pag.
1483 1813 1615 1878 l7l;
1649 1814 1858 1884 Scaea,

267 1889 359 1945 lib.
387 1890 453 1945 de
477 1889 670 1948 Brevit.
696 1896 832 1964 vine,
865 1914 982 1970 cap.
1008 1898 1064 1965 2,
1092 1919 1211 1973 pag.
1246 1903 1406 1977 567.)
1432 1904 1657 1962 Cercina
1680 1917 1859 1965 autem

267 1980 373 2039 hoc
399 1986 638 2042 secundo
663 2003 822 2045 sensu
850 1992 919 2045 ab
944 1992 1184 2050 Arnobio
1211 1997 1379 2067 accipi
1409 2000 1636 2056 videtur.
1665 2001 1862 2059 Scribit

265 2078 413 2133 enim
438 2094 771 2149 persuasum,
791 2086 887 2140 sed
910 2086 1127 2155 frustra,
1150 2088 1381 2147 ethnicis
1402 2092 1565 2149 fuisse
1589 2109 1855 2164 commas,

262 2184 359 2225 seu
388 2173 568 2241 potius
597 2187 871 2233 ceromata
899 2194 927 2233 a
957 2180 1221 2239 Mercurio
1259 2187 1454 2245 curari.
1496 2187 1647 2256 Quod
1678 2200 1857 2248 autem

263 2264 465 2336 adjecit
505 2267 649 2326 hunc
689 2272 1028 2344 pugillatihus
1065 2294 1279 2350 quoque
1321 2296 1574 2349 praeesse,
1603 2292 1659 2338 et
1691 2284 1859 2338 lucta-

262 2360 522 2427 tionibus,
552 2365 604 2420 id
635 2368 852 2438 probari
878 2379 1053 2438 potest
1078 2371 1162 2428 his
1189 2373 1460 2431 Prudentii
1489 2377 1853 2435 carminibus:

354 2476 485 2553 trum
496 2482 1135 2553 .tnastigophorisLoleoque
1163 2496 1217 2553 et
1238 2490 1493 2553 gymnadis
1512 2500 1620 2543 arte

363 2540 538 2614 Unctis
557 2540 816 2614 pugilibus.
839 2540 984 2614 miles
999 2540 1515 2614 pugnabatvlitruscus,

360 2605 466 2681 ﬁes
487 2605 658 2681 petaso
678 2610 882 2672 insignis
905 2605 1127 2681 poterat,
1141 2613 1493 2681 Lacedaemone
1507 2605 1673 2681 capta,

358 2665 851 2742 Mercuriusserva're
872 2665 986 2742 suas
1001 2674 1066 2724 de
1086 2665 1223 2726 clade
1247 2665 1512 2742 palaestras.

627 2734 908 2799 (Pi-udam,
929 2733 1016 2788 lib.
1038 2752 1091 2798 ιι,
1114 2733 1557 2807 com.'Synunach.,
1575 2747 1602 2811 §
1620 2747 1692 2811 4.)

264 2836 633 2896 Pellcudorum
678 2857 838 2913 porro
884 2844 1105 2900 hostium
1144 2848 1240 2901 dea
1288 2861 1500 2919 potens,
1550 2854 1624 2907 uti
1671 2864 1854 2925 postea

262 2944 449 2991 narrat
478 2936 751 2992 Arnobius
776 2937 1017 3007 (Arnob.,
1040 2940 1131 2995 lib.
1161 2958 1213 2996 tv
1233 2984 1247 3007 ,
1276 2960 1395 3016 pag.
1431 2945 1584 3016 128),
1615 2946 1854 3005 Pellouia

258 3028 568 3100 putabatur.
613 3028 975 3099 Quamobrem
1010 3035 1375 3105 AuguSIinus:
1406 3036 1463 3093 Si
1490 3038 1612 3106 dea,
1649 3040 1853 3111 inquie-

1961 1837 2149 1892 dccem
2184 1838 2350 1892 millia
2377 1853 2586 1908 sparSa,
2616 1837 2734 1908 fuga
2780 1854 2874 1907 per
2912 1852 3129 1892 Omnem
3166 1838 3453 1905 Etruriam,
3480 1837 3558 1893 di-

1964 1930 2134 1984 versis
2163 1930 2449 1986 itineiibus
2478 1930 2706 1985 Romam
2740 1929 2964 2000 petiere.
2997 1948 3016 1982 ι
3051 1928 3154 1984 Sed
3187 1929 3254 1984 de
3289 1931 3563 1987 liac'cladc

1962 2021 2144 2094 legere
2175 2024 2378 2094 poteris
2405 2023 2685 2096 Polybium
2709 2064 2724 2089 ,
2772 2021 3042 2077 Valerium
3075 2021 3401 2090 Maximum,
3429 2021 3561 2080 Ovi-

1960 2114 2131 2178 dium,
2163 2124 2219 2170 et
2248 2116 2383 2171 alios
2407 2130 2437 2169 a
2468 2116 2621 2171 nobis
2654 2115 2706 2170 in
2736 2113 3119 2169 dissertatione
3167 2114 3429 2184 superiori
3477 2116 3560 2171 ci-

1960 2214 2121 2262 tatos.
2153 2206 2315 2277 (Lina,
2345 2208 2435 2263 lib.
2464 2223 2595 2272 χιιι,
2631 2207 2660 2279 §
2702 2208 2765 2275 7;
2795 2205 3009 2277 Polyb,
3039 2206 3127 2262 lib.
3158 2222 3214 2262 ut
3247 2205 3408 2272 Hist.,
3437 2225 3561 2281 pag.

1957 2297 2086 2369 253,
2130 2311 2177 2355 et
2220 2318 2395 2373 seqq.;
2438 2301 2551 2355 Val.
2600 2300 2768 2364 Μυκη
2803 2300 2889 2355 lib.
2921 2317 2957 2363 ι.
2991 2320 3107 2374 cap.
3137 2301 3191 2366 6,
3221 2300 3248 2374 §
3277 2302 3344 2368 6;
3379 2300 3557 2370 Ovid.,

1960 2394 2048 2448 lib.
2073 2410 2127 2450 v1
2168 2392 2401 2461 Faucia,
2426 2412 2549 2466 pag.
2582 2395 2717 2461 685;
2739 2394 2959 2451 Dissert.
2989 2398 3045 2452 in
3077 2396 3298 2465 Μίνωα,
3327 2413 3443 2469 cap.
3468 2396 3558 2464 l7,

1957 2498 2057 2544 art.
2087 2487 2168 2561 5.)

2031 2581 2192 2637 Addit
2232 2581 2466 2655 denique
2498 2583 2769 2639 Arnobius
2799 2583 3094 2641 Pelloniam
3140 2598 3247 2640 non
3279 2583 3514 2640 adfuisse
3541 2600 3557 2642 :

1967 2694 1983 2728 ι
2022 2675 2156 2731 Cum
2192 2676 2464 2732 Diomedis
2507 2678 2684 2748 campi
2725 2679 2967 2733 romanis
3007 2677 3359 2733 cadaveribus
3394 2691 3561 2748 agge-

1957 2772 2060 2827 rati
2097 2779 2241 2826 sunt.
2284 2791 2302 2823 ι
2339 2771 2578 2843 (Aruob.,
2612 2772 2701 2826 lib.
2743 2788 2820 2837 tv,
2849 2789 2967 2843 pag.
3004 2770 3153 2843 H9.)
3187 2771 3263 2826 De
3291 2769 3558 2826 Cannensi

1959 2878 2135 2934 pugna
2181 2873 2236 2919 et
2282 2865 2439 2920 clade
2488 2863 2630 2919 haud
2676 2865 2837 2921 dubie
2885 2866 3157 2934 loquitur,
3188 2877 3347 2935 quam
3380 2862 3561 2918 Livius

1958 2957 2144 3012 scribit
2170 2957 2239 3012 ab
2263 2956 2460 3012 Marcio
2491 2957 2684 3011 illustri
2716 2968 2837 3012 vate
2883 2955 2968 3011 his
3014 2956 3182 3012 ferme
3213 2954 3391 3012 verbis
3423 2971 3560 3026 prte—

1956 3049 2200 3104 dictam:
2238 3068 2255 3102 ε
2292 3056 2519 3106 Amnem
2567 3049 2901 3121 Trojugenas
2943 3049 3183 3105 Cannam
3211 3090 3225 3113 ,
3279 3048 3557 3116 Romane,

259 3121 386 3189 bat,
438 3137 625 3179 revera
671 3124 743 3180 sit
794 3124 1099 3181 Felicitas:
1132 3146 1152 3180 σ
1202 3126 1313 3184 Cur
1361 3142 1507 3186 esset
1558 3132 1853 3191 invocanda
1882 3126 1927 3192 C
1961 3142 2112 3214 fuge;
2146 3159 2214 3199 ne
2256 3155 2306 3199 Ie
2344 3144 2661 3213 alienigena:
2706 3153 2901 3212 cogant
2944 3142 2996 3197 in
3047 3157 3239 3213 campo
3288 3141 3560 3196 Diomedis

259 3226 483 3287 preptcr
511 3215 685 3273 fessos
713 3216 835 3274 diva
875 3217 1131 3277 Fessonia
1152 3264 1167 3290 ,
1204 3235 1422 3295 propter
1450 3223 1633 3281 hostes
1664 3226 1852 3296 depcl-

257 3308 449 3367 lendos
495 3309 615 3364 diva
654 3311 939 3368 Pellnuia‘l
974 3333 992 3367 ι
1028 3314 1294 3388 (August,
1340 3318 1427 3371 lib.
1467 3334 1521 3373 ιν
1570 3320 1633 3374 de
1673 3318 1852 3389 Civil.,

254 3420 373 3476 cap.
414 3403 506 3473 2!,
540 3422 659 3476 pag.
692 3404 847 3475 105.)
876 3406 1075 3465 Verum
1106 3408 1376 3465 Arnobius
1404 3410 1510 3467 alio
1539 3423 1856 3483 argumento

252 3495 447 3555 falsam
487 3499 631 3556 illius
668 3500 1003 3558 divinitatem
1044 3502 1301 3560 detrudit.
1332 3502 1466 3560 Nam
1495 3516 1752 3579 utraque,
1779 3510 1856 3567 ait

258 3593 380 3660 ille,
394 3593 630 3651 hostium
648 3595 865 3653 interse
892 3599 1238 3671 pugnantium
1263 3616 1389 3672 pars
1416 3600 1579 3675 hujus
1604 3604 1718 3661 deae
1740 3621 1854 3664 sua:

256 3687 511 3761 prsidio
541 3703 666 3745 sese
692 3689 920 3747 invicem
953 3691 1157 3764 pellere
1182 3692 1481 3751 debuisset.

329 3778 443 3837 Nec
485 3779 713 3838 Romani
753 3784 1085 3851 respondere
1127 3795 1378 3856 poterant
1425 3803 1577 3844 suam
1627 3803 1767 3857 esse,
1798 3798 1854 3848 et

252 3887 364 3930 non
390 3872 620 3930 aliorum
644 3915 662 3944 ,
687 3876 825 3932 hanc
851 3876 1007 3933 deam
1038 3877 1278 3949 (Arnob.,
1320 3880 1410 3936 lib.
1438 3897 1517 3950 ιν,
1550 3899 1673 3955 pag.
1704 3883 1849 3957 129).

252 3962 472 4023 Etenim
515 3966 621 4023 dici
666 3985 773 4024 non
817 3979 995 4040 potest
1022 3972 1089 4025 iis
1120 3972 1248 4029 deas
1279 3970 1478 4042 fuisse,
1512 3986 1673 4048 atque
1712 3978 1853 4034 hanc

251 4059 571 4117 nominatim
617 4061 689 4116 ita
738 4062 1063 4131 peculiares;
1114 4074 1172 4118 ut
1222 4066 1446 4121 aliarum
1501 4071 1851 4138 quarumdam

249 4154 492 4225 gentium
520 4168 625 4209 non
659 4154 877 4212 fuerint.
911 4154 1112 4214 Deinde
1143 4175 1270 4215 vero
1302 4161 1414 4217 haec
1444 4161 1581 4217 bona
1613 4164 1711 4218 dea
1744 4180 1849 4220 non

248 4249 421 4306 modo
443 4248 811 4305 Romanorum
845 4252 1027 4308 hostes
1052 4267 1198 4324 saepe
1228 4254 1423 4324 saepius
1472 4271 1580 4310 non
1620 4257 1847 4327 depulit,

250 4343 350 4400 sed
380 4358 537 4414 mque
563 4345 723 4400 etiam
757 4361 914 4414 passa
944 4358 1026 4402 est
1052 4347 1234 4403 animo
1257 4348 1378 4403 illos
1404 4352 1659 4407 maximis
1683 4352 1848 4408 cladi.

248 4437 353 4494 bus
380 4435 542 4510 afﬂigi
578 4453 643 4494 ac
680 4440 973 4510 proﬂigari.
1009 4439 1239 4496 Ubinam
1281 4443 1423 4498 enim
1468 4443 1706 4499 Pellonia
1759 4447 1845 4502 illa

248 4532 353 4589 dea
379 4541 517 4600 erat,
546 4531 621 4586 ait
649 4533 915 4588 Arnobius
944 4532 1159 4609 (ιβιδ),
1196 4553 1216 4587 ι
1250 4537 1461 4603 quando
1492 4538 1557 4592 ad
1584 4538 1848 4596 Furculas
1872 4516 1928 4577 D

245 4624 521 4681 Caudinas
545 4624 711 4681 decus
739 4624 1006 4697 publicum
1034 4627 1375 4699 sulijugatum
1406 4631 1527 4685 est?
1557 4651 1576 4684 ι
1606 4630 1848 4687 Furculae

246 4734 384 4776 vero
421 4735 515 4776 seu
544 4717 732 4775 Furcae
752 4759 767 4784 ,
797 4731 889 4774 aut
916 4718 1121 4777 Fauces
1148 4718 1402 4776 Caudina:
1446 4737 1475 4776 a
1517 4724 1731 4791 Caudo,
1762 4725 1848 4781 vel

246 4813 477 4881 Caudio,
504 4813 805 4870 Samnitum
827 4815 878 4869 in
898 4813 1048 4870 ltalia
1068 4831 1235 4887 prope
1257 4815 1621 4873 Beneventum
1646 4819 1847 4888 oppido

247 4918 607 4980 nuncupatze,
638 4908 832 4980 insigni
875 4907 1239 4965 Romanorum
1284 4911 1436 4967 clade
1476 4911 1842 4969 celebrantur.

247 5003 332 5060 lbi
360 5003 557 5075 quippe
585 5002 798 5059 illorum
828 5004 1018 5073 cepit,
1048 5003 1112 5059 Τ.
1141 5003 1360 5061 Veturio
1388 5003 1639 5075 Calvino,
1671 5019 1721 5062 et
1746 5005 1842 5079 Sp.

248 5098 568 5156 Posthumio
594 5098 909 5154 consulibus
941 5109 994 5154 ct
1021 5099 1269 5161 ducibus.
1304 5100 1539 5169 undique
1570 5100 1637 5155 ab
1669 5100 1842 5156 hosti-

245 5192 352 5250 bus
382 5194 641 5257 obsessa),
673 5190 739 5247 ad
771 5192 1161 5263 cas~angustias
1194 5191 1429 5248 redacta:
1464 5202 1625 5258 sunt,
1656 5204 1710 5247 ut
1743 5210 1842 5263 po-

245 5287 369 5343 sitis
394 5286 593 5350 armis,
627 5285 727 5340 sub
769 5283 977 5340 illorum
1004 5329 1017 5354 ,
1046 5287 1120 5340 uti
1150 5284 1334 5341 Livius
1358 5287 1575 5342 uberius
1607 5287 1843 5342 narravit

248 5378 414 5454 (Lien,
443 5379 532 5433 lib.
565 5395 634 5444 ix,
664 5378 799 5443 iuil.,
823 5389 866 5432 et
894 5379 982 5434 lib.
1012 5395 1141 5446 xxv,
1172 5396 1283 5453 cap.
1319 5379 1376 5452 6)
1401 5422 1417 5447 ,
1450 5379 1632 5454 jugutu
1666 5379 1845 5436 missas

244 5473 379 5530 sint.
407 5472 747 5541 Quapropter
775 5472 1104 5542 Augustinus
1146 5472 1249 5527 hoc
1292 5472 1481 5528 eodem
1514 5475 1761 5545 exemplo
1790 5484 1846 5529 et

246 5575 570 5636 argumento
595 5565 863 5635 ethnicos,
884 5565 1338 5637 quemadmodum
1373 5568 1662 5636 Arnobius,
1696 5569 1846 5626 refel-

244 5658 357 5715 lit:
393 5674 412 5708 ι
450 5656 549 5713 Ubi
586 5665 746 5714 erant
770 5657 866 5727 dii,
906 5679 925 5712 ι
963 5659 1155 5730 inquit,
1194 5677 1213 5712 ‹
1251 5662 1463 5733 quando
1496 5665 1548 5718 in
1577 5663 1845 5720 Caudinas

251 5749 515 5809 Furculas
537 5767 570 5809 a
593 5752 925 5811 Samnitibus
965 5752 1205 5823 obsessi,
1234 5754 1393 5813 ambo
1435 5771 1557 5814 cum
1603 5760 1841 5817 exercitu

1958 3252 2249 3293 conserere
2279 3252 2488 3291 manus.
2526 3235 2632 3292 Sed
2667 3250 2840 3307 neque
2865 3247 2920 3291 tu
2950 3235 3140 3290 credas
3186 3233 3315 3288 mihi
3338 3273 3355 3300 ,
3384 3234 3560 3289 donec

1957 3329 2319 3398 compleveris
2339 3330 2597 3400 sanguine
2611 3344 2884 3400 campum,
2905 3329 3177 3398 multaque
3194 3327 3356 3381 millia
3377 3326 3556 3382 occisa

1959 3430 2045 3476 tua
2073 3421 2275 3478 delerat
2304 3424 2480 3476 anmis
2508 3423 2560 3475 in
2588 3420 2815 3475 Pontum
2843 3435 3093 3489 magnum
3120 3435 3187 3474 ex
3220 3429 3364 3475 terra
3388 3419 3557 3490 frugi-

1956 3515 2092 3583 fera,
2125 3515 2389 3587 piscibus,
2416 3527 2576 3587 atque
2603 3514 2813 3579 avibus,
2844 3512 3082 3584 ferisque
3103 3554 3118 3577 ,
3153 3527 3272 3582 quae
3317 3510 3560 3568 incolunt

1955 3618 2154 3676 terras,
2185 3609 2253 3666 iis
2297 3609 2390 3665 liat
2436 3625 2559 3666 esca
2604 3625 2734 3667 caro
2774 3618 2887 3664 tua.
2919 3606 3050 3664 Nam
3083 3608 3212 3662 mihi
3244 3608 3315 3662 ita
3344 3606 3558 3678 Jupiter

1953 3701 2097 3759 fatus
2127 3712 2231 3759 est.
2272 3721 2292 3756 ι
2326 3701 2493 3773 (Lio.,
2527 3701 2618 3758 lib.
2648 3717 2776 3770 xxv,
2811 3699 2841 3774 ς
2875 3700 2988 3774 12.)
3016 3700 3221 3770 Quibus
3268 3698 3361 3756 ille
3403 3698 3556 3772 adje-

1954 3799 2055 3854 cit:
2084 3817 2102 3851 ι
2128 3798 2193 3853 Et
2218 3797 2490 3853 Diomedis
2510 3797 2695 3868 Argivi
2724 3811 2965 3867 campos,
2989 3808 3041 3851 et
3070 3794 3307 3850 Cannam
3331 3792 3553 3862 ﬂumen,

1953 3890 2044 3959 qui
2077 3890 2440 3944 militaverant
2462 3890 2512 3942 in
2532 3887 2597 3942 iis
2621 3889 2774 3957 locis,
2791 3887 2945 3955 juxta
2964 3896 3127 3954 atque
3153 3888 3322 3958 ipsam
3344 3886 3554 3941 cladem

1953 3983 2342 4054 agnoscebant.
2384 4002 2404 4036 ι
2440 3981 2602 4057 (Ibid.
2633 3997 2680 4035 c.
2713 3981 2768 4049 6,
2797 3992 2845 4037 et
2873 3982 3014 4053 prius
3040 3981 3129 4035 lib.
3165 3980 3259 4046 22,
3301 3999 3348 4036 c.
3384 3980 3474 4042 45.
3510 3988 3557 4036 et

1951 4080 2119 4147 seqq.)
2151 4077 2257 4132 Sed
2297 4074 2413 4131 haec
2454 4076 2544 4129 ille
2588 4091 2710 4129 cum
2742 4075 2836 4141 ibi,
2870 4084 2980 4129 tum
3010 4074 3135 4130 alibi
3163 4073 3338 4130 fusius
3367 4088 3556 4146 prose-

1952 4172 2156 4240 quitur,
2185 4169 2638 4241 quemadmodum
2664 4167 2937 4239 Polybius,
2966 4167 3177 4233 Florus,
3202 4171 3549 4239 Augustinus,

1951 4272 2006 4319 et
2042 4263 2155 4318 alii.
2192 4263 2463 4318 Diomedis
2510 4278 2670 4334 porro
2715 4267 2889 4335 campi
2937 4266 3062 4319 dicti
3105 4272 3248 4330 sunt,
3281 4265 3402 4336 quia
3433 4276 3556 4336 post

1951 4355 2285 4411 vulneratam
2333 4355 2604 4411 Venerem
2651 4356 2767 4423 ille,
2796 4360 2966 4427 patria
3010 4357 3236 4422 relicta,
3271 4357 3550 4428 Apuliam,

1949 4458 2139 4512 Servio
2168 4457 2397 4524 aliisque
2423 4456 2565 4512 bene
2594 4454 2777 4509 llllllllS
2805 4454 3065 4518 testibus,
3094 4454 3386 4511 incoluisse
3424 4469 3553 4525 per-

1952 4555 2184 4610 hibetur.
2237 4554 2475 4627 (Polyb..
2508 4552 2598 4609 lib.
2641 4569 2695 4609 ut
2729 4551 2954 4620 Histor.,
2997 4569 3117 4623 pag.
3150 4551 3257 4606 256
3292 4559 3339 4605 et
3372 4567 3549 4623 seqq.;

1952 4648 2126 4716 Flar.,
2158 4649 2246 4704 lib.
2276 4664 2334 4704 ιι.
2366 4666 2414 4704 c.
2442 4647 2507 4711 6;
2548 4648 2790 4719 August,
2825 4647 2914 4702 lib.
2941 4663 2995 4702 ut
3042 4646 3107 4701 de
3157 4645 3332 4710 Civit.,
3360 4661 3412 4699 c.
3447 4643 3548 4713 l9;

1951 4742 2124 4807 Seru.,
2156 4743 2209 4795 in
2236 4741 2324 4795 lib.
2349 4756 2442 4795 vut
2471 4737 2715 4807 zEneid.,
2745 4756 2865 4811 pag.
2902 4736 3055 4809 487.)

2022 4836 2158 4903 Quid
2188 4836 2254 4890 ad
2285 4835 2401 4891 lucc
2429 4833 2667 4889 ethnici?
2698 4833 3116 4904 ReSpOndebant
3148 4831 3281 4887 deos
3297 4830 3549 4887 sinistra-

1951 4946 2071 4985 rum
2101 4928 2331 5001 partium
2359 4942 2480 4984 esse
2510 4926 2790 4997 praesides,
2822 4938 2876 4981 et
2904 4925 3247 4980 dexterarum
3279 4924 3544 4980 inimicos.

1953 5025 2137 5095 Neque
2163 5025 2365 5082 dixeris
2388 5024 2525 5079 hanc
2554 5025 2624 5080 ab
2650 5023 2886 5080 Auctore
2909 5033 3116 5087 nostro,
3149 5037 3309 5091 quam
3338 5021 3548 5078 facilius

1953 5120 2242 5185 refutaret,
2269 5119 2437 5188 gratis
2483 5118 2659 5172 fictam
2688 5119 3122 5187 reSjionsiouem.
3158 5114 3376 5171 Litteris
3400 5115 3545 5172 enim

1951 5212 2258 5267 mandatum
2287 5228 2316 5266 a
2344 5212 2585 5268 Varrone
2618 5211 2843 5278 legimus
2875 5228 2889 5264 :
2926 5227 2945 5260 ι
2980 5208 3108 5278 Qua:
3145 5210 3362 5265 sinistra
3393 5216 3543 5275 sunt,

1950 5304 2088 5359 bona
2117 5304 2353 5375 auspicia
2380 5304 2778 5359 existimantur.
2810 5303 2853 5356 Α
2886 5316 2993 5372 quo
3015 5302 3271 5357 dicuntur
3301 5301 3542 5370 comitia,

1947 5395 2163 5451 aliudve
2191 5396 2314 5464 quid
2344 5395 2432 5455 sit.
2462 5395 2567 5450 dici
2606 5409 2705 5450 ave
2733 5395 2984 5454 sinistra;
3015 5412 3135 5466 qua:
3164 5410 3310 5451 nunc
3333 5404 3448 5459 est;
3488 5393 3541 5449 id

1947 5502 1978 5543 a
2003 5503 2184 5558 graeco
2213 5499 2296 5544 est
2315 5530 2329 5553 ,
2360 5488 2502 5557 quod
2533 5488 2584 5542 hi
2613 5489 2882 5545 sinistram
2912 5499 3106 5547 vocant
3136 5492 3339 5547 σκαιὰν.
3370 5510 3390 5543 ι
3418 5491 3542 5548 Ser-

1947 5583 2066 5638 vius
2099 5597 2227 5639 vero
2261 5603 2275 5640 :
2310 5603 2329 5634 ι
2365 5584 2677 5647 Sinistrum,
2705 5604 2725 5635 ι
2759 5585 2948 5656 inquit,
2988 5603 3006 5637 ι
3035 5598 3386 5653 prosperum;
3414 5584 3539 5653 quia

1948 5675 2169 5732 caeleste
2200 5687 2304 5734 est.
2329 5675 2620 5732 Sinistrum
2648 5686 2825 5733 autem
2853 5695 2884 5731 a
2913 5675 3162 5741 sinendo,
3195 5683 3451 5745 quantum
3477 5674 3545 5729 ad

1945 5768 2169 5843 auguria
2197 5771 2467 5842 pertinet;
2509 5770 2648 5841 quod
2689 5786 2786 5830 nos
2811 5787 2971 5843 agere
2994 5771 3158 5829 sinat.
3192 5766 3353 5827 Unde
3378 5765 3505 5821 alibi
3532 5783 3549 5820 :
