3990 6072
423 162 530 219 615

1666 186 2119 248 DISSERTATIO
2148 191 2307 250 PR4!
2317 195 2422 251 VIA

3599 205 3716 264 5M

423 280 666 338 culorum
693 284 848 343 deam
869 284 1197 362 Volutinam,
1227 308 1348 352 cum
1375 297 1598 358 folliculi
1627 315 1926 372 patescunt,
1957 321 2010 364 ut
2041 314 2086 372 Α
2123 326 2142 360 ι
2168 309 2251 364 Ab
2277 312 2562 370 erronibus
2590 315 2798 374 viarum
2821 317 2922 378 dea
2946 317 3137 377 Vibilia
3161 319 3423 378 liberat?»
3459 322 3707 396 (Arnob.,

417 375 567 445 spica
594 392 772 448 exeat,
802 382 955 439 deam
986 386 1388 448 Patelanam....
1423 394 1531 450 Nec
1561 403 1739 453 omnia
1770 415 2010 457 comme-

418 482 607 534 moro,
641 473 763 542 quia
799 491 885 531 me
931 478 1102 548 piget,
1131 483 1272 552 quod
1312 485 1434 542 illos
1471 506 1576 543 non
1623 492 1787 561 pudet
1825 512 1844 546 ι
1880 495 2012 563 (Au-

417 564 658 630 gust..de
683 565 860 634 Ciuit.,
888 586 934 624 c.
964 571 1018 636 8,
1040 590 1093 643 ρ.
1122 576 1193 631 95
1214 587 1261 630 et
1281 595 1398 649 seqq
1429 579 1466 647 ).
1500 580 1661 638 Vides
1683 598 1814 640 Sane
1833 586 1902 641 ab
1922 602 2008 655 eo,

416 655 867 721 quemadmodum
913 663 982 716 ab
1021 666 1279 732 Arnobio,
1310 674 1361 724 in
1393 671 1538 728 hunc
1569 675 1788 730 deorum
1818 695 2008 736 nume-

417 761 534 801 rum
563 751 879 809 nominatim
914 759 1102 814 referri
1148 760 1452 819 Patelanam
1483 776 1534 822 et
1569 767 1856 839 Nodotum,
1897 773 2012 828 sive

415 849 471 895 ut
499 854 689 898 auster
715 857 902 903 noster
931 852 1025 916 ait,
1059 851 1334 910 Nodutim.
1366 859 1573 916 Nemini
1599 864 1780 934 itaque
1814 867 2008 922 verisi-

416 936 543 992 mile
575 953 796 1008 prorsus
826 959 930 1000 non
973 950 1238 1005 videbitur
1267 954 1403 1010 alius
1429 956 1499 1012 ab
1523 958 1641 1027 ipso
1687 972 2010 1018 memoratos

413 1029 481 1087 iis
520 1048 640 1091 esse
683 1042 1142 1110 annumerandos,
1171 1061 1306 1114 quos
1338 1049 1618 1107 nominare
1659 1055 1796 1108 sicut
1832 1055 2012 1125 Augu-

411 1128 611 1184 sﬁnum
633 1141 686 1188 et
710 1135 1003 1192 Arnobium
1027 1149 1270 1196 nostrum
1295 1142 1527 1214 pigebat,
1559 1147 1627 1200 ita
1651 1158 1706 1204 et
1728 1165 1826 1206 nos
1848 1151 2009 1216 etiam

411 1218 593 1291 pigere
621 1223 804 1280 debet.

485 1318 626 1373 Alibi
675 1329 852 1377 tamen
903 1325 1248 1386 doctissimus
1286 1331 1378 1388 ille
1422 1335 1504 1390 vir
1540 1337 1820 1404 eamdem,
1852 1349 2011 1410 atque

409 1419 601 1466 auctor
644 1425 849 1482 noster,
898 1418 1115 1478 Saturni
1166 1427 1492 1482 mentionem
1538 1429 1663 1485 fecit
1704 1451 1717 1487 :
1755 1451 1774 1484 ι
1826 1434 2012 1490 Satur-

414 1517 534 1567 nus,
592 1523 612 1558 ι
643 1507 832 1578 inquit,
873 1528 893 1562 ι
951 1528 1090 1569 unus
1139 1515 1209 1572 de
1256 1519 1587 1589 principibus
1637 1525 1792 1590 deus,
1847 1541 2010 1596 penes

411 1608 572 1665 quem
593 1601 860 1656 sationum
889 1606 1129 1662 omnium
1151 1609 1462 1667 dominatus
1488 1624 1589 1670 est.
1617 1634 1637 1668 ι
1661 1616 1814 1673 Prius
1841 1634 2006 1675 vero:

2113 403 2287 477 ibid.)
2341 405 2530 464 Nonne
2576 423 2755 468 autem
2801 429 2865 469 ea
2924 416 3036 484 ipsa
3093 425 3175 472 est
3217 417 3286 472 de
3331 433 3436 489 qua
3487 416 3706 472 Varro:

2120 515 2140 548 ι
2185 499 2382 554 Venilia
2425 517 2454 556 a
2498 505 2787 573 veniendo,
2821 523 2884 563 ac
2909 519 3074 564 vento
3117 510 3251 577 illo,
3300 526 3457 581 quem
3490 509 3716 566 Plautus

2114 587 2246 644 dixit
2276 608 2288 643 :
2321 592 2473 658 Quod
2507 594 2596 652 ille
2636 598 2800 664 dixit,
2835 601 2925 670 qui
2957 600 3195 656 secundo
3221 613 3381 657 vento
3420 614 3604 658 vectus
3628 611 3718 657 est

2116 686 2405 754 tranquillo
2449 691 2609 756 mari,
2656 702 2868 748 ventum
2914 697 3122 766 gaudeo
3151 714 3169 746 ι
3213 695 3421 768 (Varr.,
3468 697 3507 751 ι.
3552 713 3607 752 tv
3648 698 3718 752 de

2112 775 2267 849 Ling.
2281 781 2371 832 lat.
2393 798 2444 849 p.
2468 781 2580 853 18).
2600 784 2928 857 Augustinus
2944 803 3074 844 vero
3095 791 3226 844 citat
3241 789 3487 845 eumdem
3509 787 3716 844 Varro-

2114 888 2235 928 nem
2262 875 2385 930 alibi
2412 877 2676 934 dicentem
2706 900 2719 934 :
2749 900 2767 934 ‹
2800 882 3006 939 Venilia
3036 889 3175 940 unda
3200 897 3303 948 est,
3328 901 3447 956 qnte
3472 884 3536 940 ad
3562 887 3717 940 littus

2115 968 2277 1023 venit.
2313 991 2330 1023 ι
2365 970 2555 1028 Nonne
2585 987 2760 1031 tamen
2810 979 2879 1034 ab
2924 979 3016 1033 illo
3061 980 3287 1045 recedit,
3323 980 3411 1034 ubi
3441 979 3509 1034 de
3535 981 3716 1034 infan-

2112 1061 2250 1115 tibus
2294 1063 2551 1132 disnutat,
2603 1076 2656 1123 et
2704 1068 2777 1122 ait
2811 1088 2824 1124 :
2859 1069 2934 1124 De
2976 1087 3085 1141 spe,
3138 1087 3254 1142 qua
3289 1072 3443 1138 venit,
3491 1069 3712 1126 Venilia.

2112 1153 2332 1209 Servius
2384 1157 2646 1213 Veniliam
2689 1175 2720 1215 a
2770 1163 3042 1218 nonnullis
3091 1165 3286 1219 dictant
3337 1179 3459 1219 esse
3508 1163 3715 1231 refert,

2110 1249 2245 1315 quod
2272 1249 2465 1301 veniam
2494 1250 2574 1304 det
2600 1253 2912 1322 exigentibus
2942 1254 3208 1327 (August.,
3238 1256 3274 1309 ι.
3311 1272 3380 1312 vtt
3429 1254 3492 1309 de
3532 1255 3714 1321 Cirin,

2110 1353 2158 1392 ε.
2187 1339 2276 1401 22,
2310 1357 2363 1408 p.
2414 1343 2553 1409 178;
2606 1345 2752 1407 ibid.,
2784 1346 2817 1400 l.
2864 1363 2937 1410 tv.
2986 1364 3031 1402 ε.
3084 1351 3170 1416 11,
3206 1349 3400 1419 p.97;
3442 1347 3615 1416 Serm,
3657 1349 3714 1402 in

2112 1433 2148 1486 ι.
2195 1449 2225 1486 x
2265 1432 2507 1500 ZEneid.,
2537 1456 2590 1508 p.
2621 1438 2770 1511 577).
2807 1440 2911 1496 Sed
2945 1443 2988 1496 si
3019 1443 3178 1498 citata
3209 1460 3236 1495 a
3271 1443 3424 1498 nobis
3454 1442 3713 1499 Varronis

2109 1525 2270 1579 verba
2305 1528 2472 1590 magis
2499 1529 2564 1583 ad
2595 1531 2833 1586 auctoris
2879 1535 3047 1588 nostri
3096 1535 3428 1604 preposituui
3479 1534 3708 1601 faciunt,

2113 1617 2374 1672 dubitatis
2400 1618 2627 1676 forsitan
2668 1639 2733 1677 an
2765 1624 2816 1678 in
2851 1623 3007 1696 hujus
3039 1635 3186 1681 textu
3217 1627 3501 1697 legendum
3534 1628 3714 1696 potius
3789 1649 3793 1651 ·

417 1705 438 1741 ι
474 1689 761 1748 Saturnum
791 1710 1014 1766 propter
1041 1699 1214 1767 ipsum
1256 1719 1460 1761 semen,
1503 1727 1521 1759 ι
1559 1708 1633 1762 Et.
1655 1711 1812 1779 paulo
1843 1723 1961 1782 ροει
1991 1733 2004 1768 ε
2037 1715 2084 1774 Β
2112 1707 2183 1761 sit
2226 1707 2438 1777 Venilia,
2473 1707 2632 1783 quam
2673 1713 2878 1783 Vibilio,
2909 1689 2977 1772 Ᾰι
3005 1719 3130 1788 quid
3158 1689 3453 1774 decernere
3480 1689 3707 1788 audeas,

418 1799 436 1834 ι
467 1779 718 1842 Ouidium
750 1792 1014 1846 seminum
1045 1790 1335 1852 Saturnum
1378 1798 1576 1855 habere
1605 1779 1946 1872 potestatein.
1989 1825 2006 1858 ι

412 1874 488 1931 Ex
521 1876 763 1935 Varrone
795 1884 1165 1950 proculdubio
1197 1888 1310 1944 lucc
1341 1890 1573 1947 delibata
1606 1905 1751 1949 sunt.
1772 1895 2012 1964 Quodam

412 1967 562 2022 enim
611 1970 751 2026 illius
789 1974 840 2028 in
887 1974 1024 2030 libro
1076 1979 1303 2049 legimus
1337 1999 1350 2035 :
1391 2002 1410 2036 ι
1447 1983 1530 2039 Ab
1571 1997 1690 2041 satu
1734 1988 1907 2044 dictus
1931 2001 2015 2045 est

411 2061 696 2120 Saturnus.
744 2085 762 2119 ι
797 2071 863 2121 At
917 2085 1024 2126 non
1071 2075 1242 2144 magis
1291 2091 1458 2146 penes
1507 2080 1655 2136 illum
1707 2084 2010 2149 sationum,

407 2169 568 2227 quam
617 2173 783 2230 penes
829 2162 1080 2232 Floram,
1127 2168 1303 2240 inquit
1339 2181 1531 2228 auctor
1580 2185 1784 2243 noster,
1820 2176 2011 2234 [lorum

409 2260 528 2304 erat
581 2250 913 2311 dominatus.
961 2256 1079 2314 Non
1129 2263 1274 2317 enim
1328 2265 1686 2334 prohibebant
1725 2270 2014 2340 quominus

407 2339 526 2398 btec
555 2343 860 2416 frigorevel
888 2361 1022 2406 aestu
1049 2353 1425 2412 adurerentur.
1454 2359 1511 2414 ln
1539 2339 1805 2430 superiori
1833 2377 2011 2422 autem

407 2436 790 2498 dissertatione
819 2443 887 2500 de
937 2444 1130 2514 Flora,
1179 2458 1236 2505 et
1286 2457 1599 2510 memoratis
1653 2457 1721 2511 ab
1771 2459 2013 2516 Arnobio

406 2529 550 2587 ludis
583 2534 636 2590 in
679 2537 797 2606 ejus
837 2539 1099 2598 honorem
1135 2545 1424 2603 celebratis
1459 2549 1850 2622 disputavimus
1877 2558 2010 2630 (Λιι-

406 2641 550 2696 gum,
575 2627 612 2682 ι.
648 2641 716 2684 vn
735 2630 800 2684 de
825 2630 1003 2700 Civit.,
1036 2651 1083 2689 ο.
1117 2637 1206 2702 15,
1231 2656 1284 2706 ρ.
1316 2641 1451 2705 172ς
1479 2644 1631 2709 ibid.,
1653 2663 1698 2700 ε.
1725 2647 1779 2715 a,
1807 2666 1860 2716 ρ.
1886 2627 2010 2716 tos,

406 2729 454 2778 et
481 2739 528 2774 ο.
563 2724 619 2787 5,
651 2743 706 2795 p.
738 2725 873 2793 16.1;
912 2727 1085 2796 Varr.,
1121 2731 1157 2785 l.
1190 2749 1241 2786 tv
1266 2734 1329 2788 de
1373 2735 1525 2806 Ling.
1553 2739 1671 2804 lat.,
1706 2759 1754 2811 p.
1794 2743 1884 2811 16;
1914 2746 2012 2799 Ar-

406 2815 552 2880 nob.,
581 2817 619 2871 l.
649 2834 720 2885 tv,
753 2837 806 2888 p.
839 2823 973 2888 115;
1007 2823 1224 2880 Dissert.
1253 2829 1307 2882 in
1343 2829 1564 2894 Minuc.,
1600 2851 1644 2888 ε.
1680 2834 1767 2894 16.
1801 2847 1900 2890 art.
1929 2839 2011 2905 ὅ).

480 2911 746 2968 Czeternm
775 2919 1020 2982 quamvis
1047 2919 1420 2978 Ncmestrinus
1443 2941 1745 2993 nemorum,
1780 2938 1831 2984 et
1862 2930 2012 2986 Mon-

415 3004 559 3059 tinus
604 3009 866 3065 montium
910 3011 1044 3067 deus
1075 3013 1144 3068 ab
1176 3015 1414 3072 Arnobio
1462 3020 1796 3091 appelletur;
1843 3022 2009 3080 Diana

410 3103 590 3153 tamen
618 3098 813 3156 dicitur
836 3101 905 3160 ab
934 3103 1154 3161 Horatio
1187 3126 1203 3166 :

533 3210 766 3264 Montium
787 3224 950 3269 custos
973 3231 1330 3288 nemorumque
1351 3227 1504 3288 virgo.

1016 3281 1345 3346 (Harat.,'lib.
1371 3281 1628 3352 tttvCarm”
1648 3292 1731 3344 0d.
1748 3295 1857 3357 22.)

408 3353 627 3413 Faunus
672 3375 805 3417 vero
831 3374 886 3419 et
915 3363 1072 3424 Picus
1099 3370 1238 3440 apud
1267 3371 1516 3430 Ovidium
1547 3378 1660 3432 haec
1687 3378 1755 3435 de
1793 3353 1856 3437 se
1880 3381 2011 3454 ipsis

405 3450 700 3522 praedicant
725 3470 738 3508 :

499 3540 560 3618 Ri
579 3557 748 3618 sumus
769 3558 1020 3616 agrestes,
1049 3560 1103 3605 et
1123 3558 1209 3618 qni
1224 3555 1536 3611 dominemur
1553 3563 1606 3612 in
1629 3563 1746 3615 altis

500 3604 774 3662 Montibus.

795 3671 983 3739 (Ouid,
1012 3675 1095 3730 lib.
1117 3695 1169 3732 ιιι
1187 3681 1402 3741 ηδιον..
1429 3685 1522 3750 ss,
1548 3700 1664 3752 pag.
1689 3689 1824 3757 532.)

406 3748 517 3808 Sed
543 3753 671 3824 quid
697 3765 866 3824 vetat,
899 3763 1191 3831 quominus
1223 3765 1386 3824 Diana
1419 3748 1699 3828 nemorum
1727 3748 1931 3845 custos,
1959 3785 2014 3833 et

404 3844 782 3906 Nemestrinus
826 3869 1012 3911 eorum
1045 3856 1182 3914 deus
1223 3877 1252 3914 a
1296 3863 1590 3933 gentilibus
1632 3868 1796 3922 stulte
1825 3844 2012 3926 crede.

403 3944 758 4013 returlQnid
805 3950 966 4006 etiam
1024 3954 1272 4024 prohibet
1328 3960 1618 4029 quominus
1665 3963 1880 4021 Faunus
1921 3975 2014 4024 aut

406 4033 570 4094 Picus
603 4039 763 4098 iidem
792 4042 1010 4108 fuerint.
1038 4063 1102 4103 ac
1132 4049 1420 4119 Montinus,
1440 4053 1672 4111 diversis
1703 4060 2011 4116 nominibus

403 4132 692 4201 appellati?
725 4136 798 4192 De
828 4139 909 4193 his
937 4155 1099 4210 porro
1129 4142 1231 4198 diis
1259 4146 1502 4212 consule,
1524 4149 1568 4200 si
1613 4149 1768 4216 velis,
1799 4150 2013 4206 Tertul-

406 4222 634 4291 lianum,
654 4225 954 4297 Giraldum,
974 4244 1025 4287 et
1051 4233 1325 4291 Vossium.
1356 4237 1620 4309 (Tertull..
1650 4243 1687 4296 Ι.
1719 4244 1782 4297 de
1805 4243 2009 4315 Spect.,

407 4333 456 4373 ε.
487 4318 542 4380 8,
573 4337 626 4387 p.
660 4319 764 4379 95:
794 4321 1021 4390 (ἤνοπι,
1057 4326 1198 4382 Hist.
1244 4329 1411 4397 deor.,
1449 4344 1704 4405 syntagm.
1739 4337 1791 4399 1,
1820 4352 1874 4406 p.
1905 4338 2008 4404 89;

422 4411 588 4481 Vorm,
624 4415 662 4469 Ι.
695 4433 729 4470 v
756 4417 820 4470 de
871 4417 1050 4474 Theol.
1084 4433 1246 4494 gent.,
1271 4441 1320 4480 c.
1353 4425 1440 4494 18,
1470 4445 1522 4493 p.
1554 4429 1624 4483 89
1645 4439 1690 4483 et
1711 4430 1875 4502 seqq.)

2114 1802 2200 1857 ubi
2231 1813 2371 1859 tanta
2402 1815 2487 1860 est
2511 1807 2821 1866 ﬁctitiorum
2852 1811 3074 1866 deorum
3106 1814 3431 1868 multitudo?

2184 1896 2549 1968 Opinabantnr
2588 1915 2844 1973 prtcterea
2891 1906 3119 1975 gentiles
3165 1907 3528 1962 Limentinum
3579 1922 3710 1964 esse

2115 1992 2401 2062 prwsidem
2432 1996 2694 2064 liminum,
2723 2009 2778 2053 et
2805 2014 2994 2054 eorum
3021 2002 3321 2056 custodiam
3350 2001 3516 2057 Lima:
3541 2001 3714 2057 adtri-

2114 2085 2294 2140 butam
2325 2105 2339 2141 :
2375 2088 2481 2142 Sed
2517 2108 2535 2140 ι
2569 2091 2691 2160 quis
2731 2092 2936 2159 credat,
2970 2112 2989 2146 ι
3021 2093 3190 2164 arguit
3233 2093 3536 2161 Arnobius,
3570 2113 3588 2145 ι
3625 2093 3714 2150 Li-

2115 2179 2434 2245 mentiuum,
2470 2183 2591 2252 quis
2631 2183 2839 2240 Limam
2880 2186 3178 2242 custodiam
3219 2186 3462 2242 liminum
3492 2204 3708 2260 gerere,

2115 2279 2170 2326 et
2195 2271 2491 2339 jauitorum
2519 2273 2695 2331 ofﬁcia
2727 2279 3016 2345 sustinere,
3043 2295 3165 2335 cum
3197 2280 3441 2336 fanorum
3471 2282 3714 2353 quotidie

2115 2362 2400 2419 videamus
2421 2376 2474 2421 et
2498 2369 2832 2437 privatarum
2861 2370 3143 2426 domorum
3174 2372 3408 2428 convelli
3430 2383 3484 2429 et
3504 2375 3709 2440 subrui,

2115 2470 2219 2510 nec
2257 2457 2374 2511 sine
2415 2457 2498 2512 his
2534 2474 2658 2515 esse
2688 2461 2986 2532 ﬁagitiosos
3021 2463 3087 2518 ad
3130 2463 3404 2534 lupanaria
3440 2478 3716 2520 commea-

2117 2549 2241 2603 tus?
2273 2568 2291 2600 ι
2325 2549 2566 2621 (Arnob.,
2602 2553 2686 2608 lib.
2723 2569 2798 2621 tv,
2840 2572 2962 2626 pag.
3006 2555 3158 2623 152.)
3201 2557 3370 2624 llnjus
3408 2567 3587 2612 autem
3627 2557 3716 2612 Li-

2115 2641 2339 2695 mentiui
2370 2643 2494 2697 alibi
2529 2645 2798 2700 Arnobius
2828 2645 3021 2719 (Idem,
3051 2647 3139 2702 lib.
3174 2665 3210 2716 t,
3244 2666 3365 2720 pag.
3395 2648 3509 2718 15),
3537 2659 3594 2704 et
3619 2651 3714 2705 ali-

2114 2733 2237 2786 cubi
2267 2731 2570 2805 Cyprianus
2601 2738 2896 2795 meminere
2919 2741 3215 2813 (Cyprium,
3253 2743 3316 2796 de
3344 2742 3472 2796 idol.
3514 2741 3711 2811 Vanit.,

2115 2841 2169 2891 ρ.
2195 2827 2297 2894 15).
2317 2829 2558 2895 Quodam
2577 2845 2706 2886 vero
2720 2831 3036 2888 Tertulliani
3058 2835 3109 2888 in
3126 2833 3285 2900 libro,
3303 2835 3499 2908 ubique
3513 2837 3712 2908 passim

2115 2921 2304 2974 mntilo
2333 2935 2386 2976 et
2415 2924 2617 2980 lacunis
2648 2924 2851 2991 hiante,
2879 2927 2991 2982 lucc
3023 2928 3273 2998 legimus,
3301 2931 3499 2998 quibus
3527 2943 3711 2988 tamen

2113 3016 2351 3069 auctoris
2405 3019 2573 3072 nostri
2633 3018 2773 3075 dicta
2834 3026 2964 3076 satis
3017 3034 3205 3092 aperte
3270 3026 3709 3081 conﬁrmantur:

2036 3107 2080 3170 C
2119 3124 2138 3155 ι
2173 3107 2346 3163 Taceo
2385 3110 2516 3166 deos
2558 3111 2840 3169 Forculnm
2873 3131 2901 3168 a
2932 3115 3156 3183 foribus,
3189 3129 3242 3172 et
3288 3119 3692 3176 Cardeam......

2117 3202 2296 3266 nibus,
2342 3213 2395 3259 et
2442 3205 2685 3261 limitnnn
2729 3207 3113 3274 Limentinum,
3156 3212 3271 3267 sive
3309 3215 3397 3283 qui
3439 3215 3528 3270 alii
3574 3216 3714 3271 inter

2114 3295 2324 3352 vicinos
2355 3315 2515 3368 ap....
2550 3316 2675 3356 num
2703 3301 2996 3371 janitorum
3034 3305 3348 3361 adorantur.
3389 3308 3528 3376 Quid
3568 3314 3710 3366 enim

2113 3405 2392 3458 magnum,
2428 3409 2550 3448 cum
2580 3403 2636 3449 et
2662 3394 2896 3450 habeant
2927 3398 2978 3451 in
3008 3397 3381 3467 lupanaribus,
3411 3404 3463 3457 in
3493 3403 3708 3472 culinis,

2113 3497 2168 3541 et
2217 3487 2270 3540 in
2300 3487 2408 3542 imo
2436 3503 2676 3546 carcere.
2708 3509 2728 3543 ι
2761 3488 3120 3563 (Τενιιιιιῑαηη
3155 3493 3245 3550 lib.
3279 3512 3314 3550 ιι
3351 3497 3421 3550 ad
3463 3497 3708 3569 Notium,

2111 3595 2231 3651 cap.
2265 3581 2351 3648 15,
2389 3599 2508 3654 pag.
2543 3583 2658 3654 78.)
2687 3584 2745 3640 In
2774 3586 2880 3642 alio
2903 3602 3119 3658 quoque
3145 3587 3285 3644 libro
3320 3592 3630 3662 perfectiori
3658 3603 3712 3650 et

2114 3671 2326 3744 integro
2354 3675 2610 3746 scripsit:
2643 3694 2664 3729 ι
2698 3675 2845 3732 Certi
2877 3694 3001 3735 esse
3025 3679 3304 3749 debemus,
3339 3684 3383 3739 si
3411 3699 3550 3756 quos
3579 3685 3712 3744 latet

2112 3778 2210 3834 per
2253 3768 2608 3837 ignorantiam
2658 3769 2975 3827 litteratum
3011 3775 3309 3844 smeularis,
3339 3777 3500 3832 etiam
3542 3781 3710 3836 ostio-

2114 3872 2230 3912 rum
2281 3859 2414 3913 deos
2461 3860 2604 3929 apud
2655 3861 2948 3926 Romanos.
3000 3864 3262 3922 Cardeam
3313 3883 3342 3921 ιι
3392 3869 3712 3927 Cardinibns

2112 3949 2457 4020 appellatam.
2490 3965 2544 4008 et
2573 3953 2862 4012 Forculum
2890 3973 2918 4011 a
2949 3957 3174 4028 foribus,
3204 3973 3256 4018 et
3285 3961 3647 4020 Limentinum
3679 3982 3708 4020 ιι

2113 4043 2322 4111 limine,
2362 4056 2419 4102 et
2458 4047 2632 4118 ipsum
2671 4049 2864 4104 Janum
2897 4066 2927 4105 a
2956 4051 3158 4118 .lauua;
3200 4064 3253 4110 et
3292 4057 3473 4126 utique
3509 4057 3709 4113 scimus

2113 4135 2241 4191 licet
2278 4139 2493 4194 nomina
2536 4141 2716 4196 inania
2759 4150 2920 4212 atque
2959 4144 3188 4200 conﬁcta
3220 4147 3346 4212 sint,
3379 4162 3500 4202 cum
3531 4157 3706 4205 tamen

2113 4229 2166 4284 in
2205 4233 2643 4301 superstitionem
2682 4233 3040 4300 deducuntur,
3076 4253 3271 4309 rapere
3309 4239 3373 4294 ad
3409 4254 3470 4296 se
3508 4241 3708 4296 dmmo-

2113 4323 2225 4388 nia,
2256 4335 2312 4379 et
2337 4322 2553 4380 omnem
2585 4327 2833 4395 Spiritum
2864 4329 3195 4386 immundum
3226 4348 3321 4398 per
3345 4335 3708 4390 consecratio-

2112 4419 2197 4473 nis
2223 4419 2668 4491 obligamentum.
2701 4442 2720 4475 ι
2749 4422 2942 4492 (Idem,
2976 4426 3065 4480 lib.
3094 4426 3159 4481 de
3191 4425 3408 4495 ldolol.,
3437 4445 3554 4500 cap.
3595 4429 3706 4499 15.)

478 4505 563 4560 Ab
587 4506 702 4576 ipso
729 4508 904 4566 adhuc
952 4523 1175 4568 meum,
1223 4526 1432 4582 nostra,
1462 4498 1914 4586 quemadmodum
1946 4524 2013 4578 ab
2040 4498 2091 4558 D
2118 4509 2446 4567 Eornmdem
2478 4513 2689 4568 illorum
2721 4515 2944 4571 deorum
2978 4519 3218 4573 meminit
3248 4519 3598 4591 Augustinus.
3623 4531 3706 4576 at-

409 4599 710 4666 Augustino
760 4604 1050 4662 irridentur
1087 4608 1322 4675 ethnici,
1374 4613 1463 4682 qui
1515 4613 1823 4672 Mellouiam
1854 4617 2008 4674 deam

2117 4619 2220 4669 que
2250 4606 2318 4659 ab
2355 4605 2584 4662 ethnicis
2617 4607 2758 4664 haud
2790 4609 3003 4680 illepide
3042 4621 3192 4683 rogat
3230 4627 3325 4666 cur
3364 4612 3626 4670 Forculns
3654 4622 3708 4670 et

411 4692 592 4748 mellis
629 4695 953 4752 confectioui
985 4701 1180 4769 praeﬁci
1225 4706 1645 4764 somniare-rant.
1674 4709 1835 4776 Quasi
1879 4726 2010 4768 vero

2117 4699 2454 4757 Limentinus
2484 4703 2557 4757 dii
2585 4705 2805 4758 masculi
2835 4704 3099 4772 dicantur,
3123 4705 3326 4761 Cardea
3351 4722 3478 4761 vero
3509 4707 3705 4764 lctuina

410 4785 530 4842 sine
558 4787 644 4842 illa
691 4791 794 4844 mel
825 4793 1017 4848 conﬁci
1070 4812 1361 4865 numquam
1415 4803 1718 4869 potuisset?
1747 4805 2006 4873 Quocirca

2117 4795 2315 4850 cardini
2362 4798 2645 4867 praisideat
2686 4799 2954 4871 (Aagust.,
2993 4799 3082 4854 lib.
3117 4817 3167 4854 tv
3196 4802 3259 4855 de
3297 4800 3474 4860 Civil"
3504 4818 3619 4873 cap.
3650 4805 3704 4868 8,

413 4877 484 4935 de
511 4880 708 4939 Jndzeis
751 4894 897 4941 recte
941 4891 1312 4959 Augustinus:
1353 4911 1374 4946 ι
1409 4893 1537 4950 Sine
1578 4894 1823 4966 Segetia,
1868 4920 1886 4952 ι
1924 4902 2009 4954 in-

413 4973 549 5042 quit,
579 4992 598 5026 c
634 4987 864 5047 segetes,
898 4980 1017 5036 sine
1050 4983 1264 5039 Bnbona
1311 4987 1500 5050 boves,
1533 4991 1687 5045 mella
1730 4992 1849 5047 sine
1879 4991 2010 5048 Mel-

414 5065 561 5132 Iona,
590 5083 748 5139 poma
778 5073 895 5128 sine
921 5073 1174 5143 Pomora,
1202 5086 1256 5133 et
1288 5093 1508 5148 prorsus
1533 5084 1734 5147 omnia,
1770 5099 1866 5155 pro
1891 5086 2010 5156 qui-

414 5159 517 5216 bus
545 5170 704 5218 tautte
733 5163 991 5222 falsorum
1011 5169 1234 5226 deorum
1266 5175 1434 5229 turba":
1454 5174 1682 5230 Romani
1711 5178 2014 5248 supplican-

415 5252 543 5306 dum
581 5265 923 5327 putaverunt,
956 5263 1025 5316 ab
1059 5278 1166 5318 uno
1200 5281 1330 5322 vero
1371 5266 1484 5321 Deo
1535 5267 1743 5325 felicius
1789 5286 2015 5330 accepe-

417 5356 544 5400 runt
569 5366 587 5398 ι
623 5347 864 5420 (Arnob.,
899 5352 938 5408 ι.
969 5370 1042 5419 tv,
1081 5375 1135 5427 p.
1170 5357 1302 5424 131;
1338 5359 1576 5431 August,
1607 5362 1646 5416 l.
1676 5379 1710 5417 ν
1751 5363 1816 5418 de
1839 5361 2015 5434 Civit.,

414 5452 465 5492 ο.
495 5438 594 5503 tt,
619 5442 872 5507 ρ.114).

490 5531 628 5600 Quid
661 5552 816 5608 vero,
847 5543 990 5614 quod
1017 5545 1212 5602 ethnici
1246 5548 1380 5603 alios
1428 5547 1561 5606 deos
1587 5550 1830 5619 viarum,
1871 5551 2016 5608 limi-

420 5641 571 5693 num,
605 5641 660 5687 et
687 5636 952 5694 ostiorum
985 5640 1269 5711 pra'lectos
1298 5646 1590 5701 commenti
1623 5643 1872 5701 fuerant?
1900 5645 2019 5702 Non

418 5723 565 5779 enim
615 5727 734 5785 sine
779 5731 954 5790 ironia
990 5744 1046 5792 et
1096 5735 1472 5807 objurgatione
1519 5739 1652 5796 dixit
1701 5740 2020 5800 Arnobius:

2110 4908 2231 4963 pag.
2261 4894 2362 4959 94;
2393 4905 2436 4948 et
2469 4896 2558 4949 lib.
2582 4912 2649 4962 γι,
2684 4913 2799 4964 cap.
2835 4897 2888 4962 7,
2919 4913 3038 4967 pag.
3074 4895 3220 4969 155).
3246 4895 3512 4967 Numquid
3543 4898 3702 4954 etiam

2113 4987 2282 5040 sancti
2314 4987 2390 5042 illi
2420 4988 2491 5043 dii
2530 4989 2862 5056 lupanarium
2915 4990 3182 5046 liminibus
3235 5001 3289 5046 et
3330 4990 3533 5045 foribus
3575 5006 3706 5061 pra:-

2114 5080 2298 5148 positi,
2328 5095 2420 5134 eas
2451 5081 2738 5136 luxuriosis
2765 5097 2826 5136 ac
2855 5082 3153 5137 libidinosis
3179 5083 3531 5152 aperiebant?

2189 5172 2401 5243 Optime
2436 5176 2673 5244 quidem,
2708 5177 2934 5245 inquies.
2976 5177 3080 5232 Sed
3127 5178 3268 5233 nulla
3313 5177 3417 5232 illis
3463 5177 3708 5232 omnibus

2119 5265 2173 5322 in
2195 5267 2324 5322 loci~
2348 5267 2535 5333 Limrr,
2565 5271 2632 5322 ab
2657 5268 2899 5325 Arnobio
2926 5270 3229 5340 appellatae,
3264 5271 3487 5326 mentio.
3507 5269 3706 5339 Quam-

2117 5361 2303 5416 obrem
2344 5362 2684 5430 suspicantur
2724 5374 3035 5434 corruptum
3079 5380 3199 5419 csse
3243 5365 3341 5420 hoc
3382 5380 3600 5428 nomen,
3650 5379 3712 5419 ac

2122 5469 2219 5524 pro
2252 5469 2317 5510 eo
2356 5455 2736 5524 Limentinam,
2779 5469 2870 5512 aut
2908 5457 3124 5526 Janum,
3169 5469 3260 5513 aut
3299 5457 3486 5513 lanam
3528 5458 3713 5526 legen-

2121 5546 2271 5602 dmn.
2313 5548 2448 5615 Quid
2491 5550 2534 5603 si
2583 5551 2851 5621 legeretur
2889 5550 3115 5617 Cardea,
3146 5552 3214 5606 de
3259 5567 3359 5620 qua
3405 5551 3650 5621 proxime
3686 5568 3713 5604 a

2123 5639 2277 5695 nobis
2301 5641 2446 5696 citati
2484 5652 2731 5697 anetores
2752 5685 2766 5708 ,
2804 5654 2897 5699 aut
2931 5645 3126 5710 Carna,
3159 5645 3225 5698 dc
3254 5659 3356 5714 qua
3397 5642 3551 5712 plura
3593 5642 3718 5698 Ovi-

2121 5733 2240 5788 dius
2269 5735 2464 5792 cecinit
2495 5734 2701 5807 (Ovid.,
2731 5736 2820 5792 lib.
2850 5752 2901 5792 vt
2947 5735 3179 5802 Fastor.,
3210 5735 3333 5807 §2,
3365 5752 3486 5807 pag.
3519 5735 3631 5793 65!
3673 5745 3718 5793 ct
