3990 6072
234 244 341 306 543

1488 257 1555 319 IN
1593 258 1969 334 ARNOBIUM,
2010 264 2168 328 CAP.
2210 268 2346 333 XIII.

3413 289 3521 353 5M

229 354 394 430 seg.)?
434 355 545 416 Sed
584 373 707 417 cum
748 360 988 420 lnlinltus
1028 364 1208 433 fuerit,
1250 377 1308 423 nt
1343 368 1546 429 dictum
1587 383 1691 443 est,
1727 375 1826 431 hu-
1856 389 1907 449 Α
1932 381 2244 440 suadebitur
2285 387 2441 443 deam
2483 404 2603 447 esse
2635 390 2945 464 Pecuniam,
2981 410 3141 467 quam
3177 407 3357 457 tamen
3387 404 3524 460 velut

223 447 527 518 jusceinodi
566 451 789 508 deorum
836 472 1116 525 numerus,
1156 459 1280 529 quid
1323 462 1376 516 in
1417 466 1639 520 Arnobii
1681 478 1828 523 textu

228 541 492 614 scriptum
522 542 702 611 fuerit,
736 547 963 604 delinire
991 566 1096 605 non
1128 552 1412 609 audemus.
1445 555 1511 610 Et
1538 571 1671 614 sane
1696 561 1826 615 Ser-

227 635 350 691 vius
381 636 573 692 alicubi
602 638 850 695 observat
873 642 1032 699 limen
1061 643 1236 701 Vesta:
1265 645 1430 704 fuisse
1454 662 1828 709 consecratum

228 729 433 800 (Serm,
460 731 515 786 in
543 733 635 789 lib.
670 751 721 789 vr
748 734 991 805 IEneidq
1024 757 1144 812 pag.
1176 742 1326 812 414).

301 826 470 900 Magis
497 845 626 885 vero
647 843 897 902 corrupta
923 834 1174 891 videntur
1193 838 1578 910 subsequentia
1600 841 1826 900 Arnobii

223 920 387 977 verba
425 940 439 977 :
476 942 495 976 ι
533 924 667 992 Quis
705 936 985 984 curatores
1026 930 1414 1003 'obliquitatum
1448 934 1666 1001 'Limos,
1708 956 1726 988 ι
1773 938 1825 993 in

231 1016 598 1086 manuscripto
616 1020 784 1090 regio,
806 1039 825 1071 ι
847 1019 1078 1077 Lemons
1098 1042 1118 1075 ι
1141 1025 1371 1093 pessime
1388 1024 1627 1098 (Arnob.,
1644 1029 1735 1085 lib.
1752 1045 1825 1096 iv,

225 1125 343 1180 pag.
380 1107 532 1181 132).
566 1109 700 1179 Quia
730 1128 861 1168 vero
887 1114 1035 1170 solus
1065 1115 1152 1171 hic
1180 1117 1335 1173 nobis
1360 1114 1608 1189 superest
1634 1122 1824 1178 horum

222 1199 483 1256 librorum
508 1204 907 1273 marmscriptus
927 1210 1119 1273 codex,
1144 1208 1212 1264 ab
1236 1211 1640 1282 imperitissimo
1666 1214 1828 1269 libra-

223 1292 305 1347 rio
345 1292 674 1367 descriptus,
718 1314 839 1368 qua:
877 1300 949 1355 sit
988 1316 1113 1358 vera
1153 1306 1389 1360 auctoris
1429 1309 1595 1363 nostri
1641 1310 1821 1377 lectio,

221 1386 366 1443 dictu
406 1388 806 1447 difﬁcillimum.
846 1394 1011 1451 Nobis
1054 1406 1230 1454 tamen
1269 1398 1409 1456 haud
1445 1418 1589 1475 :egre
1630 1406 1827 1476 proba-

221 1493 372 1536 retur
408 1483 773 1555 reponendam
805 1501 927 1544 esse
967 1503 1153 1545 vocem
1196 1490 1477 1555 Lemures,
1519 1495 1587 1551 de
1631 1498 1826 1560 quibus

222 1587 326 1630 nos
360 1575 509 1643 alibi,
551 1587 604 1630 et
643 1577 867 1634 Ovidius
903 1582 1014 1649 jam
1059 1596 1087 1636 a
1133 1583 1288 1640 nobis
1329 1586 1576 1643 laudatus
1617 1588 1821 1662 (Ocid.,

220 1666 315 1722 lib.
356 1684 391 1724 v
429 1667 663 1732 Fastor..
698 1671 726 1744 §
767 1673 821 1739 5,
860 1691 981 1746 pag.
1024 1675 1132 1732 652
1168 1687 1215 1732 et
1250 1690 1403 1752 δρψ).
1441 1680 1822 1741 Verumtamen

220 1764 326 1819 nisi
370 1764 592 1823 alterius
641 1772 986 1826 correctioris
1044 1772 1245 1829 codicis
1292 1790 1396 1847 ope
1445 1777 1637 1849 adjnti,
1690 1780 1820 1836 nihil
1851 1794 1899 1855 Β

218 1855 397 1912 adhuc
425 1872 486 1913 ea
514 1859 583 1914 de
612 1875 671 1916 re
696 1862 834 1917 certi
861 1862 1064 1934 aliquid
1091 1867 1256 1921 statui
1286 1882 1449 1938 posse
1477 1872 1824 1928 arbitramur.

218 1951 485 2023 Quidquid
527 1953 616 2017 sit,
660 1956 804 2026 quis,
850 1957 1102 2026 obsecro,
1149 1960 1433 2031 ingenuus,
1475 1963 1828 2037 liberalisque

220 2045 385 2100 homo
416 2045 638 2117 hujusce
663 2047 748 2104 dei
774 2064 972 2105 munus
996 2051 1149 2106 obire
1176 2069 1427 2126 umquam
1456 2057 1658 2113 vellet?

288 2137 477 2210 Neque
513 2140 677 2195 etiam
719 2140 961 2198 Aruohio
1005 2144 1319 2202 credibilius
1361 2146 1596 2213 videtur,
1634 2167 1655 2202 ι
1693 2149 1827 2206 deos

216 2229 444 2288 Lucrios
489 2232 764 2289 lucrorum
816 2236 1291 2293 consecutionibns
1333 2241 1658 2310 pnesidere;
1701 2258 1825 2300 cum

216 2339 283 2380 ex
311 2325 560 2395 turpibus
584 2327 763 2382 causis
787 2326 1226 2399 frequentissime
1249 2333 1486 2400 veniant,
1518 2345 1574 2388 et
1596 2334 1825 2390 aliorum

216 2433 434 2490 semper
471 2417 771 2489 dispendiis
805 2432 1074 2478 constent.
1107 2443 1125 2477 ι
1156 2424 1257 2493 Qui
1289 2436 1473 2483 autem
1518 2427 1717 2484 fuerint
1748 2429 1827 2486 illi

216 2511 314 2576 dii,
345 2512 392 2567 si
423 2511 564 2568 scire
592 2528 776 2581 aveas,
821 2514 891 2569 ab
930 2516 1095 2571 Suida
1138 2519 1385 2588 accipere
1426 2521 1649 2589 poteris.
1691 2521 1824 2576 Nam

213 2603 465 2682 Κερόὥος,
497 2605 671 2677 inquit.
697 2605 935 2676 (Suidas,
984 2608 1054 2662 ad
1098 2611 1304 2665 verbum
1345 2610 1620 2689 Κερδῶος),
1652 2616 1762 2676 θεὸς
1799 2614 1825 2671 ὁ

211 2695 402 2775 Ἐρμῆς
456 2701 524 2760 ὡς
578 2698 794 2776 κέρδους
838 2703 1103 2764 ποιητικὸς
1162 2707 1252 2760 καὶ
1308 2703 1517 2780 ἄγγελον
1569 2706 1622 2763 δὲ
1673 2710 1827 2764 αὐτὸν

213 2790 449 2854 καλοῦσι.
478 2794 558 2846 καὶ
591 2792 773 2847 κλῶπα
799 2835 812 2857 ,
843 2790 921 2849 διὸ
952 2798 1041 2848 καὶ
1066 2796 1386 2874 μὰρσυππον
1414 2800 1570 2856 αὐτὸν
1613 2807 1826 2858 ποιοῦσι

216 2884 514 2950 ϐαστάζειν.
546 2888 633 2939 καὶ
667 2884 845 2962 ἔφορον
877 2889 1033 2943 αὐτὸν
1059 2895 1153 2945 τοῦ
1176 2888 1349 2965 λόγου,
1386 2895 1591 2956 καὶτῆς
1617 2895 1823 2963 κλοπῆς,

212 2984 300 3036 καὶ
326 2981 603 3054 ἐμπολείων
629 3023 644 3047 ,
669 2982 826 3057 ἤγουν
855 2981 1070 3061 κέρδους
1104 2981 1304 3061 ἔφορον.
1342 2985 1672 3053 Quwstuosus
1703 2990 1827 3046 deus

218 3070 527 3138 Mercurius,
577 3081 632 3127 ut
676 3072 809 3127 lucri
837 3076 939 3130 sive
969 3086 1193 3145 quaestus
1233 3076 1468 3144 effector.
1502 3079 1641 3146 Quin
1670 3083 1825 3138 etiam

213 3167 386 3239 ipsum
416 3168 619 3239 faciunt
653 3176 856 3241 gestare
889 3171 1235 3241 marsupium,
1266 3182 1313 3225 et
1348 3173 1516 3243 ipsum
1546 3177 1814 3239 orationis,
1848 3186 1893 3250 ί]

212 3258 363 3330 furti,
397 3268 444 3313 et
469 3270 790 3323 mercatum,
821 3260 877 3314 id
906 3271 1002 3327 est,
1033 3273 1260 3332 quantus
1290 3269 1647 3336 lnspectarem.
1680 3268 1817 3336 Qua

214 3362 436 3424 propter
460 3353 756 3426 Gregorius
783 3354 1155 3412 Nazianzenus
1196 3357 1249 3412 in
1292 3357 1563 3414 Julianum
1590 3360 1821 3432 Aposta-

215 3455 324 3502 tam
348 3448 466 3504 haec
485 3448 676 3505 scribit
699 3466 711 3503 :
743 3467 763 3501 ι
793 3450 1013 3518 Quoties
1034 3450 1285 3507 Lucrium
1308 3460 1481 3521 tuum,
1501 3466 1555 3510 et
1574 3456 1819 3528 Logimn,

215 3549 273 3597 et
303 3539 655 3612 Euaegonimn
687 3540 922 3599 intueor.
955 3547 1143 3599 ocuios
1173 3547 1387 3618 ohtego,
1423 3562 1487 3602 ac
1530 3551 1823 3619 spectaculi

211 3632 419 3703 pudore
443 3634 602 3689 deum
636 3644 782 3688 tuum
805 3646 1094 3707 praetereo.
1120 3640 1147 3689 ἰ
1178 3637 1355 3708 (Greg.
1391 3638 1558 3711 Naz.,
1582 3653 1718 3699 orat.
1747 3660 1817 3710 Iv,

209 3726 266 3779 in
291 3724 521 3789 Iuliam,
552 3744 671 3799 pag.
716 3727 872 3800 509.)
914 3728 1085 3797 Quem
1131 3731 1184 3785 in
1232 3731 1406 3787 locum
1457 3733 1662 3791 Nonius
1706 3736 1822 3793 hazc

212 3820 562 3878 observavit:
598 3841 617 3873 ι
654 3805 909 3878 Lucrium
951 3824 1111 3879 deum
1151 3824 1472 3883 Mercurium
1519 3829 1694 3885 Cra-ci
1729 3847 1825 3886 vo-

210 3923 361 3977 cant,
398 3921 456 3968 ut
484 3913 620 3969 lucri
643 3924 943 3972 auctorem.
972 3915 1129 3972 Unde
1158 3918 1317 3974 etiam
1346 3920 1584 3977 comicus
1615 3922 1824 3980 Aristo-

211 4007 423 4080 phanes
453 4008 507 4064 in
537 4008 695 4065 Pluto
727 4009 1071 4077 addubitans,
1116 4028 1225 4083 quo
1264 4015 1486 4071 nomine
1525 4016 1823 4074 Mercurius

208 4101 566 4174 appellandus
591 4103 682 4170 sit,
713 4102 1045 4172 Statuamus,
1076 4105 1270 4179 inquit,
1302 4109 1599 4180 ἐμπολαῖον.
1631 4112 1684 4167 id
1713 4122 1819 4183 est,

207 4206 455 4270 qumstus
480 4208 535 4254 et
565 4197 697 4253 lucri
726 4197 1034 4268 praesidem.
1071 4218 1092 4253 s

283 4290 403 4348 Non
434 4291 612 4348 solum
641 4300 825 4349 autem
854 4292 1181 4350 Mercurium
1212 4295 1372 4352 deum
1401 4298 1654 4355 Lucrinm
1683 4299 1820 4358 Gre-

208 4388 399 4457 gorius
429 4402 628 4443 vocare
658 4386 894 4455 videtur,
934 4388 1030 4445 sed
1071 4390 1233 4445 etiam
1275 4390 1607 4463 Apollinem.
1644 4394 1820 4466 Supe—

210 4481 348 4537 riori
377 4480 577 4537 etenim
611 4482 664 4536 in
691 4481 936 4538 oratione
962 4483 1052 4540 ille
1073 4483 1284 4553 dixerat
1310 4504 1324 4540 :
1356 4506 1375 4539 ι
1403 4488 1687 4557 Quomodo
1718 4491 1823 4547 Ln-
1856 4544 1859 4545 ν

1933 478 2210 530 niaximum
2241 495 2449 549 nuinen,
2484 485 2556 536 uti
2589 484 2828 555 loquitur
2858 488 3150 558 Arnobius,
3183 491 3524 553 ethnicorum

1927 566 2155 622 indicant
2195 569 2376 626 litterae
2404 570 2644 646 (Arnob.,
2678 577 2767 632 lib.
2800 594 2874 646 ιν,
2909 598 3029 651 pag.
3063 583 3214 655 152).
3248 585 3525 658 Frequens

1926 671 2106 715 autem
2134 666 2368 718 occurrit
2400 666 2558 735 hujus
2585 668 2702 723 dem
2730 671 2871 741 apud
2909 674 3267 746 Augustinum
3297 679 3520 735 mentio.

1929 750 2202 807 Certiores
2231 770 2361 810 vero
2391 772 2491 811 nos
2520 758 2648 814 facit
2682 776 2800 816 eam
2839 763 2907 820 ab
2940 767 3170 822 ethnicis
3199 768 3521 836 invocatam,

1930 853 1986 898 ut
2017 856 2199 901 essent
2233 850 2534 917 pecuniosi,
2563 860 2615 905 et
2640 853 2784 909 illam
2812 872 2932 920 quae
2954 856 3021 913 ab
3051 859 3162 927 ipsa
3190 861 3307 918 dari
3330 864 3525 920 frustra

1928 939 2340 1006 ominabantur,
2374 945 2655 1013 pecuniam
2694 948 3003 1006 obtinerent
3044 955 3282 1027 (August.
3304 998 3318 1019 .
3347 958 3438 1014 lib.
3472 974 3525 1014 tv

1929 1029 1993 1083 de
2045 1029 2178 1099 Civ.,
2226 1051 2342 1105 cap.
2375 1035 2481 1100 20,
2514 1056 2636 1110 pag.
2685 1042 2808 1110 105,
2844 1052 2890 1097 et
2932 1060 3049 1116 cap.
3091 1046 3182 1113 24,
3224 1067 3343 1122 pag.
3388 1052 3519 1121 106;

1926 1121 2014 1176 lib.
2046 1139 2139 1190 vn,
2172 1141 2290 1194 cap.
2321 1129 2376 1195 3,
2408 1146 2529 1202 pag.
2558 1130 2710 1203 165).

1999 1215 2212 1273 Scimus
2255 1222 2473 1290 quidem
2509 1240 2541 1279 a
2574 1223 2838 1285 Juvenale
2864 1229 3149 1288 decantari
3188 1234 3397 1292 nullum
3428 1252 3527 1294 suo

1929 1317 2171 1380 tempore
2204 1326 2573 1372 constructum
2615 1319 2868 1378 Pecuniae
2915 1327 3199 1398 templum,
3245 1331 3527 1401 nullasque

1926 1405 2161 1459 nummis
2199 1421 2323 1462 aras
2366 1410 2567 1478 positas
2603 1411 2787 1473 fuisse.
2828 1416 3075 1476 Vidimus
3098 1423 3379 1480 enimvero
3403 1423 3523 1484 haec

1927 1495 2071 1553 illius
2100 1502 2341 1558 carmina
2367 1520 2381 1556 :

2328 1617 2433 1693 Etsi
2459 1618 2652 1693 funesta
2678 1624 2897 1678 Pecunia
2921 1629 3107 1693 templo

2020 1675 2243 1729 Nondum
2266 1679 2474 1743 habitas,
2502 1685 2659 1736 nullas
2683 1675 3346 1747 ιιιιιιιιιιόιιιιῶ-ἓίᾷινιικὶωιιε
3367 1711 3496 1751 aras.

2452 1763 2675 1831 (Juven.,
2700 1777 2855 1837 satyr.
2880 1774 2900 1823 1
2958 1786 3080 1825 vers.
3102 1776 3188 1828 111
3210 1784 3255 1829 et
3276 1780 3432 1844 seqq.)

1930 1861 2036 1920 Sed
2067 1864 2118 1921 id
2147 1883 2252 1923 non
2280 1870 2576 1941 prohibuit,
2606 1878 2735 1946 quin
2770 1889 2896 1935 ante
2931 1883 3153 1938 Aruobii
3187 1894 3398 1958 tempus
3425 1887 3530 1945 Pe-

1929 1957 2085 2012 cunia
2114 1958 2185 2013 ab
2213 1960 2447 2019 ethnicis
2477 1967 2769 2024 haberetur
2798 1969 2921 2035 dea,
2954 1982 3117 2043 atque
3144 1978 3213 2032 ab
3242 1957 3377 2034 lucri
3403 1981 3526 2036 avi-

1928 2047 2035 2131 dis.
2065 2060 2120 2106 et
2144 2057 2539 2125 appetentibus,
2574 2061 2690 2117 sive
2718 2064 2770 2117 iu
2801 2063 2982 2136 aliquo
3009 2066 3126 2138 ejus
3158 2071 3382 2143 templo,
3410 2072 3530 2132 sive

1927 2142 2055 2198 alibi
2101 2146 2466 2207 invocaretur.
2504 2151 2640 2210 Vide
2681 2166 2859 2213 autem
2902 2168 3076 2216 utrum
3109 2162 3160 2217 in
3205 2142 3365 2235 huius
3396 2181 3525 2222 sen-

1930 2236 2110 2292 tentiae
2167 2241 2632 2301 confirmationem
2678 2250 2904 2318 proferri
2952 2254 3163 2324 possint
3217 2256 3335 2315 hate
3390 2259 3525 2332 Epi-

1927 2327 2133 2387 charmi
2162 2332 2322 2389 citata
2349 2350 2379 2389 a
2410 2335 2627 2392 Stobzno
2655 2343 2894 2400 carmina
2920 2363 2935 2400 :

2118 2447 2196 2518 Et“
2229 2455 2267 2497 δ’
2286 2460 2468 2501 ὑπιλαεθν
2488 2468 2684 2517 χρησίμους
2705 2464 2796 2509 tim
2816 2471 2916 2518 οιοῦς
2936 2486 2954 2517 '.

2113 2515 2160 2556 Τ
2366 2515 2565 2575 ψέξαι
2582 2515 2627 2568 is
2645 2534 2805 2583 χρυσίω.

2114 2612 2222 2693 ξεί)
2232 2624 2409 2693 autem
2435 2620 2558 2672 deos
2581 2624 2726 2675 utiles
2750 2638 2863 2677 esse
2888 2631 3117 2693 arbitror,

2117 2676 2391 2742 Argentum
2417 2694 2635 2735 nostrum
2662 2696 2713 2738 et
2735 2676 2925 2742 aurum.

2117 2741 2402 2808 (Strobwus,
2428 2759 2578 2799 sem.
2603 2748 2682 2811 89,
2711 2750 2775 2801 de
2799 2741 2964 2806 Laude
2986 2752 3145 2819 divin,
3168 2772 3281 2826 pag.
3300 2762 3437 2826 553.)

1927 2840 2192 2914 Quidquid
2218 2859 2395 2905 autem
2420 2852 2487 2907 de
2510 2852 2595 2909 his
2624 2856 2868 2913 versibus
2894 2863 3229 2930 pronunties,
3255 2867 3374 2936 quis
3394 2884 3519 2924 cum

1927 2937 2168 2995 Arnobio
2219 2952 2404 2998 n0stro
2457 2962 2562 3000 non
2614 2948 2869 3006 fatebitur
2923 2969 3252 3015 memoratos
3289 2975 3320 3016 a
3369 2963 3526 3019 nobis

1926 3026 2060 3085 deos
2099 3046 2165 3086 eo
2211 3034 2327 3103 ipso
2368 3038 2611 3108 refutari,
2654 3057 2761 3112 quo
2802 3043 2949 3115 vilia,
2998 3057 3054 3105 et
3097 3052 3269 3123 turpia
3318 3052 3529 3113 illorum

1926 3120 2102 3177 ofﬁcia
2143 3127 2491 3185 nominantur
2511 3131 2534 3184 ?

2513 3305 2520 3314 _
2539 3261 2833 3305 ABTICULUS
2870 3268 2943 3308 Vl.

1922 3344 2143 3433 De_a‘l.ii_s
2155 3352 2251 3433 diis
2270 3366 2327 3433 ac
2348 3356 2555 3433 deabus,
2579 3376 2703 3433 quos
2725 3365 2985 3433 hominum
3000 3373 3138 3423 vitiis
3161 3384 3216 3428 et
3246 3377 3359 3429 aliis
3382 3382 3538 3433 rebus

1993 3426 2212 3503 praeesse
2239 3418 2422 3503 ethnici
2442 3418 2754 3503 asserebant,
2781 3431 2864 3478 uhi
2885 3418 3216 3503 gela—veru;
3238 3418 3398 3503 milia;
3411 3418 3534 3503 1123,

1994 3480 2646 3566 Stiﬂurgudatde‘
2667 3480 2869 3566 Venere
2893 3480 3537 3566 Militari:tu_rpissim.isu5;:

1992 3539 2066 3620 gn.
2072 3540 2133 3588 iis
2140 3539 2369 3620 ilignea
2384 3539 2696 3620 alienandis.
2718 3539 3067 3620 1'h,ii_x§o','§i§3
3080 3539 3537 3620 ’Μῶὶῖἷὸῗιῖἑὲιῖἔιῖε

1987 3601 2651 3694 Ἀῖιὲιὲιῐὲὶίιιιιδῶηὶξῦωιί
2687 3601 2749 3694 et;
2768 3601 3020 3694 bibulae
3035 3601 3536 3694 li

1989 3660 2201 3745 orbatis.
2228 3676 2281 3717 et
2313 3660 2493 3745 Namia
2519 3660 3012 3745 eiqenia'uﬁiié',

1989 3728 2407 3810 ptmsi‘dibustulii
2427 3735 2577 3810 eliam
2594 3737 2659 3787 de
2683 3744 2858 3792 scortis
2872 3728 3301 3810 ιιιέἱὶἶιῖτῖίδξῖιῖἕέξι

1987 3787 2072 3849 tia,
2103 3787 2270 3851 Flora,
2292 3787 2351 3843 et
2373 3793 2572 3848 Leaena.

1996 3892 2210 3952 Nemini
2236 3913 2369 3956 sane
2390 3907 2734 3972 quantumvis
2766 3926 2953 3979 parum
2978 3930 3136 3987 :equo
3162 3934 3342 3976 rermn
3370 3923 3533 3980 msti-

1923 3989 2140 4055 matori,
2172 3991 2217 4046 si
2254 4007 2376 4064 qua:
2418 4004 2596 4052 tamen
2634 4012 2798 4057 rectm
2835 4005 3058 4062 rationis
3095 4010 3329 4067 scintilla
3358 4016 3407 4069 ei
3436 4031 3531 4071 su-

1924 4080 2113 4150 pcrsit,
2152 4083 2444 4157 quidquam
2478 4104 2701 4160 prorsus
2728 4095 3000 4154 videbitur
3028 4116 3057 4155 a
3093 4101 3270 4158 divina
3311 4117 3528 4178 natura,

1918 4172 2150 4243 justitia,
2183 4188 2238 4232 et
2266 4181 2552 4238 sanctitate
2590 4186 2760 4254 magis
2787 4187 3044 4259 alienum,
3078 4208 3240 4263 quam
3268 4196 3402 4255 deos
3431 4172 3534 4257 lin;

1920 4283 2051 4340 gere
2088 4268 2363 4328 hominum
2398 4275 2541 4331 vitiis
2582 4293 2688 4333 non
2734 4281 2897 4338 modo
2935 4284 3202 4354 faventes,
3242 4290 3337 4347 sed
3367 4295 3529 4352 etiam

1922 4363 2232 4434 praefectos.
2266 4366 2426 4425 Tales
2457 4370 2813 4433 nihilominus
2850 4376 3005 4447 deos,
3036 4397 3139 4439 nec
3169 4399 3369 4454 paucos
3411 4391 3533 4461 qui-

1921 4454 2047 4513 dem
2072 4459 2275 4516 ethnici
2307 4463 2441 4519 mira
2465 4465 2624 4533 plane
2654 4482 2754 4524 nec
2783 4469 2915 4526 satis
2946 4488 3196 4545 umquam
3225 4454 3529 4539 damnanda

210 4574 363 4630 crius
406 4574 540 4645 ipsis
586 4575 967 4641 constituetur,
1010 4586 1064 4633 et
1103 4550 1353 4633 sacculus
1399 4550 1723 4651 proferetur,
1766 4577 1899 4641 etp
1924 4550 2201 4623 impietate
2228 4560 2519 4614 commenti
2551 4571 2697 4617 sunt.
2722 4562 3084 4645 Quamobrem
3110 4568 3403 4643 Gregorius
3424 4575 3531 4632 Na-

207 4666 369 4723 furax
413 4667 502 4724 dei
553 4667 632 4722 vis
677 4678 838 4739 atque
883 4668 1110 4726 facultas
1156 4672 1538 4740 honorabitur;
1585 4676 1825 4749 illudque

206 4761 378 4817 etiam
415 4799 429 4815 .
467 4760 597 4818 Sine
641 4778 752 4818 aere
797 4762 1054 4820 thhum
1104 4767 1325 4823 minime
1369 4768 1671 4836 vaticinari,
1721 4788 1825 4830 nec

204 4854 376 4911 obolo
410 4853 705 4927 quidquam
743 4870 867 4912 eSse
907 4859 1286 4929 prwstautius?
1319 4861 1411 4917 lla:
1447 4863 1591 4918 enim
1631 4881 1824 4935 graves

201 4961 400 5004 eorum
434 4961 497 5002 ac
536 4948 860 5003 veneranda:
887 4960 1013 5005 sunt
1039 4953 1344 5009 sententiae.
1379 4974 1399 5008 ι
1432 4954 1615 5027 (Greg.
1654 4957 1818 5021 Naz..

202 5049 344 5097 orat.
374 5039 428 5099 5.
457 5040 508 5094 in
536 5039 767 5108 Iuliam,
794 5059 915 5115 pag.
944 5042 1098 5118 262.)
1132 5046 1260 5103 lude
1291 5048 1452 5105 etiam
1481 5050 1661 5106 tritum
1684 5052 1819 5110 illud

202 5131 349 5205 apud
379 5131 598 5190 Grecos
627 5133 917 5192 iambicum
948 5153 1167 5195 carmen
1198 5158 1213 5196 :

392 5246 527 5299 Ᾰνησι
546 5259 684 5311 χὼοῦ
706 5261 841 5308 Φοῖϐος
864 5262 906 5300 οὐ
927 5264 1160 5312 putrium.

296 5331 500 5396 Absque
523 5345 624 5383 tere
649 5332 819 5385 Phanii
843 5342 978 5385 muta
1001 5344 1116 5387 sunt
1138 5338 1352 5389 oracula.

200 5436 377 5495 Porro
408 5444 587 5493 autem
625 5449 809 5496 monet
843 5455 942 5495 nos
968 5440 1223 5499 Giraldus
1250 5443 1559 5515 Apollinem
1594 5459 1700 5498 non
1731 5459 1816 5500 se-

199 5544 302 5588 cus
337 5544 402 5584 ac
432 5529 754 5587 Mercurium
786 5532 1034 5611 Κερδῶον.
1068 5534 1324 5592 Lucrium
1354 5552 1450 5592 seu
1491 5536 1816 5592 Lucrionem

198 5624 276 5682 ab
327 5623 559 5681 ethnicis
615 5629 987 5698 cognominari
1035 5628 1288 5700 (Gira!d.,
1320 5629 1461 5686 llist.
1505 5630 1648 5687 dear.
1693 5649 1819 5704 sgn-

200 5726 368 5789 tagm.
404 5716 459 5783 7,
488 5735 613 5790 pag.
641 5718 791 5789 218).

204 5835 226 5879 «_
281 5811 470 5884 Longe
497 5828 624 5875 vero
651 5814 928 5876 difﬁcilius
955 5817 1183 5880 cordata
1207 5818 1433 5880 cuilibet
1459 5820 1663 5881 homini
1691 5837 1818 5896 per-

1924 4651 2214 4709 ziauzenus
2256 4655 2376 4711 illos
2413 4658 2496 4713 his
2534 4640 2826 4732 compellat
2867 4666 3116 4726 versibus
3144 4669 3327 4746 (Greg.
3360 4670 3524 4741 Nas.,

1926 4754 2047 4801 tom.
2080 4763 2139 4814 ιι,
2172 4765 2334 4805 carm.
2367 4752 2454 4818 61,
2489 4771 2608 4826 pag.
2644 4754 2813 4828 142):

2080 4861 2221 4939 lum
2240 4871 2280 4913 δ’
2299 4869 2549 4939 ιῖηἱᾶλλοισι
2567 4884 2691 4927 male
2713 4883 2771 4921 ἐπὶ
2791 4884 2923 4937 κέρνος
2941 4885 3088 4939 ἔχοντες
3106 4917 3118 4935 ,

2078 4926 2130 4992 fi;
2148 4939 2198 4987 μή
2220 4943 2353 4987 [minus
2376 4934 2502 4979 ἄτιτον
2524 4941 2621 4980 ἅπαν
2641 4926 2769 4992 item,
2790 4926 2888 4986 quia
2911 4926 2981 4988 ξιιῖ
2997 4926 3125 4989 tatis;

2079 4991 2312 5050 ἐμμινιιι,ὧς
2335 5004 2381 5054 ﬁ
2399 5007 2478 5054 θιῷ
2494 4991 2766 5057 “Impius,
2785 5010 2825 5056 ὃς
2846 5006 2930 5049 τόδ’
2948 5010 3058 5052 istas.

2147 5084 2345 5145 quoque
2364 5071 2560 5145 infanda
2581 5080 2789 5145 sacratis
2819 5083 3010 5145 numina
3035 5095 3180 5145 noxa,

2017 5129 2182 5204 ratque
2198 5129 2316 5204 aliis
2334 5134 2480 5204 alium
2509 5138 2641 5190 vitiis
2662 5129 2757 5203 qui,
2771 5129 2953 5204 prasit,
2972 5129 3180 5196 Vhaibeiiws'
3198 5160 3211 5195 :

2017 5144 2182 5241 Atque
2206 5144 2316 5183 aliis
2334 5144 2480 5185 alium
2509 5144 2641 5190 vitiis
2662 5144 2743 5203 qui
2771 5144 2953 5204 prasit,
2980 5144 3175 5196 habetis
3198 5160 3211 5195 :

2013 5192 2091 5270 ξς]
2118 5194 2210 5244 icet
2236 5202 2290 5246 ιιι
2308 5196 2494 5270 crimen
2518 5212 2614 5270 non
2639 5208 2824 5270 tantum
2850 5206 3044 5270 vindice
3068 5221 3215 5270 poena

2113 5270 2336 5340 vacuum,
2360 5261 2449 5309 sed
2464 5270 2527 5340 let
2549 5264 2770 5340 obtineat
2805 5256 3391 5340 laudemque'decusque,

2012 5315 2075 5368 Et
2095 5325 2289 5381 gratum
2310 5315 2664 5389 acceptumque
2686 5326 2811 5389 Deo,
2838 5315 3430 5396 cultumque—afﬂati).

1920 5440 2028 5498 Sed
2064 5443 2342 5501 audiamus
2370 5447 2666 5505 Arnobium
2702 5461 2943 5510 nostrmn
2974 5456 3075 5515 hos
3101 5460 3334 5520 infames
3362 5465 3517 5536 deos,

1920 5542 1977 5590 et
2000 5535 2340 5606 turpissimas
2381 5553 2567 5594 eorum
2614 5544 2964 5611 pra-lecturas
3008 5564 3371 5612 enarrantem.
3417 5535 3522 5616 Re-

1923 5627 2461 5700 nuntiarunt,inquit,
2490 5650 2510 5683 ι
2542 5631 2839 5693 Lavernam
2862 5640 3019 5698 deam
3048 5655 3099 5700 et
3131 5649 3417 5718 praesidem
3440 5651 3524 5708 fu-

1922 5735 2043 5776 rum
2099 5739 2120 5773 ι
2154 5722 2397 5793 (Αιήοὺη
2427 5725 2516 5781 lib.
2543 5741 2622 5794 ιιι,
2666 5744 2788 5803 pag.
2831 5733 2959 5808 115)
3003 5750 3068 5792 ac
3111 5736 3407 5809 latronum,
3439 5756 3524 5799 at-

1920 5829 2031 5889 que
2049 5828 2244 5876 eorum
2271 5816 2525 5889 maxime,
2549 5823 3001 5891 quemadmodum
3033 5826 3102 5886 ab
3127 5833 3260 5896 auis
3282 5832 3529 5896 absens.
