3990 6072
403 232 503 296 851

1672 239 2129 305 DISSEM‘ATIO
2163 241 2326 306 PMB
2336 244 2448 304 VIA

3591 259 3701 327 55$

402 355 612 416 cantur,
652 346 720 404 de
746 350 851 408 illis
884 349 1023 409 intra
1062 348 1277 410 dicendi
1314 352 1465 410 locus
1494 353 1707 414 dabitur
1744 359 1982 435 (Arnob.,
2014 367 2067 428 Α
2164 365 2241 419 Ex
2268 364 2508 435 ejusdem
2537 362 2833 424 Clementis
2860 366 3208 428 Alexandrini
3249 370 3401 431 fonte
3426 373 3481 433 ιιι
3518 376 3702 438 adhuc

402 442 492 499 lib.
516 459 593 507 tu.
625 461 745 516 pag.
776 444 922 518 115).

985 562 1213 622 CAPUT
1239 566 1376 623 XIV.

404 650 681 707 Excutitur
707 651 852 708 aliud
881 655 1091 711 Arnobii
1111 671 1291 714 contra
1310 662 1573 732 gentilium
1593 664 1715 719 deos
1735 680 2001 735 argumen-

525 756 652 815 tum,
686 765 749 803 ea;
774 766 947 804 eorum
965 753 1217 821 servitute,
1246 757 1477 824 vinculis,
1503 759 1818 831 vulneribus,
1844 770 2003 816 marte

485 857 546 895 ac
562 842 808 913 sepulcris
835 843 1175 916 desumptum.

925 974 1222 1017 Αιιτιαυιυε
1259 977 1473 1020 PRIMUS.

402 1070 556 1141 Quam
581 1070 735 1141 valida
758 1072 823 1123 sit
845 1070 1044 1123 Arnobii
1070 1074 1130 1123 ad
1152 1076 1500 1141 destruendam
1535 1080 1796 1141 gentilium
1819 1081 1885 1130 de
1907 1081 2001 1130 diis

462 1136 566 1208 suis
581 1136 861 1208 opinionem
886 1140 1269 1208 argumentatio,
1290 1143 1443 1208 petita
1467 1136 1788 1208 ex'servitute
1815 1143 2002 1208 Hercu-

462 1197 544 1256 lis,
571 1197 825 1265 Apollinis,
850 1207 902 1248 et
919 1197 1149 1265 Neptuni.
1176 1197 1304 1250 iazth
1328 1202 1560 1253 Minerva
1585 1206 1875 1265 ministerio,
1898 1205 2003 1255 Mn.

461 1260 625 1309 sarum
669 1260 936 1332 inmolato,
980 1261 1149 1312 Martis
1188 1277 1243 1332 ac
1274 1266 1471 1332 Saturni
1510 1267 1743 1332 vinculis,
1787 1260 1938 1332 atque
1973 1278 2003 1316 a

462 1335 619 1390 regno
638 1336 727 1390 suo
746 1324 1038 1390 expulsione
1058 1373 1069 1386 ,
1099 1339 1155 1375 ac
1179 1325 1399 1390 ejusdem
1428 1329 1608 1384 Martis.
1634 1324 1869 1390 Veneris;
1890 1331 2004 1380 Plu-

470 1388 616 1445 tonis,
639 1384 864 1447 Juuonis,
890 1384 1142 1450 Minervae,
1169 1384 1221 1439 et
1242 1389 1471 1441 Herculis
1492 1392 1795 1443 vulneribus.

499 1515 638 1570 Deos
663 1530 811 1583 suos,
843 1531 1068 1589 quorum
1108 1519 1385 1587 majestate
1433 1519 1565 1575 nihil
1604 1521 1882 1577 sublimius
1911 1538 2004 1578 cx-

400 1609 790 1681 cclleutiusque
830 1611 1130 1682 exeogitari
1180 1611 1446 1678 debebat,
1478 1629 1544 1669 eo
1583 1631 1749 1685 usque
1798 1615 2002 1671 ethnici

402 1705 773 1777 deprimebant
790 1748 802 1770 ,
838 1716 894 1760 ut
922 1722 1109 1761 eorum
1134 1708 1471 1777 servitutem,
1496 1710 1729 1776 vincula,
1752 1712 1997 1777 vulnera,

2098 457 2277 515 hausit
2324 459 2628 527 Arnobius,
2681 460 2823 530 quod
2870 461 2938 516 de
2989 462 3155 519 Musis
3203 465 3402 523 ibidem
3454 469 3703 541 adjecit:

2104 568 2124 601 ι
2156 549 2421 619 Numquid
2444 567 2512 607 ex
2537 551 2694 608 nobis
2713 552 2979 626 Myrtillus
3018 566 3101 611 est
3130 568 3349 622 auctor.
3387 562 3480 633 qui
3506 561 3705 622 Macari

2101 642 2257 708 ﬁlias,
2290 641 2617 714 Megaclnnis
2643 644 2929 701 ancillulas
2958 648 3239 718 proﬁtetur
3265 649 3434 709 fuisse
3454 653 3652 712 Musns.
3676 675 3701 712 ο

2101 734 2346 804 (Ληιοὸη
2372 735 2462 788 lib.
2498 751 2568 800 Iv,
2589 754 2708 810 pag.
2736 738 2889 811 145.)
2914 739 2994 796 Ex
3014 743 3205 822 eodem
3227 746 3426 818 quippe
3445 747 3705 823 Myrtillo,

2101 844 2197 884 seu
2244 830 2487 902 Myrsillo
2534 831 2761 899 Lesbio,
2816 846 3004 893 narrat
3056 837 3307 896 Clemens
3353 841 3533 900 Musas
3578 862 3705 904 cum

2102 937 2275 980 serva:
2304 936 2511 995 essent,
2545 944 2574 981 a
2605 928 2916 999 Megaclone
2957 931 3182 991 Macaris
3206 935 3524 996 Lesbiorum
3559 943 3708 1015 regis

2101 1016 2208 1072 ﬁlia
2261 1028 2490 1089 emptus.
2537 1036 2656 1091 qua:
2701 1021 2808 1079 illis
2853 1036 3039 1095 postea
3080 1029 3362 1088 columnas
3402 1034 3710 1108 templaque

2102 1115 2424 1170 construxit.
2456 1114 2564 1173 Sed
2596 1116 2665 1173 de
2686 1118 2757 1174 iis
2781 1117 2982 1191 aliquid
3009 1122 3061 1177 in
3092 1125 3373 1195 superiore
3402 1129 3710 1201 Apparatus

2105 1206 2273 1262 nostri
2305 1216 2451 1261 tumo
2494 1210 2913 1279 perstrinximus
2952 1211 3206 1287 (Clemens
3235 1218 3539 1290 Merenda,
3590 1225 3706 1279 Ad-

2103 1302 2283 1356 monit.
2308 1303 2378 1357 ad
2394 1314 2555 1374 gent.,
2604 1321 2726 1378 pag.
2752 1306 2851 1372 i9;
2885 1318 3011 1364 tam.
3039 1325 3055 1365 ι
3095 1310 3370 1384 Apparat.,
3400 1332 3522 1388 pag.
3550 1316 3704 1390 820).

2159 1392 2433 1450 Servitute
2459 1395 2672 1453 duriora
2702 1399 2889 1469 procul
2914 1400 3081 1458 dubio
3107 1414 3236 1460 sunt
3256 1406 3490 1478 vincula,
3512 1410 3708 1480 quibus

2103 1487 2333 1556 gentiles
2384 1486 2517 1543 deos
2559 1504 2687 1545 suos
2740 1491 3113 1564 indignissime
3168 1500 3490 1557 constrictos
3537 1502 3708 1564 fuisse

2104 1579 2484 1649 opinabantur.
2519 1582 2657 1651 Quid
2703 1586 2850 1642 enim
2899 1602 2930 1642 a
2969 1587 3251 1647 divinitate
3277 1592 3489 1667 longius
3527 1597 3705 1667 abest,

2104 1687 2265 1742 quam
2298 1675 2439 1743 quod
2465 1675 2787 1742 jactitahant
2812 1697 2827 1735 :
2857 1698 2877 1733 ι
2907 1680 3185 1739 Parricidii
3210 1700 3393 1753 causa,
3429 1707 3451 1742 ι
3481 1690 3708 1750 Arnobii

401 1760 725 1855 actmortem
765 1760 963 1870 ubique
992 1760 1235 1871 miraque
1267 1760 2002 1873 ...,‘;..a;...;:.'"etiam;
2030 1760 2080 1822 Β
2105 1764 2267 1873 ζίῗῗυθ
2296 1776 2425 1820 ⁵¹³¹¹ι
2452 1763 2677 1873 (Αῖηοῗνε
2703 1769 2900 1873 ίῗθκῗντ
2931 1789 3054 1846 νασ-
3079 1774 3231 1873 “i’b
3263 1797 3283 1832 ‘
3319 1779 3557 1873 “imm
3583 1798 3709 1840 ⁸⁵⁵⁸

402 1908 468 1947 ac
496 1892 855 1948 venditarent.
882 1892 965 1948 Ah
1005 1894 1072 1948 iis
1102 1896 1325 1963 etenim,
1355 1898 1430 1950 ait
1462 1898 1753 1963 Arnobius,
1792 1915 2000 1953 tuentu-

403 1985 497 2040 ria:
524 1985 793 2055 proditum
823 1987 997 2041 fuerat
1041 2005 1055 2042 :
1104 2007 1124 2039 ι
1161 1988 1547 2045 Mercenariam
1589 1992 1722 2045 deos
1773 1992 2000 2047 servitu-

402 2088 511 2134 tem
534 2081 787 2146 servisse,
821 2090 878 2135 ut
905 2081 1188 2137 Herculem
1216 2083 1497 2149 Sardibus,
1527 2083 1727 2139 amoris
1757 2093 1812 2139 et
1844 2094 2001 2153 petu-

401 2171 581 2227 lantiu:
606 2188 803 2238 causa;
829 2184 889 2229 ut
917 2173 1147 2229 Admeto
1170 2176 1474 2247 Apollinem
1513 2178 1720 2233 Delium
1744 2196 1757 2244 ;
1795 2190 1851 2233 ut
1872 2178 2009 2234 Lao-

403 2265 644 2321 medenti
674 2266 869 2322 Troico
900 2265 1049 2322 Jovis
1095 2268 1354 2336 lratrem;
1406 2282 1461 2325 ut
1507 2270 1702 2338 eidem,
1742 2272 1837 2326 sed
1879 2289 2001 2329 cum

403 2369 594 2428 patruo
639 2359 923 2431 Pythium;
967 2372 1022 2415 ut
1049 2363 1352 2434 coniugalia
1392 2374 1600 2418 secreta
1650 2364 2004 2420 miscentibus

402 2449 693 2507 Minervam
724 2453 857 2508 lucis
888 2453 1213 2522 ministram,
1260 2466 1314 2511 et
1353 2456 1697 2512 lucernarum
1747 2459 2002 2514 modera—

401 2543 615 2601 tricem.
639 2563 659 2598 ι
682 2545 925 2621 (Arnab.,
956 2547 1043 2603 lib.
1078 2564 1155 2617 tv,
1183 2567 1304 2622 pag.
1328 2548 1479 2624 144.)
1501 2552 1573 2607 At
1599 2551 1716 2608 haec
1744 2552 1834 2609 ille
1854 2568 2005 2610 more

402 2639 563 2694 solito
605 2640 877 2715 decerpsit
921 2659 993 2699 ex
1024 2641 1307 2702 Clemente
1343 2644 1712 2704 Alexandrino
1747 2648 2005 2720 (Clemens

402 2732 708 2804 Alexandr.,
740 2736 1006 2792 Admonit.
1044 2737 1114 2791 ad
1147 2748 1308 2810 gent.,
1359 2758 1478 2811 pag.
1522 2740 1641 2813 22),
1681 2742 1770 2824 qui
1813 2742 2003 2799 eodem

402 2839 727 2894 argumento
753 2839 942 2885 contra
964 2831 1211 2886 ethnicos
1232 2833 1469 2899 dimiCut,
1492 2849 1664 2904 eaque
1692 2836 1872 2889 omnia
1900 2852 2005 2891 non

402 2919 598 2973 clarius
625 2921 1001 2977 tantummodo
1020 2932 1073 2978 ct
1100 2925 1362 2993 apertius,
1393 2926 1487 2979 sed
1511 2925 1613 2980 alia
1642 2926 1804 2980 etiam
1831 2926 2003 2997 plura,

403 3027 523 3083 quae
561 3014 832 3068 Arnobius
872 3016 1121 3070 Consulto
1162 3018 1537 3087 prmtermisit,
1589 3017 1733 3074 hunc
1771 3029 1924 3089 urget
1952 3019 2004 3073 in

402 3105 619 3159 modum
648 3122 661 3158 :
693 3107 912 3169 Εἰκότως
935 3105 1039 3181 ἄρα
1075 3110 1121 3163 οἱ
1169 3108 1353 3166 τοιοίδε
1389 3112 1529 3184 ὑμῶν
1557 3114 1675 3169 θεοὶ,
1702 3109 1871 3167 δοῦλοι
1900 3135 2004 3167 πα-

400 3199 493 3251 θῶν
518 3199 795 3273 γεγονότες,
828 3201 952 3256 ἀλλά
978 3205 1064 3257 καὶ
1094 3204 1222 3278 πρὸς
1272 3210 1372 3259 τῶν
1410 3202 1638 3261 Εἱλώτων
1684 3205 2004 3278 καλουμένων

399 3298 499 3348 τῶν
549 3300 695 3366 παρά
743 3294 1179 3369 Λακεδαιμονίοις·
1221 3296 1442 3355 δούλειον
1491 3300 1786 3359 ὑπεισῆλθε-ι
1857 3301 2005 3375 ζυγὸν

396 3379 639 3440 Ἀπόλλων
664 3385 893 3460 Ἀδμήτῳ
931 3390 981 3444 ἐν
1024 3398 1224 3467 Φεραῖς,
1254 3390 1499 3468 Ἡρακλῆς
1538 3393 1587 3446 ἐν
1625 3389 1864 3463 Σάρδεσιν
1884 3392 2005 3463 Ὀμ-

400 3480 545 3555 φάλῃ·
577 3480 888 3554 Λαομέδοντι
936 3481 989 3538 δέ
1029 3485 1230 3543 ilia-reus
1287 3484 1557 3551 Ποσειδῶν,
1608 3487 1957 3543 καί’Δπὸ).λων
1985 3527 2003 3552 ,

401 3575 632 3653 καθάπερ
654 3577 870 3651 ἀχρεῖος
898 3578 1125 3642 οἰκέτης,
1164 3576 1291 3649 μηδέ
1328 3578 1613 3658 ἐλευθερίας
1642 3579 1886 3639 δήπουθεν
1914 3579 2004 3636 δυ-

396 3668 559 3726 νηθεὶς
591 3674 776 3737 τυχεῖν
801 3673 948 3745 παρά
972 3675 1068 3724 τοῦ
1089 3671 1342 3747 προτέρου
1371 3669 1645 3727 δεσπότου
1680 3673 1790 3728 τότε
1827 3677 1912 3729 καὶ
1938 3676 2005 3730 τά

396 3759 541 3816 Ἰλίου
575 3763 729 3834 τείχη
755 3763 1215 3837 ἁνῳκοδομησατην
1241 3776 1314 3841 τῷ
1340 3772 1516 3844 Φρυγί.
1547 3765 1774 3847 Ὀμηρος
1816 3769 1870 3825 δέ
1914 3776 2003 3830 τήν

397 3840 601 3914 Ἀθηνᾶν
631 3857 723 3910 οὐκ
763 3858 1075 3930 αἰσχύνεται
1103 3864 1437 3937 παραφαίνειν
1462 3863 1615 3938 λέγων
1644 3873 1717 3939 τῷ
1734 3863 2000 3934 Ὀδυσσεῖ,

399 3952 630 4023 χρύσεον
656 3947 849 4021 λύχνον
887 3948 1121 4023 ἔχουσαν
1147 3955 1198 4008 ἐν
1226 3962 1436 4031 χερσῖν.
1456 3954 1591 4011 Sunt
1618 3972 1738 4028 ergo
1751 3959 1875 4029 jure
1895 3975 2002 4014 ves-

399 4039 469 4093 tri
486 4040 560 4093 dii
579 4038 727 4105 tales,
758 4043 847 4112 qui
873 4043 1003 4097 serui
1033 4043 1174 4115 fuere
1196 4047 1457 4113 uitiorum,
1480 4048 1605 4118 quin
1626 4049 1776 4104 etiam
1801 4068 1996 4118 eorum,

397 4136 484 4206 qui
504 4134 699 4192 Eilotes
724 4149 970 4195 vocantur
998 4157 1029 4193 a
1056 4139 1479 4206 Lacedaemoniis,
1503 4143 1685 4215 iugum
1714 4146 1896 4200 seruile
1913 4163 2001 4201 su-

398 4225 487 4281 biit
507 4228 691 4299 Apollo
714 4230 928 4287 Admeto
960 4231 1165 4299 Pheris,
1192 4232 1435 4290 Hercules
1450 4234 1702 4292 Sardibus
1724 4236 1996 4310 Omphale,

397 4315 736 4375 Laomedonti
754 4334 922 4377 autem
947 4325 1046 4397 fuit
1060 4326 1404 4381 mercenarius
1422 4326 1695 4401 Neptunus
1722 4342 1767 4387 et
1785 4330 1996 4401 Apollo,

392 4412 525 4468 sicut
549 4428 724 4470 servus
746 4414 962 4481 inutilis,
993 4418 1082 4486 qui
1108 4434 1198 4472 nec
1219 4418 1498 4474 libertatem
1524 4425 1758 4492 consequi
1781 4426 1945 4495 patuit
1966 4442 1998 4479 a

397 4507 558 4576 priori
589 4506 815 4563 domina.
853 4508 996 4565 Tunc
1037 4514 1188 4566 etiam
1224 4530 1397 4569 muros
1431 4513 1603 4586 Traja:
1640 4515 1840 4589 Phrygi
1881 4534 1991 4573 res-

395 4608 688 4656 taurarunt.
711 4600 834 4657 Non
856 4604 1010 4673 pudet
1024 4615 1192 4661 autem
1213 4605 1493 4664 Homerum
1516 4611 1686 4666 dicere
1707 4610 1995 4667 Minervam

399 4691 573 4764 Ulyssi
600 4694 923 4764 prduxisse,
947 4713 1156 4754 aureum
1190 4699 1434 4773 lychnum
1460 4712 1706 4759 tenentem
1737 4706 1788 4760 in
1825 4708 1994 4761 mani-

394 4784 508 4841 bus.
540 4786 621 4844 Ab
639 4787 922 4846 Clemente
947 4802 1151 4856 autem,
1171 4794 1310 4851 sicut
1336 4806 1391 4851 et
1415 4798 1484 4855 ab
1508 4798 1749 4856 Arnobin
1778 4801 1894 4857 hmo
1919 4801 1996 4857 ci-

394 4889 573 4936 tantur
617 4882 835 4941 Humeri
886 4887 1124 4943 carmina
1154 4887 1424 4962 (ﬂamen,
1474 4892 1687 4965 θάνοι,
1735 4896 1824 4951 lib.
1877 4913 1993 4968 xxx,

391 4992 523 5033 vers.
562 4978 633 5035 55
653 4989 701 5034 et
723 4980 888 5053 seqq.)
915 5001 929 5038 :

585 5134 597 5145 .
667 5130 680 5143 .
750 5132 763 5146 .
832 5134 845 5147 .
916 5136 929 5150 .
966 5112 1124 5164 ηαροιοι
1145 5109 1357 5162 sinam;
1378 5105 1500 5166 Ᾱιιςνη

578 5171 742 5221 Χρύσιον
763 5172 891 5225 ληνὸν
914 5173 1050 5227 ’ἄκουσι
1070 5177 1158 5228 φάος
1180 5178 1389 5228 statuunt;
1414 5181 1539 5220 ικοίιι.

978 5246 1110 5297 Ante
1129 5252 1294 5297 autem
1320 5247 1480 5299 Pallas
1503 5249 1720 5302 Minerva

484 5304 699 5356 Auream
716 5303 963 5356 lucernam
987 5316 1180 5365 tenens.
1203 5309 1371 5360 lumen
1395 5312 1737 5375 perpulchrum
1760 5316 1992 5376 faciebat.

701 5390 947 5453 (flamen,
973 5391 1172 5457 Odyss,
1197 5392 1284 5445 lib.
1306 5409 1411 5458 xxx,
1433 5407 1558 5448 vers.
1582 5398 1645 5449 55
1668 5406 1713 5450 et
1734 5404 1897 5469 seqq.)

465 5492 539 5550 De
568 5493 669 5550 hac
700 5511 860 5567 porro
888 5497 1119 5553 absurda
1168 5510 1223 5555 et
1242 5499 1474 5569 ridicula
1517 5502 1730 5562 illorum
1762 5506 1986 5566 deorum

387 5586 667 5656 servitute,
697 5592 831 5646 satis
851 5608 879 5644 a
919 5589 1074 5647 nobis
1100 5591 1225 5648 alibi
1259 5592 1591 5665 disputatum
1622 5608 1708 5656 est
1746 5600 1989 5662 lDissert.

386 5682 441 5737 in
471 5680 691 5753 Minue,
720 5700 836 5756 cap.
892 5682 981 5753 l5,
1024 5692 1125 5739 art.
1156 5684 1212 5752 '5,
1254 5694 1300 5741 et
1331 5688 1582 5759 Apparat.
1630 5702 1751 5748 tam.
1800 5711 1835 5763 ι,
1870 5714 1987 5769 pag.

391 5775 583 5854 1090).

2105 1855 2429 1924 Saturnum,
2481 1868 2539 1916 et
2589 1860 2734 1916 ablui
2783 1862 2976 1921 diebus
3020 1869 3173 1925 statis
3223 1889 3245 1924 ι
3294 1872 3537 1943 (quidam
3575 1877 3710 1935 editi

2101 1949 2335 2019 codices,
2380 1952 2506 2016 suis,
2534 1953 2657 2009 cod.
2687 1970 2800 2028 reg.
2849 1959 3026 2032 tantis)
3057 1979 3077 2013 ι
3116 1962 3450 2022 vinculorum
3477 1983 3703 2042 conipe-

2103 2039 2261 2097 dibus
2288 2053 2341 2098 et
2367 2044 2550 2106 levari.
2580 2067 2599 2100 ι
2635 2047 2776 2105 idem
2830 2052 3001 2109 codex
3036 2070 3236 2126 regius,
3268 2058 3476 2119 elevari.
3504 2039 3710 2122 Alludit

2108 2134 2350 2204 prolemo
2391 2140 2661 2195 Arnobius
2687 2141 2753 2197 ad
2779 2158 2842 2199 ea
2868 2186 2883 2208 ,
2916 2162 3036 2217 qua:
3059 2147 3365 2210 Macrobius
3388 2170 3456 2211 ex
3482 2159 3712 2228 Apollo-

2104 2227 2238 2284 doro
2267 2229 2467 2286 clarius
2510 2234 2755 2304 exponit.
2783 2235 2865 2293 Ex
2894 2253 2961 2295 eo
2986 2240 3251 2312 siquidem
3274 2244 3442 2304 refert
3470 2267 3490 2302 ι
3523 2249 3712 2308 Satur-

2105 2338 2234 2378 num
2262 2324 2466 2394 alligari
2499 2342 2596 2397 per
2634 2344 2834 2386 annum
2878 2332 3023 2389 lineo
3069 2338 3317 2399 vinculo.
3367 2349 3423 2397 et
3459 2344 3594 2401 solvi
3636 2346 3706 2402 ad

2104 2415 2247 2473 diem
2292 2419 2395 2474 sibi
2433 2419 2663 2490 festum,
2710 2425 2760 2480 id
2789 2436 2907 2495 est,
2936 2444 3125 2488 mense
3153 2432 3452 2493 decembri.
3496 2456 3518 2491 s
3554 2438 3707 2513 (lla-

2105 2512 2268 2578 crab.,
2312 2510 2401 2567 lib.
2444 2530 2461 2570 ι
2501 2515 2801 2586 Saturnal.,
2831 2537 2950 2593 cap.
2982 2525 3050 2590 8,
3095 2543 3219 2601 pag.
3254 2530 3408 2602 209.)
3457 2537 3528 2589 At
3566 2510 3709 2594 inde

2105 2602 2265 2660 facile
2288 2607 2562 2679 colligitur
2589 2611 2643 2665 in
2690 2610 2918 2671 Arnobii
2962 2625 3134 2686 textu,
3176 2622 3277 2678 nisi
3323 2624 3606 2696 lepndum
3635 2630 3712 2686 sit

2106 2698 2281 2755 diebus
2309 2700 2450 2770 festis
2476 2711 2694 2772 tantum,
2729 2706 2779 2762 id
2805 2708 2912 2765 alio
2940 2712 3126 2779 verbo,
3157 2713 3299 2772 idem
3341 2716 3707 2792 signiﬁcante,

2109 2795 2384 2849 traditum.
2419 2792 2528 2852 Cur
2571 2812 2753 2855 autem
2800 2800 3018 2873 Lipsius
3060 2808 3256 2879 corrigi
3306 2811 3558 2882 voluerit,
3599 2818 3711 2873 suis

2108 2886 2284 2942 diebus
2306 2899 2523 2954 tantum,
2558 2907 2664 2947 non
2709 2894 2842 2948 satis
2880 2896 3250 2968 intelligimus.
3284 2902 3363 2960 De
3395 2911 3707 2966 memoratis

2107 2982 2338 3038 subinde
2376 2985 2445 3040 ab
2472 2997 2694 3041 auctore
2734 2998 2922 3045 nostro
2968 2991 3154 3050 Martis
3186 2996 3449 3068 vinculis,
3479 3001 3619 3075 lege,
3657 3004 3706 3061 si

2110 3075 2279 3143 lubet,
2310 3077 2626 3147 Homerum,
2650 3090 2706 3136 et
2728 3097 2849 3153 quae
2879 3100 2908 3137 a
2936 3086 3091 3141 nobis
3118 3087 3172 3143 in
3202 3090 3303 3148 hac
3327 3092 3710 3156 dissertatione

2032 3147 2078 3212 Ο
2109 3179 2162 3225 et
2206 3170 2333 3227 alibi
2374 3183 2628 3230 annotata
2672 3147 2892 3233 fuerunt
2934 3178 3137 3253 (Lips.,
3169 3182 3257 3239 lib.

2109 3274 2231 3319 tam.
2257 3280 2297 3330 ι,
2325 3283 2447 3338 pag.
2482 3267 2607 3336 18ος
2648 3268 2888 3338 ﬂamen,
2922 3271 3113 3343 Iliad.,
3144 3292 3198 3345 v,
3243 3293 3369 3335 vers.
3412 3282 3556 3350 585,
3582 3301 3702 3359 sup.

2114 3372 2262 3428 cap.;
2286 3356 2507 3414 Dissert.
2533 3362 2587 3417 in
2618 3362 2840 3434 Ninum,
2869 3384 2988 3437 cap.
3022 3368 3110 3437 15,
3139 3382 3240 3427 art.
3268 3372 3347 3447 2).

2178 3452 2233 3509 Si
2264 3452 2340 3508 dii
2387 3454 2439 3510 in
2482 3457 2801 3516 servitutem
2846 3462 3050 3520 redacti
3096 3476 3244 3534 sunt,
3293 3479 3349 3526 et
3377 3472 3605 3545 coniecti
3649 3475 3705 3532 in

2107 3545 2343 3611 vincula,
2363 3548 2491 3619 quid
2512 3550 2689 3608 adhuc
2715 3568 3018 3625 supererat,
3040 3559 3231 3628 nisiut,
3255 3565 3493 3636 acceptis
3511 3569 3704 3641 plagis,

2108 3641 2276 3697 saucii
2324 3644 2700 3716 vulneratique
2737 3649 3095 3709 dicerenth
3123 3657 3194 3712 At
3227 3669 3379 3716 certe
3417 3661 3471 3717 id
3500 3663 3708 3723 ethnici

2106 3735 2349 3806 repetitis
2378 3735 2575 3809 ubique
2605 3742 2952 3801 sermonibus
2993 3745 3412 3821 divulgaverunt
3441 3770 3455 3810 :
3491 3774 3510 3808 s
3548 3755 3699 3814 Non-

2106 3846 2196 3898 ne,
2234 3851 2253 3884 ι
2289 3832 2433 3888 enim
2458 3873 2473 3897 ,
2496 3844 2553 3890 et
2573 3836 2644 3891 ita
2666 3838 2883 3910 quidem
2928 3841 3176 3901 ethnicos
3203 3847 3400 3907 affatur
3432 3851 3706 3913 Arnobius

2105 3920 2348 3997 (Arnob.,
2376 3926 2467 3984 lib.
2500 3944 2573 3988 Iv.
2620 3948 2739 4005 pag.
2788 3934 2940 4006 ibi),
2978 3955 2999 3990 ι
3036 3937 3125 3995 ille
3162 3950 3345 3999 vester
3371 3954 3454 4002 est
3502 3945 3661 4006 Vales
3685 3990 3703 4019 ,

2103 4018 2194 4088 qui
2235 4018 2456 4076 Martem
2509 4020 2638 4079 fecit
2689 4035 2747 4082 et
2789 4025 3055 4086 Venerem
3102 4035 3411 4094 mortalium
3456 4018 3707 4100 manibus

2102 4112 2455 4207 vulneratos?
2483 4114 2600 4173 Non
2625 4132 2694 4174 ex
2725 4119 2876 4178 vobis
2901 4122 3190 4198 Panyassis
3217 4144 3356 4186 unus
3380 4141 3487 4201 est,
3516 4136 3606 4207 qui
3636 4136 3710 4194 ab

2101 4203 2334 4262 Hercule
2362 4207 2534 4265 Ditem
2567 4220 2772 4281 patrem
2822 4224 2875 4271 et
2916 4217 3154 4288 reginam
3198 4234 3467 4282 memorat
3493 4203 3707 4286 saucia-

2103 4306 2216 4353 tum
2253 4314 2376 4356 esse
2396 4300 2683 4360 Junonen?
2706 4304 2823 4362 Non
2851 4308 3146 4381 viraginem
3168 4314 3237 4371 ab
3257 4316 3465 4391 Ornyto
3479 4335 3701 4390 ctesam,

2101 4401 2468 4464 cruentatum,
2528 4407 2774 4455 vexatam
2801 4443 2817 4469 ,
2872 4401 3183 4464 Polemonis
3231 4411 3402 4467 vestri
3465 4413 3705 4473 indicant
3776 4482 3783 4505 ι

2101 4487 2341 4576 scripta?
2367 4487 2483 4546 Non
2525 4491 2595 4548 ab
2622 4491 3012 4566 Hippocoontis
3040 4500 3226 4560 liberis
3255 4506 3428 4576 ipsum
3463 4509 3703 4570 Solibius

2102 4575 2386 4635 Herculem
2435 4583 2732 4641 cruciatum
2785 4590 3038 4648 retulisse
3086 4599 3433 4668 pronuntiat,
3479 4611 3536 4658 et
3567 4602 3703 4663 illati

2097 4670 2333 4726 vulneris
2354 4683 2410 4728 et
2434 4672 2675 4732 doloris?
2709 4697 2728 4731 ι
2764 4676 2835 4735 Et
2864 4682 2981 4739 inec
3005 4699 3195 4744 rursus
3216 4688 3451 4748 delibata
3480 4706 3606 4751 sunt
3632 4712 3699 4754 es

2099 4766 2181 4819 his
2208 4764 2503 4824 Clementis
2523 4771 2872 4830 Alexandrini
2895 4778 3069 4834 verbis
3098 4778 3351 4852 (Clemens
3382 4786 3697 4859 Alexandr.,

2097 4859 2347 4915 admonit.
2385 4862 2473 4917 ad.
2519 4874 2682 4935 gent.,
2716 4883 2839 4939 pag.
2868 4867 2999 4941 Ωδμ
3029 4882 3301 4951 Τεκμιριοῐ
3319 4874 3549 4958 ὀμηρος
3573 4884 3703 4954 μελα

2098 4953 2325 5030 ἀκριϐῶς
2348 4952 2638 5032 Ἀφροδίτην
2662 4959 2749 5014 ἐπὶ
2770 4968 2844 5035 τῷ
2862 4965 3126 5039 τραύματι
3148 4952 3477 5043 παρεισάγων
3504 4952 3591 5038 ὀξύ
3614 4980 3703 5032 καὶ

2096 5050 2233 5122 μέγα
2260 5049 2541 5120 ἰάχουσαν
2569 5051 2717 5106 αὐτόν
2764 5073 2820 5109 τε
2874 5056 2961 5111 τὸν
3001 5057 3411 5131 πολεμικώτατον
3436 5061 3566 5142 "Apri
3594 5067 3702 5126 ὑπὸ

2094 5146 2189 5196 τοῦ
2219 5140 2501 5214 Διομήδους
2526 5147 2661 5200 κατά
2687 5152 2779 5200 τοῦ
2808 5156 3044 5213 κενεῶνος
3073 5154 3384 5228 ούτασμένον
3423 5155 3701 5233 διηγούμε-

2096 5252 2199 5294 νος.
2234 5232 2458 5305 Πολέμων
2480 5232 2535 5289 δέ
2575 5240 2663 5292 καὶ
2687 5238 2772 5292 τὸν
2797 5237 2999 5301 Ἀθηνᾶν
3037 5243 3139 5299 ύπό
3168 5243 3408 5322 Ὀρνύτου
3447 5232 3700 5327 τρωθῆναι

2096 5326 2247 5400 λέγει,
2266 5331 2350 5383 ναὶ
2368 5333 2467 5401 μὴν
2490 5334 2579 5385 καὶ
2603 5337 2693 5392 τήν
2710 5330 2942 5391 ’Διδωνέα
2964 5338 3066 5393 ύπὸ
3085 5338 3386 5417 Ἡρακλέους
3405 5346 3699 5410 τοξευθῆναι

2091 5414 2317 5499 Ὀμηρος
2338 5421 2488 5495 λέγει,
2503 5426 2591 5479 καὶ
2613 5426 2700 5481 τὸν
2728 5423 2918 5484 ι’Πλειον
2943 5433 3137 5505 Δύγεαν
3161 5438 3459 5499 Πανύασσις
3476 5438 3695 5517 ἱστορεῖ.

2092 5510 2189 5572 ἤδη
2218 5511 2273 5569 δέ
2311 5519 2397 5570 καὶ
2420 5520 2511 5576 τήν
2537 5514 2694 5595 Ἠραν
2730 5526 2820 5582 τήν
2848 5526 3026 5598 ζυγίαν
3054 5523 3252 5605 ἷστορεῑ
3273 5531 3373 5586 ύπό
3401 5538 3491 5587 τοῦ
3537 5536 3699 5592 αὐτοῦ

2094 5603 2397 5681 Ἡρακλέους
2426 5609 2452 5662 ὸ
2480 5611 2632 5672 αὐτὸς
2657 5609 2809 5675 οὗτος
2834 5619 3133 5683 Πανύασσις
3162 5603 3213 5677 ἐν
3234 5623 3375 5697 Πύλῳ
3404 5628 3693 5697 ἠμαθόεντι.

2097 5698 2343 5761 Σωσίϐιος
2368 5698 2422 5756 δὲ
2448 5706 2535 5757 καὶ
2578 5706 2663 5760 τὸν
2689 5703 2937 5784 Ἠρακλέα
2974 5714 3103 5789 πρὸς
3138 5722 3237 5769 τῶν
3262 5714 3697 5777 Ἱπποκοωντιδῶν

2100 5794 2234 5849 κατὰ
2277 5802 2369 5857 τῆς
2410 5797 2588 5873 χειρὸς
2624 5800 2929 5863 οὐτασθῆναι
2968 5803 3116 5879 λέγει.
3144 5804 3400 5867 Homerus
3430 5812 3701 5888 manifeste
