3990 6072
236 220 344 277 555

1410 211 1425 239 τ
1465 207 1532 265 IN
1570 203 1942 273 ARNOBIUM,
1982 204 2134 262 CAP.
2178 200 2315 259 XIV.

3419 210 3525 266 554

237 338 359 393 satis
388 335 583 390 indicat
633 332 876 388 Venerem
921 337 1129 401 propter
1159 329 1344 403 uulnus
1380 335 1538 381 acuta
1568 336 1614 379 et
1652 339 1836 392 magna
1862 323 1914 382 Α
1939 322 2260 392 interfectum
2285 330 2436 371 suum
2465 314 2633 386 ﬁlium
2664 314 2977 385 epulandum
3010 317 3058 372 ei
3084 298 3362 389 apponeret
3387 364 3403 387 ,
3444 323 3527 375 cui

237 446 356 485 voce
367 431 690 484 clamantem.
709 433 981 497 nar-ratque
994 422 1430 479 bellicosissimam
1452 418 1666 474 Martem
1681 419 1835 491 fuisse

234 536 268 573 a
302 519 546 575 Diomede
589 517 643 571 in
684 525 856 570 ventre
902 514 1208 568 sauciatam.
1243 508 1456 565 Polemo
1501 519 1670 562 autent
1709 506 1832 561 dicit

234 613 393 666 etiam
433 610 716 666 Minervam
761 608 920 677 fuisse
971 604 1288 661 vulneratum
1340 601 1402 655 ob
1434 599 1648 672 Ornyte.
1701 598 1835 666 Quin

232 706 391 762 etiam
422 703 690 758 Plutonem
706 701 865 775 fuisse
890 698 1204 753 vulneratum
1222 697 1284 750 ab
1313 694 1535 749 Hercule
1554 695 1705 765 refert
1730 689 1835 744 Ho-

234 815 423 860 merus,
449 798 582 852 sicut
617 795 682 849 de
714 791 840 848 Eleo
871 791 1043 862 Augea
1077 794 1235 864 refert
1277 786 1598 859 Pangassis;
1623 786 1708 858 qui
1737 784 1834 837 Ju-

231 909 417 948 nonem
440 906 642 962 quoque
664 886 982 960 conjugalem
1017 884 1178 955 fuisse
1203 881 1523 936 vulneratam
1562 878 1625 932 ab
1661 876 1834 932 eodem

230 985 462 1044 Hercule
505 985 560 1037 in
593 980 728 1052 Pglo
772 994 983 1034 arenosa
1032 979 1207 1045 refert.
1240 973 1475 1030 Sosibius
1514 981 1682 1025 autem
1712 968 1834 1021 dicit

239 1081 395 1134 ctiam
444 1076 716 1131 Herculem
744 1073 901 1144 fuisse
929 1071 982 1125 in
1012 1085 1167 1124 manu
1200 1068 1479 1122 sauciatam
1526 1064 1589 1118 ab
1626 1061 1831 1132 Hippo-

236 1169 510 1228 coontidis.
545 1165 710 1221 Vides
747 1178 877 1218 sane
914 1158 1187 1232 quomodo
1225 1157 1496 1214 Arnobius
1539 1152 1833 1208 Clementis

232 1259 585 1323 Alexandrini
640 1257 897 1323 fontibus,
949 1263 1009 1311 ut
1056 1253 1353 1318 Ciceronis,
1397 1250 1466 1306 de
1505 1248 1737 1317 Epicuro
1777 1253 1833 1300 et

230 1357 542 1418 Democrito
587 1350 873 1419 lamentis,
910 1348 1086 1405 verbis
1128 1355 1362 1411 utamur,
1419 1342 1664 1399 hortulos
1705 1352 1833 1394 suos

234 1453 540 1524 irrigaverit
567 1445 779 1522 (Cicer..
816 1446 905 1500 lib.
937 1460 955 1499 ι
991 1444 1054 1498 de
1099 1440 1291 1496 Nutur.
1337 1439 1505 1503 deor.,
1549 1452 1667 1507 pag.
1699 1433 1829 1501 212,

242 1550 337 1603 lin.
366 1544 480 1618 44).
510 1542 848 1599 Manifestum
880 1540 974 1595 tibi
1007 1553 1225 1610 quoque
1257 1550 1379 1591 esse
1403 1534 1565 1590 debet
1585 1533 1655 1588 ab
1683 1540 1831 1585 utro-

233 1658 344 1716 que
370 1642 470 1698 bac
491 1636 958 1711 argumentatione
1003 1634 1194 1704 hisque
1231 1630 1495 1701 exemplis
1533 1626 1829 1683 evidentis-

1940 411 2179 484 Nyctimo
2211 426 2413 463 nomen.
2450 407 2653 461 Vitlesis
2672 407 2942 469 Ovidium.
2974 408 3260 481 Hyginum,
3285 421 3339 465 et
3365 412 3528 483 Apol-

1937 508 2181 563 lodorum
2209 505 2275 557 de
2306 503 2410 558 hoc
2439 510 2494 557 et
2519 502 2642 573 alits
2665 502 2931 571 exemplis
2964 503 3219 557 hactenus
3248 505 3529 561 recensitis

1936 597 2137 666 (Ovid.,
2170 597 2260 650 lib.
2293 611 2309 650 ι
2341 593 2637 659 Melitinam,
2671 593 2776 661 fab.
2812 594 2864 659 7,
2896 610 3020 665 pag.
3052 592 3120 647 12
3148 603 3194 648 et
3222 593 3404 665 seqq)

2005 690 2142 759 Quid
2178 688 2390 743 tandem
2421 687 2567 741 aliud
2595 695 2876 755 supererat
2904 688 2968 739 ad
3006 687 3333 756 probandam
3368 704 3518 743 mor-

1937 785 2094 840 talem
2133 783 2282 838 Jovis
2320 781 2655 849 aliorumque
2698 777 2951 832 falsorum
2987 778 3209 834 deormn
3256 792 3528 843 naturam,

1935 877 2035 931 nisi
2064 877 2286 932 cuilibet
2314 873 2619 945 patefacere
2644 871 2844 925 ubitam
2892 871 2958 924 ab
2997 871 3075 925 eis
3107 872 3342 926 humatio
3381 888 3530 928 inore

1936 980 2188 1034 mortem,
2214 983 2277 1023 ac
2300 982 2487 1021 eorum
2522 963 2716 1019 deinde
2748 964 3110 1033 sepulturam,
3162 965 3304 1020 unde
3340 965 3524 1021 nullus

1933 1063 2000 1118 ad
2025 1063 2184 1117 vitam
2211 1069 2494 1116 revocatus
2524 1055 2824 1127 est?Atqui
2852 1097 2867 1121 ,
2913 1075 2931 1108 ι
2964 1057 3116 1125 Apud
3136 1056 3365 1112 insulam
3389 1055 3527 1113 Cre-

1936 1166 2064 1223 tam,
2100 1177 2118 1209 ι
2168 1156 2341 1227 inquit
2382 1154 2686 1217 Arnobius,
2748 1169 2767 1202 ί
2804 1151 3097 1217 sepulturae
3142 1166 3262 1205 esse
3308 1151 3530 1205 manda-

1933 1260 2045 1306 tum
2086 1250 2274 1305 Jovem
2322 1250 2474 1304 nobis
2513 1249 2714 1304 editum
2764 1244 2992 1300 traditur
3041 1246 3281 1309 (ιιι-ποὺ..
3324 1246 3416 1300 lib.
3441 1261 3524 1312 tv,

1934 1361 2052 1416 pag.
2078 1341 2226 1414 144).
2257 1361 2276 1395 s
2322 1345 2366 1398 A
2395 1357 2504 1414 quo
2534 1351 2713 1397 autem
2739 1339 2794 1395 id
2825 1340 3078 1394 traditum
3110 1341 3215 1408 sit,
3256 1342 3432 1399 disces
3460 1360 3530 1401 ex

1932 1437 2211 1494 Clemente
2233 1436 2622 1501 Alexandrino,
2654 1434 2809 1505 cujus
2830 1433 3053 1503 vestigia
3084 1432 3177 1488 ille
3200 1416 3384 1491 rursus
3412 1454 3531 1506 pro-

1930 1530 2194 1602 sequitur.
2244 1528 2379 1583 Nam
2429 1530 2545 1583 hinc
2588 1527 2699 1594 ipsa
2728 1536 2851 1579 sunt
2894 1540 3068 1596 graeca
3115 1526 3357 1594 ejusdem
3402 1527 3527 1584 Cle-

1933 1624 2129 1680 mentis
2176 1621 2339 1677 verba
2362 1619 2616 1691 (Clemens
2644 1617 2958 1681 Alexandr.,
2983 1618 3247 1672 Admonit.
3266 1620 3335 1673 ad
3364 1629 3526 1690 gent.,

233 1737 376 1793 sime
421 1733 615 1791 contiei
664 1731 785 1787 illos
832 1743 930 1786 nec
975 1729 1108 1784 deos
1152 1741 1293 1792 esse,
1323 1739 1423 1779 nec
1469 1720 1819 1785 immortales,

1950 1734 2047 1789 mg.
2074 1715 2205 1786 242)
2249 1732 2264 1768 :
2311 1719 2456 1775 Ζήτει
2504 1735 2599 1769 σου
2643 1713 2726 1767 τὸν
2765 1712 2854 1764 Δία
2875 1752 2890 1776 ,
2921 1714 2992 1782 μή
3018 1710 3104 1767 τὸν
3133 1712 3342 1786 οὐρανὸν
3364 1753 3379 1776 ,
3406 1712 3532 1769 ἀλλά

230 1846 467 1903 quorum
497 1828 717 1883 vulnera
749 1840 849 1882 nec
868 1824 984 1880 sine
1008 1821 1291 1894 sanguine,
1322 1829 1377 1876 et
1404 1817 1547 1890 quod
1575 1831 1641 1871 eo
1673 1815 1826 1885 pejus

231 1934 337 1991 est,
369 1923 521 1979 sanie
547 1931 602 1978 et
627 1919 974 1989 corruptione
1001 1917 1089 1972 vix
1125 1929 1375 1984 mnquam
1402 1926 1525 1968 esse
1553 1916 1824 1981 poterant,

232 2032 334 2073 nec
364 2015 484 2072 sine
524 2012 929 2070 medicamentis
973 2009 1171 2065 sanari.
1232 2006 1340 2062 Nos
1386 2017 1565 2060 autem
1615 2002 1684 2057 de
1732 2001 1828 2057 ho-

230 2124 419 2166 rumce
445 2109 665 2164 deorum
696 2103 1009 2161 vulneribus
1039 2101 1165 2157 alibi
1189 2100 1564 2161 disseruimus,
1597 2096 1666 2152 de
1690 2094 1826 2150 Mar-

231 2203 320 2269 tis,
369 2200 573 2257 scilicet
621 2207 677 2254 et
705 2196 932 2252 Veneris
963 2196 1129 2266 plagis
1181 2194 1233 2248 in
1264 2192 1529 2262 superiori
1573 2190 1828 2247 disserta-

232 2298 380 2351 tione
402 2313 417 2347 :
438 2293 506 2349 de
532 2292 764 2348 Minerva
793 2306 919 2345 vero
954 2299 1011 2345 et
1042 2289 1271 2344 Hercule
1292 2286 1547 2342 sauciatis
1573 2286 1625 2339 in
1655 2285 1827 2353 primo

231 2388 539 2458 Apparatus
570 2384 736 2440 nostri
768 2394 913 2440 torno
968 2380 1208 2455 (Dissert.
1233 2398 1430 2450 super.,
1458 2396 1575 2451 cap.
1608 2378 1697 2446 l5,
1722 2387 1822 2432 art.

234 2482 300 2548 3,
331 2491 457 2536 tom.
487 2495 503 2534 ι
550 2480 833 2550 Apparat.,
865 2493 984 2548 pag.
1031 2473 1136 2530 762
1166 2486 1212 2528 et
1243 2471 1393 2544 816).
1437 2471 1612 2529 Citata
1649 2482 1826 2527 autem

236 2572 463 2631 llomeri
504 2571 572 2628 de
616 2570 828 2626 Junone
877 2579 932 2623 et
982 2567 1210 2622 Plutone
1258 2565 1497 2621 carmina
1542 2566 1596 2619 in
1647 2563 1829 2631 quinta

231 2669 378 2725 illius
398 2665 566 2723 Iliade
585 2667 827 2722 invenies
854 2661 1118 2736 (Homer.,
1146 2658 1306 2715 Iliad.
1341 2674 1394 2725 v,
1421 2675 1550 2714 vers.
1580 2655 1732 2728 357).

308 2763 386 2818 Ex
423 2760 614 2816 eodem
653 2759 933 2815 Clemente
980 2753 1349 2812 Alexandrino
1401 2768 1464 2810 ea
1506 2751 1688 2808 adhuc.
1731 2765 1828 2807 ex-

243 2867 433 2928 cerpta
458 2866 582 2912 sunt
608 2871 728 2926 quae
753 2853 1021 2910 Arnobius
1051 2852 1118 2908 de
1146 2851 1385 2907 Vulcano
1404 2847 1598 2905 claudo
1621 2855 1678 2903 et
1701 2846 1831 2901 1E5-

235 2952 453 3023 culapio
498 2950 737 3007 fulminis
795 2950 899 3005 ictu
947 2962 1206 3018 percusso
1239 2945 1442 3000 retulit.
1492 2943 1567 2998 De
1607 2953 1832 3011 utroque

243 3055 429 3104 autem
476 3043 603 3100 alibi
655 3053 834 3098 actum
887 3056 916 3095 a
968 3039 1124 3096 nobis
1175 3038 1275 3094 fuit
1312 3036 1530 3103 (Arnob.
1558 3079 1574 3100 ,
1620 3034 1711 3089 lib.
1752 3049 1823 3101 tv,

241 3160 363 3215 pag.
402 3139 536 3205 Μῦς
575 3146 697 3193 tom.
730 3153 749 3193 t
778 3136 1067 3207 Apparat.,
1099 3151 1220 3207 pag.
1254 3132 1391 3200 754,
1440 3139 1487 3185 et
1533 3130 1735 3185 dissert.
1780 3127 1834 3181 in

241 3236 464 3303 Hirrum,
500 3250 616 3303 cap.
651 3231 740 3299 15,
771 3240 874 3287 art.
904 3230 1008 3285 2st
1031 3227 1126 3301 3).

845 3406 1136 3449 Αιιτιαιιιυε
1174 3407 1235 3447 ΙΙ.

243 3537 499 3601 Quomodo
521 3536 651 3587 idem
676 3533 912 3601 probetur
937 3530 1180 3594 exemplis
1212 3527 1349 3601 _J_p_vis
1366 3567 1381 3591 ,
1408 3530 1491 3601 qui
1527 3527 1722 3601 nescius
1754 3525 1842 3601 bu-

308 3588 476 3651 mauas
496 3588 921 3652 carnes'eomedit.
946 3588 1101 3656 atque
1120 3606 1183 3642 ex
1209 3592 1341 3656 illius
1364 3588 1541 3651 morte,
1570 3596 1635 3656 ει
1670 3588 1842 3656 sepul-

313 3672 437 3721 tura,
467 3664 664 3712 t’ratrum
687 3658 969 3721 Castoriset
995 3651 1222 3721 Pollucis.
1243 3654 1472 3721 Saturni,
1493 3666 1549 3703 ac
1569 3651 1699 3716 Tyrii
1720 3651 1843 3700 Her-

311 3716 435 3777 culis
454 3722 711 3788 sepulcris,
737 3730 886 3785 atque
907 3718 1144 3770 Thebano
1161 3716 1379 3767 Hercule
1399 3718 1514 3780 igne
1538 3722 1841 3778 consumpto.

324 3872 617 3944 Corporeis
654 3868 969 3925 vulneribus
998 3865 1152 3938 pejor
1179 3864 1532 3935 proculdubio
1570 3863 1844 3920 censenda

250 3978 336 4027 est
377 3968 573 4025 mentis
600 3964 977 4030 imbecillitas,
1006 3971 1060 4017 et
1091 3960 1414 4032 ignorantia.
1447 3959 1608 4030 Atqui
1635 3960 1687 4014 in
1712 3957 1847 4014 Jove

252 4072 410 4119 tanta
463 4074 643 4115 rerum
684 4055 951 4128 ignoratio
977 4062 1235 4124 tantaque
1264 4050 1331 4107 ad
1372 4067 1494 4107 eum
1537 4051 1846 4106 circumve-

253 4153 515 4212 niendum
552 4150 652 4206 fuit
677 4148 944 4213 facilitas;
989 4156 1082 4214 ut,
1114 4143 1565 4217 quemadmodum
1595 4144 1849 4199 observat

256 4246 554 4312 Arnobius,
582 4243 873 4299 «invitatus
897 4239 963 4295 ad
988 4242 1075 4309 jus
1090 4254 1312 4302 mensas,
1337 4253 1433 4307 pro
1446 4235 1621 4292 suillis
1639 4235 1850 4291 visceri-

256 4343 365 4400 bus
384 4340 588 4411 prolem
610 4335 824 4392 nescius
848 4335 1181 4406 Lycaonyam
1215 4329 1848 4402 prausitaverit(Arnob.,

262 4437 354 4493 lib.
376 4450 448 4498 tv.
469 4450 589 4505 pag.
613 4428 761 4501 143).
796 4449 815 4481 ι
845 4427 950 4485 Sed
976 4430 1090 4482 haec
1107 4426 1198 4481 ille
1219 4440 1371 4480 more
1382 4439 1479 4479 suo
1491 4439 1555 4478 ex
1573 4421 1849 4479 Clemente

259 4526 632 4587 Alexandrino
657 4529 897 4591 accepta.
926 4519 1140 4575 brevius
1167 4518 1371 4573 retulit.
1399 4517 1455 4572 In
1474 4516 1650 4586 hujus,
1678 4516 1847 4572 enim~

260 4640 396 4680 vero
417 4620 483 4677 ad
505 4627 695 4692 gentes
725 4615 1107 4671 Admonitione
1126 4613 1526 4669 isthwclitteris
1545 4611 1855 4682 consignata

260 4716 499 4787 legimus
512 4711 767 4785 (Clemens
783 4708 1092 4774 Alexandr.,
1113 4706 1379 4761 Admonit.
1398 4705 1467 4759 ad
1487 4715 1647 4778 gent.,
1668 4722 1719 4775 p.
1738 4704 1853 4773 23):

262 4809 519 4869 Μιτέλαϐε
555 4805 609 4863 δὲ
655 4807 743 4860 καὶ
770 4804 1028 4878 τραπέζης
1057 4804 1369 4880 ἀνθρωπίνης
1392 4803 1539 4878 παρὰ
1564 4808 1672 4863 τοῖς
1700 4802 1855 4855 Αἰθίο-

268 4904 380 4977 ψιν.
411 4903 751 4981 ἀπανθρώπου
782 4896 837 4954 δὲ
863 4900 950 4952 καὶ
975 4897 1221 4969 ἀθέσμου,
1272 4896 1424 4957 αὐτὸς
1464 4893 1490 4949 ὁ
1543 4896 1685 4957 Ζεὺς.
1714 4895 1859 4965 παρὰ

270 4996 497 5051 Λυκάονι
534 5000 609 5067 τῷ
628 4987 835 5066 Ἀρκάδι
861 4990 1184 5061 ἑστιώμενος,
1237 4988 1553 5063 ἁνθρωπιίων
1600 4990 1719 5057 γοῦν
1766 4985 1862 5038 ἕνε-

272 5094 473 5162 φοριῖτο
501 5090 730 5161 σαρκῶν,
777 5083 884 5153 οὐχ
913 5080 1058 5135 ἑκών·
1092 5084 1256 5154 ἠγνοιί
1276 5080 1376 5152 γὰρ
1417 5077 1443 5133 ὁ
1481 5078 1607 5138 θεὸς.
1649 5078 1717 5138 ὡς
1760 5071 1865 5153 ἄρα

274 5182 490 5237 Λυκάων
517 5177 543 5234 ὁ
569 5176 772 5254 Ἀρκὰς.
802 5174 828 5228 ὁ
875 5173 1128 5248 ἱστιάτωρ
1171 5173 1353 5230 αὐτοῦ,
1389 5173 1474 5227 τὸν
1512 5166 1674 5224 παῖδα
1719 5190 1875 5225 κατα-

278 5274 475 5349 σφάξας
493 5272 578 5328 τὸν
604 5270 787 5332 αὐτοῦ,
815 5268 1070 5339 Νύκτιμος
1097 5260 1254 5338 ὄνομα
1280 5264 1724 5340 αὐτοῡ.παραθιίη
1750 5258 1874 5335 ὄψον

278 5374 354 5441 τῷ
378 5366 473 5420 Διί.
524 5359 646 5416 Fuit
675 5371 845 5415 autem
884 5359 1124 5412 humana:
1151 5373 1347 5427 quoque
1387 5371 1574 5411 mensa:
1618 5355 1874 5426 particeps

279 5457 423 5529 apud
451 5452 730 5521 Aithiopes
746 5494 761 5519 ,
804 5461 912 5505 tum
934 5449 1231 5503 inhumanae
1254 5457 1302 5502 et
1326 5449 1542 5519 nefaria:
1564 5488 1579 5510 ,
1610 5464 1726 5501 cum
1751 5462 1875 5501 con-

283 5550 415 5605 vicio
441 5564 475 5601 a
498 5546 736 5619 Lycaone
771 5543 971 5598 Arcade
1008 5541 1325 5611 exciperetur
1355 5541 1465 5612 ipse
1500 5539 1738 5610 Jupiter;
1775 5541 1875 5593 hu-

285 5642 455 5695 manis
486 5639 678 5711 quippe
710 5636 951 5691 carnibus
989 5643 1136 5689 satur
1168 5633 1376 5689 invitus.
1432 5631 1701 5690 Nesciebat
1741 5631 1877 5686 enim

285 5734 438 5803 deus,
465 5731 602 5803 quod
624 5728 832 5802 Lycaon
858 5728 1040 5788 Arcas,
1073 5724 1161 5792 qui
1179 5725 1409 5779 conuiuio
1433 5723 1715 5795 excipiebat
1736 5739 1872 5792 eum,

924 5821 1201 5885 PATIOL.
1247 5817 1303 5878 V

1926 1816 2016 1870 τὴν
2057 1819 2148 1884 γῆν
2198 1807 2639 1884 πολυπραγμόνει⁶
2669 1804 2694 1859 ὁ
2717 1807 2850 1879 Χρής
2876 1823 2959 1858 σοι
2984 1799 3309 1877 διηγήσεται,
3337 1802 3461 1881 παρ’
3491 1800 3531 1877 ᾧ

1928 1907 2012 1960 καὶ
2039 1905 2305 1971 τέθαπται,
2336 1901 2664 1972 Καλλίμαχος
2688 1900 2739 1953 ἐν
2774 1897 2972 1969 ὕμνοιςο

2117 2102 2129 2114 .
2202 2104 2212 2115 .
2282 2099 2293 2111 .
2362 2099 2374 2111 .
2411 2077 2485 2115 Καὶ
2515 2076 2583 2127 γὰρ
2603 2068 2732 2125 τάφον,
2751 2068 2779 2110 ὦ
2802 2068 2888 2118 ἄνα,
2910 2075 2989 2111 otia

2115 2144 2253 2188 Κρῆτες
2293 2139 2541 2187 ιτατήναντο.

1929 2260 2061 2328 Quae
2086 2259 2307 2313 Latinus
2342 2258 2614 2325 interpres
2656 2256 2734 2309 sic
2776 2252 3051 2311 reddidit:
3098 2272 3116 2305 ι
3153 2251 3342 2321 Quane
3371 2259 3523 2307 tuum

1927 2353 2113 2407 Jovem
2135 2393 2150 2416 ,
2207 2367 2274 2406 ne
2304 2348 2565 2405 scruteris
2592 2360 2787 2403 cretum
2810 2389 2824 2411 ,
2879 2343 2976 2401 sed
3013 2354 3236 2399 terram.
3276 2342 3533 2399 Narrabit

1931 2447 2025 2500 tibi
2059 2444 2337 2500 Cretensis
2392 2442 2532 2510 apud
2562 2457 2720 2512 quem
2755 2448 2840 2495 est
2870 2437 3137 2509 sepultus,
3168 2434 3533 2493 Callimachus

1930 2527 1983 2593 in
2011 2537 2223 2608 hymnis
2251 2555 2263 2590 :

2495 2712 2518 2739 ι
2540 2692 2809 2744 Cretenses
2832 2700 3042 2751 namque
3061 2686 3339 2750 sepulcrum

2030 2760 2369 2813 Construxere
2393 2764 2547 2807 tuum.
2572 2771 2595 2799 ιι

2008 2903 2117 2960 Sed
2150 2920 2177 2956 a
2211 2902 2365 2958 nobis
2392 2903 2503 2972 jam
2533 2901 2878 2956 observatum
2907 2907 3171 2969 estquam
3202 2894 3535 2965 meritojure

1933 2997 2202 3055 Arnobius
2240 3006 2445 3063 noster,
2470 3011 2533 3050 ac
2556 3010 2657 3064 qua
2697 2994 2922 3047 aliorum
2961 2991 3174 3046 testium
3218 2990 3537 3044 auctoritate

1861 3092 1907 3156 C
1939 3090 2069 3147 illud
2131 3088 2365 3146 ethnicis
2418 3086 2827 3158 exprobraverit
2879 3083 3136 3155 (Dissert.
3188 3084 3241 3137 in
3289 3081 3532 3150 Minuc.,

1941 3201 2059 3254 cap.
2095 3184 2181 3246 Η,
2213 3192 2313 3235 art.
2346 3180 2426 3253 5).

2014 3275 2165 3331 Fecit
2198 3273 2374 3329 adhuc
2416 3272 2507 3328 ille
2546 3274 2837 3328 verborum
2869 3270 3109 3342 ejusdem
3148 3267 3444 3325 Clementis
3469 3268 3540 3325 de

1943 3370 2065 3425 aliis
2089 3368 2194 3424 diis
2224 3367 2605 3438 compendium
2637 3408 2650 3427 ,
2682 3365 2771 3421 ubi
2799 3367 2879 3419 vel
2913 3365 3171 3422 memoria
3198 3365 3377 3435 lapsus
3400 3405 3416 3428 ,
3449 3371 3542 3418 aut

1944 3475 2123 3520 textus
2146 3464 2263 3534 ejus
2302 3462 2627 3534 depravatus
2660 3462 2896 3515 videtur.
2942 3460 3065 3515 "sic
3103 3459 3245 3515 enim
3289 3458 3379 3512 ille
3403 3458 3539 3512 scri-
3602 3522 3613 3531 _

1942 3559 2021 3616 hit
2049 3558 2286 3629 (Arnob.,
2319 3558 2407 3612 lib.
2436 3572 2511 3620 tv,
2536 3574 2652 3628 pag.
2689 3553 2835 3628 144).
2898 3573 2916 3605 s
2951 3550 3007 3608 In
3056 3552 3320 3624 Spartanis
3357 3561 3411 3608 el.
3460 3551 3540 3605 la-

1942 3651 2290 3709 cedaemoniis
2340 3650 2574 3715 ﬁnibus,
2613 3668 2632 3701 ι
2681 3650 2869 3719 supple
2927 3648 3222 3716 numquid,
3279 3666 3299 3700 ι
3338 3661 3436 3701 nos
3458 3644 3543 3701 di-

1943 3746 2114 3801 cimus
2137 3743 2403 3808 conditos,
2430 3741 2484 3801 in
2514 3741 2666 3797 cunis
2694 3741 2917 3795 coalitos
2949 3739 3175 3803 fratres,
3210 3759 3227 3790 ι
3266 3737 3545 3792 Castorem

1945 3839 2153 3896 scilicet
2187 3853 2252 3893 ac
2291 3834 2611 3891 Pollucem?
2656 3852 2674 3886 ι
2703 3834 2898 3889 Noster
2954 3832 3043 3888 ille
3077 3844 3159 3888 est
3197 3841 3420 3898 auctor,
3454 3831 3547 3901 qui

1946 3935 2223 3993 Patrocles
2279 3931 2514 3988 Thorius
2561 3930 2886 4000 scriptorum
2931 3928 2982 3982 in
3035 3927 3200 3982 titulis
3246 3926 3545 3992 indicatur,

1948 4029 2041 4102 qui
2096 4026 2331 4084 tumulos
2371 4033 2668 4088 memorat,
2729 4022 3093 4091 reliquiasque
3121 4020 3399 4076 Saturnius
3445 4017 3547 4073 tel-

1948 4122 2066 4178 lure
2115 4121 2168 4175 in
2236 4117 2411 4176 Sicula
2470 4114 2786 4171 contineri?
2849 4113 3179 4168 Cha-roncus
3235 4112 3361 4182 (ms.
3429 4107 3547 4164 cod.

1948 4231 2056 4283 reg.
2103 4211 2487 4281 Hieronymus)
2536 4204 2860 4261 Plutarchus
2909 4211 3211 4256 nostrarum
3255 4216 3375 4256 esse
3431 4215 3552 4270 par-

1951 4309 2079 4363 tium
2119 4304 2523 4377 comprobatur,
2562 4300 2653 4372 qui
2707 4300 2757 4354 in
2790 4296 2978 4354 Etmis
3011 4294 3304 4352 verticibus
3355 4294 3555 4351 Hercu-

1955 4399 2058 4454 lem
2108 4409 2226 4469 past
2256 4394 2567 4451 morborum
2618 4391 2969 4447 comitialiqu
3013 4391 3194 4444 ruinas
3236 4387 3555 4444 dissolutum

1875 4478 1931 4540 Ῑ)
1958 4492 2009 4547 in
2032 4491 2267 4547 cinerem
2313 4486 2630 4559 prodidit?»
2675 4482 2926 4539 Clemens
2975 4496 3102 4535 vero
3158 4479 3557 4535 Alexandrinus

1961 4584 2231 4656 (Clemens
2260 4579 2540 4635 Alexandr.
2570 4621 2584 4642 ,
2642 4576 2902 4631 Admonit.
2958 4575 3025 4628 ad
3078 4584 3238 4645 gent.,
3273 4590 3390 4641 pag.
3426 4568 3514 4637 18)
3541 4587 3563 4625 :

1956 4679 2229 4754 Φιλόχορος
2277 4673 2422 4730 δέη..
2494 4672 2675 4746 Κρόνον
2743 4670 3022 4725 ἐπικεῖσθαι
3087 4669 3136 4720 ἐν
3193 4664 3423 4738 Σικελίᾳ,
3473 4664 3562 4715 καὶ

1959 4772 2174 4826 ἐνθαῦτα
2217 4768 2368 4822 αὐτὸν
2410 4765 2665 4836 τετάφθαι.
2696 4759 2984 4835 Πατροκλῆς
3031 4778 3086 4813 τε
3126 4755 3152 4811 ὁ
3196 4756 3440 4828 Θούριος.
3476 4752 3565 4805 καὶ

1962 4864 2202 4938 Σοφοκλῆς
2249 4858 2275 4914 ὁ
2323 4861 2564 4933 νεώτερος
2610 4856 2659 4909 ἐν
2711 4855 2849 4930 τρισὶ
2911 4847 3218 4928 τραγωδίαις
3286 4845 3566 4920 ἱστόρειτον

1964 4965 2070 5014 τοῖν
2096 4954 2423 5027 Διοσκούροιν
2489 4955 2621 5018 (ms.
2674 4962 2782 5017 reg.
2833 4942 3107 5017 ἱστόρειτον
3150 4941 3222 4994 τὼ
3272 4937 3565 5009 Διοσκούρώ

1967 5054 2130 5125 περὶ)’
2162 5048 2424 5123 Ἀνθρὼπω
2462 5044 2562 5099 τινὲ
2593 5040 2759 5097 τούτω
2803 5041 2875 5093 τὼ
2911 5032 3198 5106 Διοσκούρω
3219 5030 3452 5104 ’γενέσθην
3480 5068 3495 5093 ,
3524 5023 3575 5081 εἴ

1975 5165 2051 5214 τῳ
2073 5141 2239 5201 ἱκανὸς
2277 5136 2643 5195 πιστώσασθαι
2685 5128 2911 5204 Ὀμηρος
2936 5126 2993 5181 τὸ
3021 5123 3309 5196 λελεγμένον
3338 5138 3352 5174 :

2166 5313 2178 5325 .
2247 5310 2258 5323 .
2327 5305 2341 5320 ο
2414 5308 2426 5320 .
2462 5281 2554 5327 τοὺς
2577 5276 2613 5318 δ’
2631 5273 2705 5326 ἤδη
2733 5276 2879 5324 adsultu
2901 5267 3071 5323 φυσίζοος
3095 5262 3184 5314 αἶα,

2163 5340 2212 5389 ἐν
2232 5342 2473 5394 Λωδαὶμονι
2493 5338 2591 5390 αὖοι,
2613 5340 2695 5392 φίλῃ
2718 5340 2768 5376 ιν).
2790 5330 2959 5386 uapide“
2981 5334 3079 5383 γαίῃ.

2798 5406 2965 5469 (Hom.
2992 5401 3129 5452 Iliad.
3149 5414 3219 5461 ut,
3247 5412 3293 5449 v.
3314 5395 3451 5460 243.)

1981 5529 2322 5586 Philochorus
2351 5533 2517 5577 autent
2560 5519 2820 5573 dicit......
2866 5511 3151 5569 Saturnum
3175 5508 3326 5562 situm
3372 5518 3479 5557 esse
3521 5501 3578 5556 in

1980 5623 2183 5687 Sicilia,
2220 5630 2268 5677 et
2296 5633 2410 5675 eum
2429 5614 2533 5669 illic
2548 5610 2708 5683 fuisse
2726 5606 2998 5679 sepultum.
3028 5597 3289 5656 Patrocles
3316 5594 3547 5650 Thorius
3566 5633 3584 5658 ,

1979 5730 2024 5776 et
2046 5716 2216 5788 iunior
2239 5709 2518 5786 Sophocles
2545 5705 2770 5762 scribunt
2809 5701 2872 5759 de
2897 5699 3103 5788 Castore
3128 5701 3177 5746 et
3236 5688 3452 5744 Polluce
3478 5688 3589 5757 {eos

3024 5784 3100 5855 18
