3990 6072
476 248 584 309 55$

1725 216 2179 298 DISSERTATIO
2216 216 2501 292 eum

3650 230 3766 292 556

478 360 703 417 homines
749 359 907 430 fuisse
939 355 1088 413 morti
1135 352 1352 427 fatisque
1389 352 1654 409 obnoxios.
1705 352 1854 421 Quod
1901 358 1945 408 st
1969 353 2052 407 cui

2175 350 2238 404 τὸν
2259 349 2411 405 αὐτὸν
2438 352 2573 424 σφᾶς
2588 347 2854 428 Ἡρακλέα,
2878 344 2931 403 ὃν
2947 344 3035 403 καὶ
3053 345 3253 425 Τύριοι,
3278 346 3520 405 σέϐεσθαι
3538 346 3765 425 ὕστερον

478 440 634 524 possit
680 452 834 523 ﬁdem
868 450 1035 523 facere
1078 444 1335 505 Homerus
1371 447 1613 503 audiatur
1648 448 1782 518 quod
1820 446 2065 517 scriptum

476 556 550 603 €83
576 564 595 602 .'

628 632 731 689 Hos
754 641 916 689 autem
931 643 1029 701 jam
1050 637 1403 701 tenebatarma
1416 632 1572 701 tellus

629 701 685 750 In
710 698 1062 751 Lacedaemone
1087 699 1187 750 illic
1206 698 1387 751 dilecta
1410 700 1460 748 in
1484 698 1636 761 patria
1658 700 1809 748 terra.

477 806 614 862 Tum
637 806 835 863 deinde
862 815 1046 862 narrat
1062 820 1218 876 quem
1251 805 1610 876 Hieronymus
1634 801 1988 875 philosophus
2007 809 2062 857 et

474 899 818 956 Dicaearchus
853 899 1089 955 dixerint
1121 898 1286 953 fuisse
1312 899 1558 967 corporis
1579 898 1795 967 orisque
1816 894 2060 951 Herculis

459 993 733 1058 habitum,
756 1005 819 1046 ac
843 993 1183 1047 continenter
1209 990 1391 1059 adjicit
1416 989 1623 1063 (Clem,
1670 988 1823 1058 ibid.)
1856 1006 1868 1041 :
1898 986 2060 1048 Οὗτος

470 1081 558 1141 οὖν
586 1086 612 1140 ὁ
637 1084 902 1161 Ἡρακλῆς.
928 1084 1021 1140 δύο
1046 1088 1172 1161 πρὸς
1196 1093 1302 1144 τοῖς
1330 1089 1644 1143 πεντήκοντα
1672 1080 1759 1141 ἔτη
1801 1082 2061 1155 βεϐιωκὼς

466 1178 783 1255 κατέστρεψε
829 1180 913 1233 τὸν
968 1178 1097 1250 βίον,
1140 1176 1225 1233 διὰ
1252 1186 1342 1238 τῆς
1370 1179 1420 1231 ἐν
1449 1175 1575 1249 Οἴτῃ
1600 1181 1774 1252 πυρᾶς
1821 1174 2059 1235 κεκηδευ-

466 1274 635 1345 μένος.
702 1270 803 1325 Hic
844 1286 962 1343 ergo
1005 1269 1251 1325 Hercules
1287 1286 1401 1324 cum
1439 1269 1569 1324 duos
1613 1279 1661 1323 et
1691 1270 2060 1340 quinquaginta

465 1382 629 1422 annos
650 1367 879 1433 vixisset,
910 1385 938 1421 e
960 1368 1064 1420 vita
1094 1368 1304 1422 excessit
1332 1384 1421 1436 per
1441 1383 1573 1431 eam,
1597 1380 1710 1437 qua:
1731 1366 1827 1437 fuit
1853 1363 1906 1419 in
1931 1364 2060 1419 Oeta

465 1474 647 1531 pyram
664 1460 822 1530 justis
849 1459 928 1513 illi
953 1459 1101 1530 factis
1130 1460 1370 1528 exequiis.
1404 1459 1509 1515 Sed
1538 1467 1702 1514 testes
1724 1472 1852 1513 suos
1881 1458 1953 1514 ibi
1980 1459 2058 1514 ci-

467 1555 629 1612 tando
656 1556 968 1626 discrepare
989 1559 1058 1614 ab
1082 1558 1322 1614 Arnobio
1351 1569 1539 1615 nostro
1563 1575 1669 1614 non
1695 1574 1882 1630 parum
1904 1557 2055 1611 vide-

464 1661 574 1705 tur.
616 1649 907 1706 Saturnum
935 1652 1077 1707 enim
1127 1652 1178 1706 in
1208 1651 1389 1707 Sicilia
1431 1654 1716 1723 sepultura:
1744 1651 2055 1707 mandatum

2166 439 2222 497 δέ
2248 440 2342 501 ἤδη
2369 442 2640 503 τελοῦντας
2670 443 2721 503 ἐς
2740 439 3001 504 Ἕλληνας,
3045 442 3255 513 νομέα·αέ
3281 446 3366 498 καὶ
3393 440 3627 519 Ἠρακλεῖ
3668 445 3765 498 τοῦ

2164 528 2533 609 Ἀμφιτρύωνος
2567 532 2731 605 νέμειν
2751 534 2925 604 τιμάς.
2962 529 3190 587 Narrant
3212 543 3390 590 autem
3417 533 3545 588 dum
3571 530 3767 603 Tyrio-

2167 634 2284 679 rum
2317 623 2572 680 secundae
2602 640 2984 696 prosperaaque
3014 626 3103 681 res
3127 628 3341 692 essent,
3372 625 3645 681 coloniam
3674 626 3766 681 cui

2166 715 2450 771 Herculem
2471 700 2693 789 Tyrium
2724 715 3098 786 praefecerant,
3131 717 3350 772 missam
3377 717 3447 772 ab
3472 717 3577 772 illis
3595 716 3766 772 fuisse

2164 809 2217 863 in
2249 807 2581 878 Hispaniam,
2616 794 2705 864 ubi
2737 809 2952 863 tandem
2979 800 3096 879 ipse
3125 808 3383 864 Hercules
3406 819 3647 865 mortuus
3678 823 3767 865 se-

2164 901 2450 972 pultusque
2478 900 2598 956 l‘uit.
2630 898 2828 957 Scribit
2851 912 2982 956 vero
3006 900 3140 957 Mela
3165 903 3221 957 in
3244 901 3505 958 Gaditana
3534 901 3762 983 insula):

2170 986 2505 1068 «Templum
2556 994 2793 1069 Egyptii
2847 988 3132 1065 Herculis,
3185 996 3593 1063 conditoribus,
3636 992 3769 1051 reli-

2162 1086 2322 1159 gione
2345 1130 2360 1155 ,
2412 1098 2685 1143 vetustate
2706 1128 2720 1155 ,
2759 1088 2950 1158 opibus
2982 1088 3189 1144 illustre
3212 1130 3227 1156 ,
3260 1088 3408 1161 Tyrii
3438 1088 3760 1169 condidere.

2163 1181 2269 1238 Cur
2296 1191 2541 1237 sanctum
2574 1182 2643 1237 sit
2668 1224 2683 1250 ,
2715 1195 2843 1237 ossa
2872 1180 2987 1251 ejus
3017 1178 3091 1237 ibi
3122 1182 3227 1238 sita
3249 1224 3266 1252 ,
3293 1180 3533 1239 efficiunt
3573 1180 3763 1256 (Mela,

2162 1273 2252 1329 lib.
2278 1278 2354 1341 tu,
2384 1289 2499 1341 cap.
2530 1272 2610 1345 6).
2637 1292 2655 1324 ι
2712 1271 2818 1328 Sed
2864 1273 2936 1328 ibi
2984 1272 3118 1329 Mela
3164 1273 3233 1329 ab
3258 1272 3525 1341 Arriano,-
3563 1284 3618 1329 et
3642 1274 3766 1330 aliis

2163 1365 2365 1421 idcirco
2394 1366 2688 1436 castigatur
2707 1405 2722 1431 ,
2750 1366 2893 1436 quod
2924 1363 3210 1421 Herculem
3238 1365 3550 1439 Egyptian:
3580 1375 3635 1422 et
3659 1366 3766 1439 Ty-

2161 1462 2299 1515 rium
2325 1502 2340 1527 ,
2390 1476 2526 1530 quos
2568 1459 2760 1515 Cicero
2801 1457 2999 1532 aliique
3027 1459 3398 1531 distinguunt,
3432 1468 3767 1532 praepostere

2160 1552 2465 1606 confuderit
2487 1550 2744 1623 (Arrium,
2776 1551 2866 1615 lib,
2892 1567 2929 1607 ιι
2956 1551 3021 1606 de
3038 1546 3244 1623 Exped.
3268 1550 3442 1619 Alea,
3467 1569 3585 1624 pag.
3609 1550 3764 1622 125).

2162 1645 2239 1700 De
2265 1643 2427 1716 Tyrio
2456 1654 2636 1701 autem
2660 1645 2806 1725 ,lqui
2848 1645 2901 1700 in
2952 1645 3205 1716 HiSpania
3256 1646 3570 1714 colebatur,
3619 1661 3766 1717 prte-

463 1738 627 1799 l'uisse
657 1745 847 1814 probat
892 1744 1153 1799 Patroclis
1177 1744 1394 1811 Thurii,
1436 1746 1688 1802 Clemens
1718 1762 1846 1802 vero
1875 1745 2055 1801 Philo—
2084 1736 2132 1807 Β
2161 1748 2241 1805 te?
2265 1737 2375 1809 jam
2424 1737 2673 1794 laudatos
2724 1739 3051 1794 Pausaniam
3091 1745 3147 1795 ει
3187 1740 3473 1794 Απίθηυιη
3500 1782 3514 1807 ν
3559 1740 3767 1810 inﬂeris

461 1834 614 1890 chori
665 1836 994 1891 testimonio.
1046 1838 1316 1894 Arnobius
1357 1842 1617 1908 prmterea
1660 1823 1881 1904 nullius,
1928 1839 2053 1894 Cle-

460 1942 616 1982 mens
642 1937 818 1983 autem
851 1930 1008 1985 trium
1039 1929 1301 1987 Patroclis
1329 1932 1551 2001 Thurii,
1579 1934 1815 2005 iunioris
1841 1932 2053 2004 Sophos

2155 1833 2218 1900 Q.
2247 1832 2488 1888 Curtium
2520 1848 2584 1889 ac
2614 1834 2862 1889 Vossium
2888 1835 3176 1890 conSulere
3205 1834 3436 1905 (Arrian.
3461 1877 3476 1901 ,
3500 1835 3599 1889 loc.
3631 1835 3767 1898 cit.;

2158 1927 2222 1993 ρ.
2255 1924 2424 1993 Cum,
2455 1927 2544 1981 lib.
2574 1941 2682 1991 vn;
2716 1925 2883 1994 Voss,
2914 1927 3003 1981 lib.
3034 1942 3048 1982 ι
3080 1927 3144 1981 de
3167 1925 3313 1999 Orig.
3340 1935 3388 1982 et
3421 1925 3583 1997 Prog.
3606 1926 3766 1998 idol.,

461 2020 599 2086 clis,
647 2029 702 2076 et
746 2020 964 2077 Homeri
1016 2028 1345 2081 auctoritate
1383 2027 1621 2082 ostendit
1667 2025 1949 2083 Castorem
1992 2044 2056 2085 ac

2175 2034 2273 2090 παρ.
2302 2016 2395 2086 54,
2424 2034 2545 2090 pag.
2571 2020 2671 2074 1⁸51
2698 2026 2745 2072 et
2769 2017 2955 2090 scqq.).

461 2115 735 2171 Pollucem
774 2118 1040 2173 obnoxios
1092 2121 1254 2174 morti
1295 2116 1461 2175 fuisse
1502 2121 1770 2190 homines,
1809 2131 1865 2179 et
1888 2122 2057 2179 Lace-

459 2206 705 2263 daemone
747 2210 1003 2279 sepultos.
1059 2212 1296 2284 Denique
1344 2214 1596 2271 Clemens
1633 2216 1854 2271 formam
1906 2216 2057 2272 habi-

461 2308 681 2370 tumque
719 2294 966 2357 Herctilis
994 2345 1009 2369 ,
1064 2313 1225 2374 atque
1272 2307 1345 2361 uti
1375 2307 1606 2372 videtur,
1638 2308 1826 2362 mortis
1850 2323 2052 2378 genus,

458 2393 907 2462 quemadmodum
938 2392 1300 2468 Hieronymus
1327 2398 1681 2469 phil050phus
1700 2441 1714 2465 ,
1741 2405 1795 2455 et
1825 2401 2057 2456 Dicmar-

456 2488 593 2541 chus
615 2487 869 2554 retulere,
903 2489 1172 2544 Arnobius
1204 2505 1333 2545 vero
1358 2533 1373 2558 ,
1406 2493 1544 2545 sicut
1568 2490 1904 2558 Clueroneus,
1942 2493 2058 2548 sive

458 2579 549 2632 uti.
584 2579 637 2634 in
670 2580 858 2637 codice
883 2582 1035 2652 regio
1075 2583 1334 2654 scriptum
1400 2585 1654 2652 diximus,
1715 2585 2058 2658 Hieronymus

457 2670 792 2729 Plutarchus.

526 2763 729 2823 Verum
760 2785 868 2824 non
897 2780 1044 2825 tanta
1078 2772 1221 2827 inter
1247 2772 1384 2827 duos
1411 2782 1626 2828 nostros
1654 2766 1952 2845 scriptores
1971 2782 2060 2829 est

455 2862 756 2930 dissensio,
806 2865 851 2918 si
882 2866 1153 2922 Arnobius
1181 2867 1385 2921 nullum
1417 2868 1708 2938 sepulturae
1737 2867 1977 2924 Castoris
2003 2876 2060 2924 et

457 2944 695 3010 Pollucis
727 2963 948 3023 testem,
992 2956 1179 3028 plures
1208 2973 1339 3014 vero
1374 2958 1631 3016 Clemens
1670 2970 1830 3032 atque
1866 2962 1918 3015 in
1950 2962 2059 3030 pri—

455 3048 559 3102 mis
588 3046 878 3104 Homerum
919 3050 1182 3106 citaverit.
1235 3051 1340 3107 Sed
1384 3052 1580 3108 mirum
1628 3054 1855 3109 fortasse
1898 3054 2057 3110 alicui
2102 3098 2105 3101 λ

2227 2111 2518 2167 Thebanus
2547 2120 2708 2182 porro
2734 2112 3012 2175 Hercules,
3040 2115 3143 2169 etsi
3162 2113 3310 2170 lovis
3337 2124 3395 2170 et
3422 2114 3763 2182 Alcumenae,

2159 2210 2218 2257 ut
2243 2216 2272 2255 a
2303 2203 2460 2258 nobis
2486 2215 2640 2258 antea
2668 2204 3012 2259 observatum
3039 2213 3124 2260 est
3165 2204 3409 2277 (Dilsert.
3447 2208 3505 2260 in
3533 2205 3762 2274 Minoa,-

2167 2312 2281 2366 cap.
2308 2297 2396 2362 15,
2418 2305 2520 2350 art.
2544 2297 2623 2365 ὅ),
2643 2296 2907 2352 adulterio
2925 2306 3102 2365 natus,
3125 2298 3530 2371 Amphitryonis
3555 2308 3759 2366 tamen,

2161 2386 2441 2455 Thebani,
2489 2396 2546 2443 et
2573 2389 2814 2459 ejusdem
2847 2389 3161 2445 Alcumena;
3191 2390 3393 2458 mariti,
3427 2391 3566 2446 lilius
3598 2392 3766 2447 habe~

2158 2483 2349 2548 batur,
2389 2492 2551 2553 atque
2578 2481 2781 2536 idcirco
2809 2484 3114 2552 appellatur
3142 2482 3452 2540 Thebanus.
3493 2483 3602 2539 Cur
3633 2486 3766 2540 vero

2158 2589 2222 2629 ac
2248 2573 2516 2645 quomodo
2544 2575 2615 2628 in‘
2636 2572 2806 2630 Oeteo
2836 2587 3019 2630 monte
3046 2579 3201 2630 vivus
3229 2564 3543 2632 combustus
3576 2575 3764 2643 fuerit,

2158 2667 2286 2722 alibi
2318 2667 2479 2722 etiam
2509 2667 2919 2737 esplicavimus.
2970 2668 3041 2722 At
3063 2668 3190 2724 inde
3213 2671 3558 2739 explanatum
3585 2668 3765 2724 adhuc

2160 2759 2409 2826 habebis,
2438 2758 2583 2830 quod
2613 2772 2800 2815 rursus
2825 2762 3013 2816 auctoi'
3041 2773 3226 2816 noster
3250 2762 3409 2831 paulo
3444 2771 3564 2832 post
3588 2761 3761 2816 dixit:

2167 2872 2186 2903 ι
2225 2848 2413 2908 Proles
2456 2852 2648 2920 lovis,
2715 2851 3003 2923 Sophoclis
3042 2852 3096 2907 id
3122 2853 3457 2922 Trachiniis,
3501 2854 3763 2912 Hercules

2163 2944 2400 3014 pestiferi
2444 2945 2695 3015 tegminis
2752 2947 3157 3003 circumretitus
3203 2947 3497 3018 indagine,
3538 2948 3766 3005 misera-

2160 3037 2299 3093 biles
2349 3037 2518 3093 edere
2568 3037 2840 3094 inducitur
2906 3039 3143 3109 ejulatus
3172 3081 3186 3105 ,
3249 3040 3507 3096 violentia
3554 3040 3763 3096 doloris

453 3140 723 3198 videbitur
749 3160 847 3199 cur
883 3146 1085 3200 nullam
1126 3149 1455 3203 mentionem
1498 3146 1689 3205 iecerit
1719 3148 1878 3219 hujus
1916 3166 2057 3221 grte-

2175 3129 2335 3201 Trangi
2355 3170 2373 3197 ,
2415 3140 2577 3200 atque
2612 3132 2665 3184 in
2705 3131 2948 3186 ultimam
2979 3132 3156 3188 tabem
3184 3130 3549 3190 difﬂuentium
3579 3134 3762 3190 visce-

455 3249 641 3289 corum
685 3246 967 3307 poetarum
994 3239 1266 3309 principis
1296 3281 1311 3305 ,
1354 3241 1444 3310 qui
1502 3257 1606 3296 non
1638 3243 1814 3297 solum
1860 3258 1891 3297 a
1931 3241 2055 3297 Cle-

454 3332 662 3391 mente,
688 3329 781 3383 sed
811 3330 973 3384 etiam
998 3346 1027 3385 a
1053 3328 1318 3387 Cicerone
1344 3328 1592 3388 laudatur
1616 3334 1701 3390 his
1725 3322 2059 3405 tetidemque

456 3420 673 3477 verbis:
711 3441 729 3473 ‹
760 3418 926 3488 Quos,
955 3441 974 3474 ι
1004 3422 1283 3479 Castorem
1311 3434 1367 3480 et
1389 3425 1685 3492 Pollucem,
1719 3446 1738 3478 ‹
1768 3425 2054 3494 Homerus,

456 3517 546 3588 qui
570 3532 760 3572 recens
788 3517 857 3572 ab
901 3516 1116 3571 illorum
1148 3528 1307 3573 astate
1334 3518 1454 3583 fuit,
1498 3521 1742 3589 sepu‘ltus
1767 3535 1891 3577 esse
1931 3520 2061 3576 dicit

456 3598 848 3697 Lacedaemone
877 3602 1006 3685 (Cic.
1028 3655 1041 3677 ,
1078 3612 1167 3667 lib.
1196 3628 1251 3667 ιιι
1273 3606 1336 3666 de
1360 3608 1552 3697 Nalm.
1574 3612 1719 3669 deor.
1743 3657 1758 3681 ,
1779 3632 1900 3686 pag.
1929 3615 2058 3697 241,

460 3691 555 3763 lin.
586 3708 699 3780 50).
727 3726 746 3760 ι
782 3704 994 3778 διηρίιιε
1018 3709 1161 3763 enim
1195 3706 1470 3763 Arnobius
1514 3694 1703 3764 horum
1737 3691 2057 3781 scriptorum

457 3802 687 3871 vestigia
716 3801 933 3871 premit.

536 3894 737 3950 Verum
785 3894 836 3949 in
879 3893 980 3949 hoc
1011 3896 1182 3965 magis
1221 3910 1249 3948 a
1282 3895 1560 3951 Clemente
1595 3883 1878 3963 dissentit,
1919 3884 2063 3966 quod

457 3982 674 4044 Saturni
719 3985 1047 4058 sepulturam
1101 3987 1397 4051 Patroclis,
1453 3985 1708 4043 Clemens
1752 3972 2060 4044 Philochori

461 4082 773 4139 testimonio
816 4078 1124 4136 conﬁrmat.
1205 4081 1457 4137 Diversos
1506 4084 1785 4139 enimvero
1809 4084 1972 4141 vades
2017 4070 2061 4141 si

459 4174 589 4231 dare
615 4175 939 4242 noluerunt,
982 4173 1125 4240 vide,
1158 4189 1365 4245 quaeso,
1414 4185 1590 4230 utrum
1630 4162 1903 4233 Arnobius
1943 4195 2059 4235 me-

460 4268 630 4322 moria
661 4267 842 4337 lapsus
870 4267 962 4332 sit,
993 4276 1085 4321 aut
1108 4282 1262 4322 error
1292 4269 1343 4321 in
1378 4269 1581 4323 librarii
1615 4270 1955 4327 oscitantiam
1980 4274 2063 4329 vel

2158 3240 2276 3279 rum
2308 3225 2669 3280 maceratione
2695 3228 2938 3281 consumi
2966 3246 2984 3278 ι
3018 3227 3258 3298 (Amat,
3292 3227 3381 3283 lib.
3402 3244 3478 3297 tv,
3504 3244 3625 3300 pag.
3655 3229 3755 3287 151

2158 3326 2205 3369 et
2231 3314 2417 3387 seqq.).
2465 3317 2619 3372 Prius
2664 3333 2793 3374 vero
2820 3317 3042 3385 Cicero,
3104 3330 3159 3376 et
3202 3323 3400 3379 clarius
3444 3341 3457 3377 :
3512 3342 3531 3375 ι
3567 3323 3764 3380 Videa-

2160 3424 2281 3463 mus
2304 3451 2319 3475 ,
2356 3427 2375 3461 ι
2429 3411 2644 3480 inquit,
2694 3431 2711 3463 ι
2744 3410 3031 3468 Herculer'n‘
3050 3410 3222 3484 ipsum
3252 3456 3267 3483 ,
3315 3418 3407 3487 qui
3439 3428 3551 3472 tum
3576 3418 3763 3475 dolore

2160 3502 2529 3572 frangebatur,
2557 3518 2679 3560 cum
2709 3504 3165 3561 immortalitatem
3198 3508 3310 3579 ipsa
3342 3517 3520 3565 morte
3549 3526 3764 3580 quaere-

2159 3595 2269 3650 bat.
2321 3596 2466 3664 Quas
2516 3598 2602 3653 hic
2638 3606 2801 3653 voces
2845 3599 2989 3668 apud
3016 3597 3343 3670 Sophoclem
3373 3603 3426 3657 ih‘
3455 3601 3762 3660 Trachiniis

2163 3680 2311 3745 edit?
2351 3689 2448 3745 Cui
2471 3692 2593 3747 eum
2648 3688 2894 3762 Dejauira
2920 3680 3197 3764 {sanguine
3242 3688 3495 3752 Centauri
3537 3698 3759 3754 tinctam

2165 3783 2399 3838 tunicam
2426 3785 2727 3851 induisset,
2772 3786 3180 3858 inhaesissetque
3209 3804 3271 3843 ea
3306 3790 3602 3849 visceribus
3628 3834 3643 3858 ,
3684 3793 3763 3849 ait

2162 3874 2260 3931 ille
2287 3877 2367 3930 :0
2387 3877 2578 3945 multa,
2602 3886 2705 3933 etc.
2737 3895 2756 3930 ι
2790 3877 3007 3951 (Cicem
3032 3880 3121 3935 lib.
3155 3897 3193 3936 tt
3218 3880 3457 3951 Tuscul;,
3483 3886 3600 3957 pag.
3635 3868 3759 3956 138,

2164 3971 2255 4025 lia.
2298 3968 2412 4044 £9).
2462 3972 2790 4045 Transcripli
2829 3979 2958 4032 vero
2996 3976 3283 4048 Sophoclis
3330 3980 3521 4038 v‘ers‘us
3559 3978 3613 4038 lli
3658 3974 3760 4056 e‘a,

2163 4070 2319 4134 quam
2349 4066 2469 4133 ille,
2501 4068 2630 4123 citat
2657 4068 2925 4140 tragcedla
2967 4066 3029 4126 re‘
3074 4071 3193 4142 ipsa
3239 4072 3584 4132 inveniuntur
3622 4070 3757 4152 (Sd-

2166 4159 2359 4227 pho‘cl.,
2382 4160 2434 4213 in
2453 4157 2726 4229 Trachin.,
2750 4168 2879 4219 vers.
2914 4154 3049 4220 1057
3078 4168 3127 4221 el
3145 4166 3327 4241 πρῲ).

2235 4251 2409 4318 Quam
2421 4252 2653 4309 validum
2681 4260 2847 4326 porro
2863 4258 2932 4312 su
2954 4256 3097 4315 ishid
3116 4248 3338 4318 Arnohii
3358 4264 3757 4338 argumentum,

461 4350 797 4415 inscientiam
849 4359 999 4430 rejici
1052 4359 1266 4415 debeat.
1320 4362 1386 4416 At
1426 4372 1574 4418 certe
1620 4363 1735 4419 haec
1780 4367 2059 4423 oscitantia

2175 4347 2252 4402 vel
2279 4361 2345 4401 ex
2388 4346 2503 4419 ipso
2551 4347 2812 4408 Cicerone
2840 4350 3097 4425 colliges,
3139 4356 3229 4427 qui
3273 4362 3401 4414 cum'
3443 4360 3666 4420 dixisset
3692 4365 3761 4421 ab

463 4452 634 4525 magis
678 4460 826 4523 patet
870 4453 922 4508 in
951 4453 1236 4524 descriptis
1274 4444 1583 4511 nominibus
1621 4456 1929 4515 Chananeus
1976 4462 2059 4517 vel

2175 4441 2503 4499 Evehemero
2534 4452 2586 4500 et
2614 4452 2815 4502 mortes
2840 4457 2894 4503 et
2917 4450 3222 4521 sepulturas
3252 4434 3611 4513 demonstrari
3631 4459 3761 4515 deo-

465 4494 634 4525 .....,,..,
678 4494 826 4523 ru.-.
952 4494 1236 4524 υυυν..,,..ο
1622 4494 1929 4515 “manu...
1983 4494 2059 4517 νς.

465 4544 811 4618 Hieronymus
837 4544 1163 4602 Plutharcus.
1198 4547 1254 4603 Si
1282 4547 1422 4603 enim
1455 4550 1841 4613 Arnobiusibi,
1872 4569 2059 4623 quem-

2175 4550 2309 4599 rum,
2343 4536 2466 4592 hinc
2496 4540 2768 4595 concludit
2809 4542 2875 4597 ab
2900 4494 3196 4600 illortOtam
3236 4540 3448 4617 penitus
3493 4550 3608 4606 tolli
3637 4553 3759 4609 réli-
3854 4588 3859 4593 -

465 4624 752 4695 admodum
800 4640 937 4696 alibi
985 4640 1317 4696 Clementem
1382 4642 1664 4712 sequitur,
1713 4646 2057 4703 scribendum

2175 4628 2413 4698 gionem',
2462 4630 2561 4686 sed
2602 4638 2707 4687 non
2739 4633 2897 4690 aliam
2929 4639 3170 4706 proiecto
3199 4680 3214 4706 ,
3265 4640 3377 4695 nisi
3417 4639 3759 4707 ethnicorum

467 4741 584 4821 erat
613 4728 967 4804 Hieronymus
989 4734 1341 4805 philosOphus,
1373 4736 1461 4804 qui
1494 4724 1775 4821 Herculem
1801 4738 1856 4795 in
1879 4746 2059 4798 monte

2175 4719 2379 4793 Dicet,
2402 4722 2459 4778 tu
2478 4723 2572 4793 ﬁn.
2602 4724 2733 4783 (illst
2764 4724 2827 4781 de
2857 4722 3242 4821 Naldrzdeorw
3278 4730 3399 4806 pagi.
3423 4732 3575 4808 212).

469 4814 599 4881 Oeta
626 4841 685 4881 se
715 4826 893 4879 vivum
923 4824 1287 4882 combussisse
1315 4814 1571 4898 prodidit.

539 4921 803 4976 Caeterum
857 4920 928 4976 de
981 4921 1137 4992 hujus
1204 4932 1260 4979 et
1326 4926 1553 4981 alterius
1596 4906 1845 4984 Herculis
1891 4934 2065 4988 morte

470 5018 656 5095 auctor
686 5023 867 5093 noster
890 5015 1062 5084 primo
1085 5030 1184 5070 suo
1212 5019 1262 5070 in
1294 5016 1430 5073 libro
1452 5019 1663 5095 dixerat
1682 5023 1702 5074 :'
1735 5040 1752 5071 ι
1776 5006 2064 5080 Thebanus

472 5113 566 5158 aut
595 5094 787 5175 Tyrius
813 5094 1070 5162 Hercules
1090 5149 1104 5173 ,
1151 5107 1239 5164 hic
1287 5110 1339 5164 in
1381 5094 1574 5168 linibus
1600 5114 1839 5183 sepultus
1866 5115 2060 5186 Hispa-

474 5199 598 5263 niae,
622 5198 851 5253 ﬂammis
872 5201 1008 5255 alter
1022 5190 1591 5260 concrematusOeteis
1613 5226 1632 5259 ι
1659 5206 1897 5279 (Arnob.,
1917 5210 2000 5264 lib.
2022 5228 2057 5276 I,

476 5309 593 5365 pag.
636 5292 749 5363 20).
810 5293 963 5348 Prior
1004 5304 1180 5353 autem
1234 5299 1324 5353 ille
1362 5288 1616 5355 Hercules
1660 5300 1788 5367 fuit,
1841 5302 1909 5358 de
1952 5320 2060 5375 quo

478 5382 769 5439 Pausanias
806 5386 922 5441 lucc
960 5386 1153 5444 litteris
1181 5392 1516 5461 consignavit
1555 5380 1846 5463 (Pansam,
1887 5395 1975 5449 lib.
2000 5413 2054 5464 v,

480 5495 599 5550 pag.
635 5476 759 5552 175)
794 5498 806 5534 :
852 5480 914 5559 Et
941 5480 1100 5537 Thasi
1124 5484 1323 5554 quidem
1355 5486 1524 5538 audivi
1549 5484 1761 5558 Tyrium
1785 5505 1890 5543 esse
1916 5489 2053 5549 Iler-

477 5562 637 5628 culem
658 5615 672 5641 ,
699 5591 846 5643 quem
875 5564 1054 5630 Thasii
1083 5576 1146 5629 ab
1172 5577 1317 5632 initio
1338 5590 1499 5633 essent
1530 5582 1750 5635 venerati
1773 5600 1785 5636 :
1816 5583 1909 5637 sed
1926 5586 2059 5639 enim

481 5686 595 5724 cum
631 5685 684 5724 se
714 5670 793 5724 illi
823 5666 1012 5725 Gra’cis
1039 5670 1391 5738 adjunazissent
1410 5716 1424 5742 ,
1456 5684 1643 5744 ereptos
1666 5675 1728 5729 ab
1760 5675 1823 5730 iis
1849 5660 2063 5747 Amphi-

483 5762 677 5833 tryonis
704 5761 855 5816 etiam
880 5763 989 5831 ﬁlio
1014 5762 1227 5818 honores
1258 5766 1449 5822 haberi.
1496 5762 1726 5825 ’Ἤκουσα
1749 5768 1802 5825 δὲ
1831 5754 1881 5826 ei
1906 5768 2065 5847 Θὰσῳ

2769 4818 2997 4882 CAPUT
3036 4809 3153 4884 iv.

2172 4912 2438 4980 Quomodo
2470 4916 2729 4970 Arnobius
2768 4917 3057 4987 probaverit
3092 4922 3264 4975 omnia
3289 4918 3404 4989 quia
3438 4920 3502 4978 de
3540 4919 3641 4982 dlis
3680 4934 3758 4983 me

2237 5010 2435 5059 inorata
2474 5008 2618 5084 sunt,
2680 5006 2814 5063 male
2841 5009 2895 5063 in
2941 5008 3119 5081 poetas
3148 5010 3216 5066 ab‘
3237 5014 3449 5072 ethnicis
3475 5014 3654 5091 reﬁti,
3696 5035 3758 5076 ac

2237 5098 2359 5152 deos
2384 5098 2559 5164 ludis,
2604 5100 2665 5153 in‘
2692 5106 2867 5181 eorum
2909 5100 3150 5160 honorem
3176 5105 3457 5179 institutis,
3485 5100 3754 5185 infamari,

2236 5196 2285 5245 et
2309 5193 2561 5247 attributa
2578 5192 2799 5265 spatiari
2821 5198 3103 5254 divinitate.

2691 5286 2983 5346 inficetus
3020 5276 3229 5349 animus.

2161 5374 2444 5449 Ostenditur
2468 5389 2527 5427 ea
2549 5378 2866 5449 enmia‘,_qu:e
2889 5374 2953 5449 de
2975 5380 3069 5434 diis
3090 5384 3216 5436 dicta
3241 5388 3368 5449 sunt,
3393 5384 3522 5442 male
3560 5386 3758 5446 remedi

2224 5442 2273 5517 ip
2296 5448 2489 5517 poet-as,
2509 5450 2659 5504 atque
2685 5442 2911 5517 ethnicos
2926 5446 3161 5517 debuisse
3190 5450 3242 5498 in
3272 5442 3411 5511 illos,-
3436 5442 3756 5517 quemddﬁ.‘

2219 5502 2333 5575 dum
2358 5502 2592 5555 adversus
2609 5518 2813 5575 regnum
2834 5511 3102 5575 potentiam
3114 5502 3755 5575 murrnuranteskt‘calum-

2223 5562 2463 5641 uiatores,
2501 5555 2793 5641 sentenbtiam
2834 5555 3753 5641 'lerre

2222 5627 2721 5761 hgtmtgim.
2740 5646 2797 5683 ac
2820 5627 3165 5698 pantomimos.)
3181 5640 3267 5688 ubi
3290 5640 3358 5692 de
3669 5627 3755 5696 vi:

2240 5772 2395 5831 Tanti
2434 5760 2686 5848 ponderis
2729 5793 3072 5855 argumenta,
3118 5802 3146 5840 a
3186 5760 3347 5848 nobis
3368 5792 3648 5867 exposita,
3690 5807 3743 5853 ut
