3990 6072
199 310 301 370 557

1375 306 1442 365 ΙΝ
1480 288 1853 372 ARNUBIUM,
1895 298 2047 357 CAP.
2090 298 2204 356 XV.

3384 303 3489 361 558

200 425 400 483 ethnici
440 427 714 484 infirmare
738 468 755 496 ,
797 435 889 483 aut
929 433 1078 485 certe
1104 426 1328 483 eludere
1375 440 1591 498 quoquo
1634 420 1795 478 modo

1929 414 2080 469 uistis
2108 412 2339 484 injuriis.
2374 432 2393 466 ι
2430 410 2685 487 (Arnob,
2720 411 2810 469 lib.
2840 428 2915 479 tv,
2951 429 3071 485 pag.
3110 412 3261 486 151.)
3290 412 3345 471 Si
3372 416 3494 485 quis

202 529 466 590 possent,
514 510 909 592 respondebant
940 537 1002 576 ea
1034 520 1209 575 omnia
1233 520 1458 575 deorum
1492 518 1799 589 turpissima

200 598 341 687 facta
364 654 379 678 ,
433 613 631 667 niortes
665 621 718 667 et
743 613 1044 683 sepulturas
1073 606 1324 687 figmenta
1350 626 1472 667 esse
1496 622 1761 681 poetarum
1780 654 1795 679 ,

201 687 274 762 si:
318 684 381 760 iis
428 721 530 758 non
562 719 708 760 same
743 705 938 760 mentis
989 684 1293 760 hominibus
1333 696 1399 759 ad
1426 703 1800 779 libidinemac

200 797 533 867 voluptatem
567 796 884 879 composita,
924 799 1119 869 quibus
1146 797 1454 868 imperitum
1485 796 1675 867 vulgus
1700 777 1798 853 de-

201 899 481 960 ceperunt.
528 887 725 945 Verum
769 890 853 946 cui
903 890 1163 946 credibile
1196 891 1322 957 ﬁet,
1373 888 1447 944 ait
1494 888 1796 955 Arnobius,

203 993 392 1054 poetas
434 974 721 1041 vetustatis
765 983 1142 1041 remotissimae
1170 1000 1236 1040 eo
1264 983 1611 1054 impudentiae
1639 982 1802 1038 deve-

204 1077 371 1142 uisse,
397 1086 457 1133 ut
478 1078 703 1134 infames
731 1082 888 1150 atque
910 1068 1351 1135 obscmnissimas
1374 1076 1442 1133 de
1471 1077 1573 1133 diis
1597 1070 1803 1133 fabulas

202 1185 352 1225 caeco
388 1170 569 1227 furore
611 1171 1122 1240 disseminaverint,
1179 1172 1489 1242 nullamque
1515 1171 1805 1227 metuerint

203 1271 301 1317 aut
348 1277 379 1318 a
407 1263 510 1319 diis
551 1263 723 1334 ipsis,
780 1273 874 1320 aut
930 1264 1238 1323 hominibus
1294 1279 1507 1336 pmnam
1554 1263 1801 1335 (Arnob.,

205 1354 296 1408 lib.
331 1368 407 1423 tv,
438 1373 560 1428 pag.
596 1356 699 1413 ιιε
725 1365 774 1412 et
800 1355 992 1431 seqq.).

287 1447 490 1504 Deinde
520 1462 649 1504 vero
675 1490 690 1515 ,
739 1450 859 1505 esto
883 1491 899 1517 ,
952 1459 1137 1505 contra
1166 1448 1255 1520 jus
1280 1464 1439 1505 omne
1462 1459 1515 1505 et
1543 1447 1646 1514 fas,
1687 1442 1807 1504 htec

204 1542 495 1597 commenti
528 1541 657 1609 sint,
691 1556 785 1597 cur
812 1556 945 1613 ergo
972 1542 1051 1598 illi
1074 1544 1249 1615 legum
1279 1544 1567 1599 severitate
1595 1532 1807 1597 debitas

206 1638 361 1690 tanto
391 1634 579 1690 sceleri
612 1650 801 1706 pmnas
830 1651 937 1691 non
964 1634 1273 1692 dederunt?
1320 1628 1513 1691 Nonne
1549 1634 1806 1707 gravissi-

207 1740 359 1783 mum
386 1728 586 1783 crimen
617 1738 699 1783 est
726 1720 921 1785 famam
953 1728 1178 1802 alicujus
1204 1771 1219 1795 ,
1265 1730 1435 1785 multo
1465 1730 1635 1801 magis
1675 1724 1803 1794 Dei,

1901 506 2029 559 velit
2074 502 2124 558 id
2154 504 2253 559 sibi
2299 504 2527 573 alicujus
2570 506 2890 561 auctoritate
2918 506 3174 577 probari,
3218 508 3264 563 is
3312 508 3497 564 audiat

1902 599 2221 654 Ciceronem
2252 615 2266 654 :
2305 617 2324 650 ι
2362 598 2652 655 Duodecim
2682 600 2877 654 tabulte
2898 644 2912 669 ,
2945 620 2963 653 ι
3000 602 3075 656 ait
3114 614 3316 671 orator,
3351 622 3369 655 ι
3401 601 3498 659 de-

1903 691 2112 748 clarant
2150 689 2307 747 condi
2347 691 2462 762 jam
2495 686 2608 746 lum
2650 692 2863 747 solitum
2911 708 3029 749 esse
3058 709 3276 749 carnem
3311 712 3324 748 :
3353 694 3500 765 quod

1904 796 1973 839 ne
1990 773 2178 839 liceret
2195 783 2310 839 fieri
2332 783 2399 839 ad
2421 784 2645 840 alterius
2663 778 2934 856 injuriam,
2961 784 3106 857 leges
3128 795 3446 844 sanxerunt.
3471 809 3493 842 ι

1907 872 2131 952 (Cicer.,
2180 874 2269 934 lib.
2313 895 2368 936 tv
2415 874 2659 947 Tuscul.,
2714 897 2833 952 pag.
2888 878 3012 948 163,
3043 876 3137 936 lin.
3166 866 3284 953 23.)
3316 882 3501 954 Augu-

1904 972 2075 1027 stinus
2104 980 2233 1027 vero
2282 976 2508 1028 testatur
2553 988 2613 1028 se
2664 988 2729 1029 ex
2760 988 2904 1029 nunc
2933 972 3215 1044 deperdito
3253 968 3503 1045 ejusdem

1904 1058 2179 1119 Ciceronis
2219 1074 2414 1135 quarto
2453 1064 2521 1120 de
2570 1062 2866 1137 Republica
2911 1064 3055 1122 libro
3096 1066 3210 1122 haec
3236 1064 3304 1123 de
3334 1069 3504 1125 verbo

1905 1152 1972 1213 ad
2003 1156 2228 1214 verbum
2260 1158 2636 1229 descripsisse.
2667 1178 2686 1211 ι
2720 1157 2933 1215 Nostrae
2980 1158 3263 1216 duodecim
3307 1161 3506 1218 tabulae

1906 1268 2027 1309 cum
2083 1268 2379 1324 perpaucas
2429 1269 2517 1309 res
2561 1253 2739 1323 capite
2785 1255 3128 1320 sanxissent,
3170 1257 3222 1309 in
3255 1256 3506 1312 bishanc

1907 1360 2121 1417 quoque
2144 1336 2488 1403 sanciendam
2508 1356 2863 1418 putaverunt;
2888 1347 2933 1403 si
2948 1350 3068 1420 quis
3086 1350 3502 1417 occentavisset,

1907 1442 2028 1498 sive
2079 1459 2297 1499 carnem
2350 1443 2715 1512 condidisset,
2773 1443 2917 1515 quod
2971 1441 3249 1499 infamiam
3301 1441 3508 1500 faceret

1907 1536 2237 1609 ﬂagitiumve
2263 1538 2441 1594 alteri.
2470 1538 2757 1595 Prmclare.
2786 1536 3011 1595 Judiciis
3036 1541 3181 1596 enim
3223 1543 3509 1613 magistra—

1911 1639 2058 1686 tuum
2076 1673 2093 1699 ,
2120 1630 2605 1703 disceptationibus
2650 1630 2907 1703 legitimis
2935 1632 3268 1703 pr0positam
3298 1633 3465 1687 vitam
3487 1674 3506 1701 ,

1911 1741 2020 1780 non
2050 1735 2331 1796 poetarum
2360 1726 2588 1797 ingeniis
2626 1725 2827 1783 habere
2879 1726 3174 1795 debemus,
3224 1745 3327 1785 nec
3376 1745 3511 1801 pro-

210 1818 450 1875 laedere?
500 1810 689 1876 Nonne
728 1820 902 1893 majus
950 1830 1035 1878 eSt
1076 1821 1381 1878 convicium
1407 1862 1423 1889 ,
1478 1820 1526 1875 si
1571 1816 1804 1892 aliquem
1834 1812 1882 1876 B
1907 1817 2066 1875 brum
2098 1820 2320 1887 audire;
2356 1816 2458 1877 nisi
2487 1838 2549 1878 ea
2595 1821 2716 1892 lege
2759 1831 2818 1876 ut
2865 1821 3196 1893 respondere
3225 1822 3422 1891 liceat,
3458 1832 3515 1880 et

207 1908 330 1967 falsi
357 1910 599 1967 criminis
628 1920 844 1985 arguas,
873 1924 1033 1985 quam
1059 1912 1105 1969 si
1135 1928 1257 1970 eum
1286 1914 1335 1970 ei
1362 1912 1638 1983 objectes?
1669 1911 1808 1981 Quid
1904 1911 2109 1982 judicio
2136 1912 2429 1970 defendere
2461 1932 2480 1967 ι
2530 1911 2772 1988 (August.
2798 1955 2815 1983 ,
2844 1913 2934 1969 lib.
2969 1931 3007 1970 ιι
3033 1915 3097 1969 de
3121 1915 3269 1971 Civil.
3290 1958 3305 1984 ,
3329 1917 3512 1987 cap.9,

208 2010 373 2071 Vero,
416 2006 560 2077 quod
591 1996 805 2087 Ethnici
839 2006 927 2077 qui
971 2010 999 2061 ἐι
1030 2005 1204 2062 doctis
1234 2016 1339 2061 tam
1381 2008 1556 2077 turpia
1584 2004 1811 2060 deorum
1912 2020 2033 2076 pag.
2065 2002 2134 2061 58
2153 2003 2196 2078 ).
2229 2004 2385 2072 Quod
2434 2006 2652 2077 quidem
2692 2004 3027 2077 Augustinus
3071 2006 3295 2063 Seneca:
3338 2008 3516 2065 adhuc

210 2100 447 2154 facinora
479 2100 735 2155 venditari
766 2098 1351 2178 imponebatiebantur
1373 2142 1388 2165 ,
1420 2115 1526 2154 non
1556 2098 1807 2167 minoris,

211 2200 373 2261 quam
401 2191 501 2259 illi,
535 2182 615 2247 rei
644 2189 861 2247 fuerunt
886 2190 1147 2247 sceleris?

283 2284 416 2351 Quae
443 2293 645 2350 autem,
679 2292 734 2339 et
759 2278 957 2356 Quanta
988 2285 1215 2340 deorum
1238 2274 1463 2354 flagitia,
1494 2276 1813 2355 sacrilegia,

210 2375 469 2442 vincula,
514 2375 773 2443 vulnera,
823 2384 878 2431 et
923 2362 1180 2431 interitus
1236 2374 1541 2430 cecinerint
1584 2390 1649 2429 ex
1701 2370 1815 2444 jam

210 2466 414 2535 'dictis,
464 2476 520 2524 et
569 2466 826 2539 deinceps
874 2446 1120 2524 dicendis
1168 2467 1325 2524 facile
1375 2462 1712 2538 intelligitur.
1745 2467 1817 2522 At

212 2559 349 2616 illud
374 2560 644 2617 Arnobius
672 2562 725 2616 in
754 2560 946 2632 primis
964 2559 1066 2616 hoc
1090 2562 1142 2615 in
1171 2560 1291 2616 loco
1313 2570 1497 2629 urget,
1527 2557 1671 2630 Quod
1694 2544 1814 2613 iovi

215 2655 554 2729 adscriptum
596 2654 737 2711 fuit:
768 2671 787 2706 t
813 2648 937 2724 ipse
964 2653 1054 2709 ille
1080 2653 1313 2725 Jupiter,
1337 2654 1523 2722 cujus,
1561 2672 1580 2704 ι
1608 2652 1813 2723 inquit,

222 2762 244 2803 ι
281 2763 382 2805 vos
406 2758 607 2803 nomen
636 2744 790 2804 ell'arl
820 2752 930 2802 non
960 2746 1079 2802 sine
1122 2755 1271 2802 iaetu
1316 2745 1533 2813 decuit,
1566 2752 1620 2799 et
1651 2744 1817 2800 totius

210 2843 862 2914 corporisconcussione,
884 2841 1092 2896 amasio
1117 2840 1384 2911 (amasius
1411 2854 1507 2894 ms.
1534 2854 1643 2912 reg.
1672 2836 1815 2909 eod.)

216 2942 411 3008 captus
435 2936 501 2991 ab
528 2936 696 2990 uxo’re
714 2977 730 3003 ,
780 2926 1108 2990 deSCribitur
1136 2926 1383 2988 conﬁteri
1426 2928 1618 3001 ‘cu’lpas
1654 2944 1778 2985 suas
1799 2971 1815 2996 ,

210 3026 277 3087 et
303 3032 447 3087 velut
469 3032 728 3097 demens,
761 3042 825 3086 ac
852 3017 1069 3087 nescius
1087 3074 1101 3097 ,
1132 3034 1265 3100 quas
1292 3029 1554 3084 amiculas
1578 3025 1814 3100 conjugi,

220 3122 357 3196 quas
393 3127 547 3180 uxori
592 3126 962 3197 anteposuerit
988 3110 1245 3196 pellices,
1272 3114 1574 3179 obduratus
1603 3123 1820 3177 invere-

1914 2098 2225 2154 testimonio
2276 2097 2507 2155 firmavit
2538 2096 2751 2173 (Idem,
2779 2100 2906 2155 ibid.
2928 2141 2945 2167 ,
2975 2118 3091 2174 cap.
3128 2099 3216 2168 12,
3246 2119 3364 2175 pag.
3395 2103 3513 2175 40).

1916 2184 2155 2263 Denique
2184 2190 2379 2248 cecinit
2420 2190 2675 2249 Horatius
2708 2211 2721 2247 :

2847 2288 2977 2347 Quin
3002 2288 3153 2339 etiam
3175 2286 3259 2338 lex

2282 2347 2397 2410 lata,
2422 2348 2549 2399 male
2570 2361 2682 2412 quae
2704 2346 3098 2403 nollet’carmine
3126 2363 3422 2415 quemquam

2284 2472 2483 2536 (Horat.
2508 2470 2590 2525 lib.
2618 2490 2669 2537 ιι,
2696 2473 2837 2539 epist.
2862 2475 2910 2537 1,
2933 2488 3059 2526 vers.
3084 2475 3175 2527 152
3196 2481 3243 2527 et
3265 2476 3422 2545 seqq.)

1916 2581 2092 2652 Atque
2121 2579 2212 2636 ille
2255 2580 2414 2651 paulo
2459 2591 2586 2636 ante
2630 2580 2951 2647 tabularum,
2988 2597 3017 2635 a
3047 2580 3336 2639 duodecim
3385 2585 3521 2642 viris

1918 2673 2279 2738 sancitarnm,
2339 2672 2664 2728 mentionem
2735 2671 2957 2729 fecerat.
3004 2672 3186 2740 ilunc,
3233 2675 3278 2730 si
3327 2675 3518 2745 lubet,

1920 2763 2179 2831 consule,
2212 2774 2266 2819 et
2290 2762 2610 2819 Gothofredi
2651 2765 2705 2820 in
2754 2764 2897 2819 titul.
2943 2764 3010 2820 de
3053 2764 3276 2821 famosis
3325 2767 3521 2823 libellis

1919 2857 2301 2912 annotationes
2347 2855 2533 2930 (Tom.
2591 2873 2649 2912 ιιι
2687 2856 2803 2910 cod.
2860 2855 3095 2926 Theod.,
3147 2875 3266 2931 pag.
3310 2858 3442 2926 237,
3473 2870 3522 2915 et

1920 2947 2099 3019 seqq.)
2128 2947 2340 3017 Quanta
2384 2948 2549 3020 igitur
2590 2949 2875 3022 iniquitate
2914 2958 2972 3005 et
3003 2951 3261 3023 injustitia
3314 2954 3523 3010 ethnici

1923 3048 2034 3094 tam
2076 3040 2283 3096 severis
2312 3040 2521 3111 legibus
2550 3041 2831 3096 hominum
2861 3042 3088 3112 injurias
3118 3053 3279 3114 atque
3309 3046 3521 3100 calum-

1922 3132 2040 3187 nias
2092 3131 2475 3198 vindicabant,
2526 3143 2582 3188 et
2632 3135 2900 3204 patienter
2950 3135 3290 3204 tolerabant,
3354 3138 3523 3194 immo

216 3217 419 3275 cundia
473 3208 751 3290 publicare
788 3230 810 3300 ι
848 3204 1237 3300 (Ᾱγηοὺη-ιὶὺ.
1284 3230 1363 3283 IV,
1413 3233 1534 3288 pag.
1566 3212 1715 3287 130).
1752 3208 1821 3269 At
1845 3198 1893 3268 (ἶ
1926 3241 2056 3281 vero
2078 3225 2304 3281 summis
2326 3224 2575 3281 laudibus
2594 3198 2959 3292 eatollebant,
2998 3236 3208 3298 poetas,
3255 3198 3287 3283 ει
3326 3229 3524 3300 quibus

219 3311 297 3366 ibi
329 3309 395 3366 ad
427 3311 526 3365 b’os
554 3300 695 3365 haud
725 3296 888 3367 dubie
910 3310 1099 3365 alludit
1124 3298 1345 3365 Homeri
1372 3314 1599 3375 versus,
1628 3307 1821 3378 quibus

218 3398 433 3474 Jupiter
456 3416 518 3459 se
545 3401 766 3459 Ixionite
798 3403 1012 3473 uxoris,
1057 3404 1169 3458 sive
1197 3396 1307 3457 Dite
1328 3443 1343 3469 ,
1386 3408 1439 3456 et
1480 3399 1725 3466 Danaes,
1759 3414 1823 3455 ac

226 3497 494 3555 Phaenicis
545 3496 692 3564 ﬁliae,
751 3492 1024 3563 Semeles,
1083 3493 1720 3561 Alcmenes,Cecreris,
1769 3490 1823 3548 et

226 3600 447 3659 Latonae
490 3606 675 3656 amore
716 3606 775 3652 se
821 3602 1038 3667 captum
1084 3592 1250 3648 fuisse
1294 3578 1495 3648 lunoni
1545 3589 1821 3659 declarat,

218 3707 284 3757 ’et
337 3692 626 3755 conﬁtetur
674 3690 934 3766 (Homer.
963 3731 978 3757 ,
1007 3687 1204 3757 lliad.,
1249 3703 1363 3753 xiv,
1410 3702 1539 3742 vers.
1582 3684 1725 3753 5M,
1772 3690 1827 3740 et

224 3776 434 3866 seqq).

355 3900 441 3942 am
472 3881 692 3939 effrenis
719 3886 849 3950 e‘r‘go
872 3877 1039 3948 bujns
1070 3875 1411 3946 aliorumque
1448 3882 1729 3944 poetarum
1759 3871 1826 3927 li-

222 3980 446 4045 centia,
495 3979 669 4049 pergit
698 3971 970 4028 Arnobius
1000 3966 1223 4041 (Arnob.
1250 4011 1264 4035 ,
1296 3967 1382 4022 lib.
1417 3982 1491 4033 tv,
1522 3983 1640 4038 pag.
1675 3962 1828 4035 150),

228 4070 478 4146 legibus,
508 4072 573 4125 ac
613 4054 913 4141 plebiscitis
954 4072 1067 4120 ‘non
1110 4063 1307 4118 minori
1356 4061 1646 4118 severitate
1676 4075 1831 4115 coer-

228 4164 351 4224 ceri
380 4154 449 4220 ab
476 4152 720 4220 Ethnicis
746 4159 965 4225 debuit,
1006 4173 1167 4229 quam
1212 4171 1436 4222 eorum,
1489 4155 1580 4225 qui
1633 4152 1701 4207 de
1745 4169 1833 4208 re-

228 4256 394 4333 ‘gibus
439 4260 939 4317 murmurarerant,
987 4259 1150 4322 atque
1195 4244 1399 4305 idcirco
1431 4245 1727 4329 majestatis
1752 4238 1833 4300 rei

234 4350 559 4424 agebantur.
593 4346 801 4415 Quibus
827 4354 960 4401 sane
990 4342 1171 4399 verbis
1194 4342 1289 4396 ille
1314 4339 1535 4410 respicit
1564 4336 1631 4393 ad
1658 4337 1834 4409 legem

238 4432 433 4505 Juliam
465 4441 765 4514 majestalis
786 4480 800 4507 ,
834 4446 993 4510 quam
1024 4430 1366 4491 Theodosius
1393 4431 1615 4500 Magnus
1640 4436 1833 4501 "postea

1922 3317 2140 3391 ipsimet
2183 3316 2257 3374 dii
2285 3318 2586 3375 innumeris
2612 3320 2869 3377 conviciis
2908 3329 2963 3378 et
2989 3322 3336 3379 contumeliis
3362 3339 3525 3380 vexa-

1922 3410 2155 3467 bantur?

1998 3492 2184 3575 Neque
2216 3515 2393 3560 tamen
2423 3505 2553 3561 solis
2583 3506 2789 3577 poetis,
2823 3505 2918 3563 sed
2944 3507 3105 3563 etiam
3140 3508 3525 3579 pantomimis,

1926 3595 2144 3663 mimis,
2178 3597 2564 3666 histrionibus,
2608 3600 2907 3667 comtedis,
2940 3616 3004 3657 ac
3049 3602 3309 3675 tragmdis
3333 3603 3528 3660 eadem

1924 3678 2143 3750 licentia
2193 3693 2317 3749 data
2367 3704 2485 3750 erat
2531 3694 2774 3766 (Arnob.,
2823 3695 2913 3751 lib.
2951 3711 3029 3760 tv,
3060 3714 3178 3768 pag.
3215 3696 3362 3768 151).
3392 3695 3531 3754 Nam

1930 3787 1982 3842 bi
2019 3804 2208 3844 omnes
2236 3788 2287 3842 in
2318 3786 2545 3843 theatris
2583 3782 2771 3843 eadem
2826 3789 2939 3860 ipsa
2991 3788 3218 3846 deorum
3266 3790 3527 3858 Veneris,

1928 3879 2193 3953 Cybeles,
2250 3879 2525 3947 Herculis,
2581 3891 2637 3935 et
2682 3880 2911 3937 aliorum
2960 3881 3197 3954 ﬂagitia,
3244 3883 3532 3953 turpiaque

1930 3983 1985 4029 et
2012 3971 2253 4028 crudelia
2298 3970 2536 4041 facinora
2587 3971 2792 4041 majore
2835 3971 3011 4029 adhuc
3054 3973 3387 4044 impudentia
3430 3990 3531 4031 nec

1932 4067 2142 4121 minore
2186 4063 2504 4135 impunitate
2563 4065 3046 4134 reprzesentabant.
3111 4066 3353 4121 Gentiles
3401 4081 3532 4122 vero

1933 4175 2041 4214 non
2086 4156 2280 4213 molles
2310 4164 2515 4211 tantum
2546 4164 2596 4211 et
2629 4153 2955 4223 eileniinati,
2982 4155 3079 4212 sed
3105 4155 3301 4224 etiam,
3355 4159 3533 4215 omnis

1936 4250 2197 4324 populus,
2264 4259 2580 4315 senatores,
2646 4248 2989 4304 sacerdotum
3032 4259 3087 4306 et
3114 4249 3535 4320 magistratuum

1936 4343 2156 4416 collegia
2183 4386 2199 4411 ,
2235 4341 2524 4398 Pontifices
2565 4342 2819 4409 maximi,
2842 4340 3107 4399 Curiones
3129 4384 3143 4409 ,
3178 4342 3385 4411 Diales,
3411 4343 3538 4398 Fla-

1935 4436 2140 4505 mines,
2200 4435 2477 4507 Augures,
2544 4445 2597 4489 et
2640 4433 2958 4502 Quindecim
3003 4435 3102 4489 viri
3150 4430 3376 4491 laureati
3437 4434 3537 4491 bos

240 4538 525 4611 mitigavit.
552 4512 763 4589 Videsis
790 4534 841 4586 in
876 4524 1231 4586 Justinianaeo
1260 4537 1313 4583 et
1332 4516 1715 4611 Theodosiano
1740 4539 1835 4579 co—
1864 4586 1912 4611 ἢ
1940 4540 2134 4599 magno
2201 4526 2460 4598 applauSu
2526 4512 2825 4598 magnaque
2890 4524 3170 4596 voluptate
3221 4524 3535 4582 audiebant.

553 4586 943 4683 dli—maledictis
984 4624 1037 4678 in
1070 4621 1365 4692 principem
1385 4662 1400 4687 ,
1430 4630 1487 4675 et
1514 4603 1633 4689 qua:
1665 4620 1719 4672 in
1743 4632 1837 4672 eas
1860 4586 1914 4651 Β
1941 4586 2286 4689 Quindecim.
2315 4628 2493 4675 autem
2547 4586 2645 4673 illiw
2680 4586 2779 4672 viri
2834 4586 3220 4690 Sibyllinorum
3276 4618 3538 4673 librorum

240 4700 610 4784 Gatbofredus
648 4716 1029 4774 animadvertit
1055 4713 1204 4788 (Cod.
1235 4711 1401 4778 δαείη
1431 4712 1522 4765 lib.
1552 4724 1592 4775 ι,
1627 4712 1704 4763 tit.
1730 4710 1761 4763 7
1786 4716 1841 4765 et
1941 4724 2097 4769 erant
2123 4711 2411 4779 custodes,
2436 4726 2573 4783 quos
2599 4710 2819 4765 Servius
2838 4752 2852 4777 ,
2886 4709 3117 4779 primum
3144 4708 3281 4763 duos
3300 4751 3313 4772 .
3343 4707 3542 4766 deinde

238 4808 303 4887 ξς
333 4826 393 4873 ac
416 4820 543 4873 tam.
573 4830 649 4882 ιιι,
672 4812 796 4869 ἐρα.
829 4806 1106 4878 ΤΙιεοάου.,
1156 4818 1276 4881 pag.
1321 4794 1411 4873 42,
1448 4816 1497 4862 et
1535 4823 1673 4877 seqq.
1699 4809 1739 4878 ).
1769 4788 1840 4859 iis
1944 4808 2129 4864 decem
2151 4848 2167 4873 ,
2208 4817 2395 4875 pOSIea
2418 4802 2736 4874 quindecim
2762 4800 2935 4855 fuisse
2961 4802 3231 4855 observat.
3265 4799 3425 4855 Plura
3469 4799 3542 4857 de

246 4924 432 4972 autem
471 4898 598 4968 illud
641 4906 1016 4973 conﬁrmatur,
1046 4903 1189 4976 quod
1244 4901 1520 4974 subjungit
1570 4899 1842 4954 Arnobius

248 5007 500 5067 decretas
525 5006 577 5061 in
600 5012 724 5061 eum
742 5000 1059 5075 poenamqui
1086 4999 1139 5052 in
1156 4997 1403 5053 ordinem
1435 4994 1843 5066 magistratuum

244 5111 565 5161 senatorum
591 5098 821 5168 redigit,
864 5102 955 5150 aut
985 5094 1132 5150 illum
1182 5090 1431 5148 convicio
1480 5090 1841 5160 persequitur.

246 5168 468 5267 Quanto
492 5204 628 5264 ergo
668 5189 910 5245 severius
951 5188 1005 5241 in
1035 5186 1233 5242 divina:
1266 5182 1565 5255 majestatis
1594 5196 1717 5237 reos
1745 5194 1848 5235 δῖε-

248 5288 513 5345 viendum
535 5282 691 5341 erat?
714 5275 826 5338 Cur
857 5292 987 5351 ergo
1009 5279 1185 5351 poetis
1206 5278 1418 5334 veniam
1445 5274 1645 5331 dabant
1670 5282 1725 5330 et
1751 5274 1850 5329 im-

248 5378 596 5457 punitatem?

333 5474 442 5533 Sed
468 5484 760 5545 pergamus
786 5472 831 5526 si
862 5469 1044 5542 placet
1071 5484 1087 5524 :
1120 5480 1146 5520 ἰ
1173 5464 1402 5521 Carmen
1426 5465 1629 5519 malum
1662 5483 1681 5516 ι
1708 5461 1859 5517 addit

262 5570 455 5629 anetin-
485 5570 690 5633 noster,
720 5582 739 5617 ι
769 5563 1116 5620 conscribere
1133 5604 1146 5628 ,
1172 5572 1278 5632 quo
1292 5560 1440 5615 ‘Pama
1462 5560 1682 5614 alterius
1708 5557 1858 5614 coin-

265 5652 541 5735 quinm,
562 5668 626 5714 et
652 5658 764 5712 vita
783 5700 798 5724 ,
826 5654 1275 5711 decemviralibus
1316 5652 1467 5708 scitis
1494 5652 1728 5708 evadere
1758 5664 1859 5704 no-

267 5755 453 5814 luisus
480 5754 695 5825 impune
719 5756 821 5807 :ac
842 5754 914 5807 ne
936 5757 1152 5806 ves'tras
1190 5756 1349 5803 aures
1386 5745 1630 5801 convicio
1664 5744 1864 5814 aliquis

268 5845 641 5926 permanere
662 5844 943 5918 pulsaret,
968 5844 1035 5901 de
1056 5840 1331 5899 atrocibus
1358 5824 1626 5895 ‘fofmulas
1669 5838 1869 5895 consti-

1946 4901 2032 4957 his
2078 4899 2125 4956 si
2170 4900 2311 4954 scire
2354 4912 2591 4962 avenas,
2638 4893 2860 4951 consule
2886 4893 3237 4957 Ciceronem,
3268 4892 3542 4967 Valerium

1948 4995 2273 5059 Maximum,
2304 4994 2369 5047 A.
2395 4990 2666 5056 Gellium,
2701 4988 2932 5044 Plinium
2954 5027 2970 5053 ,
3002 4985 3316 5043 Suetonium
3340 5026 3359 5053 ,
3392 4988 3546 5045 Tira-

1948 5090 2186 5161 quellum
2207 5128 2223 5155 ,
2255 5096 2311 5142 et
2339 5084 2676 5141 Lactantium
2708 5097 2737 5137 a
2766 5078 2919 5137 nobis
2942 5079 3068 5135 alibi
3088 5080 3307 5135 citatum
3330 5081 3544 5154 (Serm,

1949 5184 2003 5239 in
2032 5183 2118 5238 lib.
2151 5198 2202 5237 vl
2235 5178 2474 5246 .Eneid.,
2505 5194 2634 5233 vers.
2686 5176 2783 5243 75;
2826 5173 3015 5239 (licem,
3072 5170 3162 5227 lib.
3192 5187 3211 5227 ι
3252 5173 3315 5228 de
3343 5170 3551 5230 Natura

1957 5277 2123 5339 deam,
2155 5288 2278 5345 pag.
2310 5273 2447 5338 225;
2489 5270 2601 5325 Val.
2633 5267 2803 5331 Mam,
2830 5265 2918 5321 lib.
2962 5280 3002 5332 ι,
3050 5282 3167 5336 cap.
3204 5265 3255 5333 1;
3286 5267 3349 5320 Α.
3375 5266 3509 5323 Gell.
3530 5308 3551 5335 ,

1959 5369 2046 5424 lib.
2077 5365 2270 5423 tNoct.
2294 5365 2479 5431 Attia,
2503 5380 2619 5431 cap.
2645 5359 2727 5424 l9,
2753 5377 2871 5432 pag.
2896 5359 2997 5423 86;
3046 5356 3212 5425 Plin.,
3248 5358 3334 5413 lib.
3379 5377 3556 5419 xxvnt

1964 5459 2103 5514 Hist.
2155 5468 2350 5523 natam,
2383 5472 2500 5524 cap.
2525 5454 2582 5521 ‘2,
2615 5468 2736 5522 pag.
2791 5450 2918 5516 557;
2972 5448 3145 5521 Tiraq.
3193 5450 3246 5503 in
3288 5452 3435 5509 Alex.
3492 5454 3558 5509 ab

1963 5554 2132 5619 Alea,
2167 5551 2251 5607 lib.
2300 5566 2358 5605 ιιι
2412 5547 2543 5602 Gen.
2567 5546 2720 5612 dier.,
2744 5542 2992 5615 .cap.16,
3045 5554 3164 5614 pag.
3202 5542 3344 5609 269;
3377 5555 3501 5601 tom.
3542 5560 3564 5601 ι

1966 5648 2239 5720 Apparat.,
2271 5660 2392 5716 pag.
2416 5636 2574 5714 254).

2041 5734 2270 5799 Tantum
2302 5750 2463 5812 porro
2484 5737 2658 5800 abest,
2680 5743 2740 5791 ot
2761 5732 2964 5791 ethnici
2990 5732 3215 5799 mimos,
3240 5732 3537 5788 histriones
3554 5772 3575 5799 ,

1974 5834 2217 5906 aliosque
2274 5829 2521 5908 ejusdem
2578 5828 2767 5885 farinte
2824 5826 3087 5884 homines
3119 5862 3133 5889 ,
3196 5834 3319 5881 tam
3366 5821 3587 5880 infamia
