3990 6072
473 290 578 348 559

1720 271 2170 335 DISSERTATIO
2210 266 2488 327 I’RJEVIA

3661 255 3769 315 560

473 401 1455 470 deorumfactareprmsentantes.pro
1471 390 1664 447 merito
1680 389 2062 462 castigaveriut
2091 393 2141 453 Α
2167 403 2285 460 pag.
2317 384 2422 439 258
2451 384 2489 454 ),
2542 391 2727 435 sacros
2766 389 2920 442 esse,
2965 373 3182 444 illisque
3235 380 3506 444 tamquam
3562 371 3772 428 solem-

474 501 602 572 quin
622 499 797 568 potius
813 496 918 549 illis
937 489 1325 553 concesserim,
1343 494 1557 541 utrectc
1576 487 1648 538 ait
1665 496 1854 539 auctor
1870 493 2075 562 noster,

482 615 501 648 ‹
525 593 663 649 dona
687 600 742 646 et
766 603 1006 646 munera,
1031 586 1101 640 ab
1124 583 1317 637 ofﬁciis
1343 582 1509 634 otium
1536 576 1761 650 publicis
1781 619 1795 640 ,
1827 576 2080 630 immuni-

478 696 644 743 tatem
665 726 680 749 ,
707 682 1041 738 vacationem
1061 691 1184 732 cum
1204 674 1421 730 coronis
1450 691 1468 724 ι
1504 671 1656 743 (Arn.
1683 671 1770 724 lib.
1793 685 1866 735 tv,
1887 687 1938 737 p.
1962 666 2075 737 52).

474 780 608 836 Nam
657 775 1033 832 Theodoretus
1077 779 1263 837 aperte
1308 767 1443 820 dixit
1473 782 1486 817 :
1516 761 1816 841 Τραγῳδίας
1862 763 1953 832 μὲν
1991 762 2079 814 καὶ

477 870 744 946 κωμῳδίας
774 870 1051 944 ὑποκριταὶ
1077 864 1291 936 ἔχουσιν
1313 864 1383 921 εἰς
1414 857 1728 933 ὃβλέποντες
1759 862 1847 916 τὴν
1891 858 2078 926 τέχνην

476 970 705 1040 μετέασι,
720 967 878 1034 καίτῇ
899 968 997 1015 τῶν
1015 958 1271 1029 στεφάνων
1293 951 1455 1008 ἐλπίδι
1481 960 1577 1006 τῶν
1597 951 1758 1005 πόνων
1783 950 2077 1018 ἀνέχονται.

483 1060 868 1133 Tragoediamm
892 1067 937 1110 et
961 1053 1327 1108 comoediarum
1354 1048 1494 1100 mimi
1518 1047 1704 1098 habent
1728 1045 1780 1095 id
1799 1043 1948 1111 cujus
1966 1057 2078 1093 res-

481 1168 628 1230 pectu
652 1165 810 1209 artem
824 1160 1074 1212 exercent,
1095 1157 1140 1202 et
1154 1159 1457 1201 coronarunt
1479 1158 1567 1211 spe
1590 1140 1814 1193 laborem
1828 1136 2082 1189 sustinent

481 1225 802 1324 ζτιιεοάονη
839 1253 949 1299 orat
985 1243 1042 1308 9,
1065 1241 1128 1295 de
1153 1238 1392 1300 Provid.,
1411 1252 1531 1304 pag.
1555 1232 1662 1287 429
1680 1240 1727 1285 et
1747 1227 1874 1300 tsi)
1899 1225 2084 1281 .Addit

481 1321 611 1400 vero
633 1339 1014 1412 tragmdiarum
1043 1333 1241 1397 mimis,
1265 1327 1721 1401 quemadmodum
1741 1321 2082 1379 exercituum

484 1437 712 1494 ducibus
732 1475 747 1499 ,
781 1430 1032 1494 athletis,
1083 1425 1353 1497 pugilibus
1377 1464 1391 1489 ,
1440 1430 1494 1475 et
1514 1417 1714 1488 aurigis
1743 1424 1948 1470 statuas
1968 1454 1983 1479 ,
2016 1426 2083 1466 eo

485 1548 592 1604 quo
623 1529 894 1591 vicerant,
928 1522 1111 1577 habitu
1143 1519 1390 1574 decretas
1436 1513 1601 1569 fuisse
1629 1521 1683 1566 et
1709 1509 2024 1564 collocatas.

560 1626 787 1678 'l‘anlani
820 1617 982 1689 igitur
1024 1612 1362 1682 iniquitatem
1407 1607 1530 1676 jure
1575 1602 1770 1658 merito
1813 1597 2083 1654 Arnobius

487 1717 838 1774 condemnat.
874 1710 1006 1765 Cum
1037 1703 1368 1760 Tertulliano
1395 1696 1661 1770 siquidem
1708 1704 1762 1749 et
1788 1691 2084 1762 Augustino

2180 479 2337 532 nibus
2369 475 2684 544 religionum
2713 469 2906 525 ofticiis
2928 510 2942 531 ,
2975 466 3258 531 honorari,
3303 465 3539 536 placari,
3582 481 3646 520 ac
3679 480 3777 535 po-

2179 573 2280 627 sita
2335 570 2643 634 simultate,
2713 563 3047 621 reconciliari
3115 561 3495 631 opinabantur.
3550 557 3820 638 Litteris.

2180 676 2358 721 autem
2390 664 2604 728 Livius,
2652 675 2714 716 ac
2745 659 2938 716 deinde
2972 657 3213 712 Valerius
3257 655 3551 720 Maximus,
3582 662 3639 708 ct
3665 655 3777 708 Au-

2181 759 2428 829 gustinus
2478 754 2801 808 mandarunt
2853 751 2916 806 T.
2972 749 3209 820 Sulpicio
3259 749 3463 812 Petico,
3510 755 3566 801 et
3594 745 3650 800 Ο.
3686 743 3777 798 Li-

2181 852 2324 905 cinio
2374 849 2596 904 Stolone
2639 845 3005 908 Consulibus,
3065 858 3185 899 cum
3247 841 3412 913 pestis
3458 838 3779 910 gravissima

2179 943 2510 998 lectisternio
2539 928 2723 996 sedata
2753 956 2858 994 non
2889 938 3095 1003 fuisset,
3117 937 3181 992 ad
3212 935 3523 1007 placandam
3549 934 3781 988 deorum

2183 1039 2315 1092 iram
2370 1037 2642 1090 institutos
2693 1033 2858 1089 fuisse
2883 1032 3038 1087 ludos
3082 1032 3327 1087 scenicos
3357 1028 3532 1102 (Liu.,
3564 1029 3653 1082 lib.
3679 1043 3778 1093 vn,

2181 1132 2336 1191 init.;
2377 1129 2498 1184 Val.
2528 1129 2697 1194 illam,
2731 1129 2820 1183 lib.
2872 1144 2930 1195 tt,
2960 1144 3077 1198 cap.
3107 1127 3164 1191 4,
3199 1125 3226 1198 ς
3258 1127 3325 1192 4;
3363 1125 3605 1196 August,
3642 1122 3730 1177 lib.
3763 1138 3782 1179 ι

2184 1227 2248 1279 de
2274 1224 2449 1289 Civit.,
2478 1240 2595 1292 cap.
2630 1222 2718 1288 52,
2772 1239 2893 1294 pag.
2923 1219 3049 1292 29).
3103 1219 3239 1273 Tum
3269 1219 3468 1273 dehinc
3499 1218 3566 1272 iis
3597 1219 3780 1272 inser-

2185 1325 2266 1370 tas
2312 1325 2499 1386 turpes
2549 1313 2779 1376 fabulas,
2815 1325 2868 1367 ct
2919 1311 3219 1381 impudicos
3253 1311 3573 1365 histrionum
3603 1319 3781 1364 actus.

2187 1407 2362 1474 Audi,
2386 1421 2592 1478 quaeso,
2645 1406 2927 1477 Augustini
2955 1403 3098 1473 (Lib.
3133 1420 3167 1458 ιι
3228 1403 3290 1456 de
3332 1400 3506 1463 Civit.,
3537 1419 3653 1473 cap.
3692 1402 3784 1470 i7,

2187 1517 2308 1571 pag.
2344 1501 2434 1565 75;
2459 1500 2548 1554 lib.
2567 1514 2641 1566 tv,
2670 1515 2786 1570 cap.
2807 1498 2899 1563 26,
2926 1515 3044 1570 pag.
3080 1496 3202 1561 106,
3227 1506 3275 1550 et
3301 1495 3390 1550 lib.
3414 1511 3527 1560 \‘lll,
3547 1511 3664 1567 cap.
3693 1495 3782 1561 13,

2188 1613 2306 1668 pag.
2336 1593 2658 1668 201),verba
2687 1615 2699 1649 :
2738 1614 2757 1646 ι
2788 1594 2922 1648 Ludi
2950 1593 3183 1658 scenici,
3213 1592 3519 1661 spectacula
3551 1593 3786 1660 turpitu-

2188 1690 2467 1756 dinum,et
2489 1689 2701 1745 licentia
2736 1688 3051 1750 vanitatum,
3071 1703 3176 1740 non
3204 1685 3480 1740 hominum
3501 1684 3664 1748 vitiis,
3689 1685 3790 1740 sed

489 1805 892 1866 evidentissime
960 1798 1197 1856 ostendit
1251 1807 1542 1864 numquam
1596 1788 1865 1851 atrocius,
1922 1800 2082 1855 quam
2114 1783 2161 1844 B
2188 1785 2412 1842 deorum
2439 1795 2742 1839 vestrorum
2782 1783 2948 1853 jussis
2979 1781 3164 1836 Romae
3191 1780 3421 1835 instituti
3453 1788 3598 1832 sunt.
3630 1777 3791 1834 Tole-

490 1904 639 1959 liisce
666 1896 949 1956 comoediis
977 1904 1031 1948 et
1058 1889 1331 1962 tragoediis
1364 1901 1522 1956 posse
1554 1884 1790 1937 divinam
1829 1881 2085 1948 majesta-

489 2008 600 2052 tem
657 1991 886 2053 offendi,
936 1987 1056 2042 laedi
1121 1993 1174 2038 et
1204 1982 1392 2036 violari
1435 1975 1810 2051 (Tertullian.,
1839 1971 2084 2042 Apolog.,

493 2107 608 2157 cap.
641 2088 734 2151 '55;
768 2085 985 2154 August.
1010 2125 1023 2144 ,
1068 2080 1157 2132 lib.
1192 2093 1231 2131 tt
1263 2078 1324 2128 de
1361 2071 1515 2127 Civil.
1539 2113 1553 2136 ,
1579 2087 1694 2140 cap.
1726 2067 1782 2133 8,
1816 2076 1862 2121 et
1895 2062 2082 2134 seqq).

492 2180 853 2252 Quamobrem
883 2184 1031 2230 recte
1058 2175 1281 2227 omnino
1318 2177 1373 2223 et
1419 2181 1536 2222 eam
1584 2165 1634 2217 in
1683 2177 1797 2216 rem
1843 2159 2088 2229 apposite

492 2273 709 2345 scripsit
737 2269 1050 2327 Lactantius
1082 2285 1095 2319 :
1129 2284 1147 2317 ι
1184 2264 1318 2318 Num
1355 2259 1536 2330 pejus,
1567 2273 1724 2327 quam
1755 2255 1913 2308 iidem
1949 2252 2085 2322 ipsi,

491 2344 616 2439 qui,
646 2382 768 2422 cum
799 2363 932 2418 deos
962 2360 1142 2415 colere
1177 2372 1239 2412 se
1285 2355 1504 2418 dicant,
1539 2361 1715 2405 tamen
1746 2361 1841 2401 eos
1873 2344 2087 2416 publice

495 2460 829 2530 turpiterque
859 2453 1141 2516 derident,
1190 2450 1257 2504 de
1303 2447 1500 2519 quibus
1547 2444 1706 2499 etiam
1740 2442 1934 2496 mimos
1963 2453 2085 2494 cum

494 2555 604 2609 risu
633 2561 686 2605 ct
717 2550 988 2618 voluptate
1035 2542 1341 2616 patiuntur?
1369 2539 1553 2606 Qualis
1587 2538 1700 2590 lucc
1744 2534 1934 2605 religio
1955 2574 1970 2598 ,
1999 2541 2092 2586 aut

493 2621 692 2718 quanta
725 2641 980 2710 majestas
1009 2637 1246 2708 putanda
1277 2641 1363 2688 est
1382 2674 1397 2698 ,
1427 2646 1549 2702 quae
1578 2629 1836 2685 aduratur
1866 2627 1918 2681 in
1949 2637 2088 2680 tem-

492 2739 630 2809 plis,
659 2735 899 2792 illuditur
927 2733 980 2787 in
1017 2728 1275 2785 theatris?
1305 2727 1370 2782 Et
1413 2726 1503 2796 qui
1555 2725 1669 2778 haec
1718 2723 1943 2778 fecerint
1982 2735 2089 2775 non

491 2845 684 2901 pinnas
719 2827 902 2882 violati
938 2823 1173 2879 numinis
1201 2820 1472 2892 pendunt,
1503 2818 1598 2873 sed
1631 2817 1875 2872 honorati
1901 2815 2087 2882 etiam,

488 2921 802 2990 laudatique
850 2917 1189 2973 discedunt»
1249 2913 1530 2984 (Lactant.,
1578 2908 1667 2963 lib.
1723 2924 1778 2962 ttt
1831 2907 2086 2971 Instilut.,

493 3034 609 3087 cap.
657 3015 749 3076 20,
791 3030 910 3084 pag.
931 3011 1083 3081 526).
1113 3008 1224 3064 Nec
1254 3008 1432 3062 minus
1460 3005 1658 3060 acriter
1702 3002 1813 3072 jam
1845 3002 2091 3055 laudatus

493 3110 827 3180 Augustinus
874 3106 1250 3165 ethnicorum,
1300 3101 1388 3172 qui
1445 3101 1616 3170 turpia
1677 3097 1901 3152 deorum
1954 3097 2088 3148 facta

2189 1880 2411 1935 rabilius
2431 1878 2643 1934 divinos
2667 1882 2902 1932 honores
2925 1874 3210 1932 deferretis
3240 1872 3315 1927 illi
3348 1871 3791 1943 Scipioni,quam

2189 1971 2322 2028 deos
2371 1971 2636 2042 ejusmodi
2681 1971 2954 2027 eoleretis.
2987 1989 3006 2022 ι
3058 1967 3423 2036 Quamobrem
3473 1977 3658 2037 postea
3699 1964 3793 2020 ille

2192 2065 2334 2119 haud
2374 2065 2688 2120 dubitanter
2716 2063 3029 2134 pronuntiat
3065 2062 3149 2116 his
3201 2061 3342 2116 ludis
3395 2059 3658 2132 majorem
3704 2059 3792 2112 in-

2190 2170 2403 2212 vectum
2433 2157 2599 2212 fuisse
2638 2173 2867 2223 morum,
2911 2173 3071 2227 quam
3119 2169 3408 2224 corporum
3437 2163 3676 2224 pestem;
3713 2165 3793 2207 ta-

2191 2253 2346 2308 metsi
2371 2251 2530 2323 hujus
2558 2252 2814 2307 sanandze
2840 2267 3003 2307 causa
3033 2251 3307 2306 constituti
3337 2249 3669 2304 dicerentur.

2262 2343 2418 2398 Prius
2435 2357 2612 2400 autem
2631 2344 2939 2399 Lactantius
2964 2362 2976 2398 :
3001 2362 3021 2396 ι
3045 2344 3317 2399 Ludorum
3333 2341 3752 2409 celebrationes,
3766 2361 3786 2395 ι

2190 2436 2392 2506 inquit,
2429 2455 2448 2489 ‹
2479 2436 2700 2491 deorum
2755 2440 2888 2492 festa
2940 2446 3101 2501 sunt;
3154 2435 3420 2507 siquidem
3467 2435 3537 2489 ob
3582 2435 3793 2490 natales

2191 2544 2400 2594 eorum,
2432 2529 2516 2584 vel
2546 2530 2867 2600 templorum
2907 2544 3170 2584 novorum
3226 2528 3615 2582 aedificationes
3667 2535 3795 2581 sunt.

2190 2623 2488 2676 constituti.
2545 2622 2613 2677 Et
2645 2624 2892 2693 primitus
2920 2623 3137 2694 quidem
3165 2623 3482 2678 venationes
3502 2661 3517 2687 ,
3546 2637 3668 2692 quae
3698 2636 3794 2676 vo-

2192 2725 2385 2769 cantur
2416 2731 2662 2781 munera,
2692 2716 2927 2772 Saturno
2957 2717 3232 2772 attributae
3280 2725 3406 2770 sunt
3435 2733 3448 2768 :
3480 2713 3590 2769 ludi
3614 2724 3790 2770 autem

2191 2807 2392 2862 scenici
2425 2807 2643 2875 Libero,
2677 2809 2951 2864 circenses
2987 2808 3259 2879 Neptuno.
3292 2807 3554 2862 Paulatim
3583 2823 3713 2862 vero
3741 2816 3796 2863 et

2191 2901 2402 2954 caeteris
2432 2900 2534 2955 diis
2561 2901 2702 2956 idem
2735 2901 2910 2956 honos
2937 2902 3099 2957 tribui
3130 2902 3317 2970 coepit,
3347 2900 3653 2972 singulique
3682 2899 3793 2956 fudi

2189 2993 2501 3048 numinibus
2549 3009 2740 3050 eorum
2783 2995 3082 3050 consecrati
3137 3004 3285 3061 sunt,
3344 2995 3484 3050 sicut
3512 2995 3792 3050 Sisinnius

2190 3083 2384 3155 Capito
2415 3086 2466 3139 in
2494 3085 2647 3140 libris
2676 3086 3120 3157 Spectaculorum
3164 3087 3346 3142 docet.
3371 3085 3428 3141 Si
3472 3087 3591 3155 quis
3628 3086 3792 3156 igitur

490 3220 522 3259 ε
580 3173 756 3273 {meris
801 3199 924 3255 acia
984 3213 1110 3253 esse
1171 3194 1518 3267 gul-fiebam,
1570 3190 1928 3245 insulsitatem
1996 3203 2082 3242 ca.
2120 3173 2164 3236 C
2195 3178 2517 3248 Spectaculis
2543 3179 2806 3244 intereSt,
2850 3181 2916 3235 ad
2946 3196 3066 3250 qua:
3095 3179 3368 3251 religionis
3391 3179 3562 3251 gratia
3589 3193 3791 3234 conve-

493 3298 655 3368 stigat
676 3305 731 3350 et
757 3296 1052 3350 inseetatur
1083 3309 1095 3345 :
1131 3309 1149 3343 ο
1183 3288 1320 3356 Quid
1351 3296 1508 3352 sunt,
1549 3302 1566 3336 ι
1604 3284 1808 3352 inquit,
1848 3301 1865 3333 ‹
1899 3280 1966 3336 ad
1991 3279 2093 3336 hoc

492 3393 695 3448 malum
745 3387 996 3444 Mercurii
1044 3388 1182 3440 furta
1205 3425 1220 3451 ,
1253 3382 1483 3438 Veneris
1533 3379 1781 3440 lascivia,
1815 3387 1999 3446 stupra
2028 3391 2092 3430 ac

493 3484 853 3555 turpitudines
881 3495 1203 3536 cancrorum
1231 3520 1245 3544 ,
1276 3492 1397 3547 quae
1429 3472 1792 3544 proferremus
1817 3470 1884 3525 de
1917 3469 2087 3536 libris,

489 3579 594 3633 nisi
624 3574 865 3644 quotidie
901 3579 1252 3627 cantarentur
1278 3579 1333 3623 et
1360 3568 1686 3622 saltareutur
1731 3565 1784 3618 iii
1829 3562 2090 3617 theatris?

491 3672 596 3730 Sed
625 3672 739 3725 haec
767 3669 895 3739 quid
929 3676 1052 3722 sunt
1080 3665 1146 3720 ad
1179 3674 1383 3719 tantum
1417 3661 1652 3727 malum,
1683 3659 1835 3729 cujus
1881 3657 2089 3727 magni-

488 3764 622 3819 tudo
651 3777 860 3832 magna:
897 3759 1049 3815 Matri
1102 3754 1470 3813 tantummodo
1519 3753 1899 3823 competebat;
1953 3766 2089 3820 prae-

487 3857 675 3911 sertim
704 3853 845 3926 quod
899 3853 987 3907 illa
1036 3851 1287 3906 dicuntur
1338 3865 1367 3901 a
1419 3847 1591 3918 poetis
1647 3860 1769 3900 esse
1819 3842 2081 3910 conficta,

488 3950 631 4022 quod
662 3953 770 4004 sint
799 3949 904 4002 diis
933 3957 1080 4018 grata
1109 3954 1164 4000 et
1193 3943 1446 4014 accepta?
1477 3941 1544 3999 Ut
1579 3955 1710 4010 ergo
1736 3947 2080 4004 eanerentur,

489 4053 543 4098 et
570 4042 960 4103 scriberentur,
995 4037 1220 4092 audacia
1255 4035 1361 4098 sit,
1412 4033 1496 4088 vel
1546 4031 1842 4102 petulantia
1897 4042 2086 4100 poeta-

485 4149 603 4191 rum
636 4152 650 4188 :
678 4145 738 4189 ut
767 4147 898 4189 vero
936 4131 1134 4187 divinis
1185 4130 1345 4185 rebus
1384 4137 1439 4184 et.
1489 4127 1818 4188 honoribus,
1875 4125 2080 4179 eisdem

484 4228 907 4299 imperantibus,
960 4235 1014 4280 et
1066 4221 1514 4294 extorquentibus
1566 4217 1874 4274 numinibus
1913 4217 2080 4272 adde-

482 4332 694 4388 rentur,
726 4319 854 4391 quid
893 4330 978 4374 est
1026 4318 1129 4373 nisi
1184 4317 1389 4371 crimen
1437 4313 1696 4379 deorum,
1746 4311 1910 4365 immo
1952 4325 2080 4366 vero

483 4416 755 4473 confessio
798 4413 1224 4474 daemoniorum,
1275 4420 1329 4466 et
1376 4409 1622 4476 deceptio
1654 4406 2019 4462 miserorum?
2054 4425 2072 4458 ι

481 4511 724 4584 (August.
755 4551 768 4573 ,
822 4509 886 4560 de
932 4505 1080 4560 Civil.
1127 4505 1212 4558 lib.
1247 4518 1342 4566 vit,
1375 4518 1489 4571 cap.
1523 4501 1614 4568 26,
1670 4517 1790 4572 pag.
1841 4499 1980 4564 182;
2033 4506 2080 4552 et

2195 3275 2360 3338 nitur,
2389 3275 2637 3330 discessit
2669 3291 2699 3330 a
2733 3275 2824 3330 Dei
2851 3276 3018 3341 cultu,
3051 3284 3106 3330 et
3139 3274 3205 3329 ad
3237 3274 3369 3330 deos
3421 3289 3481 3328 se
3529 3273 3788 3339 contulit,

2193 3383 2422 3436 quorum
2447 3368 2653 3422 natales
2668 3378 2724 3422 et
2741 3368 2876 3423 festa
2894 3368 3188 3423 celebravit
3211 3387 3230 3420 ι
3273 3365 3560 3438 (Laetam,
3592 3365 3682 3421 lib.
3735 3381 3790 3422 Vl

2193 3458 2256 3512 de
2281 3475 2398 3514 vero
2429 3459 2605 3525 Cultu,
2634 3477 2750 3530 cap.
2783 3460 2877 3526 20,
2910 3479 3031 3532 pag.
3057 3459 3207 3532 621).

2262 3552 2625 3608 Tertullianus
2645 3569 2774 3610 vero
2805 3555 2920 3609 haec
2948 3555 3104 3626 longe
3116 3554 3284 3610 iusius
3309 3554 3519 3627 integro
3535 3556 3602 3611 de
3620 3557 3788 3628 Spec-

2190 3648 2383 3702 taculis
2441 3647 2580 3704 libro
2642 3651 2988 3718 prosequizur
3048 3647 3313 3715 (Tertull.,
3361 3651 3455 3704 lib.
3497 3650 3560 3704 de
3587 3650 3791 3721 Spect.,

2190 3758 2312 3812 pag.
2345 3742 2436 3805 89,
2463 3752 2511 3796 et
2541 3742 2728 3814 seqq).
2756 3743 2814 3796 lit
2842 3759 2908 3797 eo
2937 3743 3080 3798 enim
3114 3742 3424 3814 planissime
3452 3744 3790 3800 demonstrat

2188 3833 2310 3889 illos
2341 3850 2531 3889 omnes
2559 3836 2835 3890 solemnes
2880 3835 3162 3906 gentilium
3209 3835 3366 3891 ludos
3409 3837 3620 3906 origine
3650 3851 3747 3892 sua
3770 3877 3786 3903 ,

2187 3927 2378 3993 titulis,
2413 3938 2470 3982 et
2493 3940 2755 3998 apparatu
2783 3929 2856 3984 ita
2895 3929 2962 3984 ad
3013 3929 3373 3985 idololatriam
3406 3933 3700 4001 pertinere,
3733 3939 3791 3987 ut

2185 4021 2318 4076 nulli
2346 4021 2645 4076 christiano
2675 4022 2741 4076 iis
2763 4022 2975 4086 adesse,
3002 4022 3238 4094 illosque
3264 4035 3512 4096 spectare
3535 4041 3788 4097 umquam

2182 4112 2414 4170 licuerit.
2449 4116 2809 4182 Quamobrem
2847 4115 3116 4170 Arnobius
3140 4118 3278 4171 dixit
3304 4131 3399 4172 eos
3424 4119 3492 4172 ab
3515 4118 3749 4173 ethnicis
3770 4157 3786 4182 ,

2182 4211 2490 4280 religionum
2537 4211 2668 4264 inter
2712 4211 2888 4280 ofﬁcia
2934 4210 3204 4282 deputari,
3253 4212 3444 4283 quibus
3489 4211 3621 4268 deos
3659 4225 3788 4267 suos

2183 4302 2436 4360 honorari
2481 4305 2880 4360 arbitrabantur
2933 4304 3181 4377 (Arnob.,
3233 4307 3323 4361 lib.
3355 4321 3447 4374 vn,
3480 4323 3599 4378 pag.
3630 4305 3785 4376 258).

2180 4400 2285 4456 Sed
2312 4403 2604 4472 quomodo,
2630 4419 2727 4457 oro
2751 4413 2819 4469 te,
2847 4403 2922 4458 dii
2954 4402 3092 4457 ludis
3120 4401 3372 4456 honorari
3401 4409 3668 4471 poterant,
3697 4399 3790 4472 qui

2181 4496 2485 4564 turpissima
2513 4498 2807 4569 agebantur
2833 4496 3222 4554 obscoenitate?

479 4559 570 4659 iib.
593 4559 677 4668 ἒν,
707 4619 826 4671 cup.
851 4602 937 4658 10.
974 4617 1096 4670 pag.
1129 4596 1244 4669 96.)
1274 4597 1410 4664 Quin
1445 4595 1605 4651 etiam
1637 4559 1748 4649 hinc
1777 4594 2002 4648 deorum
2025 4601 2080 4647 et
2105 4559 2157 4619 D
2255 4589 2398 4644 Duos
2438 4559 2615 4646 autevm
2663 4600 2868 4646 tantum
2915 4600 3102 4646 auctor
3133 4599 3316 4645 noster
3344 4589 3663 4645 nominatim
3688 4605 3783 4662 ap-

478 4698 708 4753 crimina
760 4704 944 4750 essent
993 4691 1365 4758 incredibilia,
1412 4689 1514 4744 nisi
1545 4689 1597 4743 in
1623 4688 1845 4742 theatris
1866 4730 1880 4752 ,
1910 4686 1962 4740 in
1994 4699 2081 4740 eo-

475 4807 598 4848 rum
629 4791 890 4846 honorem
921 4785 1179 4842 institutis
1200 4826 1215 4852 ,
1250 4783 1613 4840 libentissime
1642 4791 2038 4854 spectarentur.

1096 4939 1391 4980 ARTICULUS
1429 4939 1487 4977 11.

476 5041 584 5102 Quo
603 5048 743 5103 pacto
764 5036 1170 5103 Arnobiusfalsos
1190 5051 1301 5087 esse
1329 5037 1584 5103 gentilium
1609 5035 1730 5084 deos
1753 5034 2073 5103 demonstret,

537 5096 618 5153 ex'
644 5104 769 5152 ludis
805 5100 1107 5152 solemnibus
1142 5102 1193 5149 in
1235 5096 1404 5150 eorum
1447 5099 1683 5147 honorem
1728 5096 1979 5154 exhibitis,
2019 5109 2077 5146 ac

535 5167 808 5238 praesertim
834 5163 1120 5238 Floralibus,
1142 5162 1600 5238 achiegalensibus,
1618 5159 1741 5238 etde
1752 5159 2076 5238 ‘q‘ut'iru‘mdgm

534 5220 914 5284 instauratione;
940 5227 1003 5274 de
1027 5220 1586 5285 eorumdiisftraguediis
1607 5259 1620 5282 ,
1649 5229 1700 5271 et
1739 5220 1980 5270 Atellanis
2004 5222 2074 5267 fa-

536 5291 684 5346 bulis,
710 5302 820 5352 quae
843 5292 890 5337 in
914 5289 1088 5338 iisdem
1110 5287 1235 5338 ludis
1253 5288 1527 5351 agebantur
1546 5286 1649 5352 ;rde
1674 5286 1974 5352 stupidorum
1993 5296 2075 5332 ca-

535 5346 895 5464 piggiis'rasis,
934 5360 1084 5416 atque
1124 5346 1438 5415 salepit'arum
1474 5351 1654 5408 sonitu,
1694 5354 1746 5396 et
1781 5346 2074 5397 fasciuorum

535 5428 591 5463 ru
660 5428 734 5464 re.

532 5428 734 5464 τυῡονο.

541 5541 691 5597 Ficta
719 5541 785 5597 ab
815 5541 1046 5598 ethnicis
1075 5541 1298 5596 deorum
1328 5555 1546 5596 suorum
1572 5548 1757 5594 natura
1781 5581 1795 5603 ,
1820 5539 2071 5610 majestas

463 5638 724 5699 mentita.
755 5647 809 5692 et
836 5634 1248 5706 superstitiosus
1297 5635 1513 5691 illorum
1563 5633 1736 5690 cultus
1780 5632 2074 5688 evidentis-

465 5731 604 5784 sime
634 5729 810 5785 adhuc
840 5727 1348 5784 demonsuabantur
1375 5727 1600 5798 publicis
1635 5727 1702 5782 iis
1731 5726 1871 5781 ludis
1891 5766 1907 5792 ,
1937 5739 2072 5794 quos

467 5824 628 5900 iidem
687 5822 909 5892 ethnici,
970 5821 1140 5893 inquit
1185 5822 1453 5877 Arnobius
1518 5820 1913 5889 (Arnob.,lib.
1974 5835 2063 5886 vn,

2178 4682 2380 4753 pellat,
2414 4683 2656 4738 Florales
2685 4696 2739 4740 et
2767 4683 3098 4756 Megalenses
3118 4723 3134 4746 ,
3177 4682 3297 4754 quia
3331 4684 3569 4755 singulos
3601 4698 3785 4739 recen-

2177 4789 2300 4830 sere
2346 4775 2555 4846 longius
2609 4776 2835 4841 fuisset,
2881 4789 3042 4847 atque
3071 4777 3260 4830 horum
3287 4775 3536 4846 exemplo
3559 4774 3690 4848 quid
3715 4775 3786 4831 de

2177 4867 2298 4923 aliis
2320 4868 2668 4938 judicandum
2694 4911 2709 4937 ,
2743 4885 2935 4924 omnes
2964 4869 3119 4925 facile
3148 4868 3538 4938 intelligebant.

2255 4960 2498 5017 Florales
2529 4978 2677 5026 vero,
2710 4965 2823 5017 sive
2855 4961 3084 5017 Floralia
3106 5003 3122 5028 ,
3171 4961 3626 5033 quemadmodum
3674 4959 3773 5016 ob-

2181 5060 2413 5111 servavit
2446 5056 2743 5113 Macrobius
2767 5097 2782 5120 ,
2817 5056 2924 5111 ludi
2953 5066 3008 5111 et
3036 5056 3166 5112 festa
3215 5066 3366 5112 erant
3389 5097 3404 5123 ,
3435 5072 3556 5127 quie
3586 5069 3783 5110 nomen

2183 5162 2236 5206 et
2263 5153 2524 5221 originem
2544 5153 2812 5206 duxerunt
2859 5166 2887 5204 a
2912 5150 3114 5204 famosa
3136 5152 3445 5216 meretrice,
3469 5165 3589 5220 quae
3614 5151 3781 5219 prius,

2182 5241 2318 5296 sicut
2344 5242 2468 5298 alibi
2500 5244 2897 5306 annotavimus.
2922 5244 3132 5299 Chloris
3155 5254 3481 5313 nuncupata,
3511 5249 3608 5296 hos
3631 5241 3784 5296 ludos

2179 5351 2245 5394 ex
2295 5341 2551 5408 pecunia,
2605 5339 2745 5410 turpi
2790 5341 3034 5409 corporis
3083 5347 3288 5409 quaestu
3339 5349 3544 5404 coacta,
3575 5336 3784 5391 institui

2177 5435 2346 5490 voluit
2372 5435 2390 5506 (
2415 5434 2676 5501 Macrob,
2707 5433 2794 5488 lib.
2837 5450 2855 5488 ι
2904 5433 3175 5490 Saturnal.
3195 5474 3212 5499 ,
3241 5449 3360 5503 cap.
3383 5436 3452 5497 ἂς
3484 5432 3702 5486 Dissert.
3729 5431 3784 5484 in

2178 5529 2401 5597 Minoa,
2432 5547 2547 5599 cap.
2583 5531 2670 5592 18,
2700 5539 2801 5582 art.
2831 5526 2920 5600 3).
2951 5529 3058 5584 Sed
3088 5542 3140 5582 ut
3167 5528 3377 5583 infantis
3397 5526 3534 5582 adeo
3560 5525 3784 5597 originis

2174 5624 2434 5678 memoria
2479 5623 2757 5679 obliterari
2788 5621 2994 5678 facilius
3035 5632 3238 5694 posset,
3267 5637 3411 5686 eam,
3442 5630 3652 5676 mutato
3683 5635 3776 5675 no-

2172 5717 2339 5781 mine,
2360 5715 2598 5783 Floram,
2627 5716 3057 5786 appellaverunt,
3087 5714 3464 5784 tinxeruutque
3492 5727 3612 5769 eam
3642 5726 3781 5783 pra:-

2171 5814 2348 5885 sidere
2375 5814 2619 5872 ﬂoribus.
2654 5813 3037 5872 Verumtamen
3084 5812 3300 5869 missam
3347 5810 3561 5884 penitus
3591 5808 3784 5876 uolua,
