3990 6072
259 166 363 226 861

1470 181 1539 238 ΙΝ
1575 181 1928 242 ARNOBIUM
1953 228 1969 254 ,
2008 185 2160 244 CAP.
2202 189 2319 247 XV.

3452 200 3559 260 562

258 301 385 351 runt
414 302 523 349 tam
565 303 770 366 gratam
812 296 915 353 sibi
958 296 1236 372 ﬂagitiosae
1275 301 1513 358 auctoris
1557 302 1850 359 lasciviam.
1884 306 1939 368 Α
1963 305 2116 363 ludos
2141 323 2235 364 eos
2256 325 2483 381 quorum
2514 311 2704 384 religio
2734 321 2877 369 tanta
2903 324 3004 381 est,
3040 324 3097 372 ut
3125 333 3196 374 ex
3222 318 3426 375 ultimis
3449 329 3560 377 ter-

257 383 427 442 Nobis
454 388 501 443 si
529 387 685 443 ﬁdem
719 388 1021 447 habendam
1053 391 1288 458 dubites,
1319 394 1466 449 illam
1497 395 1690 450 Ovidio
1713 395 1858 452 haud

251 478 424 535 dubie
456 497 562 536 non
589 480 901 552 denegabis,
936 485 1090 553 cujus
1118 485 1235 540 haec
1258 497 1385 542 sunt
1407 486 1475 543 de
1508 486 1698 543 borum
1727 487 1857 545 Flo-

250 573 450 631 ralium
483 574 818 632 institutione
843 577 1083 633 carmina
1115 595 1129 632 :

378 688 672 758 Convenere
696 692 884 750 Patres.
913 700 966 743 et
986 695 1026 744 si
1053 695 1186 758 bene
1207 695 1386 747 ﬂoreat
1411 710 1584 758 annus.

440 753 730 805 Numinibus
751 758 934 806 nostris
955 768 1112 807 annua
1133 756 1257 809 festa
1280 768 1478 809 vovent.

344 814 621 878 Annuimus
644 819 769 868 votis
786 857 800 878 ,
824 819 992 869 consul
1017 835 1126 869 cum
1146 821 1348 872 consule
1373 820 1515 873 ludos

438 877 724 930 Postbuntio
746 879 919 931 Laenas
941 882 1228 941 persolvere
1248 885 1383 936 tnihi.

341 945 584 1012 Qutgrere
606 944 817 1012 conabar
836 956 994 1012 quare
1020 944 1214 1012 lascivia
1239 948 1389 1012 major
1410 947 1422 971 ’

431 1002 671 1071 maiora
693 1007 741 1055 iu
766 1002 909 1065 ludis,
936 1007 1241 1071 liberiorque
1258 1002 1413 1070 iocus.

338 1065 580 1135 Sed‘mibi
606 1071 863 1135 succurrit,
888 1082 1065 1119 nomen
1093 1065 1188 1121 non
1211 1065 1321 1122 esst:
1344 1084 1597 1135 severum,

430 1126 658 1193 Aptaque
677 1126 871 1181 debetis
889 1146 1095 1183 munera
1120 1136 1257 1185 ferre
1277 1135 1440 1187 dcam.

1008 1214 1198 1282 (0vid.,
1221 1216 1309 1268 lib.
1336 1234 1366 1269 v
1389 1219 1605 1280 ηδιον..
1630 1219 1657 1282 §
1678 1221 1752 1281 5.)

238 1318 316 1378 lbi
349 1337 479 1379 vero
524 1322 616 1379 ille
663 1324 808 1380 varia
844 1327 914 1395 in
963 1326 1113 1383 hisce
1160 1328 1301 1383 ludis
1345 1329 1579 1385 admissa
1615 1331 1847 1389 lasciviat

235 1428 441 1485 genera
484 1416 780 1484 describit,
810 1434 930 1489 quae
974 1421 1019 1475 si
1043 1430 1213 1485 vacat,
1246 1421 1425 1492 legere
1455 1424 1677 1493 poteris.
1704 1424 1846 1482 Con-

239 1508 397 1563 sules
448 1523 611 1578 porro
637 1509 706 1565 ab
736 1524 804 1566 eo
833 1521 1086 1569 natantur
1112 1514 1456 1571 Postlmmius
1484 1517 1738 1586 Albinus,
1791 1527 1846 1574 et

234 1597 760 1670 M.PopiliusL:ena,
793 1604 1037 1676 aquibus
1068 1607 1120 1661 hi
1143 1607 1255 1662 ludi
1286 1610 1516 1679 primum
1538 1610 1666 1666 editi
1692 1622 1839 1667 sunt.

1961 403 2037 460 ris
2064 405 2349 469 accersita,
2394 405 2445 459 in
2499 405 2597 460 hac
2626 406 2759 462 urbe
2788 407 3125 477 consederit;
3169 410 3258 481 qui
3290 411 3379 465 uni
3422 411 3554 481 ludi,

1959 513 2029 552 ne
2058 497 2223 553 verbo
2249 497 2464 569 quidem
2486 499 2824 569 appellantur
2851 501 3037 567 latino,
3068 512 3127 557 ut
3153 502 3415 558 vocabulo
3440 506 3557 574 ipso

1957 600 2015 645 et
2051 591 2288 660 appetita
2319 591 2508 661 religio
2533 601 2776 660 externa,
2806 605 2858 649 et
2882 593 3065 649 Matris
3107 610 3314 667 magum
3337 596 3556 652 nomine

1954 692 2205 749 suscepta
2233 682 2541 738 declaretur
2572 701 2585 737 :
2622 684 2718 739 bos
2748 685 2904 741 ludos
2932 687 3073 743 servi
3112 688 3378 755 fecerunt,
3410 690 3552 745 servi

1954 785 2365 844 spectaverunt;
2393 785 2501 832 tcta
2528 775 2787 848 denique.
2814 779 2919 835 hoc
2943 780 3117 843 :edile,
3144 798 3418 838 servorum
3448 781 3552 838 Me-

1952 869 2151 938 galesia
2192 867 2406 923 fuerunt
2440 888 2459 921 ›
2499 867 2661 941 (Liv.,
2692 872 2781 926 lib.
2839 888 2988 937 XXIX,
3019 890 3134 944 cap.
3168 875 3235 940 7;
3269 875 3373 931 Cic.
3410 884 3545 933 orat.

1952 961 2041 1028 30,
2067 963 2131 1017 de
2155 963 2367 1033 harusp.
2401 963 2583 1032 Resp.,
2617 982 2738 1037 pag.
2766 966 2890 1031 452,
2926 966 3019 1021 lin.
3051 966 3122 1023 56
3150 978 3196 1023 et
3224 965 3409 1040 καφ).

2022 1055 2229 1125 Quanta
2256 1068 2434 1111 autem
2466 1057 2748 1128 religione,
2802 1059 2887 1115 vel
2927 1061 3102 1130 potius
3136 1060 3542 1130 superstitione,

1951 1149 2006 1205 hi
2033 1149 2231 1219 aliique
2260 1151 2533 1206 solemnes
2562 1152 2671 1206 ludi
2694 1152 2760 1206 ab
2790 1152 3022 1208 ethnicis
3048 1151 3261 1219 ﬁerent,
3302 1168 3408 1209 non
3454 1167 3546 1209 so-

1949 1242 2060 1297 lum
2079 1259 2143 1298 ex
2169 1242 2251 1298 his
2279 1242 2437 1313 liquet
2456 1244 2734 1300 Ciceronis
2752 1245 2948 1310 verbis,
2970 1245 3066 1302 sed
3090 1262 3155 1299 eo
3176 1246 3538 1318 potissimum,

1948 1334 2089 1405 quod
2112 1334 2156 1388 si
2194 1348 2302 1405 quo
2336 1335 2419 1391 vel
2444 1335 2667 1390 minimo
2697 1335 2893 1392 delicto
2941 1336 3124 1407 polluti
3164 1336 3537 1404 crederentur,

1948 1439 2134 1501 postea
2163 1431 2352 1499 majori
2380 1446 2507 1486 cura
2537 1440 2591 1487 et
2630 1431 2992 1487 sollicitudine
3036 1430 3322 1486 instaurari
3370 1430 3537 1487 debe-

1945 1524 2095 1581 baut.
2118 1524 2459 1596 Quapropter
2490 1524 2754 1580 Arnobius
2788 1525 2901 1580 hanc
2921 1525 2989 1581 ad
3009 1526 3270 1595 ipsosmet
3292 1524 3536 1579 ethnicos

1945 1617 2110 1673 verba
2140 1616 2297 1673 fecit:
2321 1638 2337 1670 ι
2370 1617 2427 1672 ln
2449 1616 2759 1673 cerimoniis
2782 1618 2996 1682 vestris,
3025 1617 3293 1687 rebusque
3318 1616 3531 1681 ditiuis,

239 1692 299 1748 Si
334 1705 590 1763 przeterea
614 1713 826 1769 quaeras
851 1714 966 1768 cur,
1000 1702 1152 1772 cujus
1179 1702 1354 1772 jussu,
1383 1721 1489 1776 quo
1518 1705 1678 1762 Urbis
1703 1722 1836 1762 con—
1865 1691 1916 1753 Β
1944 1710 2336 1783 postulionibus
2382 1710 2574 1765 vestris
2628 1709 2779 1767 locus
2821 1719 2924 1775 est,
2972 1718 3027 1766 et
3073 1708 3297 1779 piaculis
3339 1709 3534 1764 dicitur

236 1785 366 1842 ditze
395 1802 539 1843 anno
588 1791 849 1861 instituti,
897 1808 960 1848 ac
1007 1810 1113 1866 quo
1153 1797 1280 1851 anni
1305 1796 1393 1853 die
1421 1808 1728 1869 agerentur,
1757 1799 1840 1856 bis

231 1879 411 1937 disces
443 1881 599 1938 Plinii
632 1884 853 1941 verbis:
889 1905 908 1937 ι
947 1885 1175 1943 Floralia
1201 1899 1391 1960 quarto
1418 1889 1676 1947 kalendas
1696 1892 1840 1964 ejus-

229 1977 393 2045 dem,
432 1998 452 2031 ›
486 1980 643 2045 mali,
683 1999 702 2033 ι
737 1981 1084 2038 instituerunt
1109 2025 1125 2051 ,
1169 1983 1329 2041 Urbis
1379 2001 1522 2043 anno
1552 1987 1738 2053 DXIV,
1767 2003 1835 2044 ex

232 2072 470 2128 oraculis
494 2070 735 2145 Sibyllae,
765 2085 823 2129 ut
845 2076 1024 2130 omnia
1053 2076 1188 2132 bene
1209 2076 1653 2136 deﬁorescereut.
1680 2081 1834 2138 Hunc

232 2162 403 2219 Varro
431 2163 787 2233 determinat;
833 2167 952 2223 sole
980 2167 1144 2224 Tauri
1187 2182 1394 2242 partem
1440 2184 1689 2242 quartam
1733 2173 1830 2229 de-

225 2256 423 2312 cimam
454 2258 751 2316 obtinente.
785 2260 925 2332 Ergo
953 2263 997 2317 si
1055 2263 1106 2318 in
1150 2262 1250 2318 hoc
1299 2264 1644 2335 quatriduum
1699 2266 1833 2322 inci-

225 2346 370 2404 derit
406 2350 754 2417 plenilunium
776 2393 792 2420 ,
827 2352 1034 2425 fruges,
1062 2366 1116 2410 et
1142 2356 1319 2411 omnia
1341 2400 1356 2425 ,
1386 2374 1505 2428 quae
1534 2357 1828 2427 ﬂorebunt,

224 2442 349 2499 {aedi
387 2460 610 2502 necesse
638 2446 739 2503 erit
806 2467 826 2500 ι
859 2448 1065 2520 (Plin.,
1099 2451 1186 2506 lib.
1236 2467 1362 2507 xvnt
1426 2450 1563 2507 Hist.
1612 2464 1827 2521 natur.,

222 2552 343 2607 cap.
376 2538 464 2603 19,
492 2555 615 2610 pag.
649 2538 799 2611 527).
832 2540 889 2595 lu
940 2540 1090 2597 fastis
1140 2552 1320 2598 autem
1354 2544 1683 2599 kalendariis
1725 2560 1825 2600 no-

222 2639 412 2687 tantur
433 2648 509 2697 vt,
540 2631 649 2687 kal.
672 2633 844 2703 jttnii,
897 2644 953 2690 et
993 2636 1047 2690 in
1094 2634 1408 2691 kalendario
1458 2637 1679 2694 Rusﬁco
1723 2638 1826 2694 sub

221 2724 353 2779 maii
395 2726 594 2781 mensis
635 2724 818 2783 ﬁnem.
862 2727 1023 2783 Plura
1069 2730 1136 2784 de
1165 2729 1307 2785 ludis
1339 2731 1443 2786 illis
1472 2731 1700 2787 maxima
1731 2732 1826 2789 ob-

218 2816 508 2872 scteuitate
534 2827 592 2874 et
643 2818 861 2875 lascivia
917 2820 1203 2876 celebratis
1251 2822 1298 2878 si
1334 2823 1642 2890 desideres,
1671 2824 1824 2882 adire

218 2909 430 2982 poteris
461 2908 783 2981 Varronem,
816 2910 1134 2970 Ciceronem
1161 2958 1176 2981 ,
1233 2915 1572 2987 Suetonium,
1607 2919 1821 2977 Martia-

218 3002 329 3058 lem
352 3044 367 3067 ,
402 3002 674 3059 Valerium
704 3005 991 3061 Maximum
1014 3050 1030 3070 ,
1075 3017 1234 3078 atque
1281 3010 1334 3065 in
1365 3013 1554 3081 primis
1586 3011 1814 3068 Lactan-

1942 1812 2215 1859 contracta
2229 1817 2353 1860 esse
2370 1803 2702 1865 commissio.
2723 1803 2767 1857 si
2789 1818 2885 1874 per
2901 1802 3277 1872 imprudentiae
3299 1804 3529 1873 lapsum,

1940 1907 2032 1951 aut
2061 1895 2112 1950 in
2148 1896 2313 1951 verbo
2339 1895 2625 1966 quispiam,
2675 1903 2768 1949 aut
2810 1895 3092 1966 sympuvio
3146 1893 3429 1960 deerrarit,
3484 1893 3531 1949 si

1938 2001 2098 2042 cursu
2123 1987 2176 2042 iu
2197 1986 2529 2042 solemnibus
2558 1984 2719 2052 ludis,
2744 1985 3132 2054 curriculisque
3160 1985 3355 2040 divinis
3378 2000 3531 2039 com-

1938 2080 2184 2142 missum,
2214 2094 2403 2135 omnes
2433 2078 2611 2134 statim
2640 2079 2693 2134 in
2724 2078 3014 2149 religiones
3051 2077 3295 2133 clatuatis
3320 2093 3524 2141 sacras.

1935 2174 1979 2227 si
2008 2171 2213 2228 Ludius
2265 2174 2385 2245 (ms.
2419 2169 2640 2244 Lydius)
2666 2172 2923 2236 constitit,
2949 2179 3044 2227 aut
3066 2171 3278 2227 tibicem
3302 2182 3525 2242 repente

1933 2267 2225 2332 conticuit;
2274 2274 2367 2320 aut
2411 2266 2457 2322 si
2504 2264 2761 2335 patrimus
2804 2263 2916 2331 ille,
2952 2263 3043 2336 qui
3073 2265 3336 2320 vocitatur
3366 2279 3519 2335 puer,

1931 2360 2116 2415 omisit
2161 2374 2255 2429 per
2299 2357 2652 2429 ignorantiam
2701 2357 2899 2424 lorum,
2951 2364 3044 2410 aut
3092 2366 3290 2411 terram
3339 2366 3523 2412 tenere

1931 2466 2036 2507 non
2068 2451 2239 2521 potuit
2298 2469 2317 2502 ›
2354 2448 2594 2519 (Arnob.,
2641 2450 2710 2505 lib
2757 2465 2832 2513 tv,
2866 2467 2988 2522 pag.
3030 2449 3181 2517 M9).
3215 2448 3367 2506 Unde
3392 2464 3523 2505 vero

1930 2544 2048 2600 haec
2074 2544 2163 2600 ille
2186 2544 2477 2614 acceperit,
2521 2543 2566 2598 si
2620 2543 2739 2615 quis
2779 2558 2845 2598 ex
2894 2541 3049 2597 nobis
3095 2543 3417 2608 sciscitetur,
3458 2541 3521 2598 in

1928 2649 2178 2710 promptu
2206 2636 2490 2705 restionsio
2517 2645 2621 2702 est,
2650 2636 2778 2691 illud
2805 2636 3094 2692 delibatum
3133 2651 3198 2692 ex
3220 2637 3331 2706 jam
3355 2637 3516 2692 citata

1926 2730 2204 2788 Ciceronis
2233 2732 2495 2787 oratione.
2519 2728 2595 2785 lbi
2625 2730 2823 2785 etenim
2844 2746 2858 2780 τ
2881 2747 2900 2780 ‹
2935 2728 2989 2785 Si
3018 2727 3243 2794 Ludius,
3271 2745 3292 2781 ι
3322 2728 3514 2798 inquit,

1931 2845 1951 2881 ι
1980 2827 2241 2893 constitit,
2293 2835 2387 2881 aut
2427 2824 2642 2879 tibicem
2691 2832 2915 2893 repente
2942 2823 3218 2888 conticuit,
3265 2830 3355 2877 aut
3385 2835 3517 2892 puer

1923 2921 2016 2977 ille
2043 2921 2302 2993 patrimus
2329 2928 2384 2974 et
2412 2919 2714 2981 matrimns.
2746 2919 2792 2972 si
2841 2927 3036 2973 terram
3066 2933 3172 2971 non
3203 2916 3393 2983 tenuit,
3413 2922 3517 2983 aut

1924 3027 2157 3081 tensam,
2187 3023 2280 3069 aut
2306 3015 2477 3068 lorum
2505 3013 2704 3078 amisit,
2732 3021 2825 3066 aut
2848 3014 2892 3067 si
2920 3010 3093 3066 mdilis
3126 3009 3311 3071 verbo,
3344 3017 3437 3063 aut
3466 3009 3515 3063 si

218 3094 356 3150 tium
381 3137 396 3161 ,
424 3097 514 3167 qui
542 3097 744 3154 erroris
766 3108 943 3155 tamen
974 3076 1254 3171 cujusdam
1282 3118 1312 3157 a
1333 3076 1453 3159 vos
1475 3104 1528 3159 io
1553 3105 1813 3174 arguitur,
1847 3076 1893 3140 Ο
1922 3120 2058 3164 nutu
2094 3106 2387 3168 aberravit,
2412 3104 2521 3160 ludi
2543 3113 2667 3159 sunt
2694 3119 2799 3159 non
2840 3104 2943 3159 rite
2965 3101 3110 3167 facti,
3137 3116 3308 3171 eaque
3333 3108 3513 3155 errata

213 3188 311 3245 sed
364 3200 542 3245 utrum
585 3192 735 3261 jure,
788 3193 873 3248 vel
922 3196 1113 3264 injuria
1145 3211 1243 3249 suo
1274 3196 1392 3251 loco
1447 3198 1817 3269 expendamus

214 3280 236 3352 (
271 3278 456 3337 Varro.
481 3323 496 3345 ,
547 3283 637 3337 lib.
685 3300 737 3339 tv
781 3284 846 3338 de
887 3283 1039 3358 Ling.
1075 3287 1249 3355 latim,
1299 3305 1420 3360 pag.
1454 3290 1541 3353 18,
1568 3290 1655 3346 lib.
1688 3289 1808 3346 Rer.

213 3385 345 3429 rust.
375 3391 493 3446 cap.
528 3378 581 3440 l;
606 3374 714 3432 Cic.
741 3419 755 3441 ,
780 3388 915 3432 orat.
962 3380 996 3434 4
1034 3381 1087 3434 in
1124 3378 1268 3435 Verr.
1291 3423 1308 3449 ,
1357 3398 1475 3454 pag.
1505 3383 1629 3447 194;
1663 3383 1810 3439 Suet.

212 3465 266 3520 in
308 3463 412 3521 Vit.
435 3466 585 3522 Galb.
610 3510 626 3535 ,
654 3468 707 3533 6,
741 3467 769 3541 ς
798 3469 852 3536 6;
886 3468 999 3525 Vol.
1028 3470 1199 3538 Μυκη
1229 3472 1314 3527 lib.
1346 3489 1404 3540 ιι,
1427 3491 1541 3545 cap.
1569 3474 1656 3542 10,
1691 3474 1719 3546 §
1747 3475 1811 3539 8;

215 3559 451 3615 Martial.
474 3603 490 3626 ,
548 3562 635 3616 lib.
680 3579 717 3629 ι,
763 3566 925 3637 epigr.
958 3566 992 3619 5
1015 3575 1061 3620 et
1090 3566 1193 3632 56;
1257 3568 1472 3640 August.
1501 3610 1518 3636 ,
1570 3568 1658 3624 lib.
1686 3585 1722 3625 tt
1753 3572 1818 3625 de

213 3652 361 3707 Civil.
395 3670 511 3723 cap.
538 3654 629 3718 27,
662 3672 783 3729 pag.
813 3656 925 3727 57).

287 3746 620 3815 Megalenses
673 3764 802 3803 vero
853 3750 964 3805 ludi
1020 3752 1070 3805 in
1120 3750 1300 3807 Matris
1326 3753 1486 3809 deum
1517 3754 1810 3823 honorem,

210 3845 471 3913 inspecns
504 3844 655 3900 libris
693 3846 992 3920 Sibyllinis,
1024 3849 1224 3905 decreti
1264 3850 1498 3907 fuerant.
1528 3853 1606 3908 Eo
1633 3864 1810 3910 autem

208 3938 433 3993 nomine
459 3939 754 4008 appellatos
784 3940 1093 4010 perhibent,
1123 3944 1242 4015 quia
1272 3944 1595 4003 Pessinunte
1621 3990 1636 4014 ,
1670 3948 1809 4004 unde

212 4030 317 4088 dea
366 4031 477 4095 illa,
527 4035 641 4088 sive
688 4033 805 4104 ejus
853 4033 1060 4106 efﬁgies
1093 4036 1318 4092 Romam
1364 4050 1637 4110 aSportata
1693 4050 1805 4108 est,

208 4137 552 4187 exstructum
598 4129 697 4185 fuit
721 4130 1131 4187 celeberrimum
1161 4132 1305 4188 illius
1334 4136 1613 4206 templum,
1643 4137 1806 4206 quod,

208 4222 459 4279 Varrone
497 4232 815 4293 attestante,
848 4224 1167 4296 Megalesion
1198 4228 1620 4297 nuncupabatur.
1650 4248 1669 4280 ι
1698 4228 1808 4286 Me-

205 4318 442 4389 galesia,
488 4337 507 4368 ο
544 4317 716 4387 inquit
742 4317 832 4373 ille
854 4359 869 4383 ,
909 4336 927 4369 ‹
962 4318 1104 4375 dicta
1135 4336 1165 4375 a
1192 4318 1416 4387 Grmcis,
1448 4321 1591 4393 quod
1637 4337 1704 4378 ex
1744 4321 1807 4378 li-

206 4410 321 4465 bris
359 4408 628 4481 sibyllmis
679 4410 938 4466 accersita
983 4412 1052 4468 ab
1099 4413 1308 4480 Attalo,
1365 4429 1494 4484 rege
1521 4415 1800 4486 Pergami,

206 4515 379 4572 prope
423 4516 634 4556 murum
680 4500 1039 4572 Megalesion,
1083 4503 1172 4560 ubi
1220 4506 1479 4576 templum
1507 4506 1624 4576 ejus
1652 4507 1801 4574 dem,

207 4594 352 4649 unde
376 4594 600 4650 advecta
640 4593 867 4650 Romam
896 4615 916 4649 ι
943 4593 1156 4667 (,Varr.,
1180 4596 1269 4652 lib.
1300 4614 1331 4652 v
1353 4598 1417 4652 de
1444 4597 1596 4670 Ling.
1626 4598 1797 4667 latim,

203 4706 326 4761 pag.
361 4690 475 4761 49).
510 4693 578 4745 At
606 4704 916 4761 persuasum
945 4692 1182 4763 Scaliger
1211 4692 1372 4749 habet
1399 4704 1652 4763 corrupta
1681 4709 1803 4752 esse

201 4802 270 4843 ea
302 4785 461 4841 verba
495 4784 787 4846 Varronis.
819 4802 980 4857 prope
1007 4805 1242 4856 murum,
1272 4797 1328 4844 et
1363 4788 1644 4860 lugendum
1673 4788 1799 4845 Pes-

201 4882 437 4946 sinunte,
466 4881 547 4936 vel
573 4885 675 4938 ἀπὸ
700 4885 890 4962 μητρὸς
916 4885 1131 4958 μεγάλης
1148 4926 1164 4952 ,
1189 4899 1511 4957 quamquam
1540 4886 1610 4957 {tu
1656 4884 1801 4956 prio-

200 4991 322 5033 rem
353 4975 631 5032 lectionem
665 4980 833 5050 magis
877 4979 1116 5035 inclinet.

277 5068 353 5124 De
379 5068 461 5124 his
491 5085 650 5139 porro
680 5070 841 5138 ludis,
868 5086 1098 5142 quorum
1129 5071 1329 5139 Livius,
1360 5073 1561 5145 aliique
1585 5074 1784 5144 saepius

201 5161 528 5230 meminere,
554 5164 632 5219 sic
662 5164 836 5220 oravit
862 5164 1054 5223 Cicero
1084 5183 1097 5220 :
1137 5184 1156 5219 ι
1191 5166 1329 5234 Quid
1356 5182 1457 5239 ego
1498 5167 1566 5222 de
1589 5167 1694 5223 illis
1717 5167 1797 5221 lu-

202 5252 286 5309 dis
310 5253 520 5325 loquar.
554 5270 691 5325 quos
720 5256 773 5309 in
805 5255 1009 5311 Palatio
1041 5259 1207 5314 nostri
1253 5259 1484 5329 majores
1511 5268 1798 5321 antetem-

202 5346 382 5418 plum,
414 5347 466 5401 in
497 5346 614 5415 ipso
638 5347 821 5403 Matris
843 5364 1049 5419 magnae
1066 5359 1377 5420 conspectu,
1407 5349 1799 5420 Magalensibus

199 5438 344 5505 ﬁeri,
397 5439 769 5510 celebrarique
816 5440 1133 5497 voluerunt?
1178 5440 1281 5510 Qui
1309 5451 1438 5497 sunt
1467 5456 1617 5496 more
1647 5440 1799 5496 insti-

202 5534 442 5603 tutisque
489 5536 726 5590 maxime
769 5538 921 5603 casti,
964 5536 1253 5602 solemnes,
1296 5537 1527 5608 religiosi
1560 5556 1573 5592 :
1604 5537 1802 5608 quibus

196 5628 349 5686 ludis
379 5628 603 5699 primum
638 5639 764 5686 ante
790 5631 970 5703 populi
1001 5645 1315 5691 consessum
1335 5673 1352 5700 ,
1384 5632 1592 5691 senatui
1624 5631 1801 5691 locum

197 5722 263 5779 P.
301 5719 582 5778 Africanus
612 5724 803 5778 iterum
835 5724 1022 5779 consul
1062 5724 1151 5779 ille
1184 5725 1354 5796 tnajor
1379 5725 1689 5782 detlit.......
1722 5725 1799 5783 Ita

1832 4465 1885 4525 D

1919 3201 2225 3271 expiantur,
2249 3208 2305 3255 et
2335 3207 2543 3253 tuentes
2569 3196 2791 3252 deorum
2821 3194 3224 3258 immortalium,
3263 3192 3511 3247 ludorum

1917 3293 2307 3350 instauratione
2332 3290 2607 3361 placantur
2631 3307 2650 3341 ι
2685 3288 2900 3357 (Cicer.,
2929 3297 3062 3342 orat.
3096 3289 3186 3353 '50,
3207 3287 3270 3340 de
3314 3285 3508 3362 Arusp.

1917 3388 2100 3459 Resp,
2133 3403 2253 3457 pag.
2285 3385 2411 3450 432,
2443 3384 2534 3439 lin.
2560 3383 2677 3454 26).
2708 3382 2816 3438 Nos
2835 3396 3010 3438 autem
3043 3381 3258 3453 quidam
3286 3395 3510 3436 monue-

1917 3491 2043 3538 runt
2064 3482 2118 3534 in
2143 3483 2243 3536 hoc
2263 3479 2542 3535 Ciceronis
2574 3486 2720 3533 textu
2749 3493 2844 3546 pro
2868 3476 2950 3530 his
2980 3475 3179 3542 verbis,
3204 3484 3290 3528 aut
3311 3474 3356 3528 εἰ
3382 3483 3509 3528 nutu

1917 3575 2193 3638 aberravit,
2227 3573 2279 3628 in
2308 3570 2632 3644 quibusdam
2648 3569 2928 3626 codicibus
2953 3571 3234 3640 scriptum,
3262 3575 3350 3621 aut
3369 3582 3508 3638 sgm-

1916 3668 2038 3738 pulo
2059 3666 2328 3721 aberravit.
2372 3664 2645 3721 Arnobius
2676 3674 2852 3718 tamen
2898 3662 3090 3734 legisse
3133 3659 3365 3728 videtur,
3418 3670 3508 3715 aut

1913 3762 2182 3835 sympuvio
2204 3759 2453 3815 deerravil
2477 3775 2496 3812 :
2517 3757 2613 3813 sed
2633 3758 2822 3813 eodem
2846 3755 3169 3826 signiﬁcatu.
3191 3752 3503 3826 Sytnpulum

1912 3856 2179 3926 siquidem
2209 3864 2263 3908 et
2285 3854 2626 3926 sympuvium
2658 3851 2961 3922 signiﬁcant
3011 3848 3224 3905 ﬁctilem
3253 3851 3501 3918 calicem,

1912 3965 2020 4021 quo
2046 3948 2309 4003 vinumiu
2349 3945 2628 4002 sacriﬁciis
2681 3945 2833 4000 libari
2887 3944 3111 3999 Solebat.
3171 3942 3504 4010 Quibusdam

1915 4055 2048 4097 vero
2074 4040 2292 4094 dubium
2323 4038 2545 4093 forsitan
2590 4035 2802 4091 videtur
2844 4046 3019 4089 utrum
3049 4035 3101 4088 in
3135 4034 3249 4102 ipso
3277 4031 3503 4088 Aruohii

1915 4142 2061 4188 textu
2089 4146 2284 4186 nomen
2313 4126 3055 4201 postuliouibusadulteratam
3082 4142 3186 4181 non
3208 4125 3378 4190 sit,ac
3397 4125 3502 4197 legi

1911 4220 2574 4294 debeatpostulationibua.
2602 4217 2734 4273 Nam
2758 4216 2948 4273 Cicero
2977 4217 3134 4287 paulo
3176 4226 3302 4272 ante
3339 4218 3503 4273 citata

1910 4333 1940 4374 a
1965 4318 2121 4373 nobis
2150 4317 2267 4387 ejus
2298 4315 2458 4370 verba
2488 4314 2697 4370 dixerat
2722 4331 2735 4368 :
2773 4332 2792 4367 ι
2832 4312 3228 4385 Postulationes
3254 4312 3502 4370 decretas

1910 4425 2029 4468 esse
2045 4409 2184 4473 Jovi,
2200 4408 2454 4475 Saturno,
2471 4406 2740 4477 Neptuno,
2757 4405 2980 4472 Telluri,
3001 4405 3102 4462 diis
3118 4406 3450 4476 ctelestibus,
3473 4425 3495 4460 ι

1909 4516 2069 4578 atque
2093 4505 2253 4559 etiam
2285 4516 2471 4575 postea
2501 4521 2514 4558 :
2551 4520 2569 4553 ι
2601 4502 2800 4557 Telluri
2849 4500 3135 4572 postulatio
3186 4500 3432 4557 debetur.
3473 4520 3494 4553 ι

1909 4598 2103 4674 (Idem,
2130 4599 2282 4663 ibid.,
2312 4599 2405 4652 lin.
2437 4598 2491 4661 8;
2515 4605 2562 4650 et
2582 4611 2704 4668 pag.
2736 4595 2863 4661 451,
2887 4596 2979 4650 lin.
3013 4594 3100 4660 10;
3131 4592 3366 4659 Gutlter.,
3406 4591 3498 4646 lib.

1906 4711 1957 4750 tv
1980 4696 2042 4749 de
2063 4695 2092 4747 J
2102 4710 2191 4747 ure
2220 4694 2431 4764 pontiﬁ,
2456 4707 2572 4761 cap.
2610 4689 2726 4762 15.)
2749 4688 3010 4745 Gutherio
3034 4698 3208 4743 tamen
3237 4685 3499 4758 probatur

1904 4783 1995 4841 illa
2026 4783 2246 4840 Aruobii
2276 4784 2436 4839 lectio
2467 4779 2858 4853 postulionibus,
2887 4790 3049 4849 atque
3076 4789 3129 4833 ut
3151 4792 3366 4832 omnem
3394 4776 3498 4832 tol-

1906 4878 2019 4934 lere
2049 4877 2357 4946 scrupulum
2407 4884 2588 4947 queat,
2641 4873 2921 4930 contendit
2974 4872 3362 4942 postulationes,
3393 4869 3498 4925 diis

1905 4973 2118 5043 superis
2144 4969 2326 5035 factas,
2367 4978 2421 5025 et
2451 4968 2633 5024 inﬂaris
2654 4968 2989 5041 postuliones,
3025 4967 3217 5037 quibus
3245 4964 3500 5035 petebant

1905 5067 2184 5122 hominem
2213 5065 2296 5121 bis
2316 5063 2590 5120 devoveri.
2622 5062 2820 5119 Verum
2856 5061 2957 5118 etsi
2987 5075 3073 5116 res
3100 5059 3174 5114 ita
3201 5070 3368 5123 esset,
3386 5073 3497 5130 quo

1903 5169 2223 5235 argumento
2251 5159 2567 5217 conﬁcietur
2621 5161 2931 5223 Arnobium,
2967 5157 3037 5213 ibi
3067 5157 3136 5213 de
3175 5155 3280 5213 diis
3310 5156 3498 5213 inferis

1904 5256 2107 5327 potius,
2135 5270 2296 5325 quam
2316 5254 2529 5324 superis
2547 5252 2737 5308 fecisse
2757 5265 3086 5307 sermonem.
3113 5249 3169 5307 Si
3187 5249 3312 5321 quid
3332 5250 3498 5305 enim-

1905 5366 2034 5407 vero
2060 5364 2128 5404 ex
2153 5346 2434 5410 Cicerone,
2455 5346 2611 5401 sicuti
2633 5341 3182 5413 diximus,.delibavit,
3210 5342 3278 5399 de
3303 5342 3494 5399 iisdem

1907 5442 2290 5516 proculdubio,
2321 5452 2479 5513 atque
2503 5439 2613 5503 ille,
2637 5439 2739 5493 diis
2763 5437 2973 5509 superis
3013 5438 3267 5509 loquitur.
3313 5435 3497 5491 Adda-

1909 5551 2050 5602 mus,
2079 5536 2125 5589 si
2157 5534 2312 5601 velis,
2346 5534 2476 5587 nihil
2514 5531 2782 5601 imperito,
2842 5541 2934 5586 aut
2976 5531 3241 5586 festinanti
3275 5528 3494 5586 librario

1907 5627 2137 5690 facilius,
2177 5641 2336 5703 quam
2383 5623 2670 5681 scribendo
2711 5639 2906 5680 nomen
2957 5621 3347 5695 postulionibus,
3399 5621 3497 5681 has

1908 5725 2044 5782 duas
2089 5722 2317 5788 litteras,
2347 5727 2421 5791 at,
2452 5717 2725 5774 omittere.
2766 5715 2932 5774 Nobis
2968 5710 3186 5785 quidem
3236 5726 3343 5767 non
3372 5711 3502 5768 latet
