3990 6072
465 170 571 227 565

1743 168 2193 241 msssararto
2220 170 2500 239 PlthVlA

466 287 768 347 Varronem
800 289 1019 345 nomine
1045 289 1367 361 postulionis,
1403 290 1481 345 sic
1508 288 1706 345 alicubi
1732 303 1886 344 usum
1914 304 2059 359 esse,
2090 296 2145 381 ᾼ
2168 292 2634 371 obscoenitatibus,
2653 297 2858 383 ludicra
2881 302 3138 387 etintami
3157 320 3509 399 personarum
3538 324 3759 377 suarum

467 383 564 439 ubi
590 382 810 454 scripsit
834 400 847 435 :
882 400 903 436 ι
932 382 1101 438 Deum
1116 382 1349 437 Manium
1377 383 1740 453 postulionem
1768 385 2061 453 postulare,

462 477 522 534 id
553 487 657 545 est,
699 476 874 532 civem
904 474 1263 532 fortissimum
1293 474 1481 531 eodem
1511 476 1650 531 mitti
1679 496 1698 528 ι
1727 475 1939 547 (Varr.,
1972 477 2062 532 lib.

465 586 521 627 ιν
547 571 611 624 de
632 568 785 641 Ling.
820 570 994 635 latin.,
1026 586 1147 643 pag.
1179 569 1292 643 55).
1321 570 1427 625 Sed
1458 570 1696 645 Scaliger
1740 570 1814 625 ibi
1837 569 2065 626 delenda

467 670 655 717 censet
687 662 801 716 haec
826 662 1014 728 verba,
1048 662 1105 715 id
1135 670 1227 729 est,
1253 670 1306 717 et
1333 662 1637 732 postulionix
1680 662 1897 718 nomine
1924 662 2065 717 idem

467 769 531 810 ac
555 754 919 824 postulationis
947 754 1262 825 signiﬁcari.

540 846 810 917 Quidquid
831 860 993 917 porro
1025 847 1476 917 pronuntiaveris,
1516 846 1788 901 Arnobius
1830 861 1895 902 ex
1925 845 2068 917 ejus-

468 939 592 994 dem
624 937 907 995 Ciceronis
936 940 1117 996 verbis
1157 956 1219 995 ea
1267 940 1442 995 adhuc
1492 940 1787 1010 sumpsisse
1832 940 2065 1008 videtur,

474 1046 596 1104 quae
626 1030 696 1087 de
721 1030 950 1086 aliorum
994 1031 1267 1097 ludorum,
1300 1042 1517 1103 propter
1544 1048 1779 1096 servum,
1824 1034 1991 1104 virgis
2016 1034 2067 1088 in

470 1122 618 1179 circo
666 1138 867 1179 caesum
903 1134 958 1180 et
985 1133 1253 1193 necatum,
1287 1126 1678 1182 instauratione
1705 1135 1890 1197 postea
1919 1136 2069 1182 retu-

471 1216 536 1271 lit
561 1216 801 1289 (Arnob.,
830 1217 919 1272 lib.
950 1233 1043 1284 vn,
1078 1235 1197 1291 pag.
1227 1218 1379 1291 244).
1416 1219 1523 1275 Sed
1554 1218 1671 1276 haec
1698 1219 1836 1275 infra
1859 1234 1887 1275 a
1912 1220 2070 1276 nobis

472 1309 669 1379 aptiori
697 1308 821 1364 loco
850 1311 1182 1365 enucleanda
1215 1320 1359 1365 sunt.

548 1400 819 1455 Caeterum
861 1416 968 1471 quo
1003 1402 1195 1473 majori
1228 1402 1372 1458 cultu
1404 1412 1457 1458 et
1483 1403 1743 1474 religione
1767 1401 1844 1470 hi,
1874 1403 2072 1474 aliique

478 1494 688 1567 prmfati
719 1495 989 1552 solemnes
1020 1496 1151 1560 ludi,
1181 1497 1250 1552 ab
1280 1496 1507 1553 ethnicis
1547 1496 1977 1564 celebrabantur,
2006 1512 2072 1553 eo

478 1587 782 1655 evidentius
809 1589 934 1644 inde
961 1589 1269 1645 ostenditur
1294 1590 1447 1658 deos,
1473 1592 1563 1660 qui
1592 1592 1646 1646 in
1688 1591 1791 1646 illis
1815 1590 2071 1647 coleban-

2166 391 2669 461 repraesentatione,
2702 405 2862 473 atque
2903 391 3637 477 insuper,'quemadmodum
3684 407 3763 471 lo-

2167 480 2353 553 quitur
2384 481 2675 552 Arnobius,
2711 506 2729 539 ‹
2766 488 3101 560 stupidorum
3150 495 3415 579 capitibus
3439 500 3599 565 rasis.
3625 499 3764 561 sala-

2168 573 2396 639 pitarum
2430 577 2631 645 sonitu,
2677 589 2731 635 et
2783 579 3111 639 fasciuorum
3158 573 3454 665 ingentium
3496 591 3692 655 rubore
3740 611 3762 657 ι

2171 664 2411 736 (Arnob.,
2442 669 2529 723 lib.
2572 686 2667 739 vn,
2698 690 2817 749 pag.
2849 673 3097 747 259)?ln
3128 677 3278 735 hisce
3304 683 3513 739 scilicet
3540 674 3769 741 seenicis

2171 760 2310 816 ludis
2339 762 2554 833 quidam
2596 766 2745 822 mimi
2779 778 2834 825 et
2875 770 3190 843 liiStriooes,
3222 775 3479 843 ridiculas
3527 780 3772 851 stupido-

2170 869 2289 908 rum
2314 854 2612 925 hominum,
2642 862 2779 917 rasis
2807 864 3098 934 capitibus,
3134 883 3399 939 personas
3428 872 3679 941 agebant,
3708 889 3773 930 ac

2172 947 2521 1016 salapitarum
2554 954 2755 1021 sonitu,
2791 955 2842 1021 id
2884 967 2987 1023 est,
3027 960 3549 1030 alaparum‘ictibus,
3576 982 3770 1027 sonum

2175 1038 2494 1108 edentibus,
2548 1044 2713 1101 ofﬁcii
2771 1049 2852 1104 sui
2912 1050 3363 1110 admonebantur.
3408 1058 3775 1128 Quamobrem

2175 1132 2539 1191 Tertullianus
2564 1136 2707 1194 hanc
2738 1141 2981 1207 insanam
3029 1146 3624 1216 impudentissimorum
3668 1152 3774 1208 ho-

2174 1228 2379 1293 minum
2410 1234 2767 1297 temeritatem
2796 1236 2874 1292 sic
2898 1222 3182 1301 irridet,‘et
3212 1244 3486 1313 exagitat:
3524 1263 3543 1297 ‹
3584 1244 3776 1301 Place-

2173 1321 2251 1385 bit
2293 1323 2381 1394 qui
2430 1325 2606 1386 vultus
2651 1342 2779 1385 suns
2824 1332 3085 1387 novacula
3122 1336 3330 1399 mutat?
3383 1335 3615 1399 lnlidelis
3647 1356 3777 1410 erga

2174 1413 2366 1471 faciem
2398 1432 2571 1481 suam,
2604 1435 2763 1493 quam
2790 1437 2895 1476 non
2923 1434 3211 1482 contentus
3239 1428 3495 1497 Saturno,
3528 1442 3583 1487 et
3622 1432 3775 1501 Isidi,

2175 1516 2230 1563 ct
2246 1507 2443 1565 Libero
2469 1511 2767 1581 proximam
2798 1514 2996 1583 facere,
3045 1518 3266 1590 insuper
3291 1524 3629 1587 contumeliis
3662 1527 3777 1581 ala-

2178 1614 2365 1670 parum
2388 1601 2468 1661 sic
2496 1604 2703 1675 objicit,
2734 1610 2884 1677 quasi
2934 1610 3001 1666 de
3089 1624 3320 1684 razeeptu
3362 1616 3569 1675 Domini
3603 1617 3777 1681 ludat.

2179 1691 2348 1748 Docet
2373 1694 2580 1751 scilicet
2606 1708 2659 1752 et
2687 1698 2934 1757 diabolus
2962 1628 3345 1760 verllerandam
3374 1710 3644 1760 maxillam
3677 1726 3777 1760 m-

477 1693 587 1751 tur,
616 1682 781 1737 falsos
803 1697 923 1738 esse
949 1691 1003 1739 et
1032 1684 1450 1744 eommentitios.
1468 1699 1531 1738 ac
1551 1684 1896 1754 depravatam
1921 1700 2073 1754 pror-
2101 1682 2150 1751 Β
2179 1691 2348 1748 Docet
2373 1694 2580 1751 scilicet
2606 1708 2659 1752 et
2687 1698 2934 1757 diabolus
2962 1682 3345 1761 verberandam
3374 1710 3645 1773 maxillam
3677 1726 3779 1780 pa-

477 1790 573 1830 sus
593 1783 647 1830 et
667 1783 974 1845 corruptam
998 1773 1165 1830 fuisse
1194 1775 1505 1831 eorumdem
1548 1775 1827 1845 gentilium
1856 1777 2072 1849 religio-

478 1886 625 1927 nem.
650 1869 784 1925 Nam
834 1870 886 1923 in
937 1869 1087 1925 hisce
1137 1870 1276 1925 ludis
1316 1882 1509 1940 prteter
1540 1871 1640 1925 alia
1686 1872 1938 1941 plurima,
1969 1871 2072 1927 diis

476 1962 641 2032 plane
667 1960 903 2031 indigna,
934 1960 1234 2029 agebantur
1260 1961 1538 2033 tragtedia:
1577 1959 1846 2029 crudeles,
1877 1970 1933 2017 et
1964 1971 2074 2018 tur-

479 2069 577 2125 pes
601 2054 902 2121 comoediae,
931 2054 999 2111 de
1023 2054 1217 2124 quibus
1248 2054 1407 2125 paulo
1442 2063 1566 2111 ante
1593 2056 1966 2114 disseruimus.
1991 2059 2075 2114 Ab

481 2144 725 2200 Arnobio
752 2156 931 2200 autem
957 2156 1144 2202 nostro
1174 2148 1489 2203 nominatim
1535 2147 1841 2205 indicantur
1864 2149 2075 2222 Sopho-

480 2241 584 2296 clis
631 2240 958 2307 Trachiniae,
1008 2241 1269 2298 Hercules
1310 2242 1604 2312 Euripidis,
1650 2253 1705 2298 et
1743 2244 1917 2300 Plauti
1946 2236 2074 2300 Am-

479 2333 700 2405 phitryo
732 2332 921 2407 (lbid.,
974 2351 1098 2405 pag.
1146 2333 1253 2390 258
1282 2344 1329 2389 et
1354 2335 1556 2408 seqq);
1599 2350 1717 2407 qua:
1740 2337 1956 2408 quidem
1984 2352 2079 2393 co-

481 2426 716 2490 rnuadiac,
742 2425 891 2486 haud.
906 2427 1073 2482 semel
1100 2428 1241 2498 typis
1269 2427 1448 2496 editae,
1478 2428 1532 2482 in
1560 2430 1801 2493 omnium
1833 2430 2078 2486 manibus

482 2526 788 2575 versantur.
822 2516 938 2572 Huc
971 2518 1198 2582 accedit,
1228 2519 1369 2589 quod
1399 2529 1630 2590 quatuor
1660 2520 1941 2577 comrediae
1970 2521 2077 2577 'l‘e-

483 2610 643 2667 rentii
672 2620 926 2665 notentur
952 2600 1086 2666 actae
1116 2611 1200 2666 his
1228 2613 1379 2682 ipsis,
1408 2629 1545 2684 quos
1571 2615 1947 2685 eXplicuimus,
1971 2615 2080 2670 Me-

483 2704 795 2775 galensibus
836 2702 998 2765 ludis.
1031 2704 1165 2772 Quis
1194 2715 1374 2760 autem
1421 2708 1593 2762 nescit
1637 2718 1896 2779 quantum
1923 2708 1974 2762 in
2002 2711 2081 2764 eis

482 2798 613 2854 lmsa
635 2798 899 2869 irrisaque
922 2798 1104 2865 fuerit,
1135 2799 1181 2855 si
1219 2801 1309 2869 qui
1340 2815 1459 2856 esse
1506 2803 1829 2873 potuissent,
1857 2802 2079 2858 deorum

484 2891 780 2961 majestas?
2080 2968 2084 2972 .

558 2981 723 3037 Addit
752 2991 1011 3052 praeterea
1034 2993 1219 3039 auctor
1264 2995 1449 3040 noster
1495 2994 1644 3042 aetas
1696 2986 1872 3043 adhuc
1917 2988 2083 3044 fuisse

2176 1784 2373 1841 tienter
2401 1785 2633 1845 olferre?
2669 1811 2688 1845 ι
2722 1790 2990 1867 (Tertull.,
3015 1795 3102 1851 lib.
3123 1799 3188 1853 de
3210 1797 3473 1873 Spectac.,
3504 1819 3619 1872 cap.
3654 1800 3781 1881 28.)

2176 1878 2351 1935 Julius
2376 1895 2506 1937 vero
2528 1880 2863 1954 Capitolinus
2893 1897 3076 1947 narrat
3097 1892 3371 1961 quomodo
3399 1892 3645 1963 stupidus
3666 1878 3784 1966 qui.

2177 1973 2300 2039 dam
2324 1976 2375 2039 in
2399 1992 2556 2032 scena
2584 1979 2886 2035 adulterum
2912 1983 3094 2039 uxoris
3127 1986 3377 2041 Antonini
3418 1986 3736 2063 PhiIOSOphi
3756 2031 3774 2059 ,

2178 2083 2244 2122 eo
2272 2078 2554 2139 praesente,
2585 2072 2801 2129 nomine
2822 2089 2920 2129 suo
2945 2077 3293 2146 appellaverit
3327 2077 3656 2157 (Capitolin.,
3683 2080 3781 2135 sub

2180 2163 2274 2229 Iin.
2331 2162 2434 2218 Vit.
2488 2164 2677 2220 Anton.
2728 2166 3068 2241 philosoph.).
3124 2166 3195 2226 At
3234 2171 3365 2226 nihil
3415 2172 3782 2243 impudentius

2181 2256 2578 2331 fascin0,cujus
2595 2260 2739 2314 nulla
2770 2277 3046 2343 umquam,
3065 2263 3165 2318 nisi
3195 2265 3261 2320 ab
3288 2264 3576 2349 aliquibus,
3594 2283 3783 2338 quem-

2180 2348 2469 2404 admodum
2503 2350 2823 2423 Augustino,
2854 2363 2908 2409 et
2954 2364 3176 2415 auctore
3203 2348 3411 2422 nostro,
3447 2358 3783 2419 christianu-

2180 2458 2301 2497 rum
2332 2459 2547 2499 causam
2576 2455 2763 2500 contra
2789 2447 3054 2516 ethnicos,
3081 2448 3148 2502 de
3175 2444 3357 2505 infami
3399 2450 3624 2506 deorum
3647 2466 3776 2507 suo-

2180 2551 2298 2590 rum
2350 2536 2677 2613 impudicitia
2722 2540 3039 2611 gloriantes,
3089 2543 3369 2617 agentibus
3416 2544 3620 2605 mentio
3665 2544 3785 2601 fieri

2182 2627 2369 2685 debuit
2396 2631 2659 2703 (August.,
2689 2633 2776 2687 lib.
2814 2648 2868 2689 γι
2895 2633 2957 2687 de
2984 2634 3155 2701 Ciuit.,
3182 2652 3299 2711 cap.
3330 2635 3383 2704 9,
3416 2654 3534 2709 pag.
3564 2635 3724 2712 l57).

2255 2725 2388 2792 Quis
2428 2735 2605 2782 autem
2638 2743 2744 2785 non
2799 2727 3030 2784 fateatur
3081 2728 3209 2786 hinc
3249 2732 3318 2787 ab
3346 2732 3584 2790 Arnobio
3635 2744 3785 2789 recte

2183 2816 2434 2881 concludi
2498 2821 2761 2895 Stupenda
2816 2836 3035 2893 prorsus
3088 2823 3330 2878 crccitate
3378 2836 3563 2901 captos
3612 2827 3783 2883 luisse

2182 2909 2411 2979 gentiles
2440 2912 2680 2983 (Arnob,
2717 2912 2805 2969 lib.
2842 2928 2896 2981 v,
2931 2931 3051 2985 pag.
3087 2912 3189 2968 176
3220 2926 3264 2969 et
3294 2910 3554 2989 l185),'qui
3586 2918 3778 2974 crede-

2183 2996 2315 3053 bant
2339 2998 2471 3055 dcos
2500 3012 2605 3055 tam
2637 3002 2921 3059 infamibus
2949 3003 3088 3059 ludis
3115 3010 3170 3063 et
3210 3005 3492 3067 comoediis
3519 3008 3785 3080 gaudere,

486 3073 717 3146 pUllllCiS
758 3073 810 3128 lﬂ
869 3074 1010 3129 lUdlS
1051 3076 1345 3143 Atellanus,
1393 3078 1685 3134 eomcedias
1736 3092 1830 3135 seu
1876 3080 2081 3138 fabulas
2109 3070 2153 3134 Ε
2186 3093 2289 3148 coli
2326 3102 2487 3164 alque
2532 3095 2774 3164 placari?
2974 3097 3192 3155 aliunde
3231 3100 3450 3158 demum
3482 3070 3628 3157 0:135
3657 3070 3787 3160 essé

488 3165 681 3236 (lbid.,
714 3183 833 3238 pag.
874 3167 1030 3239 239).
1063 3167 1214 3224 Scire
1241 3179 1418 3225 autem
1447 3173 1491 3224 si
1530 3172 1683 3237 velis,
1722 3187 1858 3241 qum,
1903 3182 1959 3227 et
1987 3188 2083 3228 cur

489 3259 569 3313 sic
601 3261 993 3330 cognominatae
1024 3260 1151 3327 sint,
1184 3261 1342 3317 facile
1373 3263 1638 3334 intelliges
1674 3280 1738 3319 ex
1770 3265 1918 3320 hisce
1948 3264 2081 3320 Livii

487 3352 669 3407 verbis
699 3371 712 3406 :
749 3371 769 3403 ι
805 3353 956 3419 Quod
984 3368 1156 3424 genus
1186 3354 1428 3425 ludorum
1476 3356 1543 3410 ab
1588 3355 1740 3411 Oscis
1778 3368 2078 3428 acceptum,

490 3445 667 3501 tenuit
688 3445 964 3516 juventus,
997 3461 1100 3500 nec
1120 3447 1189 3501 ab
1221 3448 1572 3504 histrionibus
1602 3450 1762 3518 pollui
1795 3465 1949 3520 passa
1976 3460 2077 3505 est.

492 3537 569 3593 Eo
610 3538 908 3592 institutum
962 3548 1162 3611 manet,
1206 3549 1265 3593 ut
1304 3547 1516 3594 actores
1562 3541 1952 3605 Atellanarum,
1984 3557 2082 3597 nec

491 3631 633 3687 tribu
663 3642 1007 3701 moveantur,
1032 3643 1086 3687 et
1112 3632 1377 3702 stipendia
1421 3643 1690 3705 tamquam
1716 3646 1967 3705 expertes
1996 3638 2079 3691 lu-

489 3722 659 3778 dicrae
714 3724 849 3778 artis
892 3722 1092 3779 faciant
1125 3744 1144 3777 ι
1181 3723 1346 3796 (Liu.,
1399 3726 1486 3780 lib.
1524 3742 1619 3794 vn,
1646 3743 1762 3799 cap.
1796 3727 1877 3799 2).
1909 3729 2081 3784 Atella

490 3830 620 3871 vero
666 3814 977 3895 Campaniae
1022 3817 1279 3887 Oppidum
1331 3834 1472 3874 nunc
1513 3821 1754 3885 Aversa;
1800 3819 1923 3876 Osci
1952 3836 2082 3877 vero

490 3917 650 3966 erant
669 3909 979 3981 Campaniae
1001 3912 1207 3982 populi,
1231 3912 1321 3984 qui
1352 3913 1614 3983 turpibus,
1648 3915 2082 3986 quandoquidem

490 4004 670 4061 verbis
695 4020 840 4076 saepe
862 4007 1060 4076 saepius
1081 4006 1463 4077 abutebantur,
1497 4008 1644 4075 inde,
1668 4025 1863 4065 nomen
1894 4010 2083 4066 obsca-

489 4116 634 4164 num,
662 4100 729 4155 ad
752 4116 867 4155 rem
912 4100 1146 4171 aliquam
1175 4110 1387 4171 turpem
1415 4102 1845 4174 significandam,
1868 4106 2082 4162 deriva—

489 4202 604 4248 tum
647 4201 750 4248 est.
781 4193 984 4249 Eorum
1013 4193 1192 4265 itaque
1228 4194 1509 4252 comoediae
1554 4196 1779 4251 Romam
1811 4197 2079 4268 adductae,

492 4287 750 4356 quoniam
784 4287 1052 4357 turpiores
1078 4298 1252 4355 erant,
1282 4286 1545 4354 Romana,
1588 4290 1698 4357 vel,
1732 4298 1791 4345 ut
1818 4293 1894 4346 ait
1922 4292 2083 4349 Vale-

495 4381 606 4435 rius
659 4379 951 4448 Maximus,
1012 4382 1187 4435 italica
1244 4385 1535 4440 severitate
1592 4392 1904 4455 temperatae
1958 4396 2084 4442 sunt

494 4472 644 4547 (Val.
670 4471 842 4539 Μαίη,
879 4472 968 4528 lib.
997 4489 1055 4538 ιι,
1081 4491 1198 4544 cap.
1228 4477 1282 4541 4,
1319 4475 1346 4548 §
1378 4476 1456 4547 4).
1509 4476 1749 4532 Donatus
1794 4493 1922 4534 vero
1963 4479 2081 4535 illa—
2108 4455 2162 4518 D

490 4582 611 4622 rum
627 4566 1134 4635 0hSCCEllll8tCS,lllS
1150 4568 1330 4624 verbis
1352 4582 1611 4625 excusare
1637 4568 1835 4625 frustra
1859 4571 2043 4626 nititur
2063 4592 2077 4626 :

497 4679 517 4712 ι
554 4659 820 4716 Atellana:
868 4660 1070 4716 salibus
1118 4669 1173 4716 et
1218 4660 1358 4732 jocis
1410 4663 1746 4733 compositae,
1789 4680 1908 4734 qua:
1940 4666 1992 4720 in
2020 4680 2080 4722 se

490 4771 599 4813 non
627 4753 852 4820 habent,
882 4752 984 4808 nisi
1013 4765 1293 4810 venustam
1311 4754 1651 4825 elegantiam.
1692 4775 1710 4809 ι
1744 4756 1874 4812 Nam
1901 4758 2077 4813 Arno-

490 4849 612 4904 bius
635 4848 828 4903 merito
853 4846 1131 4902 contendit
1157 4848 1254 4901 has
1296 4846 1505 4903 fabulas
1548 4859 1604 4904 et
1640 4850 1935 4906 commdias
1960 4852 2082 4908 aliis

490 4956 591 4996 nec
612 4942 872 4997 castiores
902 4953 1046 5005 esse,
1090 4954 1191 4995 nec
1224 4939 1582 5008 honestiores,
1615 4957 1789 5012 neque
1815 4942 1949 4999 deos
1980 4943 2082 4998 tui-

490 5049 593 5088 nus
613 5033 829 5103 indigne
858 5032 911 5087 in
940 5032 1065 5096 illis,
1094 5046 1252 5102 quam
1277 5032 1394 5087 aliis
1422 5034 1654 5088 tractari.
1712 5060 1717 5073 κ

567 5124 908 5195 Quapropter
939 5123 1187 5179 ethnicos
1230 5123 1427 5179 acriter
1456 5125 1695 5197 corripit,
1744 5127 1832 5198 qui
1879 5142 2071 5199 perpe-

491 5234 606 5274 ram
638 5218 1019 5275 existimabant
1049 5218 1132 5272 his
1150 5218 1481 5273 solemnibus
1514 5218 1673 5286 ludis,
1702 5235 1764 5275 ac
1797 5222 2079 5278 commdiis

491 5314 625 5368 deos
665 5311 864 5378 hetari,
895 5312 1169 5379 honorari,
1213 5312 1438 5382 placari,
1466 5294 1614 5367 'iram
1655 5320 1710 5368 et
1753 5313 2076 5370 simultatem

427 5425 431 5428 ν
491 5406 786 5477 deponere,
817 5416 871 5460 et
900 5405 1226 5473 hominibus,
1275 5422 1305 5460 a
1345 5406 1537 5477 quibus
1566 5405 1755 5462 offensi
1784 5419 1958 5475 erant,
1992 5423 2078 5465 re-

492 5499 790 5557 conciliari.
823 5498 939 5568 Qua
961 5502 1103 5555 enim
1135 5501 1208 5557 dii
1232 5501 1416 5557 latitia
1439 5499 1709 5572 perfundi,
1743 5501 1971 5573 aliisque
1991 5502 2078 5572 ju-

490 5594 681 5651 cundis
706 5593 938 5651 motibus
957 5593 1097 5650 allici
1142 5605 1389 5667 possunt,
1423 5597 1552 5653 visis
1578 5606 1655 5652 tot
1681 5596 1951 5669 tantisque
1984 5612 2076 5655 co-

491 5690 831 5758 mmdiarum,
865 5689 940 5748 uti
977 5687 1090 5761 jam
1131 5690 1359 5760 dictum,
1389 5702 1442 5749 et
1470 5691 1642 5749 adhuc
1677 5690 1814 5748 infra
1843 5691 2072 5761 dicetur,

2187 3195 2376 3241 censet
2397 3185 2533 3241 adeo
2561 3187 2825 3245 absurdus
2856 3190 3069 3253 illorum
3102 3192 3405 3261 opiniones,
3437 3210 3597 3265 quam
3635 3197 3784 3265 quod

2186 3279 2342 3351 plane
2368 3283 2659 3347 nescierint
2681 3283 2805 3353 quid
2838 3286 2905 3347 sit
2936 3284 3095 3349 Deus,
3125 3268 3217 3345 aut
3246 3302 3366 3359 qua:
3405 3289 3516 3344 sint
3539 3289 3656 3359 ejus
3681 3307 3785 3349 na-

2184 3380 2325 3440 tura,
2376 3376 2628 3438 attributa
2671 3387 2723 3429 et
2750 3378 3053 3461 qualitates.
3107 3381 3181 3434 De
3213 3362 3293 3435 his
3320 3397 3482 3457 porro
3510 3384 3650 3438 ludis
3687 3400 3784 3439 co—

2184 3467 2398 3527 mmdiis
2454 3479 2509 3522 et
2542 3469 2834 3539 tragtediis,
2885 3469 2952 3526 de
2979 3471 3171 3541 quibus
3217 3474 3327 3549 jam
3379 3475 3777 3547 disputavimus

2187 3560 2430 3633 (Dissert.
2476 3563 2529 3615 in
2572 3562 2795 3629 Minuta,
2827 3581 2944 3632 cap.
2984 3566 3071 3632 15,
3101 3576 3201 3621 art.
3231 3567 3305 3641 Ι),
3335 3573 3423 3639 qui
3454 3571 3605 3639 plura
3635 3556 3780 3633 scire

2184 3656 2353 3726 cupit,
2384 3657 2428 3710 is
2455 3657 2599 3726 legat
2621 3657 2742 3713 Lilii
2770 3658 2992 3725 Giraldi,
3018 3661 3295 3733 Scaligeri,
3324 3648 3643 3735 camerarii,
3678 3669 3786 3724 ea:

2185 3748 2330 3817 salis,
2376 3751 2608 3805 Alberici
2652 3752 2889 3822 gentilis,
2935 3753 3189 3824 Fabricii,
3239 3757 3541 3815 etaliornm
3574 3760 3641 3815 de
3673 3761 3783 3817 illis

2185 3844 2692 3900 commentationes.
2745 3847 2884 3902 Satis
2928 3859 3104 3904 autem
3160 3861 3346 3922 aperte
3390 3868 3455 3908 ex
3507 3853 3612 3923 his,
3658 3871 3785 3927 qua:

2187 3934 2342 3989 dicta
2376 3944 2520 4003 sunt,
2549 3937 2617 3992 ab
2636 3940 2884 3999 omnibus
2916 3941 3227 4015 intelligitur
3257 3943 3341 3998 vel
3372 3944 3476 4000 illis
3499 3946 3627 4001 solis
3651 3964 3786 4019 gen-

2187 4026 2357 4082 tilium
2413 4029 2564 4098 deos,
2620 4040 2894 4105 totamque
2942 4050 3128 4095 eorum
3180 4036 3495 4113 religionem
3541 4039 3784 4113 funditus

2185 4121 2372 4176 everti.

2775 4217 3004 4283 CAPUT
3040 4221 3184 4279 XVI.

2190 4354 2356 4423 Quam
2409 4354 2566 4419 uaria:
2614 4353 2807 4425 fuerint
2835 4355 3155 4413 ethnicorum
3199 4357 3263 4415 de
3292 4358 3513 4431 singulis
3542 4361 3647 4417 dii:
3672 4363 3783 4425 suis

2257 4448 2548 4518 opiniones,
2579 4457 2628 4501 et
2676 4464 2831 4517 quam
2860 4458 2996 4505 recte
3036 4449 3298 4509 Arnobius
3324 4452 3445 4511 inde
3470 4454 3784 4513 demonstret

2255 4541 2444 4613 falsam
2475 4557 2584 4599 esse
2613 4542 2953 4612 unicujusque
2981 4544 3316 4601 divinitatem.

2707 4692 3002 4735 ARTICULUS
3037 4694 3246 4736 Ριιιιίυε.

2182 4796 2500 4865 Examinatur
2524 4796 2722 4853 Arnobii
2737 4804 2915 4865 contra
2941 4801 3241 4865 ethnicorum
3260 4803 3382 4865 deos
3409 4809 3778 4865 argumentum,

2248 4862 2362 4909 inde
2384 4862 2750 4928 ductum,_qucd
2788 4876 2935 4928 quem
2973 4864 3120 4912 deum
3141 4863 3358 4928 nonnulli
3392 4880 3453 4914 ex
3468 4862 3784 4928 'parentibus

2246 4933 2554 4990 pmcreatum
2579 4925 2827 4990 dicebant,
2859 4925 2945 4990 alii
2976 4938 3089 4990 rem
3114 4925 3321 4990 aliquam
3354 4925 3628 4985 naturalem
3663 4944 3779 4983 esse

2247 4985 2605 5057 amrmaverin‘t‘,
2635 4994 2783 5057 atque
2807 4987 2855 5036 in
2881 4989 3044 5057 primis
3063 4985 3254 5057 Januin,
3279 4990 3555 5057 Saturnum,
3581 4991 3777 5057 iovem,

2246 5047 2527 5117 J_unor_tem,_
2544 5047 2843 5117 Flaviangm,
2867 5047 3160 5117 _l‘omguam,
3180 5047 3553 5117 iOSsipaginam,
3581 5047 3778 5105 Februl

2248 5112 2353 5171 tim,
2376 5110 2710 5177 Populoniam,
2737 5110 2974 5172 Cinariam,
2999 5110 3321 5177 Catprotinam'.

2257 5234 2412 5290 Aliud
2441 5235 2727 5301 Arnobius,
2771 5251 2871 5293 nec
2899 5241 3113 5295 caeteris
3155 5241 3334 5297 minus
3363 5241 3554 5299 efﬁcax
3582 5259 3646 5300 ac
3672 5260 3773 5300 va-

2183 5327 2369 5395 lidum,
2405 5328 2666 5384 adversus
2697 5331 2961 5388 absurdos
2995 5334 3276 5405 gentilium
3319 5335 3388 5392 de
3415 5337 3519 5394 diis
3549 5338 3659 5394 suis
3689 5354 3777 5395 er-

2184 5437 2336 5475 rores
2364 5434 2736 5491 argumentum
2762 5425 2913 5480 duxit
2934 5441 2998 5482 ex
3021 5429 3187 5483 variis
3214 5439 3268 5484 et
3289 5428 3430 5486 inter
3454 5447 3511 5486 se
3533 5446 3775 5504 pugnan-

2183 5513 2326 5569 tibus
2355 5513 2569 5569 illorum
2601 5514 2668 5573 de
2697 5533 2804 5572 uno
2833 5518 3130 5589 eodemque
3159 5522 3262 5578 deo
3299 5525 3601 5579 sententiis.
3654 5527 3773 5593 Quo

2178 5607 2343 5675 enim,
2370 5608 2558 5677 inquit,
2590 5609 2752 5665 modo
2783 5612 2895 5667 lleri
2946 5624 3125 5684 potest
3163 5625 3222 5671 ut
3250 5615 3317 5670 ad
3343 5614 3500 5671 deum
3534 5617 3768 5689 aliquem

2177 5698 2606 5771 cognoscendum
2655 5716 2718 5758 ac
2768 5703 3053 5761 colendum
3096 5706 3343 5763 homines
3401 5706 3623 5766 inducas
3650 5752 3668 5776 ,
3717 5720 3774 5767 tu
