3990 6072
702 116 759 124 -οφρ

256 152 361 211 565

1492 154 1562 245 ιιι
1591 152 1969 248 Αιιιιριιιυιι,
2010 152 2166 215 CAP.
2212 152 2350 210 xvu.

3430 163 3538 222 566

251 270 339 347 qui
382 270 564 343 qualis
590 271 681 331 ille
698 273 793 343 sit,
824 252 984 353 quem
1014 274 1168 342 colis,
1200 288 1299 335 nec
1329 273 1445 344 ipse
1475 273 1604 341 scis,
1638 286 1739 327 nec
1780 271 1850 337 ab
1877 275 1927 341 Α
2026 270 2230 335 Eodem
2257 272 2417 344 plane
2468 274 2694 331 rationis
2723 285 2999 332 momento
3027 276 3118 333 ille
3160 277 3378 334 coniicit
3416 280 3539 334 nul-
3619 328 3625 341 ,

251 364 371 423 aliis
422 366 566 423 scire
613 382 863 438 umquam
912 368 1007 429 tibi
1046 369 1229 431 datum
1256 366 1373 423 est?
1417 364 1609 423 Nonne
1638 363 1706 419 de
1735 379 1845 425 uno
1947 363 2056 419 lum
2086 380 2204 420 esse
2252 380 2450 421 numen
2480 366 2733 434 Saturni;
2787 369 2985 439 quippe
3015 370 3104 440 qui
3133 377 3349 440 tempus
3377 370 3540 426 latine

254 456 554 529 eodemque
589 460 870 531 gentilium
900 460 1003 516 deo
1049 471 1125 517 tot
1176 460 1290 518 fere
1348 467 1503 516 erant
1532 459 1839 532 opiniones,

245 560 382 627 quat
407 553 620 624 Capita?

315 647 389 703 At
414 659 558 705 certe
581 648 633 705 id
658 660 842 707 auctor
867 660 1049 721 noster
1078 667 1227 713 more
1256 651 1431 711 adhuc
1478 668 1576 723 suo
1610 651 1710 707 hac
1750 651 1836 706 in-

238 738 497 796 duetione
545 742 952 813 evidentissima
991 744 1370 811 detnoustrat:
1411 765 1430 799 ι
1487 746 1836 814 Incipiamus,

245 833 443 904 inquit,
475 836 793 909 solemniter
813 838 881 893 ab
904 837 1064 907 Jauo,
1091 850 1146 895 et
1184 854 1283 901 nos
1335 850 1507 911 patre,
1537 855 1695 911 quem
1722 841 1840 915 qui-

234 922 362 981 dam
384 941 452 983 ex
480 928 633 987 vobis
665 930 946 993 mundum,
977 946 1176 989 annum
1205 932 1317 999 alii,
1359 933 1528 991 solem
1560 948 1681 999 esse
1713 949 1836 1002 pro-

233 1017 429 1089 didere
452 1022 699 1089 nonnulli
748 1042 767 1075 ι
803 1021 1047 1097 (Arnob.,
1081 1023 1171 1081 lib.
1204 1040 1285 1092 ut,
1323 1041 1441 1099 pag.
1472 1025 1534 1105 11
1556 1022 1623 1095 ι).
1652 1012 1838 1096 Neque

233 1110 346 1171 hoc
393 1121 600 1173 temere
639 1116 708 1175 ab
746 1118 843 1173 illo
895 1118 1097 1189 dictum
1128 1105 1303 1190 putes.
1346 1123 1391 1174 A
1422 1119 1610 1185 Servio
1639 1118 1837 1191 quippe

235 1204 360 1265 haec
377 1209 597 1278 scriptis
626 1210 839 1281 prodita
871 1212 1102 1285 legimus
1136 1228 1150 1267 :
1186 1232 1204 1267 t
1240 1212 1341 1277 Alii
1376 1212 1567 1273 Janum
1597 1212 1704 1269 diei
1733 1213 1834 1269 do-

231 1300 440 1359 minum
463 1304 669 1373 volunt,
703 1308 755 1361 in
792 1323 900 1378 quo
926 1319 1076 1364 ortus
1106 1318 1189 1365 est
1214 1319 1269 1364 et
1296 1323 1691 1369 occasus.......
1726 1308 1831 1381 Alii

228 1395 363 1450 anni
396 1396 581 1465 totius,
612 1413 772 1469 quem
810 1400 863 1469 ἱη
889 1411 1118 1473 Quatuor
1168 1412 1409 1471 tempora
1460 1410 1670 1459 constat
1710 1415 1833 1459 esse

235 1487 495 1549 divisum.
523 1488 665 1549 Anni
685 1502 864 1553 autem
890 1509 1012 1549 esse
1038 1494 1195 1553 deum
1226 1493 1311 1551 illa
1339 1508 1425 1550 res
1453 1494 1665 1565 probat,
1688 1492 1831 1577 quod

231 1578 308 1639 ab
359 1576 425 1637 eo
468 1579 635 1651 prima
674 1599 799 1654 pars
826 1585 955 1649 anui
997 1586 1322 1641 nominatur.
1361 1584 1493 1641 Nam
1520 1600 1550 1639 a
1578 1584 1713 1649 Jano
1740 1584 1831 1659 Ja—

1946 469 2002 513 et
2043 473 2217 528 graece
2261 459 2469 537 χρόνος,
2528 461 2679 527 sive,
2724 472 2780 516 ut
2811 461 2888 514 ait
2916 462 3265 532 Augustinus,
3301 463 3541 534 temporis

1945 552 2231 624 longitudo,
2267 553 2433 607 fuisse
2458 553 2825 623 perhibeatur.
2855 553 2971 608 Non
3001 555 3175 610 solum
3207 564 3385 611 autem
3424 546 3555 611 Ma?

1948 649 2187 713 crobius,
2234 660 2288 705 et
2341 648 2679 714 Plutarchus,
2722 652 2836 704 haec
2884 666 3138 722 expresse
3177 651 3535 718 tradiderunt,

1942 742 2037 798 sed
2059 741 2249 798 Cicero
2279 744 2440 799 etiam
2472 743 2623 800 hisee
2654 743 2985 815 totidemque
3022 745 3201 800 verbis
3235 763 3249 800 :
3287 763 3306 797 ι
3346 744 3536 800 Satur-

1942 851 2070 893 num
2098 845 2275 889 autem
2321 851 2443 891 eum
2472 850 2594 890 esse
2622 836 2926 904 voluerunt,
2971 836 3061 906 qui
3090 852 3305 891 cursum
3332 846 3385 892 et
3405 851 3537 892 c0n—

1942 929 2247 987 versionem
2271 932 2566 1002 spatiorum
2624 946 2688 985 ac
2741 939 3044 1000 temporum
3074 934 3397 988 contineret.
3434 931 3535 1000 Qui

1942 1022 2089 1076 Deus
2160 1038 2335 1092 grrece
2407 1022 2639 1092 idipsum
2703 1038 2900 1077 nomen
2956 1022 3135 1079 habet.
3163 1025 3347 1097 Χρόνος
3389 1025 3534 1080 enim

1941 1114 2173 1183 dicitur,
2232 1117 2319 1186 qui
2367 1125 2451 1171 est
2487 1115 2628 1170 idem
2681 1117 2871 1195 χρόνος
2920 1119 3179 1187 temporis
3226 1119 3477 1187 spatium.
3508 1137 3528 1171 ι

1940 1206 2146 1262 Rursus
2192 1219 2371 1262 autem
2404 1209 2527 1263 inde
2582 1208 2743 1265 infert
2790 1209 3065 1264 Arnobius
3113 1210 3411 1265 tollendum
3466 1211 3535 1267 de

1938 1302 2119 1356 medio
2151 1302 2463 1366 Saturnum,
2494 1301 2639 1357 Caelo
2688 1303 2887 1356 editum
2943 1314 3094 1372 patre
3144 1300 3409 1374 (August,
3441 1303 3531 1358 lib.

1940 1413 1991 1451 IV
2018 1396 2081 1449 de
2105 1395 2279 1461 CiviL,
2307 1413 2421 1466 cap.
2450 1395 2537 1462 10,
2560 1413 2681 1466 pag.
2713 1395 2814 1460 95;
2846 1394 3101 1462 Macrob,
3127 1396 3214 1449 lib.
3245 1411 3262 1449 ι
3291 1394 3529 1463 Saturn.,

1937 1507 2056 1564 cap.
2110 1490 2179 1555 8;
2219 1488 2513 1554 Platore/1.,
2546 1488 2634 1543 lib.
2665 1489 2728 1541 de
2763 1487 2896 1542 lsid.
2944 1497 2989 1542 et
3041 1487 3179 1543 Osir.
3211 1531 3226 1553 ,
3280 1498 3402 1541 tom.
3454 1503 3529 1555 ιι,

1938 1603 1991 1654 p.
2015 1584 2153 1655 365;
2186 1581 2378 1649 Cicer.,
2409 1584 2498 1638 lib.
2528 1599 2565 1639 ιι
2597 1582 2658 1637 de
2699 1580 2827 1637 Nat.
2855 1584 3023 1649 deor.,
3050 1600 3101 1652 p.
3133 1582 3261 1649 225,
3294 1583 3386 1637 liu.
3411 1581 3528 1651 28).

230 1672 457 1729 nuarius
479 1673 818 1743 dicitur......
874 1676 977 1734 Alii
1012 1678 1204 1751 Jauum
1242 1678 1499 1745 mundum
1529 1679 1823 1761 accipiunt,
1860 1670 1909 1731 B
2006 1679 2142 1749 Quid
2167 1688 2449 1752 praeterea,
2480 1678 2622 1749 quod
2652 1677 2829 1732 nullus
2853 1693 3068 1748 quoque
3093 1692 3343 1747 umquam
3367 1676 3531 1733 fuisse

226 1767 387 1836 cujus
412 1769 584 1827 caulae
611 1769 736 1827 ideo
764 1770 815 1829 iu
848 1787 980 1843 pace
1019 1774 1216 1831 clausa:
1247 1784 1394 1841 sunt,
1423 1774 1563 1847 quod
1595 1773 1828 1833 mundus

232 1859 473 1930 undique
511 1863 725 1917 clausus
767 1874 883 1929 est;
936 1866 1060 1931 belli
1108 1875 1349 1945 tempore
1392 1866 1708 1945 aperiuntur
1758 1867 1826 1925 ad

218 1952 487 2013 auxilium
518 1957 829 2024 petendum,
864 1965 917 2027 ut
947 1966 1182 2031 pateant.
1230 1978 1249 2012 ι
1293 1956 1490 2032 (Serm,
1534 1962 1585 2017 in
1611 1958 1702 2015 lib.
1734 1975 1824 2015 vm

218 2041 470 2112 λΕηεὶάη
492 2062 622 2117 pars.
652 2047 758 2119 605
788 2061 834 2104 ει
863 2066 1025 2125 squ.,
1051 2068 1171 2124 pag.
1208 2052 1357 2122 474).
1391 2052 1554 2109 Addit
1582 2054 1729 2119 illum
1756 2054 1825 2123 ab

220 2135 371 2204 aliis,
415 2140 868 2215 quemadmodum
913 2159 944 2199 a
986 2142 1249 2217 Cicerone
1299 2142 1511 2223 (σίδαι-η
1559 2146 1648 2201 lib.
1700 2162 1716 2201 ι
1761 2145 1825 2200 de

218 2225 421 2285 Natur.
451 2231 619 2299 deor.,
645 2251 766 2306 pag.
800 2235 951 2307 221),
983 2236 1177 2292 Janum
1201 2254 1297 2293 seu
1318 2237 1526 2295 Eanum
1555 2238 1622 2294 ab
1642 2237 1822 2303 eundo

213 2325 462 2390 vocitari,
496 2327 777 2401 ipsumque
803 2346 923 2389 esse
950 2332 1200 2400 Martem;
1245 2334 1312 2390 ab
1339 2334 1460 2390 aliis
1489 2350 1672 2393 aerem
1700 2350 1820 2391 cre-

213 2414 292 2480 di,
321 2417 390 2472 ab
409 2418 534 2474 aliis
561 2436 691 2478 vero
722 2423 1046 2491 Clusivium,
1084 2437 1177 2483 aut
1213 2426 1513 2489 Patuleum,
1545 2438 1640 2484 aut
1658 2428 1816 2483 Jazo-

212 2508 394 2578 nium,
424 2522 589 2583 atque
619 2516 781 2571 etiam
810 2516 1095 2586 Quirinum
1123 2500 1427 2591 appellarif

286 2605 595 2665 Macrobius
624 2624 753 2664 vero
780 2612 1021 2667 ostendit
1042 2611 1184 2669 hunc
1213 2613 1387 2687 ipsum
1419 2630 1448 2669 a
1470 2614 1816 2689 quibusdam,

208 2698 296 2755 uti
319 2698 386 2757 ab
414 2699 647 2774 Nigidio,
678 2703 927 2760 eumdem
969 2706 1076 2762 dici
1102 2719 1264 2780 atque
1293 2708 1463 2765 solem
1484 2752 1499 2773 ,
1533 2718 1588 2764 et
1610 2710 1816 2780 Apolli-

208 2807 367 2860 nem,
394 2808 426 2851 a
452 2797 726 2853 nonnullis
753 2814 883 2854 vero
905 2801 1164 2857 mundum
1192 2809 1247 2857 et
1282 2804 1500 2871 malum,
1524 2812 1686 2876 atque
1720 2804 1815 2861 iis-

207 2882 362 2949 dem,
394 2901 514 2956 quas
553 2887 772 2944 Servius
800 2902 1068 2963 recenset,
1101 2895 1431 2963 nominibus,
1462 2896 1531 2950 ab
1556 2896 1678 2951 aliis
1713 2912 1813 2952 vo-

207 2972 415 3050 catum,
463 2982 516 3037 in
561 2984 856 3067 primisque
899 2986 1211 3054 Janoniutu,
1261 3007 1280 3040 t
1327 2989 1500 3060 quasi,
1541 3010 1559 3042 »
1615 2990 1808 3067 inquit,

1933 1771 2195 1829 dicendus
2225 1782 2306 1827 est
2334 1771 2575 1842 ejusdem
2604 1771 2823 1826 Saturni
2864 1781 2919 1825 et
2966 1770 3095 1841 Opis
3126 1771 3268 1824 lilius
3297 1769 3524 1841 Jupiter,

1930 1866 1984 1921 in
2018 1866 2216 1937 finibus
2264 1864 2603 1921 Cretensium
2646 1864 2931 1934 sepultus?
2960 1864 3091 1918 Nam
3137 1863 3278 1920 hunc
3306 1865 3393 1919 alii
3435 1880 3528 1921 so-

1929 1956 2058 2029 lem,
2109 1957 2200 2011 alii
2252 1954 2509 2012 zetherem
2558 1972 2681 2011 esse
2741 1956 3158 2011 contendebant.
3222 1956 3529 2014 Macrobius

1929 2049 2073 2121 enim
2123 2050 2289 2105 variis
2332 2059 2574 2105 veterum
2631 2059 2911 2104 auctorum
2972 2049 3292 2103 tesﬁmoniis
3337 2050 3528 2120 probat

1925 2161 2049 2204 eum
2099 2160 2287 2200 revera
2334 2158 2455 2198 esse
2504 2143 2675 2203 solem
2728 2140 3010 2213 (Macrob.,
3044 2141 3131 2196 lib.
3168 2157 3184 2197 ι
3226 2141 3522 2210 Saturnal.,

1925 2256 2047 2308 cap.
2077 2237 2192 2309 25).
2222 2235 2413 2295 Cicero
2442 2246 2619 2293 autem
2645 2248 2829 2306 aperte
2857 2236 3011 2291 nobis
3052 2236 3287 2291 declarat
3318 2236 3467 2292 illum
3491 2254 3520 2291 a

1925 2330 2227 2402 Chrysippo
2253 2330 2457 2386 zothera
2488 2330 2719 2395 censeri,
2744 2339 2907 2400 atque
2938 2329 3195 2395 Ennium,
3219 2331 3308 2400 qui
3333 2345 3361 2384 a
3394 2330 3522 2385 Var-

1924 2438 2060 2478 rone
2089 2422 2248 2479 etiam
2277 2424 2522 2481 eamdem
2555 2423 2625 2479 ob
2648 2438 2865 2479 causam
2915 2424 3109 2478 citatur
3142 2421 3352 2497 (Cicer.,
3383 2424 3467 2477 lib.
3502 2441 3520 2478 ι

1924 2515 1988 2569 de
2010 2513 2205 2570 Natur.
2233 2515 2399 2591 deor.,
2432 2532 2553 2587 pag.
2586 2516 2713 2579 20!,
2743 2516 2837 2570 lin.
2863 2516 2954 2578 54,
2978 2525 3025 2569 et
3054 2515 3141 2569 lib.
3166 2531 3222 2583 ll,
3246 2531 3365 2586 pag.
3388 2515 3516 2580 2M,

1926 2604 2019 2661 lin.
2066 2606 2167 2674 12;
2204 2607 2366 2674 lbid.,
2410 2626 2534 2681 pag.
2574 2607 2703 2673 29.5,
2733 2608 2826 2662 lin.
2869 2608 2969 2673 57;
3020 2606 3197 2673 Varr.,
3228 2608 3318 2662 lib.
3360 2623 3412 2662 tv
3459 2608 3520 2663 de

1922 2699 2077 2773 Ling.
2112 2701 2231 2768 lat.,
2260 2719 2379 2774 pag.
2406 2700 2522 2773 16),
2554 2702 2795 2757 omnium
2824 2716 3050 2756 assensu
3076 2699 3283 2755 dixisse
3318 2718 3331 2753 :

2874 2818 2997 2864 soice
3019 2816 3051 2864 b

2874 2833 2882 2839 .
2921 2818 2931 2827 '
3019 2816 3051 2864 ‘h

2015 2879 2236 2930 Sublime
2259 2880 2492 2937 candens,
2521 2892 2670 2942 quem
2694 2816 3113 2930 invotgﬁlgzmg:
3132 2877 3324 2928 Jovem.

1918 2984 2093 3055 Alium
2123 2988 2298 3041 adhuc
2322 2996 2511 3042 testem
2536 2985 2740 3061 profert
2767 2985 3100 3060 Euripidem,
3123 2987 3231 3063 qui,
3251 2996 3305 3041 ut
3332 2986 3496 3051 multa

216 3090 238 3126 ι
272 3089 383 3135 non
415 3076 591 3137 solum
622 3064 824 3136 mensis
848 3080 1109 3151 Januarii,
1134 3084 1230 3140 sed
1272 3057 1537 3143 mensium
1566 3057 1807 3147 omnium
1841 3057 1886 3121 (ἶ
1919 3079 2184 3149 paedore,
2210 3078 2358 3133 addit
2379 3078 2471 3135 ille
2496 3057 2706 3151 (Ciam,
2733 3081 2831 3135 loc.
2859 3057 2971 3151 cit.)
2992 3123 3006 3151 ,
3036 3082 3110 3135 sic
3135 3057 3234 3134 lioc
3261 3079 3472 3134 breuiter
3493 3098 3512 3134 :

207 3165 489 3239 ingressus
538 3180 829 3230 tenentem.
887 3165 908 3229 ι
960 3178 1247 3249 (Macrab.,
1296 3180 1388 3234 lib.
1442 3196 1459 3235 1
1505 3179 1806 3255 Saturnal.,

204 3275 326 3341 cap.
370 3261 452 3333 9).
860 3330 863 3333 Α
1355 3259 1367 3317 ’.

278 3357 445 3435 Atqui
469 3357 517 3415 si
537 3372 624 3414 res
648 3359 716 3414 ita
735 3361 824 3428 sit,
850 3363 1028 3437 arguit
1048 3363 1321 3421 Arnobius
1344 3365 1587 3437 (Arnob.,
1606 3367 1697 3422 lib.
1721 3384 1804 3441 tu,

207 3464 335 3520 pag.
371 3449 521 3527 117),
550 3462 701 3509 certe
730 3456 910 3510 nullus
931 3458 1035 3513 erit
1054 3457 1245 3525 Janus,
1278 3476 1436 3529 quem
1460 3462 1661 3517 ethnici
1685 3479 1807 3533 ven-

206 3540 457 3605 ditabant
485 3543 633 3602 C(Blo
662 3555 717 3601 et
747 3545 940 3603 Hecata
987 3562 1348 3623 procreatum,
1374 3553 1617 3614 Juturna:
1644 3555 1807 3625 mari-

209 3643 346 3698 tum.
376 3651 633 3711 generum
665 3639 932 3707 Vulturni,
965 3653 1170 3711 patrem
1202 3644 1380 3710 Fonti,
1418 3645 1647 3703 Janiculi
1669 3663 1801 3705 con-

210 3728 472 3795 ditorem,
525 3732 693 3788 italiae
734 3750 938 3805 regem,
978 3737 1294 3808 cunctisque
1337 3741 1606 3809 precibus,
1654 3753 1707 3797 ut
1737 3758 1804 3799 ex

215 3820 411 3877 Ovidio
442 3823 631 3894 liquet,
660 3836 822 3896 atque
843 3830 1026 3897 etiam,
1059 3840 1116 3883 ut
1148 3839 1328 3887 monet
1359 3829 1567 3897 Cicero.
1598 3834 1805 3890 sacrifi—

206 3916 311 3973 ciis
333 3932 552 3986 semper
580 3923 1001 3993 praeponendum
1030 3924 1234 3995 (0vid.,
1261 3927 1350 3987 lib.
1383 3944 1399 3987 t
1428 3928 1664 4003 Easton,
1691 3930 1720 4005 §
1744 3934 1805 3999 5;

207 4009 402 4079 Cicer.,
428 4011 513 4077 lib.
544 4029 581 4068 ιι
608 4014 671 4068 de
693 4013 884 4071 Natur.
910 4017 1077 4087 ileon,
1101 4036 1220 4091 pag.
1252 4019 1404 4089 2‘24).
1435 4022 1544 4077 Nec
1568 4022 1803 4089 absimili

209 4119 435 4175 prorsus
459 4106 619 4162 modo
645 4108 976 4185 Augustinus
1008 4130 1020 4164 :
1050 4110 1105 4166 Si
1127 4110 1316 4183 Janus,
1350 4112 1542 4181 inquit,
1568 4094 1803 4173 sitmuu-

204 4197 333 4263 dus,
360 4214 458 4252 cur
484 4201 715 4271 gentiles
742 4201 875 4259 falso
906 4186 1227 4260 asserebant
1249 4203 1316 4258 ad
1345 4220 1468 4265 eum
1504 4221 1684 4269 rerum
1710 4207 1805 4265 ini-

206 4292 304 4357 tia,
328 4291 485 4359 fines,
510 4304 565 4348 et
596 4292 881 4349 terminum
912 4295 1137 4350 referri?
1164 4296 1272 4350 Cur
1301 4295 1592 4353 bifrontem
1625 4298 1801 4363 illum,

210 4385 369 4457 quasi
412 4385 533 4443 dua:
579 4398 784 4447 tantum
827 4389 934 4444 sint
976 4389 1161 4459 mundi
1209 4399 1410 4471 partes,
1457 4399 1549 4445 aut
1578 4392 1799 4463 quadri-

2006 3193 2160 3256 Yides
2177 3192 2387 3249 sublime
2410 3192 2591 3251 fusum,
2616 3195 2985 3246 immoderatum
3008 3196 3213 3256 aethera,

2007 3254 2099 3323 Qui
2127 3264 2302 3305 tenero
2325 3264 2509 3323 terram
2533 3258 2863 3323 circumvecta
2883 3259 3193 3323 amplectitur

2004 3317 2147 3367 Hunc
2167 3332 2406 3368 summum
2425 3320 2609 3369 habeto
2629 3321 2812 3381 divum,
2836 3317 2978 3371 bune'
2988 3321 3251 3384 perhibeto
3271 3319 3464 3372 Jovem.

1910 3443 2018 3499 Nos
2045 3459 2173 3500 vero
2198 3444 2463 3503 Eusebius
2492 3447 2726 3501 monitos
2751 3462 2871 3502 esse
2899 3447 3065 3502 voluit
3092 3447 3277 3503 Jovem
3308 3447 3375 3501 ab
3397 3446 3502 3502 Or-

1911 3537 2073 3607 pheo,
2107 3539 2153 3593 si
2185 3537 2486 3612 Porphyrio
2510 3538 2662 3604 ﬁdes,
2687 3551 2741 3594 et
2762 3540 3018 3596 mundum
3044 3542 3351 3596 universum
3378 3540 3501 3609 dici,

1910 3636 1966 3684 et
2005 3629 2238 3684 animam
2290 3631 2408 3701 ejus
2472 3630 2671 3685 aethera
2724 3629 2962 3704 (Euseb.,
3019 3632 3105 3686 lib.
3156 3647 3211 3688 ιιι
3256 3630 3498 3703 Prwpar.

1911 3723 2139 3801 Evang,
2172 3742 2287 3795 cap.
2324 3725 2376 3792 9,
2408 3743 2526 3796 pag.
2560 3726 2681 3795 100,
2712 3736 2759 3780 et
2787 3726 2973 3809 seqq.)

1909 3870 1914 3881 ,
1982 3818 2137 3873 Falsa
2169 3834 2296 3888 ergo
2326 3827 2407 3874 est
2437 3819 2600 3881 etiam
2625 3820 2852 3879 Junonis
2877 3822 3149 3888 divinitas,
3180 3837 3339 3893 quam
3366 3822 3504 3883 sicut

1908 3913 2082 3982 arguit
2111 3912 2383 3966 Arnobius
2414 3912 2670 3983 (Arnob.,
2720 3914 2808 3967 lib.
2842 3930 2934 3981 ιιι,
2965 3932 3087 3985 pag.
3121 3913 3288 3987 118),
3321 3932 3497 3971 aerem

1909 4003 2155 4074 plerique
2198 4002 2484 4069 dicebant,
2536 4019 2599 4058 ac
2648 4005 2987 4074 potissimum
3036 4006 3237 4073 Stoici,
3271 4022 3497 4077 quorum

1907 4097 2214 4169 opinionem
2246 4096 2438 4151 Cicero
2469 4095 2552 4151 his
2595 4096 2826 4166 erplicat
2855 4097 3074 4152 verbis:
3104 4116 3123 4149 ι
3161 4100 3270 4152 Aer
3296 4109 3496 4168 autem,

1910 4201 1965 4244 ut
1998 4189 2162 4245 Stoici
2192 4188 2487 4258 disputant,
2521 4189 2831 4275 interiectus
2862 4189 3002 4245 inter
3024 4205 3173 4245 mare
3198 4200 3253 4245 et
3277 4190 3496 4260 cmlum,

1906 4281 2134 4338 Junonis
2165 4285 2381 4338 nomine
2408 4292 2778 4350 consecratur,
2812 4299 2932 4355 qua:
2964 4293 3048 4339 est
3076 4300 3231 4341 soror
3283 4295 3337 4341 et
3365 4300 3500 4341 eon-

1903 4380 1999 4450 jux
2030 4379 2213 4445 lovis;
2248 4379 2389 4451 quod
2415 4389 2468 4434 et
2491 4379 2789 4435 similitudo
2810 4390 2893 4435 est
2923 4380 3163 4447 aztberis,
3201 4392 3255 4437 et
3285 4398 3406 4437 cum
3434 4397 3500 4437 eo

208 4478 468 4546 frontem,
502 4480 657 4549 quasi
709 4480 824 4551 ipse
872 4491 923 4536 et
964 4443 1471 4552 untndus’geminus
1510 4483 1600 4551 sit,
1636 4484 1799 4556 finge.
1829 4443 1884 4509 D
1908 4489 2118 4529 summa
2144 4474 2471 4546 conjunctio.
2503 4471 2897 4528 Etlemiuarunt
2922 4484 3101 4529 autem
3136 4489 3298 4541 eum-,
3327 4473 3497 4529 Juno-

216 4570 384 4649 bant?
410 4572 515 4627 Cur
547 4572 891 4627 venditabant
936 4588 1100 4649 penes
1145 4589 1266 4629 eum
1299 4590 1418 4629 esse
1468 4577 1659 4647 prima,
1688 4576 1801 4632 sive

208 4648 363 4719 initia
419 4664 720 4730 laetorum,
773 4677 827 4720 et
890 4648 1099 4720 summa
1152 4681 1316 4743 penes
1374 4665 1589 4731 Jovem,
1649 4668 1801 4739 quasi

208 4757 453 4837 omnium
482 4758 702 4829 regem?
738 4757 874 4829 Quid
903 4774 1031 4831 ergo
1076 4759 1273 4815 factum
1302 4769 1385 4815 est
1413 4760 1480 4814 de
1520 4760 1622 4814 hoc
1664 4760 1800 4816 Jove

209 4849 491 4905 hominum
540 4850 871 4925 deorumque
903 4869 1049 4925 rege,
1101 4854 1145 4908 si
1190 4853 1355 4934 Janus
1404 4853 1635 4910 mundus
1679 4870 1802 4912 esse

208 4941 458 5011 dicatur?
496 4943 760 5017 (Angust.,
793 4945 881 5000 lib.
926 4962 998 5009 vtt
1024 4946 1086 5001 de
1131 4944 1303 5013 Civit.,
1348 4964 1462 5018 cap.
1502 4950 1531 5003 7
1562 4957 1608 5001 et
1637 4965 1799 5020 seqq.,

208 5050 334 5105 pag.
386 5033 487 5091 168
543 5047 587 5090 et
636 5053 818 5119 seqq,-
864 5035 1079 5103 Dissert.
1129 5039 1182 5090 in
1241 5035 1478 5104 Minoa,
1527 5055 1642 5141 cap.
1696 5040 1799 5113 15,

208 5134 308 5180 art.
354 5126 438 5197 1.)

283 5221 401 5277 Alia
426 5222 651 5307 insuper
670 5224 883 5280 ratione
915 5224 1183 5297 Arnobius
1210 5225 1447 5281 ostendit
1477 5226 1676 5281 nullam
1719 5226 1799 5282 ei-

210 5313 334 5371 dem
386 5313 543 5385 Jano,
591 5317 635 5371 si
665 5332 839 5373 annus
883 5319 974 5384 sit,
1025 5319 1184 5375 tribui
1241 5335 1399 5391 posse
1443 5319 1796 5391 divinitatem,

211 5407 354 5478 Quid
386 5408 530 5463 enim
563 5419 644 5464 est
668 5424 862 5475 annus,
896 5411 997 5465 nisi
1027 5412 1241 5483 aliquod
1266 5414 1492 5482 spatium
1523 5414 1797 5485 temporis.

210 5512 367 5556 certo
388 5501 593 5557 dierum
625 5508 999 5575 mensiumque
1035 5522 1257 5561 numero
1301 5507 1800 5579 circumscriptum?

210 5595 349 5667 Quis
373 5608 498 5648 vero
524 5594 674 5661 illud,
704 5596 844 5668 quod
881 5596 1072 5651 transit
1096 5612 1159 5651 ac
1182 5598 1394 5663 labitur,
1428 5597 1533 5652 vim
1565 5598 1800 5653 divinam

213 5689 421 5746 habere
451 5687 553 5746 sibi
600 5689 949 5761 persuadebit
1007 5684 1250 5760 (Arnob.,
1277 5690 1365 5781 lib.
1395 5706 1474 5763 tu,
1499 5708 1621 5764 pag.
1655 5690 1802 5765 117).

1909 4565 2069 4635 nique
2100 4565 2434 4627 tribuerunt;
2464 4564 2606 4635 quod
2649 4564 2781 4618 nihil
2817 4575 2900 4620 est
2930 4580 2995 4619 eo
3027 4566 3241 4620 mollius
3273 4564 3493 4635 (Civem,

1908 4656 1996 4712 lib.
2027 4674 2059 4711 Il
2090 4658 2154 4710 de
2185 4656 2375 4711 Natur.
2405 4656 2572 4726 daora,
2600 4674 2719 4729 pag.
2749 4656 2879 4724 225,
2914 4656 3006 4712 lin.
3037 4657 3149 4730 47).
3190 4677 3209 4710 ι

1980 4751 2189 4806 Oratori
2230 4761 2446 4819 autem,
2492 4761 2615 4805 ante
2645 4750 3037 4821 Augustinum,
3083 4750 3380 4805 Macrobius
3420 4753 3499 4808 sic

1906 4847 2225 4917 subscripsit
2255 4866 2268 4902 :
2303 4864 2321 4897 t
2358 4846 2499 4901 Juno
2525 4860 2680 4901 soror
2708 4845 2846 4915 ejus,
2875 4844 3044 4910 Jovis,
3077 4853 3131 4899 et
3161 4844 3356 4915 eoujux
3398 4859 3499 4901 vo‘

1907 4948 2079 4993 catur.
2112 4938 2209 4994 Est
2253 4948 2431 4993 autem
2478 4937 2617 4993 Juno
2664 4952 2791 5001 aer;
2835 4947 2889 4992 et
2928 4936 3122 4991 dicitur
3166 4951 3342 5002 soror,
3373 4940 3497 5007 quia

1908 5032 2101 5087 iisdem
2132 5032 2453 5098 seminibus,
2485 5030 2678 5102 quibus
2706 5030 2923 5095 coelum,
2954 5029 3115 5083 etiam
3144 5044 3236 5082 aer
3263 5038 3345 5082 est
3372 5045 3495 5100 pro-

1908 5138 2148 5192 creatus;
2168 5127 2385 5197 conjux,
2401 5126 2524 5197 quia
2542 5125 2779 5197 subjecta
2797 5132 2879 5177 est
2898 5120 3038 5176 coelo
3054 5119 3313 5192 (Augusl.,
3331 5122 3420 5176 lib.
3439 5137 3497 5178 tv

1907 5220 1970 5275 de
1996 5219 2169 5287 Civit.,
2218 5236 2333 5290 cap.
2382 5219 2471 5286 10,
2515 5235 2567 5286 p.
2591 5217 2678 5281 95,
2709 5226 2754 5270 et
2776 5214 2862 5269 lib.
2886 5228 2978 5277 vn,
3013 5228 3130 5282 cap.
3160 5213 3245 5276 16,
3277 5212 3495 5283 p.175;

1907 5311 2165 5377 Macrob.,
2196 5311 2285 5367 lib.
2319 5328 2335 5366 ι
2364 5312 2416 5364 in
2450 5310 2632 5366 Somn.
2663 5307 2834 5378 Scip.,
2864 5321 3007 5381 cap.
3040 5304 3153 5379 17).
3194 5323 3214 5358 ι
3249 5305 3496 5381 Porphy-

1903 5404 2017 5460 rius
2047 5418 2175 5457 vero
2206 5403 2321 5457 hrec
2369 5401 2562 5456 litteris
2594 5399 2960 5464 mandaverat,
3003 5412 3123 5467 quae
3164 5397 3231 5451 ab
3265 5396 3498 5453 Eusebio

1906 5495 1981 5550 sic
2013 5496 2336 5566 transcripta
2367 5502 2493 5547 sunt
2523 5490 2841 5563 (Porpltyrz,
2871 5489 3009 5561 apud
3055 5487 3267 5555 Euseb.,
3306 5488 3390 5542 lib.
3438 5504 3498 5544 ιιι

1911 5587 2147 5658 Prosper.
2182 5603 2384 5658 evang.,
2436 5602 2551 5656 cap.
2600 5584 2699 5650 11,
2752 5599 2873 5654 pag.
2922 5581 3048 5651 108)
3078 5586 3214 5639 εΤῆν
3257 5576 3311 5634 δὲ
3342 5577 3503 5655 Ἦραν

1913 5686 2142 5740 σύνοικον
2155 5690 2231 5760 τῷ
2249 5685 2322 5739 Διὶ
2350 5681 2711 5746 πεποιήκασιν,
2739 5682 2828 5737 τήν
2858 5677 3073 5749 αἰθέριον
3102 5673 3193 5729 καὶ
3217 5671 3381 5744 ἀέριον
3416 5668 3489 5724 διο
