3990 6072
463 283 567 337 567

1744 261 2195 325 DISSERTATIO
2235 259 2518 318 PREVIA

3642 243 3751 301 568

458 426 608 477 ναμιν
651 400 807 475 Ἦραν
834 403 1220 474 προσείπω-τες.
1254 396 1365 451 ἔστι
1417 396 1518 469 γὰρ
1543 391 1672 447 καὶὸ
1702 393 1867 467 αἰθὴρ,
1898 389 1997 458 ἀὴρ
2023 383 2049 439 ὁ

2171 382 2242 436 ib.
2288 396 2339 436 tv
2370 381 2434 435 de
2465 378 2618 452 Ling.
2678 380 2796 442 lat.,
2844 392 2963 448 pag.
3009 374 3109 440 l7;
3158 374 3396 443 August,
3439 369 3526 424 lib.
3570 383 3640 421 vn
3687 367 3758 423 de

459 498 949 572 λεπτομερέστατος.
965 491 993 543 ,1
1003 506 1216 544 unonem
1229 498 1393 542 autem
1408 486 1552 540 locis
1564 499 1770 539 uxorem
1782 497 1889 536 esse
1906 480 2060 549 ﬁnxe-

459 601 600 647 runt.
630 589 766 659 quod
800 587 1061 641 tat/teriam
1098 584 1289 638 scilicet
1333 582 1623 646 aeriamque
1662 579 1760 631 vim
1796 574 2054 628 Junonem

459 682 797 753 appellarent.
835 677 1025 733 .Etlter
1063 678 1197 730 enim
1227 674 1588 729 subtilissimus
1622 686 1682 723 ac
1735 665 2057 722 tenuissimus

450 760 554 831 ’ἀεῖ
581 785 673 830 est.
704 773 861 830 Addit
916 773 1004 827 ille
1035 787 1149 825 eam
1183 772 1283 826 ἀπὸ
1311 774 1404 826 τοῦ
1443 770 1591 845 ἀέρος
1624 764 1789 839 Ἥρα,
1823 762 1891 816 ab
1932 775 2058 815 aere

461 866 724 924 Junonem
746 867 907 921 fuisse
925 864 1241 935 appellatam
1296 861 1592 917 Macrobius
1624 858 1861 921 tandem,
1895 870 2055 923 quem

461 962 623 1031 paulo
651 969 775 1015 ante
800 955 1112 1023 citavimus,
1143 956 1267 1010 alibi
1297 965 1475 1009 narrat
1506 952 1772 1008 Junonem
1814 963 1934 1004 esse
1964 949 2052 1002 in-

462 1052 644 1109 ﬁmum
671 1068 873 1113 acrem.
898 1052 971 1106 uti
1002 1049 1156 1119 paulo
1186 1058 1305 1118 post
1330 1045 1736 1101 observabimus
1762 1040 2053 1113 (Macrob.,

463 1147 550 1204 lib.
586 1164 639 1203 ιιι
674 1144 972 1207 Saturnal.,
1004 1160 1121 1214 cap.
1152 1143 1231 1213 5).

537 1245 603 1295 At
637 1239 759 1295 inde
789 1238 1056 1293 Arnobius
1081 1237 1160 1290 sic
1200 1240 1647 1305 argumentatur:
1678 1248 1696 1279 ι
1732 1228 1788 1283 Si
1828 1242 1923 1281 aer
1964 1224 2056 1281 illa

463 1344 546 1389 est
595 1331 1043 1405 quemadmodum
1063 1345 1156 1383 vos
1176 1327 1359 1383 ludere
1386 1340 1448 1380 ac
1471 1324 1715 1379 dictitare
1735 1318 2055 1383 consuestis,

462 1427 620 1499 grteci
670 1426 900 1479 nominis
941 1421 1254 1477 austeritate
1317 1419 1579 1488 repetita,
1627 1414 1767 1470 nulla
1807 1428 1961 1470 soror
2005 1421 2061 1467 et

465 1519 656 1589 Conjux
680 1517 1061 1585 omnipotentis
1090 1514 1388 1585 reperietur
1409 1512 1578 1578 Jovis,
1614 1510 1751 1564 nulla
1776 1506 2056 1569 Flmiona,

464 1613 611 1667 nulla
641 1612 900 1676 Putnoua,
933 1609 1073 1664 nulla
1103 1607 1437 1677 Ossipagina,
1474 1599 1918 1664 nulla-Februtis,
1951 1596 2054 1652 Po-

465 1703 680 1775 pulonia
703 1746 717 1766 ,
745 1702 932 1758 Cinxia
956 1742 970 1766 ,
1002 1712 1055 1754 ct
1084 1699 1371 1769 Caprotina
1420 1695 1659 1768 (Arnob.,
1692 1692 1779 1747 lib.
1811 1707 1906 1757 ιιι,
1935 1706 2055 1761 pag.

2161 471 2334 539 Civit.,
2364 491 2413 529 ο.
2445 471 2535 539 16,
2569 490 2688 544 pag.
2716 469 2866 541 174).
2895 467 3000 525 Sed
3027 467 3095 523 de
3121 466 3217 521 hac
3235 464 3540 535 conjectura
3571 469 3756 517 nostra

2163 564 2388 623 aliorum
2415 578 2530 621 esm
2548 567 2829 636 judicium.

2234 662 2587 731 Depravatum
2610 674 2822 731 qunque
2845 655 3086 712 nonnulli
3107 654 3395 726 opinantur
3412 653 3757 723 subsequens

2160 755 2400 826 ejusdem
2426 753 2653 810 Junonis
2679 767 2895 818 nomen,
2927 766 3037 824 quo
3061 748 3128 805 ab
3164 748 3401 804 Arnobio
3444 745 3758 817 Ossipagina

2161 856 2402 911 vocatur,
2436 844 2938 917 emendandutnque
2983 843 3185 900 vellent
3231 840 3498 913 Opigena,
3536 840 3605 895 de
3649 852 3758 911 qua

2162 939 2306 994 hunc
2335 939 2527 994 Festus
2558 938 2796 1010 loquitur
2826 937 2879 992 in
2913 936 3127 991 modum
3157 952 3171 989 :
3208 952 3227 986 ι
3264 934 3557 1004 Opigenam
3586 931 3759 988 Juno-

2164 1047 2286 1088 nem
2317 1041 2577 1087 matrona:
2601 1031 2870 1094 colebant,
2889 1029 3029 1098 quod
3051 1029 3190 1084 ferre
3208 1043 3325 1081 eam
3347 1040 3503 1095 Opem
3523 1026 3573 1079 in
3600 1024 3785 1093 partn'

2159 1126 2527 1183 laborantibus
2542 1124 2836 1181 credebant
2874 1143 2892 1176 ι
2909 1121 3143 1197 (Festus,
3167 1120 3235 1174 ad
3251 1119 3453 1175 verbum
3480 1116 3757 1187 OPIGENA).

2162 1219 2268 1277 Sed
2304 1218 2429 1274 inde
2479 1233 2585 1271 non
2630 1217 2762 1271 satis
2808 1215 3041 1269 dilucide
3083 1214 3367 1268 conﬁcitur
3414 1220 3589 1265 utrttm
3641 1207 3763 1263 btet:

2160 1316 2347 1368 eadem
2376 1312 2465 1375 sit,
2491 1320 2653 1378 atque
2673 1308 3005 1380 Ossipagina,
3036 1321 3175 1377 quat,
3201 1315 3257 1359 ut
3281 1313 3465 1375 postea
3487 1300 3763 1356 Arnobius

2160 1407 2414 1477 scripsit,
2466 1403 2739 1458 salutatrix
2786 1403 3031 1467 ossium,
3084 1408 3247 1469 atque
3297 1397 3577 1461 inlantiqm
3634 1405 3760 1448 ossa

2160 1500 2351 1553 durare
2378 1507 2428 1552 et
2465 1497 2688 1552 solidare
2730 1494 3019 1567 putabatur
3047 1492 3284 1562 (Arnob,
3311 1489 3399 1543 lib.
3429 1504 3502 1553 tv,
3528 1506 3580 1558 p.
3607 1486 3759 1557 151).

2159 1589 2385 1646 Vossius
2436 1605 2569 1644 vero
2611 1589 2861 1643 lubenter
2899 1598 3154 1642 assensus
3195 1594 3277 1638 est
3306 1581 3635 1640 aewechio.
3666 1577 3763 1650 qui

2165 1685 2418 1758 Ossipaga
2481 1685 2567 1740 vel
2635 1683 2927 1755 Ossipanga
2992 1676 3383 1736 restituendum
3450 1673 3765 1731 autumabat

466 1766 617 1865 118).
648 1814 666 1847 ι
698 1793 907 1849 Ethnici
930 1766 1193 1863 siquidem
1224 1800 1301 1845 tot
1324 1766 1565 1859 aliasque
1587 1788 1766 1856 plures
1791 1784 2053 1849 Junones,
2086 1769 2132 1831 Β
2161 1779 2435 1853 (Voss.,in
2462 1775 2780 1848 Etgmolog.,
2813 1774 2882 1829 ad
2906 1773 3110 1829 verbum
3137 1770 3272 1845 os.).
3299 1770 3430 1826 Eam
3457 1770 3657 1825 etenim
3680 1766 3764 1822 sic

464 1888 687 1958 ejusque
710 1887 924 1940 nomina
945 1893 999 1939 et
1018 1882 1234 1938 numina
1260 1885 1542 1936 tinxerant.
1570 1882 1635 1932 At
1656 1877 1725 1932 de
1747 1873 1929 1930 Cinxia
1949 1874 2059 1944 jam

463 1996 496 2035 ιι
530 1978 686 2035 nobis
714 1978 871 2048 paulo
897 1985 1052 2031 antea
1084 1983 1261 2028 actum
1287 1983 1390 2029 est.
1436 1973 1565 2038 Qum
1592 1980 1769 2024 autem
1800 1967 2059 2022 Fluviona

466 2075 561 2139 sit,
597 2073 749 2128 dOCet
795 2072 1022 2127 Festus:
1058 2089 1075 2122 ι
1114 2070 1430 2125 Fluvionam
1459 2066 1722 2121 Junonem
1747 2106 1761 2129 ,
1802 2082 1822 2116 ›
1855 2060 2058 2133 inquit,

473 2186 492 2217 ι
535 2165 789 2221 mulieres
817 2164 1086 2230 colebant,
1118 2162 1260 2231 quod
1288 2176 1405 2215 eam
1434 2158 1713 2228 sanguinis
1750 2155 1976 2210 ﬁuorem
2008 2153 2062 2208 in

465 2270 725 2329 conceptu
763 2258 996 2313 retinere
1029 2257 1282 2327 putabant
1313 2252 1541 2326 (Festus,
1571 2252 1640 2305 ad
1664 2249 1799 2305 verb.
1831 2247 2060 2304 Fumo-

464 2353 618 2426 NEI).
661 2373 680 2406 ι
714 2352 884 2422 Quam
931 2350 1144 2422 quidem
1197 2347 1681 2403 nomenclationem
1731 2344 2062 2416 Augustinus

467 2446 728 2503 Varronis
749 2445 1065 2501 auctoritate
1095 2446 1170 2499 sic
1190 2442 1474 2498 conﬁrmat
1503 2459 1515 2494 :
1548 2459 1567 2493 ι
1605 2440 1710 2495 Dea
1737 2439 1889 2495 Mena
1914 2453 2062 2492 men-

467 2543 633 2597 struis
675 2538 931 2594 lluoribus
962 2546 1190 2607 prmest.
1220 2535 1464 2606 quamvis
1506 2532 1655 2588 Jovis
1704 2532 1813 2586 ﬁlia
1840 2574 1851 2592 .
1883 2539 2060 2585 tamen

470 2631 741 2705 ignobilis.
775 2630 839 2684 Et
866 2629 1003 2684 hanc
1036 2628 1365 2698 provinciam
1405 2626 1634 2681 ﬁnorum
1666 2631 2060 2679 menstruorum

469 2727 524 2781 in
556 2726 688 2780 libro
719 2726 1040 2779 selectorum
1068 2722 1291 2777 deorum
1323 2719 1421 2790 ipsi
1448 2718 1643 2775 Junoni
1672 2717 1814 2772 idem
1846 2725 2060 2780 auctor,

470 2816 662 2881 Varro,
687 2816 941 2886 a~signat,
972 2830 1090 2880 quae
1113 2814 1163 2867 in
1187 2812 1290 2867 dtis
1316 2812 1532 2867 selectis
1556 2810 1715 2865 etiam
1747 2810 1927 2879 regina
1957 2818 2060 2870 est,

470 2919 526 2965 et
557 2908 642 2963 hic
673 2919 940 2977 tamquam
970 2906 1109 2962 Juno
1140 2905 1341 2961 Lucina
1369 2920 1490 2960 cum
1522 2902 1712 2959 cadent
1739 2902 1921 2967 Mena,
1950 2900 2062 2971 pri—

472 3002 631 3070 vigna
660 3015 754 3054 sua
780 3041 796 3067 ,
827 2999 1000 3055 eidem
1043 3000 1221 3053 cruori
1281 2998 1533 3068 praesidet
1579 2996 1839 3068 (Augusl.,
1873 2994 1962 3048 lib.
1992 3008 2066 3048 vn

472 3094 538 3149 de
576 3091 749 3158 Civil.,
777 3110 892 3164 cup.
923 3092 991 3159 9.,
1028 3110 1146 3164 pag.
1181 3090 1326 3163 165).
1367 3110 1387 3144 ι
1437 3090 1542 3147 Sed
1585 3090 1639 3145 id
1668 3089 1737 3143 ab
1764 3089 1858 3142 ilio
1905 3088 2064 3159 paulo

2163 1883 2522 1944 nuncupatam
2550 1880 2756 1935 censet,
2791 1867 2932 1938 quod
2964 1875 3173 1938 pangat,
3197 1865 3333 1933 sive,
3364 1872 3424 1920 ut
3450 1861 3654 1933 antiqui
3682 1861 3764 1915 lo-

2162 1968 2483 2038 quehantur,
2512 1972 2661 2035 paget
2690 1977 2965 2033 puerorum
2988 1977 3123 2015 ossa.

2236 2057 2475 2114 Februtis
2503 2064 2703 2121 autem,
2730 2053 2845 2110 sive
2872 2051 3108 2107 Febralis
3132 2049 3272 2106 Juno
3302 2064 3330 2103 a
3358 2045 3617 2103 Romanis
3635 2089 3649 2112 ,
3682 2045 3764 2100 uti

2164 2153 2339 2211 adhuc
2364 2153 2615 2208 observat
2636 2148 2848 2211 Fesms,
2872 2149 2939 2202 ab
2960 2146 3081 2199 aliis
3108 2142 3356 2208 Februta,
3383 2142 3465 2196 vel
3491 2137 3767 2194 Februalis

2164 2244 2642 2317 cognominabatur
2655 2239 2825 2310 (Fest.
2843 2238 2911 2293 ad
2925 2236 3129 2292 verbum
3148 2233 3521 2305 renovamus).
3554 2230 3764 2286 Nomen

2166 2354 2326 2411 porro
2358 2337 2485 2393 illud
2518 2336 2706 2391 sortita
2733 2342 2819 2390 est
2843 2348 2873 2388 a
2907 2346 3093 2387 mense
3140 2328 3412 2384 februario
3433 2369 3447 2393 ,
3479 2341 3585 2395 quo
3609 2338 3766 2379 sacra

2165 2433 2281 2504 ejus
2314 2431 2429 2487 ﬁeri
2460 2430 2726 2495 solebant,
2757 2438 2917 2497 atque
2950 2435 3008 2480 ιιι
3050 2424 3191 2480 idem
3228 2421 3423 2478 Festus
3449 2421 3560 2475 ait:
3595 2416 3769 2472 Farina

2167 2537 2309 2583 erant
2349 2525 2692 2599 Lupercalia,
2739 2539 2835 2593 quo
2880 2523 2963 2576 die
3006 2520 3244 2575 mulieres
3294 2516 3679 2587 {ebruabantnr,
3712 2513 3766 2569 id

2165 2631 2271 2688 est,
2299 2619 2663 2675 lustrabantur
2693 2628 2748 2674 et
2778 2615 3162 2686 purgabantur,
3194 2629 3225 2666 a
3251 2610 3522 2683 Lupercis,
3544 2606 3768 2663 amiculo

2165 2717 2429 2782 Junonis,
2459 2715 2511 2768 id
2555 2724 2668 2778 est,
2705 2713 2837 2782 pelle
2885 2710 3119 2774 caprina.
3169 2706 3388 2777 Legesis
3430 2700 3765 2767 Varronem,

2167 2807 2553 2879 Augustinum,
2586 2816 2640 2861 et
2680 2805 2874 2860 Litium
2923 2803 3200 2861 Giraldum
3242 2798 3459 2872 (Vana,
3493 2798 3581 2853 lib.
3615 2812 3646 2851 v
3706 2796 3772 2850 de

2167 2904 2319 2974 Ling.
2354 2904 2470 2968 lat.,
2505 2901 2535 2974 §
2564 2902 2628 2966 5;
2664 2902 2903 2973 Augusl.,
2931 2901 2972 2954 l.
2999 2913 3072 2952 vn
3101 2898 3164 2952 de
3190 2896 3363 2962 Civit.,
3384 2908 3431 2949 c.
3465 2894 3518 2960 7,
3549 2911 3604 2966 p.
3629 2892 3765 2962 168;

2170 2998 2399 3059 Girald.,
2432 2997 2707 3071 Sgntagnt.
2736 2998 2791 3063 3,
2822 3014 2877 3067 p.
2912 2992 3063 3065 119).

2241 3090 2551 3161 Populonia
2584 3104 2715 3145 vero
2739 3087 3000 3152 Junonis,
3029 3097 3083 3143 et
3115 3085 3300 3156 templi
3332 3083 3385 3139 in
3416 3081 3558 3159 illius
3589 3081 3767 3136 hono-

472 3199 632 3260 post,
667 3189 760 3244 scd
790 3188 1004 3244 brevius
1051 3188 1333 3258 repetitum
1354 3231 1368 3251 ,
1402 3197 1455 3241 et
1499 3203 1526 3238 a
1561 3184 1754 3240 Vossio
1783 3157 2062 3239 tractatum
2092 3157 2138 3219 C
2170 3198 2286 3241 rem
2325 3157 2518 3249 dicati,
2552 3183 2798 3238 meminit
2845 3179 2987 3251 apud
3030 3177 3355 3234 Macrobium
3401 3175 3463 3230 P.
3509 3173 3766 3230 Tertius:

470 3282 709 3351 reperies
757 3278 944 3353 (Ibid.,
987 3296 1103 3348 cap.
1150 3281 1221 3346 5;
1271 3277 1441 3346 Voss,
1496 3279 1586 3333 lib.
1634 3294 1685 3332 ιιι
1727 3276 1789 3331 de
1834 3274 1983 3348 Orig.
2021 3288 2068 3332 et

473 3390 622 3444 prog.
659 3372 822 3440 ldol.,
856 3390 972 3441 cap.
1003 3372 1093 3435 26,
1121 3389 1242 3444 pag.
1269 3371 1420 3442 22!).

546 3466 799 3535 Quamvis
827 3477 1007 3523 autem
1038 3466 1208 3522 Varro
1254 3465 1485 3520 nominis
1517 3463 1765 3518 Pomona:
1802 3465 2066 3535 originem

476 3560 643 3616 latere
673 3559 934 3621 lateatur,
965 3574 1085 3615 eam
1116 3570 1292 3614 tamen
1325 3559 1433 3623 ille,
1460 3568 1516 3614 et
1540 3557 1788 3624 Ovidius,
1822 3559 2064 3625 Set-vius,

475 3652 1061 3723 Angustinus,aliiquc
1104 3651 1316 3721 plurimi
1359 3666 1639 3721 pomorum
1686 3662 1739 3705 et
1786 3651 2065 3705 hortorum

476 3746 632 3802 deam
655 3747 724 3801 ab
747 3745 976 3801 ethnicts
992 3745 1269 3815 prtealicari
1299 3746 1684 3814 tesﬁﬁcantur(
1704 3744 1875 3812 Vana,
1902 3746 1990 3801 lib.
2017 3762 2068 3802 vt

476 3842 541 3895 de
568 3839 715 3912 Ling.
750 3841 879 3907 lat.,
911 3856 1031 3911 pug.
1060 3839 1164 3905 80;
1196 3838 1370 3905 ου.τιι.,
1399 3839 1487 3894 lib.
1520 3855 1605 3894 inv
1640 3839 1870 3907 Melana,
1908 3839 1936 3913 ς
1969 3841 2064 3904 17;

478 3931 651 3999 Serm,
681 3933 735 3987 in
771 3932 862 3989 lib.
898 3948 950 3987 νι
992 3931 1237 3999 Αῦιιεὶάη
1275 3950 1395 4003 pag.
1430 3932 1579 3996 457;
1612 3934 1856 4004 August.,
1884 3932 1975 3988 lib.
2009 3948 2066 3988 tv

478 4027 542 4081 de
568 4026 739 4088 Civil.,
769 4042 885 4098 cap.
917 4027 1006 4090 34,
1036 4044 1157 4098 pag.
1190 4027 1325 4094 1M;
1359 4025 1563 4082 Fabric.
1589 4028 1640 4081 in
1670 4028 1923 4098 Descript.
1951 4028 2064 4086 urb.

476 4119 655 4185 Rom.,
707 4130 827 4175 tam.
864 4136 920 4175 ιιι
954 4121 1199 4192 Antiquit.
1246 4120 1422 4186 Ronn,
1467 4138 1585 4192 pag.
1626 4119 1777 4194 452).
1819 4123 1889 4176 At
1930 4137 2066 4193 quo-

478 4216 641 4270 modo
665 4230 727 4271 ea
757 4215 900 4271 Juno
930 4214 1034 4271 dici
1079 4216 1336 4285 potuerit,
1366 4215 1507 4270 haud
1541 4216 1695 4272 facile
1726 4217 2066 4288 perspicitur.

470 4307 821 4395 Quapropter
848 4308 1193 4379 suspicantur
1221 4310 1464 4365 nonnulli
1501 4310 1602 4365 hoc
1633 4326 1831 4367 nomen
1863 4311 2068 4367 librarii

477 4405 681 4459 incuria
714 4418 834 4459 esse
869 4416 1204 4471 corruptum.
1225 4417 1279 4459 et
1300 4404 1349 4460 ei
1383 4403 1782 4477 subrogandum
1807 4405 2069 4473 Sororiat;

477 4496 912 4568 quandoquidem
944 4497 1085 4553 Juno
1132 4497 1406 4553 ferebatur
1452 4512 1574 4554 esse
1617 4498 1770 4556 Jovis
1816 4514 1971 4555 soror
2013 4510 2069 4557 et

477 4590 694 4661 conjux.
745 4588 800 4645 In
859 4589 1017 4661 hujus
1060 4600 1239 4646 autem
1286 4590 1555 4660 opinionis
1602 4590 2066 4649 conﬁrmationem

476 4684 690 4755 adjungi
724 4694 901 4756 potest
929 4685 1113 4738 Romae
1148 4700 1179 4740 a
1213 4683 1433 4740 Sororio
1470 4682 1666 4754 Tigillo
1701 4694 2065 4741 constructum

476 4781 673 4839 Junoni
704 4781 983 4851 templum.
1014 4780 1154 4852 quod
1188 4780 1385 4835 idcirco
1412 4778 1640 4838 Junonis
1668 4779 1895 4835 Sororia:
1925 4796 2063 4836 nun-

475 4885 726 4939 cupatum
774 4873 892 4928 fuit.
921 4873 1029 4929 Sed
1075 4872 1197 4928 huic
1244 4872 1571 4941 conjecturae
1620 4873 1819 4928 nullius
1861 4872 2065 4930 codicis

473 4968 781 5025 testimonio
809 4968 1059 5035 ﬁrmatte,
1081 4967 1125 5022 si
1152 4966 1311 5021 aliam
1336 4958 1574 5037 adjicere
1615 4965 1792 5033 liceat,
1823 4965 2063 5022 dicemus

473 5068 531 5117 et
559 5074 712 5129 poma
738 5071 792 5116 et
821 5060 1028 5115 fructus
1056 5058 1121 5114 ad
1155 5069 1376 5124 terram,
1405 5056 1521 5113 sive
1551 5057 1798 5114 tellurem
1820 5056 2062 5129 quando-

471 5154 691 5227 quidem
731 5156 1023 5224 pcrtinent.
1055 5153 1167 5209 ﬁeri
1199 5153 1435 5224 potuisse
1464 5162 1520 5207 ut
1545 5151 1709 5219 Juno,
1737 5165 1855 5223 quae
1901 5150 2061 5207 tellus

473 5263 617 5316 esse,
633 5259 688 5302 et
716 5249 989 5304 terrestria
1019 5262 1204 5319 regere
1220 5246 1561 5310 credebatur,
1581 5243 1847 5311 Pomonte,
1867 5259 2059 5315 quem-

472 5340 760 5397 admodum
807 5349 861 5395 et
908 5349 989 5396 tot
1031 5341 1153 5396 aliis
1211 5338 1520 5396 nominibus
1565 5336 1832 5408 appellata
1879 5336 2055 5392 fuerit.

471 5433 625 5501 Quod
656 5441 831 5488 autem
860 5432 1002 5488 Juno
1042 5443 1183 5490 terra
1226 5439 1561 5496 censeretur,
1600 5429 1683 5485 bis
1727 5428 1932 5497 Varro,
1973 5430 2057 5485 cui

471 5529 805 5600 Augustinus
834 5527 1176 5598 astipulatur,
1206 5525 1389 5582 verbis
1436 5539 1534 5579 nos
1569 5521 1884 5578 admonuit:
1918 5541 1938 5575 ι
1966 5520 2059 5578 Jo-

469 5623 555 5677 vis
575 5621 717 5679 Juno
743 5621 961 5693 conjux,
985 5629 1040 5675 ct
1069 5623 1113 5674 is
1138 5620 1358 5689 emtum,
1389 5618 1503 5673 hate
1531 5625 1694 5683 terra,
1717 5630 1837 5686 quae
1867 5615 2055 5671 eadem

473 5716 661 5785 tellus;
695 5722 755 5770 et
779 5730 843 5771 ea
869 5714 1008 5771 dicta
1037 5712 1179 5784 quod
1208 5728 1307 5767 una
1338 5727 1461 5769 cum
1503 5710 1641 5766 Jove
1678 5709 1828 5779 juvat
1872 5707 2053 5775 Juno;

473 5817 531 5865 et
555 5809 761 5880 regina,
789 5807 934 5881 quod
964 5807 1081 5865 haec
1103 5804 1285 5863 omnia
1315 5802 1594 5861 terrestria
1618 5801 1757 5873 regit
1788 5819 1811 5856 ι
1842 5798 2051 5872 (Varr.,

2176 3296 2195 3331 ι
2232 3278 2288 3333 In
2316 3276 2622 3349 Papyriauo
2650 3280 2795 3333 enim
2834 3278 2989 3347 jure,
3025 3294 3044 3327 ι
3079 3274 3285 3341 aiebat,
3320 3292 3339 3324 ι
3374 3271 3652 3328 evidenter
3677 3285 3768 3325 re-

2170 3375 2338 3430 latum
2360 3386 2441 3429 εει
2456 3391 2563 3428 arte
2584 3375 2757 3429 vicem
2778 3384 3037 3444 prtusmre
3059 3383 3221 3440 posse
3246 3383 3484 3424 mensam
3501 3367 3766 3429 dicatam;

2170 3474 2229 3522 ut
2254 3466 2305 3521 in
2340 3465 2565 3534 templo,
2594 3465 2785 3535 inquit,
2804 3462 3035 3519 Junonis
3053 3461 3363 3532 Populonia:
3381 3475 3564 3514 mensa
3588 3457 3767 3512 dicata

2168 3567 2251 3613 est
2282 3576 2300 3609 ι
2340 3556 2624 3628 (Μαι-νοῦ..
2649 3559 2686 3610 ι.
2717 3572 2775 3611 ιιι
2809 3554 3098 3620 Satumal.,
3129 3570 3177 3608 c.
3212 3550 3324 3625 11).
3350 3556 3418 3606 At
3444 3552 3547 3606 hoc
3572 3563 3768 3606 nomen

2170 3651 2248 3706 illi
2290 3651 2515 3706 inditum
2558 3648 2880 3720 perhibent,
2909 3648 3031 3716 quia
3077 3646 3240 3701 maris
3283 3653 3337 3700 et
3382 3641 3595 3699 femina:
3633 3657 3767 3697 con-

2164 3745 2451 3817 junctioni,
2470 3760 2538 3799 ex
2566 3760 2668 3812 qua
2687 3745 2808 3799 novi
2832 3742 3309 3814 populi~creantur,
3336 3738 3601 3794 Junonem
3630 3751 3769 3807 pra:-

2170 3838 2259 3894 ﬁci
2316 3837 2716 3894 existimabant.
2774 3835 2983 3892 Seneca
3038 3849 3165 3888 vero
3217 3831 3357 3903 apud
3414 3828 3765 3901 Augustinum

2170 3935 2501 3989 mentionem
2553 3932 2831 4003 cujusdam
2882 3929 3193 4004 Populoniae
3243 3927 3413 3983 vidua:
3464 3926 3629 3993 fecit,
3680 3924 3767 3979 cui

2168 4027 2452 4097 petitorem
2501 4025 2735 4081 defuisse
2790 4042 2894 4080 non
2941 4026 3167 4080 miratur
3209 4022 3486 4095 (Augttst.,
3529 4020 3567 4075 ι.
3608 4035 3665 4074 vt
3706 4021 3768 4075 de

2171 4116 2347 4184 Civit.,
2379 4134 2428 4173 c.
2462 4119 2552 4184 10,
2582 4135 2636 4189 p.
2667 4116 2816 4190 160).
2835 4117 2938 4174 Sed
2970 4116 3088 4171 haec
3117 4114 3468 4186 proculdubio
3495 4112 3634 4167 Juno
3659 4110 3767 4167 Po-

2172 4215 2385 4285 pulonia
2422 4228 2527 4269 non
2568 4223 2706 4268 erat.
2739 4213 2813 4267 De
2839 4211 2939 4267 bac
2976 4220 3176 4276 autem,
3220 4218 3274 4265 et
3316 4206 3550 4272 Februti,
3581 4204 3763 4260 itidem

2170 4304 2400 4361 Junonia
2431 4304 2689 4377 legendus
2718 4303 3012 4360 Martianus
3032 4301 3251 4374 Capella
3277 4299 3368 4356 lib.
3399 4315 3436 4355 ιι
3477 4300 3544 4354 de
3587 4296 3752 4368 Nupt.

2171 4398 2436 4470 Philolog.
2828 4444 2833 4451 .

2243 4492 2557 4564 Caprolinaa,
2601 4492 2705 4559 vel,
2747 4500 2809 4547 ut
2833 4490 2955 4547 aliis
2980 4490 3178 4562 placet,
3223 4488 3515 4559 Capratinte
3553 4484 3750 4542 Junoni

2174 4589 2428 4644 mulieres
2470 4588 2596 4643 olitn
2644 4587 3017 4643 sacriﬁcabant
3054 4585 3125 4641 ob
3162 4594 3427 4639 servatam
3459 4582 3760 4654 puellarum

2169 4691 2225 4738 et
2271 4689 2639 4735 matronarum
2684 4678 3012 4750 pudicitiam,
3041 4692 3105 4733 ac
3144 4675 3466 4739 Fidenates,
3506 4675 3597 4745 qui
3640 4688 3759 4731 eam

2169 4773 2380 4845 eripere
2428 4772 2718 4839 volebant,
2767 4783 3070 4841 superatos.
3118 4768 3289 4825 Varro
3333 4760 3507 4824 autem
3550 4768 3619 4823 de
3662 4767 3762 4822 hoc

2168 4867 2438 4924 sacriﬁcio
2479 4869 2556 4922 sic
2601 4866 2872 4936 loquitur:
2908 4882 2928 4916 ι
2966 4863 3132 4919 Nona:
3158 4862 3492 4932 Caprotinte,
3520 4860 3664 4933 quod
3695 4876 3761 4917 eo

2171 4960 2258 5015 die
2284 4960 2336 5014 in
2368 4958 2521 5014 Latio
2550 4958 2745 5014 Junoui
2773 4956 3081 5028 Caprotinte
3125 4956 3381 5011 mulieres
3420 4954 3755 5017 sacriﬁcant,

2167 5063 2222 5110 et
2252 5053 2352 5108 sub
2381 5050 2636 5123 capriﬁco
2664 5050 2882 5110 faciunt.
2911 5059 2967 5104 et
2996 5065 3027 5104 e
3054 5047 3310 5118 caprilit-o
3350 5045 3608 5102 adhibent
3653 5045 3761 5100 vir-

2166 5162 2287 5218 gam
2322 5164 2341 5199 ι
2381 5143 2587 5219 (Varr.,
2612 5146 2650 5198 l.
2675 5159 2705 5197 v
2732 5144 2795 5199 de
2822 5142 2976 5215 Ling.
3006 5142 3124 5203 lat.,
3151 5160 3205 5213 p.
3237 5140 3348 5206 50).
3378 5139 3549 5211 Hujus
3600 5154 3759 5212 porro

2166 5240 2449 5307 sacrilicii,
2479 5248 2638 5308 atque
2689 5238 2846 5302 festi,
2876 5236 3019 5309 quod
3068 5235 3397 5292 Ancillarum
3443 5235 3756 5299 vocabatur,

2166 5348 2382 5390 causam
2430 5341 2485 5387 et
2536 5330 2928 5386 institutionem
2991 5329 3293 5385 Macrobius
3347 5328 3550 5383 retulit.
3608 5326 3761 5382 Illius

2164 5427 2326 5483 etiam
2380 5423 2626 5479 meminit
2672 5422 3021 5488 Plutarchus,
3054 5431 3109 5476 et
3151 5421 3262 5476 alii.
3294 5422 3558 5477 Caeterum
3601 5418 3758 5490 plura

2163 5520 2375 5586 adhuc,
2422 5528 2481 5573 ut.
2524 5517 2745 5575 Servius
2791 5518 2900 5584 ait,
2940 5527 3095 5572 erant
3139 5515 3364 5572 Junonis
3413 5514 3666 5581 nmnina,
3700 5524 3759 5569 ut

2163 5613 2311 5670 Curis
2338 5625 2394 5671 et
2420 5612 2636 5679 Lucina,
2666 5627 2786 5683 quae
2820 5613 3089 5670 Arnobius
3110 5655 3126 5679 ,
3155 5610 3585 5683 quandoquidem
3625 5610 3758 5665 satis

2160 5706 2327 5763 multa
2357 5712 2780 5771 mcnmraverat,
2812 5704 3028 5761 silentio
3068 5705 3347 5776 prseterire
3391 5703 3578 5758 maluit
3603 5701 3758 5774 (Ha-

2158 5801 2320 5873 crob.,
2347 5802 2384 5859 ι.
2416 5817 2435 5857 ι
2464 5800 2758 5872 Saturnal.,
2801 5818 2849 5857 ε.
2894 5802 2983 5870 11,
3031 5818 3084 5872 p.
3127 5798 3267 5868 223;
3310 5797 3606 5867 Plutarch”
3648 5797 3756 5855 Pa-
