3990 6072
282 190 385 248 569

1551 195 1615 250 IN
1655 194 2026 268 ARNOBIUM,
2069 198 2223 258 CAP.
2264 203 2402 263 XVI.

3450 215 3557 274 570

275 304 471 373 rallet.,
501 316 628 363 tant.
655 324 713 376 ιι,
742 325 797 380 p.
826 311 961 380 313;
995 312 1140 369 Serv.
1169 314 1222 369 in
1243 314 1280 369 ι.
1311 330 1324 368 l
1366 312 1606 382 arma,
1640 331 1753 370 vers
1792 315 1862 371 12
1889 319 1941 380 Α
1965 317 2310 392 Tritoyeniam
2329 366 2344 390 ,
2374 324 2508 392 quod
2545 334 2621 379 ter
2659 332 2713 381 in
2758 342 2893 382 anno
2920 336 3156 384 naturam
3185 337 3373 399 mutet,
3405 345 3553 399 vere,

278 412 325 459 et
354 402 470 476 l5).

348 494 482 553 Cum
530 507 603 553 tot
646 514 777 572 ergo
820 502 1020 559 ethnici
1069 503 1350 561 habuerint
1390 503 1661 572 Junones,
1692 507 1776 562 vel
1808 518 1865 562 ιιι

275 586 498 646 Servius
523 591 623 651 ait,
653 591 921 650 Junonum
954 596 1174 652 numina
1194 638 1210 665 ,
1253 597 1379 652 inde
1408 613 1506 668 pro
1528 608 1649 653 ecto
1675 609 1864 653 auctor

276 689 465 735 noster
488 683 706 739 coniicit
737 685 855 740 illas
873 701 1080 755 omnes,
1109 699 1268 760 atque
1294 690 1464 759 ipsam
1485 706 1719 761 quoque,
1742 707 1861 762 qua:

271 770 425 828 Jovis
452 788 610 830 soror
635 787 690 831 et
717 779 910 848 conjnx
944 779 1138 848 ubique
1169 781 1575 852 prasdicabatur,
1604 784 1733 838 deas
1754 784 1859 840 dici

271 879 381 919 non
411 881 590 937 posse,
616 869 659 923 si
690 869 830 924 Juno
853 872 1002 942 juxta
1023 874 1185 945 grwci
1211 876 1442 932 nominis
1462 878 1857 949 etymologiam.

267 966 323 1013 et
345 959 575 1029 plurium
607 963 1053 1035 opinionem,aer
1075 966 1255 1036 fuerit,
1286 983 1408 1023 nam
1439 984 1532 1025 aer
1550 986 1653 1025 non
1678 981 1859 1040 potest

265 1068 387 1111 esse
406 1055 572 1122 deus;
597 1072 725 1132 ergo
751 1061 897 1117 nulla
924 1062 1065 1118 Juno
1092 1065 1194 1120 dea
1222 1075 1326 1121 est.

866 1197 1152 1239 ARTICULUS
1194 1198 1232 1239 Il
1240 1224 1253 1238 .

263 1308 515 1370 Quomodo
538 1314 782 1367 Arnobius
803 1319 1028 1370 ostendat
1048 1321 1192 1371 deam
1218 1336 1391 1374 revera
1417 1337 1511 1373 non
1532 1337 1644 1376 esse
1670 1325 1854 1377 Miner-

328 1388 434 1445 vam
459 1390 522 1425 ex
549 1380 691 1445 variis
713 1380 967 1445 gentilium
990 1385 1295 1445 cpinrionibns
1316 1386 1378 1435 de
1404 1385 1481 1437 illa
1502 1401 1530 1437 e
1555 1387 1690 1438 Jovis
1712 1402 1855 1439 ci-re-

325 1436 755 1566 gggzltgégeutis
776 1449 829 1493 ct
847 1436 1072 1495 Victoriae
1089 1444 1203 1510 tilia,
1220 1451 1301 1499 ubi
1321 1450 1385 1499 de
1396 1436 1608 1500 nominis
1621 1436 1853 1503 Minervae

337 1624 490 1683 Venit
522 1631 793 1690 Arnobius
822 1634 886 1691 ad
916 1634 1230 1705 Minervam,
1249 1655 1314 1695 ac
1337 1639 1517 1697 Granii
1543 1643 1851 1698 testimonio

1965 424 2169 480 testate,
2199 415 2416 486 hyeme;
2442 428 2487 472 et
2515 418 2799 492 Gluucopin
2842 422 2978 489 dici,
3020 439 3121 478 non
3167 424 3303 496 quod
3345 423 3557 497 glaucos

1964 509 2136 563 oculos
2178 511 2358 565 habeat
2382 513 2665 585 (insulsum
2692 516 2825 570 enim
2851 519 2948 571 hoc
2973 516 3149 587 esse),
3181 518 3272 572 sed
3303 518 3425 586 quia
3467 533 3556 573 aer

1961 604 2147 674 glauco
2175 605 2237 656 sit
2264 616 2489 678 aspectu.

2034 696 2282 752 Servium
2316 700 2437 753 huic
2467 698 2839 772 adjnngamus,
2868 702 2958 772 qui
2992 702 3043 756 in
3077 703 3188 757 suis
3231 702 3297 757 ad
3343 701 3550 774 Virgilii

1962 790 2228 847 Aineidcn
2274 795 2682 851 commentariis
2725 797 2986 868 scripsit:
3034 815 3053 849 ‹
3106 797 3407 855 Potestates
3458 806 3553 854 aut

1962 899 2194 947 terrena:
2221 902 2380 954 sunt,
2409 902 2502 947 aut
2530 894 2693 948 aeriae
2725 912 2738 946 :
2768 894 2862 949 sed
2892 895 3016 964 quia
3053 892 3225 950 arther
3262 892 3399 963 ignis
3430 902 3546 960 est,

1960 987 2083 1041 ideo
2113 987 2167 1041 in
2193 987 2534 1043 {etheriarum
2582 996 2907 1057 potestatum
2928 986 3139 1058 templis
3176 987 3313 1058 ignis
3341 998 3455 1052 est;
3490 996 3549 1042 ut

1958 1078 2218 1135 reddatur
2254 1082 2333 1135 eis
2363 1079 2539 1153 imago
2567 1082 2647 1136 sui
2678 1081 2952 1137 elementi.
2979 1079 3077 1135 Est
3104 1091 3281 1135 autem
3312 1077 3365 1134 in
3406 1087 3546 1134 tem-

1958 1172 2047 1243 plo
2072 1172 2242 1236 Jovis,
2270 1174 2393 1244 quia
2420 1175 2591 1228 aether
2620 1184 2701 1228 est
2729 1175 3002 1242 Minerva},
3035 1190 3154 1246 qua;
3179 1189 3340 1244 supra
3372 1172 3545 1228 aethe-

1956 1281 2070 1320 rem
2094 1277 2197 1322 est.
2226 1266 2375 1323 Unde
2402 1270 2567 1336 patris
2590 1267 2657 1323 de
2675 1271 2849 1338 capite
2873 1277 3149 1340 procreata
3171 1281 3289 1323 esse
3304 1267 3500 1323 dicitur
3518 1286 3539 1320 ι

1956 1359 2153 1435 (Serm,
2182 1364 2238 1416 in
2284 1364 2320 1418 ι.
2372 1379 2424 1419 tv
2477 1362 2718 1430 ίΕηεὶιΙη
2764 1383 2818 1435 ρ.
2860 1364 3009 1436 526).
3054 1364 3291 1434 Denique
3336 1363 3546 1420 Macro-

1957 1453 2075 1508 bius
2107 1465 2288 1509 narrat
2319 1456 2387 1510 ab
2414 1456 2503 1522 iis,
2534 1457 2623 1526 qui
2651 1456 2983 1527 diligentius,
3017 1458 3092 1511 uti
3125 1456 3366 1527 putabat,
3398 1456 3544 1511 veri-

1957 1556 2118 1601 tatem
2149 1551 2499 1618 qnmrebant,
2531 1549 2668 1603 hanc
2712 1548 2889 1603 datam
2938 1548 3101 1604 fuisse
3147 1550 3409 1603 rationem
3449 1562 3546 1604 cur

1954 1637 2190 1694 Minerva
2247 1639 2384 1695 dicta
2440 1641 2601 1697 fuerit
2652 1656 2920 1696 summum
2972 1640 3191 1696 aetheris
3238 1655 3542 1696 cacumen:

259 1719 455 1790 probat
502 1722 844 1782 Aristotelem
892 1728 1140 1787 docuisse
1181 1747 1297 1787 eam
1340 1749 1461 1790 esse
1491 1734 1715 1790 Lunam,
1743 1736 1849 1791 Alii
1879 1719 1926 1780 Β
1959 1750 1979 1783 ι
2014 1731 2165 1799 Esse,
2202 1753 2222 1784 ι
2257 1733 2448 1805 inquit,
2486 1752 2504 1785 ι
2544 1732 2779 1788 medium
2809 1731 3008 1788 atthcm
3041 1731 3251 1795 Jovem,
3277 1731 3545 1788 Junonem

260 1821 439 1869 tamen
467 1817 536 1873 ab
565 1818 719 1890 lmjns
743 1822 997 1893 Opinione
1042 1840 1417 1895 recesserunt,
1449 1831 1731 1901 palamque
1764 1847 1854 1885 as-

256 1917 541 1963 seruerunt
573 1909 717 1967 illam
749 1929 871 1971 esse
897 1916 1176 1973 aetherium
1225 1922 1480 1975 verticem
1506 1961 1523 1987 ,
1556 1933 1609 1978 et
1638 1925 1852 1977 summi-

256 2003 399 2068 tatis,
425 2014 482 2059 ut
509 2006 583 2060 ait
607 2008 897 2075 Arnobius,
929 2013 1067 2067 illius
1093 2031 1363 2069 summam.
1398 2017 1500 2071 Alii
1533 2018 1848 2073 memoriam

256 2110 379 2152 esse
411 2098 729 2156 voluerunt:
764 2123 783 2155 ι
813 2103 986 2171 Unde,
1024 2125 1044 2157 ι
1079 2107 1272 2178 inquit,
1303 2128 1322 2159 ι
1362 2125 1557 2165 nomen
1584 2111 1845 2176 Minerva,

254 2189 408 2262 quasi
447 2193 691 2261 quaedam
730 2194 1053 2254 Meminerva
1096 2201 1383 2258 formatum
1430 2215 1513 2258 est
1555 2225 1574 2256 ι
1609 2202 1847 2277 (Ατηοῡη

253 2283 293 2337 ι.
314 2299 397 2348 ιιι,
416 2303 469 2354 p.
502 2286 647 2356 H8).
668 2288 749 2343 Ad
782 2291 1087 2348 Aristotelis
1130 2309 1259 2350 vero
1283 2298 1603 2352 sententiam
1627 2300 1848 2369 propius

252 2379 485 2434 accessit
513 2378 842 2453 Porphyrius
865 2425 880 2450 ,
912 2396 967 2441 ut
999 2386 1165 2457 liquet
1193 2403 1257 2444 ex
1288 2390 1466 2446 verbis
1493 2390 1609 2461 ejus
1635 2395 1706 2445 ab
1737 2392 1846 2447 Eu-

251 2470 407 2526 sebio
440 2473 519 2527 sic
562 2477 900 2547 transcriptis
928 2477 1166 2547 (Euaeb.,
1199 2481 1236 2536 ι.
1279 2497 1336 2537 ιιι
1370 2481 1605 2553 Ρνωριιν.
1637 2501 1842 2557 evang.,

249 2579 298 2617 c.
332 2565 419 2628 Η,
448 2583 503 2635 ρ.
538 2567 876 2646 115);”Οπερ
907 2572 961 2628 δέ
989 2572 1229 2631 Ἀπόλλων
1258 2578 1308 2630 ἐν
1337 2577 1475 2650 ἡλίῳ,
1504 2585 1658 2635 τοῦτο
1676 2579 1845 2639 Ἀθήνη

247 2660 302 2714 ἕν
326 2660 520 2736 σιλήνῃ.
553 2661 668 2720 ἔστι
695 2667 796 2741 γὰρ
825 2676 917 2728 τῆς
946 2673 1238 2744 φρονήσεως
1266 2672 1544 2742 σύμϐολον,
1566 2672 1739 2731 Ἀθηνᾶ
1765 2694 1844 2733 τις

250 2748 408 2809 οὖσα.
439 2753 582 2821 Quod
611 2769 781 2812 autem
806 2761 860 2814 in
901 2761 1010 2815 sole
1038 2762 1252 2831 Apollo,
1283 2764 1379 2817 Itoc
1402 2766 1567 2834 ipsum
1613 2765 1843 2821 Minerva

248 2845 306 2899 in
331 2846 454 2901 luna
477 2859 570 2915 est,
598 2850 735 2920 quod
772 2851 863 2906 illa
898 2852 1183 2922 prudentia:
1228 2856 1511 2925 symbolum
1553 2857 1715 2911 instar
1754 2876 1843 2914 cu—

231 2938 452 3012 jusdam
491 2939 733 2997 Minerva:
771 2943 854 3000 sit.
899 2946 1232 3016 Augustinus
1258 2963 1388 3003 vero
1418 2958 1699 3020 utramque
1728 2952 1843 3023 opi-

238 3037 487 3103 nionem,
510 3039 579 3095 ab
601 3040 723 3095 aliis
745 3042 1043 3109 defensam,
1070 3053 1125 3101 et
1148 3059 1407 3101 assertam
1433 3046 1574 3104 hunc
1607 3051 1840 3120 explicat

240 3131 300 3187 in
335 3132 550 3187 modum
584 3151 598 3188 :
638 3152 658 3187 ι
690 3134 1016 3204 Minervam,
1042 3140 1164 3209 quia
1203 3156 1319 3195 eam
1362 3140 1609 3198 humanis
1636 3145 1839 3201 artibus

237 3240 678 3300 prteposnertmt,
710 3249 811 3288 nec
852 3235 1175 3292 invenerunt
1204 3239 1436 3307 stellam,
1478 3243 1567 3297 ubi
1593 3259 1708 3298 eam
1737 3260 1837 3316 po-

233 3331 459 3387 nerent,
478 3324 720 3380 eamdem
746 3326 829 3382 vel
844 3343 1111 3383 summum
1134 3333 1355 3396 aethera,
1378 3334 1459 3388 vel
1482 3336 1835 3394 etiamlonam

233 3413 516 3472 dixerunt.
553 3437 572 3471 ι
606 3419 670 3473 Et
700 3421 858 3489 paulo
888 3431 1004 3492 post
1030 3442 1042 3476 :
1068 3442 1087 3476 σ
1120 3422 1350 3480 Minerva
1379 3442 1620 3484 summus
1642 3431 1832 3498 mther,

233 3519 294 3565 et
320 3510 558 3566 Minerva
590 3512 775 3568 itidem
805 3513 951 3579 luna,
983 3531 1144 3587 quam
1173 3533 1295 3574 esse
1323 3520 1373 3574 in
1401 3522 1620 3577 aatheris
1650 3525 1836 3580 intimo

232 3604 412 3661 limite
450 3609 757 3663 existimant
789 3629 807 3662 ›
849 3610 1269 3684 (Αιιριιδιηινιι
1295 3617 1357 3670 de
1383 3614 1557 3684 Civit.,
1589 3636 1703 3692 cap.
1745 3622 1830 3687 lli,

232 3717 291 3769 p.
326 3700 471 3770 174).
505 3700 773 3758 Diodorus
818 3714 997 3759 autem
1048 3705 1281 3773 Siculus,
1314 3709 1400 3763 tibi
1454 3710 1520 3765 de
1551 3711 1835 3784 Egyptia-

230 3808 356 3849 rum
377 3794 665 3865 theologia,
685 3798 960 3851 memoriae
981 3799 1196 3854 tradidit
1233 3803 1343 3855 acti
1368 3817 1562 3859 nomen
1580 3805 1833 3861 Minervae

227 3884 458 3951 datum,
489 3894 545 3941 et
591 3886 715 3944 inde
759 3887 981 3956 factum,
1014 3900 1069 3944 ut
1097 3892 1281 3962 virgo,
1325 3909 1391 3948 ex
1434 3894 1586 3950 Jovis
1631 3898 1833 3953 vertice

227 3990 354 4034 orta
380 4019 394 4043 ,
424 3994 487 4035 ac
513 3979 820 4051 Tritogenia
846 4024 860 4046 ,
893 3993 948 4038 et
975 3982 1263 4053 Glaucopis
1303 3986 1442 4042 dicta
1487 3989 1577 4042 sit.
1613 3989 1831 4046 Diodori

227 4086 399 4143 porro
429 4073 590 4128 verba
623 4075 666 4128 si
698 4074 877 4146 legere
904 4076 1059 4142 velis,
1094 4077 1163 4131 ab
1189 4077 1425 4134 Eusiehio
1453 4083 1532 4135 sic
1557 4082 1829 4153 descripta

226 4164 475 4220 invenies
521 4164 781 4237 (Diodor.
839 4167 1032 4233 δίδοι..
1083 4168 1172 4223 lib.
1222 4186 1240 4224 1
1282 4170 1552 4235 Biblioth..
1593 4192 1712 4246 pag.
1763 4178 1826 4243 8;

229 4256 445 4320 Euseb.,
475 4260 515 4314 Ι.
545 4274 601 4313 ιιι
648 4257 937 4329 Praeparat.
971 4276 1148 4332 evang.
1179 4279 1225 4316 c.
1255 4263 1312 4328 '5,
1340 4281 1462 4335 pag.
1486 4264 1578 4334 89)
1609 4284 1624 4320 :
1649 4270 1744 4322 Τὸν
1773 4266 1829 4323 δὲ

225 4354 356 4430 ἀέρα
403 4346 829 4429 προσαγορεῦσαί
872 4375 1023 4425 φασιν
1049 4352 1279 4418 Ἀθηνᾶν,
1335 4357 1829 4433 μεθερμηνευομένης

1952 1838 2081 1877 vero
2127 1825 2358 1878 medium
2405 1825 2607 1880 mthera
2635 1841 2755 1880 cum
2790 1835 2930 1879 terra
2952 1866 2967 1888 ,
2996 1833 3050 1880 et
3075 1824 3369 1880 Minervam
3400 1838 3546 1879 sum-

1953 1933 2098 1971 mum
2130 1919 2351 1975 :ctheris
2378 1934 2662 1986 cacumen,
2693 1936 2760 1975 eo
2784 1929 3103 1991 argumento
3134 1929 3375 1986 utuntur,
3402 1917 3545 1990 quod

1950 2010 2304 2080 Tarquinius,
2341 2012 2607 2066 Demarati
2640 2012 2902 2067 Corinthii
2950 2012 3089 2066 lilius
3113 2053 3128 2077 ,
3157 2011 3546 2068 Sanmthraciis

1951 2106 2298 2177 religionibus
2342 2107 2566 2173 mystice
2605 2107 2877 2171 imbutus,
2908 2121 3017 2161 uno
3066 2106 3296 2174 templo,
3336 2120 3400 2161 ac
3443 2105 3545 2162 sub

1950 2200 2138 2255 eodem
2166 2210 2311 2257 tecto
2342 2210 2559 2257 numina
2587 2212 2878 2257 memorata
2902 2200 3181 2272 canjungit
3208 2221 3228 2255 ι
3257 2200 3540 2276 (March,

1952 2293 1989 2346 Ι.
2020 2310 2077 2349 ιιι
2106 2294 2375 2351 Saturnal.
2429 2313 2476 2349 ε.
2506 2294 2587 2368 4).
2617 2295 2724 2352 Sed
2781 2295 2926 2362 vide,
2976 2309 3182 2367 qttzeso,
3227 2296 3414 2366 quanti
3448 2310 3541 2352 ro-

1948 2388 2095 2444 boris
2120 2389 2187 2442 sit
2215 2388 2317 2443 boc
2346 2400 2740 2461 argumentum.

2020 2480 2188 2535 Porro
2219 2491 2396 2535 autem
2430 2480 2652 2537 Vossius
2681 2490 2831 2552 putat
2872 2480 3122 2537 ethnicos
3161 2479 3413 2537 Minervae
3440 2495 3542 2538 no-

1949 2573 2093 2629 mine
2138 2574 2468 2630 intellexisse
2497 2575 2718 2632 :etberis
2749 2574 2947 2644 Deique
2974 2574 3081 2628 vim
3107 2574 3158 2628 in
3189 2573 3408 2630 homine
3431 2616 3448 2641 ,
3477 2588 3541 2630 ac

1948 2669 2284 2739 potissimum
2335 2671 2647 2725 memoriam
2679 2668 2901 2740 ejusque
2929 2666 3117 2724 foetum
3147 2711 3163 2736 ,
3200 2667 3539 2736 prudentiam

1948 2760 2150 2834 (Vorm,
2185 2762 2224 2817 ι.
2265 2779 2300 2817 ιι
2323 2764 2387 2818 de
2410 2764 2556 2835 Orig.
2583 2773 2628 2817 et
2662 2762 2819 2834 Prog.
2853 2762 3059 2829 idolol.,
3088 2778 3135 2815 ε.
3174 2760 3267 2822 ιιι.
3301 2777 3354 2830 p.
3382 2760 3535 2834 $75).

1945 2855 2017 2910 At
2047 2854 2132 2920 id,
2162 2871 2224 2910 ac
2254 2855 2500 2911 eamdem
2537 2871 2752 2927 quoque
2792 2854 3082 2911 Minervam
3126 2854 3350 2920 Mentis,
3377 2855 3537 2911 sicuti

1943 2949 2021 3002 ait
2066 2949 2336 3003 Arnobius
2360 2990 2373 3012 ,
2404 2949 2563 3003 tiliam
2611 2960 2968 3019 nuncupatam
3001 2947 3163 3004 fuisse
3183 2991 3197 3013 ,
3228 2948 3539 3005 conﬁrmari

1946 3056 2105 3111 posse
2138 3043 2429 3096 arbitratur
2457 3042 2541 3097 his
2585 3042 2726 3113 apud
2761 3043 2826 3098 A.
2860 3042 3089 3098 Gellium
3121 3041 3326 3097 Afranii
3364 3042 3536 3098 versi-

1943 3139 2063 3206 bus,
2119 3139 2313 3210 quibus
2363 3139 2690 3210 Sapientiam
2748 3154 2878 3195 usus
2933 3148 2987 3194 ct
3042 3139 3317 3194 memoria:
3367 3138 3534 3195 tiliam

1938 3232 2166 3287 cecinit:

2034 3349 2161 3414 Usus
2172 3362 2260 3414 me
2280 3353 2474 3414 genuit,
2496 3356 2657 3414 mater
2680 3351 2877 3414 peperit
2894 3351 3151 3409 memoria,

2030 3412 2263 3476 SOphiam
2286 3412 2458 3465 vocant
2476 3426 2556 3462 me
2581 3412 2759 3472 Greci,
2784 3424 2869 3462 vos
2890 3413 3196 3475 sapientiam.

2466 3495 2632 3562 (Gell.,
2652 3495 2734 3548 lib.
2761 3510 2845 3547 aut
2869 3499 3012 3548 Noct.
3035 3495 3202 3559 Attia,
3226 3508 3339 3560 cap.
3360 3494 3437 3559 8.)

1935 3604 2203 3661 Czcterum
2235 3605 2444 3661 tametsi
2472 3603 2826 3677 Porphyrius.
2846 3604 2918 3658 uti
2952 3603 3109 3673 paulo
3127 3614 3255 3658 ante
3275 3600 3529 3670 vidimus,

1935 3698 2168 3768 dixerit,
2215 3694 2668 3769 qnémadmodnm
2718 3698 2911 3770 Apollo
2955 3699 3009 3753 in
3055 3698 3171 3753 sole
3212 3707 3336 3766 est,
3365 3697 3528 3754 sicin

1936 3794 2059 3848 luna
2086 3833 2099 3858 ,
2130 3794 2430 3863 prudentia;
2474 3793 2723 3865 symbolo
2746 3836 2762 3860 ,
2789 3807 2910 3850 esse
2957 3791 3251 3848 Minervam
3271 3836 3288 3860 ,
3323 3792 3530 3848 Macro-

1934 3887 2053 3943 bitts
2081 3898 2259 3942 tamen
2292 3886 2436 3941 aliud
2476 3885 2681 3957 profert
2718 3886 2861 3941 illius
2890 3886 3290 3951 testimonium,
3318 3903 3426 3958 quo
3455 3886 3530 3943 si-

1932 3980 2203 4051 gniﬁcavit
2235 3979 2373 4034 hanc
2401 3981 2569 4049 ipsam
2600 3977 2893 4033 Minervam
2925 3993 3047 4034 esse
3087 3978 3216 4032 solis
3240 3979 3523 4045 virtutem,

1931 4089 2053 4144 qua:
2080 4071 2419 4144 prudentiam
2447 4071 2754 4126 hominibus
2789 4071 3046 4140 impertit.
3080 4069 3205 4124 Hmc
3229 4070 3371 4124 enim
3404 4081 3529 4125 sunt

1932 4165 2186 4221 Macrobii
2209 4165 2369 4219 verba
2397 4184 2410 4219 :
2441 4182 2459 4216 ι
2491 4163 2823 4234 Porphyrius
2845 4170 3071 4217 testatur
3091 4161 3381 4216 Minervam
3404 4176 3527 4218 esse

1931 4260 2183 4314 virtutem
2215 4258 2378 4324 solis,
2412 4273 2529 4323 qua?
2571 4256 2821 4311 humanis
2870 4254 3139 4311 mentibus
3180 4255 3522 4327 prudentiam

1931 4352 2322 4409 subministrat.
2354 4348 2486 4405 Nam
2516 4349 2642 4404 ideo
2676 4349 2791 4402 haec
2819 4348 2954 4415 dea,
2987 4348 3135 4403 Jovis
3176 4349 3354 4419 capite
3394 4364 3521 4420 pro-

222 4454 318 4506 τῆς
341 4445 539 4511 λε’ξιωςο
577 4450 664 4500 καὶ
691 4447 800 4507 Διὸς
825 4448 1088 4521 θυγατέρα
1115 4450 1322 4519 νομίσαι
1346 4451 1560 4515 ταύτην,
1590 4455 1677 4506 καὶ
1694 4473 1825 4525 παρ-

223 4537 274 4557 ne
399 4538 411 4553 I
577 4541 588 4556 I
706 4539 731 4557 Λ
820 4536 846 4557 ﬁ
880 4540 891 4555 Ι
1059 4540 1069 4553 1
1127 4535 1151 4555 ,Ι
1189 4541 1213 4557 Λ
1431 4536 1455 4556 ν
1612 4545 1621 4557 ι
1780 4546 1789 4557 ι

1948 4456 2091 4517 gnata
2126 4458 2475 4506 memoratur,
2507 4444 2557 4498 id
2600 4451 2723 4507 cst,
2761 4443 2827 4497 de
2875 4460 3081 4498 summa
3108 4443 3326 4498 iuberis
3375 4454 3526 4515 parte

1948 4552 1953 4557 .
1982 4539 2095 4557 IMA,
2148 4556 2153 4557 ,
2180 4556 2187 4557 .
2218 4538 2260 4557 1-
2304 4539 2439 4557 Αηξμ-
2475 4537 2600 4557 _..l!_
2637 4544 2707 4557 --Α
2746 4555 2753 4557 λ
2804 4534 3036 4557 ill_-.-_L
3118 4538 3131 4557 Ι
3182 4553 3199 4557 _
3234 4534 3478 4557 O......--_l

223 4537 356 4591 θάνον
386 4538 790 4596 ὑποστήσασθαι
816 4536 900 4593 διά
926 4559 983 4593 τε
1020 4540 1078 4594 τό
1119 4535 1372 4615 ἄφθαρτον
1406 4536 1535 4597 εἶναι
1562 4545 1712 4614 φύσει
1739 4546 1824 4599 τὸν

223 4631 399 4708 ὰέρα,,
429 4632 616 4686 καὶτὸν
636 4631 916 4703 ἀκρότατον
943 4632 1155 4702 ἐπέχειν
1195 4632 1349 4688 τόπον
1385 4638 1480 4688 τοῦ
1523 4636 1825 4705 σύμπαντος

218 4721 442 4793 κόσμου.
470 4720 644 4801 διόπερ
671 4725 727 4778 ἐκ
756 4733 847 4785 τῆς·
876 4732 1097 4800 κορυφῆς
1149 4730 1242 4779 τοῦ
1287 4725 1395 4787 Διὸς
1437 4726 1827 4799 μυθολογηθῆναι

222 4814 411 4874 συνέϐη
428 4817 620 4874 ταύτην
638 4817 893 4887 γενέσθαι.
914 4818 1207 4889 ὠνομάσθαι
1218 4815 1271 4872 δὲ
1282 4819 1441 4877 αὐτὴν
1457 4822 1824 4894 Τριτογένειαν,

221 4911 331 4965 ἀπὸ
354 4916 446 4964 τοῦ
486 4916 601 4987 τρὶς
646 4911 976 4983 μεταϐάλλειν
1004 4903 1149 4987 αὐτῇ
1180 4917 1271 4972 τήν
1321 4915 1470 4985 φύσιν
1512 4915 1624 4968 κατ’
1653 4916 1823 4969 ἐνιαυ-

217 5004 326 5065 τόν,
360 4998 529 5079 ἔαρος,
556 5008 644 5057 καὶ
671 5005 847 5078 θέρους
872 5007 958 5058 καὶ
981 5011 1257 5077 χειμῶνος
1286 5006 1522 5077 λέγεσθαι
1567 5003 1621 5061 δέ
1662 5008 1819 5067 αὐτὴν

216 5101 307 5151 καὶ
324 5097 635 5170 γλαυκῶπιν,
661 5098 766 5168 οὐχ
793 5097 971 5171 ὥσπερ
1016 5095 1133 5153 ἔνιοι
1169 5104 1270 5154 τῶν
1312 5097 1521 5156 έλλήνων
1541 5098 1817 5163 ὑπέλαϐον,

217 5191 324 5247 ἀπὸ
345 5197 437 5245 τοῦ
466 5193 586 5250 τοὺς
611 5191 892 5264 ὀφθαλμοὺς
912 5190 1166 5264 ’γλαυκοὺς
1206 5192 1378 5258 (τοῦτο
1408 5194 1498 5264 μὲν
1523 5194 1624 5264 ’γὰρ
1652 5193 1820 5253 cunei;

219 5284 520 5361 ὑπάρχει),
555 5284 658 5340 ἀλλ’
688 5287 790 5340 ἀπὸ
828 5291 921 5340 τοῦ
961 5286 1043 5340 τὸν
1085 5286 1213 5360 ἀέρα
1252 5291 1341 5343 τήν
1382 5285 1635 5362 πρόσοψιν
1677 5284 1818 5357 ἔχειν

216 5377 520 5453 ἔγγλαυκον.
555 5377 674 5431 Aeri
702 5388 891 5442 autent,
926 5377 1170 5433 Minervae
1200 5395 1379 5433 nomen
1419 5384 1643 5451 quadam
1685 5382 1819 5436 vocis

214 5472 640 5540 interpretatione
666 5471 953 5526 attribuisae
971 5512 987 5535 ,
1015 5470 1260 5542 Iovisque
1287 5472 1449 5540 ﬁliam
1492 5474 1626 5528 [tunc
1652 5484 1695 5528 et
1717 5477 1818 5529 vir-

213 5563 389 5635 ginem
416 5565 606 5634 putart‘,
641 5580 698 5620 eo
724 5565 861 5635 quod
881 5582 970 5619 aer
995 5575 1179 5619 natura
1224 5568 1543 5637 corruptioni
1585 5586 1687 5625 non
1722 5569 1814 5623 ob-

216 5656 408 5709 noxius
435 5658 520 5722 ait,
550 5666 597 5709 et
622 5673 876 5711 summum
924 5657 1149 5710 uniuersi
1195 5658 1363 5711 locum
1406 5672 1633 5730 occupet.
1667 5660 1816 5717 Unde

1929 4539 2103 4606 edita;
2128 4538 2268 4593 unde
2295 4539 2446 4608 origo
2472 4537 2603 4591 solis
2628 4544 2712 4591 est
2745 4555 2763 4588 ι
2803 4534 3085 4607 (Macrob.,
3113 4538 3151 4591 ι.
3182 4553 3200 4592 ι
3228 4534 3522 4606 Saturnal.,

1930 4646 1976 4685 ο.
2010 4631 2097 4693 17,
2130 4647 2183 4700 p.
2211 4628 2363 4701 262).

2003 4725 2047 4780 Τ
2050 4725 2362 4780 antuindem
2389 4738 2519 4795 ergo
2546 4723 2746 4779 ethnici
2776 4723 2843 4779 de
2871 4722 3029 4794 hujus
3059 4721 3290 4777 nominis
3316 4730 3524 4793 etymo-

1932 4823 2105 4893 logia,
2135 4829 2399 4891 quantum
2429 4818 2498 4874 de
2527 4820 2639 4889 ipsa
2668 4818 2968 4875 variabant.
2999 4817 3222 4886 Quidam
3251 4816 3394 4871 enim
3421 4859 3436 4882 ,
3466 4825 3525 4871 ut

1928 4916 2003 4970 ait
2046 4915 2336 4977 Arnobius,
2374 4928 2568 4968 nomen
2616 4928 2645 4965 a
2689 4913 2979 4977 memoria,
3009 4922 3184 4966 ortum
3214 4911 3519 4976 voluerunt,

1927 5010 2074 5079 quasi
2103 5007 2338 5080 quwdam
2385 5006 2718 5061 Meminerva.
2749 5004 2993 5061 Ciceroni
3039 5013 3215 5058 autem
3259 5004 3337 5059 sic
3378 5004 3521 5060 dicta

1926 5104 2160 5168 videtur,
2203 5103 2340 5173 quod
2377 5102 2454 5157 vel
2494 5103 2772 5166 minueret,
2813 5102 2889 5154 vel
2936 5099 3245 5164 minaretur;
3290 5096 3518 5166 Isidoro,

1926 5195 2081 5266 quasi
2108 5195 2202 5248 dea
2231 5207 2284 5249 et
2314 5211 2498 5249 namus
2524 5195 2719 5248 artium
2746 5194 3036 5253 variarum,
3069 5207 3188 5261 qua:
3212 5192 3279 5245 ab
3309 5191 3395 5246 illa
3432 5192 3518 5247 in-

1924 5299 2098 5344 ventae
2148 5289 2562 5344 venditabantnr
2597 5288 2822 5359 (Cieer.,
2855 5288 2892 5342 ι.
2926 5303 2961 5341 ιι
3007 5289 3070 5340 de
3112 5284 3305 5342 Natnr.
3346 5287 3515 5353 deor.,

1929 5399 1981 5451 ρ.
2011 5382 2117 5436 224
2140 5423 2154 5448 ,
2188 5382 2279 5436 lin.
2310 5381 2420 5446 20;
2461 5380 2618 5447 lsid.,
2651 5383 2688 5436 ι.
2717 5396 2808 5435 vin
2857 5379 3081 5453 0rigin.,
3110 5399 3157 5435 ε.
3194 5381 3280 5448 Η)
3311 5400 3324 5438 :
3355 5381 3518 5438 Festo
3588 5408 3591 5413 ⁴

1924 5474 2188 5545 denique,
2219 5477 2359 5547 quod
2392 5478 2529 5530 bene
2560 5484 2794 5531 moneat.
2831 5495 2849 5527 ι
2886 5476 3034 5533 lianc
3060 5477 3233 5539 enim,
3265 5495 3285 5530 ι
3320 5477 3512 5548 inquit,

1930 5586 1950 5621 ι
1987 5568 2173 5636 pagani
2224 5582 2319 5636 pro
2364 5566 2629 5635 sapientia
2676 5568 2966 5637 ponebant.
2999 5568 3324 5623 Cornificius
3348 5583 3512 5635 vero,

1922 5663 2063 5735 quod
2096 5662 2348 5732 tingatur,
2385 5664 2736 5735 pingatnrque
2764 5663 3023 5719 minitans
3048 5662 3240 5725 armis,
3269 5662 3513 5718 eamdem

214 5754 373 5807 etiam
397 5751 573 5821 fabula
594 5769 622 5807 c
641 5750 786 5807 locis
810 5753 994 5810 vertice
1011 5751 1155 5808 illam
1178 5761 1398 5807 enatam.
1432 5750 1618 5809 νοσανί
1643 5766 1810 5811 autem
1919 5757 2119 5813 dictam
2141 5765 2296 5826 putat
2325 5775 2344 5810 ι
2376 5754 2569 5827 (Fab,
2602 5756 2805 5812 adverb.
2838 5752 3276 5826 utnrnva).Quae
3302 5752 3518 5822 quidem
