3990 6072
454 193 551 251 571

1653 170 2100 255 bis‘ss‘n‘rarto
2138 178 2414 239 9mm

3614 179 3724 238 572

451 305 721 368 Corniﬁcii
761 309 949 367 eadem
981 323 1044 365 ac
1072 306 1345 365 Ciceronis
1369 311 1488 374 est,
1517 300 1839 376 etymologia
1859 343 1874 368 ,
1908 312 2027 373 quae
2055 300 2107 361 Α
2131 313 2234 373 qua
2286 298 2426 355 banc
2451 289 2699 370 aliosque
2723 295 2877 353 fictos
2925 312 2956 353 a
2975 295 3267 375 gentilibus
3292 296 3425 354 deos
3445 296 3683 369 explodit
3705 341 3721 365 ,

452 402 518 459 ab
541 401 635 465 illo
663 404 979 476 explicatur.

523 497 594 554 At
638 494 860 554 Vossius
906 497 959 553 in
1011 495 1157 553 Festi
1205 495 1526 552 sententiam
1572 494 1740 566 magis
1770 491 2030 556 inclinat,

452 594 742 665 b'eilse’tque'
770 593 991 649 Verbum
1040 578 1217 646 moneo
1236 635 1250 658 ,
1281 589 1350 647 ab
1374 588 1658 661 antiquiori
1687 605 1860 644 meneo
1882 586 2029 644 deri-

451 698 671 747 vatum;
724 696 780 744 et
810 703 839 741 a
880 700 1075 752 meneo,
1112 680 1330 750 mentio,
1358 683 1582 751 utemini,
1627 698 1836 749 memor,
1876 682 2029 736 remi-

452 783 638 851 niscor,
672 792 833 855 atque
860 784 930 845 ita
959 782 1155 840 factum
1185 799 1377 841 nomen
1416 782 1658 839 Menerva
1681 826 1697 851 ,
1743 782 1807 837 ac
1836 770 2033 837 deinde

449 873 682 930 Minerva
738 874 960 947 (Voss.,
1015 878 1103 933 lib.
1133 893 1170 934 ll
1222 877 1283 932 de
1313 876 1457 949 Orig.
1507 885 1551 932 et
1580 874 1765 947 Progr.
1813 875 2027 941 tdolol.,

450 988 564 1047 cap.
623 968 724 1042 4‘2,
779 990 901 1047 pag.
944 972 1048 1030 271
1086 984 1132 1029 et
1177 974 1359 1047 seqq.).
1408 972 1485 1030 lbi
1534 990 1695 1046 purru
1739 974 1832 1029 ille
1878 973 2030 1045 plura

450 1068 752 1139 congessit,
807 1067 999 1139 quibus
1036 1084 1098 1124 ea
1158 1084 1277 1140 qua:
1323 1067 1392 1123 ab
1439 1068 1676 1124 Arnobio
1705 1067 1845 1123 dicta
1889 1067 2029 1123 vidi-

450 1173 570 1215 mus
590 1200 604 1225 ,
648 1157 848 1216 diserte
884 1162 1231 1218 enucleantur
1254 1170 1306 1219 et
1333 1160 1694 1220 stabiliuntur.

519 1238 633 1331 iam
661 1268 788 1331 vero
812 1254 910 1309 etsi
940 1255 1148 1326 penitus
1172 1264 1470 1312 taceremus
1490 1295 1505 1324 ,
1545 1256 1663 1329 quis
1697 1264 1797 1323 est,
1822 1272 2024 1330 qumso,

449 1336 539 1415 qui
583 1361 688 1401 non
739 1342 885 1402 videt
921 1364 1026 1419 quo
1059 1348 1181 1420 jure
1229 1349 1370 1406 idem
1401 1351 1668 1406 Arnobius
1695 1361 1878 1406 noster
1908 1347 2031 1406 hinc

449 1434 697 1493 conficiat
734 1437 929 1495 nullam
986 1458 1205 1512 prorsus
1252 1443 1417 1498 fuisse
1464 1444 1797 1511 Minervam,
1838 1428 2029 1501 Mentis

448 1539 541 1587 aut
567 1531 817 1588 Victoria:
862 1533 1062 1604 tiliam,
1115 1537 1312 1592 nullam
1359 1553 1424 1592 ex
1465 1537 1612 1594 Jovis
1670 1546 1846 1593 natam
1872 1554 2028 1595 cere-

448 1624 569 1694 bro,
621 1625 970 1684 inventricem
1018 1629 1182 1695 oleae,
1240 1631 1510 1703 variisque
1538 1632 1743 1688 artibus
1774 1641 1827 1688 et
1867 1630 2030 1689 disci-

449 1716 608 1790 plinis
636 1717 939 1791 praefectum
979 1730 1033 1776 et
1071 1723 1363 1793 eruditam,
1405 1724 1498 1780 sed
1543 1714 1656 1781 rem
1694 1718 1990 1785 naturalem
2013 1770 2029 1797 ,
2062 1705 2110 1773 B-

449 1827 568 1884 quaa
592 1811 691 1868 dea
716 1814 896 1885 utique
921 1831 1043 1873 esse
1074 1816 1298 1890 nequit?
1325 1818 1563 1889 (Arnob.,
1593 1817 1680 1874 lib.
1699 1836 1774 1886 Ill,
1796 1840 1848 1892 p.
1882 1819 2033 1899 118.)

520 1912 591 1964 At
611 1926 715 1981 quo
743 1911 939 1967 clarius
962 1956 977 1981 ,
1024 1929 1086 1969 ex
1132 1913 1390 1970 hactenus
1437 1914 1596 1970 dictis
1620 1928 1831 1971 constat
1860 1916 2034 1971 ethni-

418 2017 542 2083 ,cos
593 2005 889 2062 credidisse
917 2006 1062 2063 illam
1111 2005 1300 2063 Mentis
1357 2007 1557 2075 filiam,
1589 2018 1747 2080 atque
1777 2024 1843 2065 ex
1887 2006 2036 2065 Jovis

448 2092 673 2155 cerebro
713 2107 929 2171 natam,
971 2118 1036 2157 eo
1076 2096 1350 2158 difﬁcilius
1380 2103 1636 2175 probatu,
1683 2121 1786 2176 qua
1829 2106 2036 2162 ratione

448 2191 554 2248 lilia
623 2180 871 2251 Victoria:
933 2194 1000 2251 ab
1051 2184 1291 2251 Aruohio
1349 2197 1575 2252 dicatur.
1633 2195 1915 2270 Dionysius
1956 2198 2032 2252 si-

447 2282 662 2355 quidem
692 2282 1132 2345 Halicarnasseus
1172 2300 1357 2361 narrat
1388 2288 1567 2362 (Dion.
1624 2290 1792 2346 Halic.
1815 2333 1830 2360 ,
1864 2293 1933 2346 lib
1980 2309 2033 2358 ι,

446 2395 566 2449 pag.
619 2376 713 2449 26)
757 2398 770 2433 :
815 2383 964 2442 Νίκην
1010 2381 1064 2438 δὲ
1106 2382 1342 2459 Ἀρκάδες
1390 2380 1730 2459 μυθολογοῦσι
1780 2386 2035 2449 Πὰ).αντος

445 2466 572 2528 εἶναι
623 2474 877 2553 θυγατέρα
921 2482 1011 2531 τοῦ
1058 2479 1335 2541 Λυκάονος.
1365 2474 1514 2557 τιμάς
1537 2476 1591 2537 δὲ
1609 2479 1734 2558 παρ’
1764 2482 2035 2558 ἀνθρώπων

446 2564 507 2628 ἃς
551 2570 637 2621 καὶ
669 2562 785 2640 ἔχει
810 2574 918 2636 νῦν,
944 2569 1146 2632 Ἀθηνᾶς
1182 2570 1421 2644 βουλήσει
1444 2570 1634 2637 λαϐεῖν,
1656 2576 1918 2647 γενομένην
1943 2583 2035 2635 τῆς

446 2661 560 2716 θεοῦ
587 2663 892 2739 σύντροφον,
914 2662 1114 2725 δοθῆναι
1140 2669 1241 2744 γὰρ
1270 2668 1418 2728 εὐθὺς
1433 2669 1533 2721 ἀπὸ
1551 2676 1699 2743 γονῆς
1728 2658 1817 2729 ’ἑήν
1837 2667 2036 2727 Ἀθηνᾶν

444 2753 656 2809 Πάλαντι
686 2756 787 2811 ἀπὸ
816 2756 945 2821 Διὸς,
973 2761 1060 2835 καὶ
1088 2757 1212 2834 παρ’
1242 2761 1432 2834 ἐκείνῳ,
1460 2762 1585 2823 τέως
1634 2763 1704 2824 εἰς
1750 2762 1889 2841 ὥραν
1918 2764 2034 2838 ἀφί-

448 2865 585 2915 κετο,
609 2857 877 2922 τραφῆναι.
929 2846 1205 2909 Victoriam
1254 2864 1425 2908 autem
1464 2854 1687 2909 Arcades
1732 2848 2036 2926 fabulantur

445 2939 610 3008 ﬁliam
629 2935 887 3010 Palantis,
907 2948 1145 3015 prognati
1159 2944 1398 3020 Lycaone
1416 2964 1434 3002 :
1451 2961 1497 3005 et
1521 2950 1738 3006 honores
1755 2966 1883 3023 quos
1899 2967 2033 3005 nunc

447 3036 587 3115 apud
628 3037 857 3095 homines
895 3039 1075 3105 habet,
1128 3054 1491 3109 consecutam,
1527 3043 1762 3098 Minerua
1780 3043 2027 3114 jnbente,

445 3128 582 3198 quod
606 3146 722 3183 cum
750 3130 846 3185 hac
874 3132 971 3186 dea
997 3133 1152 3188 simul
1180 3135 1397 3189 educata
1425 3137 1509 3191 sit.
1552 3138 1594 3189 Α
1621 3134 1751 3192 Jove
1776 3139 1909 3192 enim
1952 3155 2032 3193 re-

446 3236 565 3276 cens
594 3233 769 3278 natam
793 3226 1206 3281 commendatam
1238 3246 1345 3283 esse
1377 3229 1592 3286 Palanti
1613 3275 1627 3297 ,
1657 3243 1705 3287 et
1728 3233 1867 3302 apud
1890 3234 2036 3289 illum

446 3316 732 3381 educatam,
750 3321 874 3374 dum
894 3323 1190 3378 adoleverit.
1220 3323 1424 3392 Quibus
1444 3337 1586 3380 certe
1618 3327 1790 3382 verbis
1820 3327 2035 3397 planum

447 3407 539 3465 ille
562 3409 689 3465 facit
716 3411 1003 3470 Minervam
1037 3430 1143 3472 non
1165 3432 1286 3477 esse
1320 3418 1482 3497 tiliam
1509 3418 1779 3501 Victorias,
1798 3422 1892 3501 sed
1916 3431 2035 3499 tan—

447 3504 726 3587 tummodo
759 3508 991 3575 camilla
1018 3509 1324 3582 educatam.
1370 3496 1634 3581 Przevium
1683 3496 2036 3570 nihilominus

446 3598 719 3669 opinionis
765 3615 879 3658 sua:
923 3614 1249 3659 assertorem
1283 3605 1552 3662 Arnobius
1596 3606 1785 3662 habuit
1831 3608 2036 3664 Pausa-

446 3693 623 3761 niam,
679 3696 770 3764 qui
819 3696 1027 3753 dixerat
1087 3680 1406 3766 (l’ausan.,
1456 3700 1546 3755 lib.
1599 3717 1646 3768 ι,
1691 3719 1811 3775 pag.
1861 3700 1974 3772 40)
2023 3719 2037 3757 :

445 3790 538 3841 Καὶ
566 3786 738 3860 ἕτερον
767 3790 982 3846 ἐνταῦθα
1026 3789 1158 3867 ἱερὸν
1187 3788 1389 3852 Ἀθηνᾶς
1413 3795 1709 3856 πεποίηται,
1735 3793 2042 3866 καλουμένης

444 3880 616 3942 Νίκης.
656 3879 889 3935 Alterum
939 3881 1126 3936 ibidem
1148 3893 1224 3937 est
1271 3882 1542 3938 delubrum
1593 3882 1873 3953 Minervae,
1929 3886 2034 3954 cui,

453 3969 696 4028 Victoria:
743 3986 1155 4047 cognomentum.
1208 3968 1269 4030 In
1309 3976 1543 4048 quodam
1598 3989 1776 4035 autem
1802 3979 2040 4055 Orphei,

445 4069 520 4122 uti
569 4068 905 4136 inscribitur,
938 4066 1137 4142 hymno
1168 4070 1259 4125 illa
1292 4079 1512 4126 vocatur
1550 4073 1784 4152 νικηφὸρε
1827 4070 2038 4145 δαῖμον,

453 4158 734 4219 Victoriam
791 4169 962 4237 ferens
1008 4163 1210 4219 daemon
1265 4163 1565 4237 (Orpheus,
1643 4176 1766 4219 tom.
1817 4183 1834 4221 ι
1887 4164 2038 4223 Poet.

441 4272 634 4327 gnem,
689 4276 809 4332 pag.
853 4258 1002 4331 509).
1027 4260 1098 4315 At
1150 4259 1273 4315 hinc
1323 4259 1549 4316 Arnobii
1592 4248 1831 4318 narratio
1883 4262 2043 4334 plane

444 4350 728 4420 ﬁrmatur,
771 4354 815 4408 si
870 4353 985 4425 ejus
1026 4355 1079 4408 in
1127 4362 1277 4409 textu
1336 4355 1605 4427 legeretur
1645 4375 1659 4411 :
1693 4375 1712 4407 ι
1749 4355 1907 4411 Nulla
1960 4366 2045 4413 est

445 4457 576 4517 ergo
607 4442 801 4499 Mentis
846 4444 984 4511 lilia,
1033 4444 1177 4501 nulla
1230 4446 1488 4502 Victoria.
1523 4466 1543 4499 ι
1573 4447 1627 4502 Si
1681 4463 1812 4503 vero
1854 4448 2040 4518 legen-

444 4534 571 4591 dum
615 4534 718 4600 sit,
765 4535 931 4592 Nulla
976 4536 1249 4605 Victoria,
1298 4539 1552 4595 videlicet
1582 4539 1719 4606 tilia,
1758 4541 2036 4612 expende,

445 4646 660 4702 quaeso,
717 4640 894 4688 utrum
937 4630 1055 4687 haec
1102 4632 1287 4702 opinio
1337 4632 1463 4688 inde
1504 4632 1769 4698 invaluit,
1818 4633 1959 4705 quod
2007 4650 2039 4691 a

446 4723 649 4795 templo
698 4724 901 4796 ipsius,
932 4738 1051 4795 quae
1085 4723 1319 4779 Victoria
1352 4726 1784 4795 nuncupabatur,
1840 4741 2043 4797 cogno-

445 4817 645 4872 minata
693 4827 804 4885 est,
837 4825 930 4872 aut
971 4817 1095 4887 quia
1143 4828 1442 4889 pugnantes
1480 4820 1600 4889 ejus
1628 4817 1830 4875 auxilio
1872 4820 2041 4875 victo-

443 4910 577 4964 riam
622 4922 900 4982 reportare
963 4908 1294 4965 ferebantur.
1518 4894 1523 4901 ’

517 5002 701 5075 Longe
737 5019 899 5075 porro
929 5002 1196 5074 vulgatius
1221 5014 1276 5058 et
1306 5003 1486 5059 notius
1535 5015 1618 5059 est
1647 5004 1814 5072 illam,
1854 5022 2042 5077 quem-

444 5097 735 5155 admodum
777 5098 905 5152 alibi
938 5096 1274 5152 ostendimus
1305 5097 1520 5169 (Supr.,
1550 5115 1668 5169 cap.
1712 5099 1766 5167 9,
1814 5110 1914 5154 art.
1960 5098 2040 5175 2),

444 5192 579 5248 oleae
614 5200 670 5247 et
717 5191 943 5246 aliarum
971 5232 985 5257 ,
1025 5191 1164 5247 sicut
1216 5190 1482 5246 Diodorus
1529 5190 1741 5247 Siculus
1787 5204 2040 5262 testatur,

443 5287 797 5357 plurimarum
827 5287 1021 5341 artium
1050 5287 1244 5341 dictam
1273 5285 1443 5343 fuisse
1488 5287 1862 5346 inventricem.
1908 5290 2041 5348 Nam

446 5381 574 5437 inde
608 5380 699 5435 ille
753 5380 1027 5436 concludit
1056 5401 1068 5436 ε
1099 5382 1197 5458 Ἀφ’
1225 5378 1547 5460 ὦνἘρσγάνην
1588 5386 1747 5445 αὐτὴν
1772 5368 2041 5462 προσαγοξ

445 5478 689 5554 precabar
716 5473 958 5549 (Diodor.
995 5477 1157 5533 Sicul.
1187 5520 1202 5543 ,
1253 5478 1340 5533 lib.
1376 5495 1461 5547 tu,
1509 5477 1756 5536 Biblioth.
1780 5522 1795 5546 ,
1827 5499 1876 5552 ρ.
1912 5484 2037 5553 142,

447 5579 495 5624 et
542 5568 631 5623 lib.
680 5586 743 5638 v,
787 5584 907 5642 pag.
934 5567 1098 5642 255),
1134 5570 1274 5627 unde
1327 5589 1550 5646 ergaua,
1587 5586 1682 5629 seu
1722 5574 1902 5646 opifex
1951 5592 2039 5632 νο-

446 5664 652 5719 citatur.

450 5820 460 5833 ‘
524 5754 796 5813 (la-terum.
812 5764 1067 5835 quantum
1093 5755 1147 5812 in
1166 5752 1268 5811 hoc
1296 5753 1514 5815 Arnobii
1541 5762 2006 5831 argumentatione
2023 5804 2039 5833 ,

2133 389 2391 462 ponderis
2436 390 2504 445 sit
2555 405 2619 445 ac
2672 388 2901 458 virium,
2952 390 3074 459 quis
3127 399 3249 457 est,
3291 389 3382 461 qui
3435 390 3723 445 confestim

2132 498 2242 538 non
2293 479 2726 537 animadvertat?
2788 483 2857 535 At
2925 479 3055 535 illud
3113 488 3373 550 prater-ea
3441 482 3729 551 perspicue

2134 576 2394 648 probatur
2443 576 2512 631 ab
2570 574 2802 631 Eusebio
2852 584 2907 630 et
2950 573 3286 645 Augustino,
3343 574 3433 644 qui
3502 589 3570 629 ex
3628 570 3729 629 iis-

2132 668 2253 725 dem
2296 669 2459 723 variis
2500 667 2838 724 ethnicorum
2873 666 2943 724 de
2974 668 3242 731 Saturno,
3279 666 3442 732 Jove,
3485 665 3722 730 .lunone,

2133 771 2187 817 et
2222 761 2456 817 Minerva
2499 760 2877 831 opinionibus,
2930 774 3025 816 eos
3071 774 3342 829 nunquam
3380 757 3514 813 deos
3563 758 3727 814 fuisse

2132 854 2504 910 demonstrant
2529 854 2766 928 (Euseb.,
2794 854 2883 909 lib.
2919 870 2979 909 ιιι
3018 853 3259 924 Prcepar.
3299 868 3503 924 evang.,
3533 869 3579 908 c.
3630 852 3723 919 10,

2132 964 2250 1019 pag.
2285 946 2424 1015 107;
2461 946 2679 1020 August.
2708 986 2725 1014 ,
2757 946 2843 1000 lib.
2873 961 2923 1000 ιν
2952 946 3016 1000 de
3040 944 3190 1001 Civil.
3215 986 3233 1012 ,
3257 954 3359 999 art.
3391 946 3491 1012 10,
3521 962 3576 1015 p.
3602 941 3721 1014 95).

2720 1080 3009 1127 ARTICULUS
3045 1071 3125 1123 ui.

2131 1212 2379 1283 Quomodo
2401 1210 2645 1283 Arnobius
2665 1208 2787 1283 illud
2807 1209 2966 1261 adhuc
2981 1207 3208 1283 ostendat
3230 1219 3292 1283 ex
3313 1205 3543 1283 Neptuno
3563 1199 3733 1283 giggii

2190 1273 2361 1333 fratre,
2389 1275 2637 1336 pistricum
2661 1268 2875 1336 domino,
2903 1268 3167 1321 maen‘arum
3199 1277 3252 1336 e‘t
3274 1269 3727 1336 _gurgitum_mota-

2192 1344 2301 1387 tore
2323 1331 2476 1405 :it'etn
2502 1336 2827 1405 ex_Mercurio
2842 1331 3190 1405 Caduceatore,
3209 1331 3442 1405 Cyllenio,
3464 1332 3733 1405 verborum

2193 1406 2243 1466 et
2279 1402 2528 1449 nominum
2566 1400 2842 1466 inventore,
2870 1412 2926 1446 ac
2950 1394 3733 1466 mutatorennuudinarumAmer-

2192 1462 2335 1531 cium,
2354 1464 2409 1531 et
2420 1455 2851 1531 commerciorum;
2879 1468 3023 1531 atque
3037 1460 3182 1531 etiam
3196 1459 3402 1531 cerere,
3419 1468 3529 1522 quae
3548 1455 3726 1531 evre,

2190 1518 2366 1588 Magna
2393 1525 2564 1581 Mater,
2590 1518 2774 1582 Vesta,-
2806 1518 2906 1585 Ops
2926 1518 3033 1588 [et
3056 1522 3408 1588 Saturuj_uxor
3432 1518 3729 1588 vocabatur:

2188 1580 2680 1702 ubi§desgymologia
2700 1580 2947 1637 aemilium
2967 1586 3214 1649 Neptuni,
3235 1583 3484 1644 Hercurii,
3507 1580 3728 1639 Cereris,

2197 1665 2227 1702 e
2317 1667 2344 1700 e
2395 1665 2404 1678 '
2442 1686 2454 1702 .

2197 1659 2251 1702 et
2277 1659 2454 1703 Vestae.

2209 1777 2375 1837 Nobis
2425 1778 2722 1835 Arnobium
2762 1776 2901 1851 alios
2921 1775 3201 1847 gentilium
3250 1774 3383 1832 deos
3434 1786 3729 1831 recensen-

2139 1884 2247 1929 tem
2275 1873 2629 1944 sequentibus
2655 1871 2892 1933 occurrit
2919 1871 3233 1942 Neptunus,
3282 1884 3442 1940 quem
3487 1868 3727 1934 ethnici,

2136 1968 2311 2038 inquit
2354 1967 2479 2033 ille,
2534 1965 2671 2037 quod
2722 1982 2858 2035 aqua
2910 1965 3068 2020 nubat
3108 1974 3332 2029 terram,
3392 1976 3458 2018 eo
3510 1962 3733 2017 nomine

2137 2061 2541 2132 appellaverunt
2591 2059 2807 2129 (Arnob.
2834 2100 2851 2125 ,
2893 2060 2986 2116 lib.
3033 2072 3122 2124 ut,
3170 2073 3289 2128 pag.
3345 2057 3491 2126 118).
3544 2054 3733 2125 Neque

2136 2164 2285 2213 certe
2323 2153 2441 2210 haec
2464 2154 2790 2226 etymologia
2832 2160 3059 2225 patrono
3092 2148 3487 2219 defensos-eque
3529 2147 3725 2203 caruit.

2136 2248 2394 2316 Quamvis
2424 2248 2567 2303 enim
2598 2244 2791 2303 Cicero
2833 2244 3068 2315 Neptuni
3096 2258 3292 2299 nomen
3317 2256 3346 2297 a
3378 2241 3577 2307 nando,
3607 2242 3731 2312 qui-

2136 2340 2361 2403 busdam
2389 2340 2587 2396 litteris
2610 2339 2881 2409 paululum
2906 2337 3201 2393 immutatis
3218 2379 3232 2402 ,
3260 2335 3497 2397 Isidorus
3518 2351 3548 2393 a
3585 2335 3733 2395 nube

2134 2434 2287 2505 quasi
2311 2442 2555 2498 tonante,
2610 2432 2702 2494 alii
2740 2449 2769 2488 a
2814 2431 2983 2488 verbo
3009 2432 3175 2490 etiam
3219 2444 3400 2501 graeco
3432 2432 3627 2487 νίπτειν
3651 2429 3731 2484 la-

2136 2534 2298 2591 γει-ο.
2350 2526 2590 2591 abluere,
2621 2525 2907 2583 deductum
2962 2525 3157 2591 velint;
3208 2523 3382 2581 Varro
3424 2533 3605 2580 tamen
3641 2523 3731 2583 di-

2136 2629 2285 2683 certe
2305 2618 2442 2679 dixit
2471 2636 2484 2673 ε
2527 2636 2548 2673 ι
2581 2618 2864 2688 Neptunus
2899 2618 3044 2688 quod
3096 2632 3243 2675 mare
3269 2625 3446 2675 terras
3470 2615 3729 2683 obnubit,

2135 2721 2196 2771 ut
2240 2712 2410 2773 nubes
2456 2711 2690 2779 caelum,
2736 2727 2769 2766 a
2820 2718 3018 2782 uuptu,
3049 2709 3102 2771 id
3138 2718 3259 2777 est,
3314 2711 3641 2779 oper-tione,
3672 2716 3735 2769 ut

2136 2804 2339 2875 antiqul
2360 2844 2375 2869 ,
2426 2820 2455 2861 a
2484 2814 2592 2875 quo
2619 2803 2843 2874 nuptiae,
2895 2811 3200 2874 nuptusque
3223 2801 3398 2861 dictus
3441 2820 3463 2854 ι
3498 2802 3687 2874 (Cicer.
3710 2842 3731 2867 ι

2136 2898 2226 2959 lib.
2272 2913 2308 2954 ιι
2350 2898 2414 2955 de
2463 2895 2658 2961 Natur.
2690 2897 2874 2961 deum,
2907 2911 3030 2968 pag.
3059 2895 3203 2960 ἣξεις
3239 2893 3465 2962 Ιεὶαοτη
3491 2893 3579 2955 lily.
3609 2908 3727 2960 vui,

2140 2990 2360 3061 Origin;
2399 2989 2550 3049 Varr.
2571 3030 2586 3055 ,
2617 2990 2707 3047 lib.
2741 3004 2794 3044 tv
2821 2989 2884 3047 de
2924 2987 3080 3059 Ling.
3136 2986 3228 3051 (at.
3254 3026 3270 3055 ,
3302 3005 3425 3059 pag.
3455 2987 3568 3058 18).

2062 3098 2109 3167 C
2208 3085 2370 3163 Atqui
2418 3084 2466 3145 si
2516 3083 2569 3139 id
2616 3098 2805 3140 verum
2852 3082 2956 3150 sit,
3006 3083 3084 3138 ait
3128 3081 3444 3149 Arnobius,
3490 3079 3733 3148 concidit

2136 3176 2379 3249 profecto
2414 3176 2549 3243 deus
2605 3175 2922 3246 Neptunus,
2968 3175 3037 3241 ab
3084 3174 3314 3243 ethniqis
3361 3175 3536 3231 dictus
3561 3174 3730 3232 frater

2103 3272 2328 3361 Stygii,
2371 3273 2421 3326 id
2476 3281 2593 3337 est,
2638 3271 2915 3343 Plutonis,
2976 3280 3032 3327 et
3080 3269 3232 3335 lovis
3278 3284 3605 3341 germanus,
3660 3268 3735 3327 de

2136 3367 2331 3440 quibus
2355 3367 2466 3438 jam
2505 3365 2882 3431 disseruimus.
2932 3363 3097 3429 Addit
3145 3365 3350 3423 ironice
3393 3374 3581 3427 auctor
3625 3378 3729 3418 no-

2139 3472 2285 3519 ster:
2315 3480 2335 3517 t
2371 3459 2610 3528 Tridenti
2661 3470 2901 3527 armatus
2923 3500 2938 3524 ,
2974 3459 3252 3529 pistricum
3298 3457 3551 3517 dominus
3573 3497 3589 3523 ,
3642 3466 3727 3517 ato

2140 3573 2280 3628 que,
2316 3571 2644 3624 mutuarum,
2680 3571 2775 3611 rex
2800 3554 3068 3611 salsorum
3096 3554 3369 3625 gurgitum
3416 3570 3436 3605 ι
3474 3552 3688 3625 (Arnob.
3711 3591 3731 3620 ,

2143 3652 2240 3709 loc.
2273 3649 2390 3724 cit.)
2411 3692 2426 3717 ,
2455 3651 2508 3706 id
2535 3659 2652 3716 est,
2684 3649 2850 3711 maris
2870 3658 2929 3705 et
2955 3648 3163 3719 pelagi,
3192 3648 3267 3713 uti
3291 3648 3456 3717 liquet
3483 3646 3568 3715 his
3607 3661 3731 3702 car-

2143 3744 2421 3811 minibus,
2471 3743 2662 3813 quibus
2683 3741 2940 3812 Virgilius
2966 3740 3119 3795 illum
3162 3739 3241 3807 sic
3286 3738 3595 3812 loquentem
3648 3739 3733 3794 in-

2143 3837 2328 3895 duxit:

2236 3953 2344 4018 Non
2366 3953 2439 4018 illi
2458 3955 2718 4016 imperium
2742 3952 2902 4018 pelagi
2927 3962 3207 4016 saevumque
3232 3950 3516 4011 tridentem,

2238 4017 2338 4071 Sed
2361 4017 2481 4068 mihi
2502 4024 2637 4067 sorte
2657 4017 2843 4068 datum.

2507 4098 2733 4168 (Virgil.,
2753 4099 2837 4154 lib.
2864 4116 2882 4167 ι
2906 4099 3121 4162 Eueni,
3148 4113 3275 4153 vers.
3303 4099 3396 4150 142
3417 4104 3464 4150 et
3483 4098 3634 4169 seqq.)

2146 4211 2339 4269 Pistrix
2386 4220 2591 4273 autem,
2639 4210 2800 4280 piscis
2853 4219 2938 4269 eet
2972 4225 3196 4282 magnus
3254 4223 3348 4265 seu
3396 4207 3574 4269 bellua
3617 4221 3738 4262 ma-

2144 4307 2260 4365 rina
2282 4347 2297 4373 ,
2331 4320 2491 4377 quam
2521 4303 2761 4365 nonnulli
2806 4303 3051 4361 balenam
3096 4318 3217 4361 esse
3253 4301 3602 4363 arbitrantur.
3657 4299 3741 4356 De

2144 4401 2367 4472 pistrice
2394 4400 2547 4471 plura
2591 4400 2645 4457 in
2672 4398 2824 4459 Arati
2855 4397 3259 4470 phmnomenis,
3290 4410 3360 4463 ex
3383 4395 3579 4468 quibus
3619 4393 3737 4451 haec

2068 4493 2123 4557 D
2146 4492 2438 4565 selegimus
2468 4508 2483 4553 ε

2233 4607 2588 4675 Andromedam
2613 4616 2777 4661 tamen
2802 4607 3064 4675 explorans
3085 4608 3439 4675 feraquaerere
3461 4608 3639 4671 pistrix

2234 4672 2429 4739 lfergit,
2456 4681 2507 4723 et
2527 4676 2849 4739 usqueusitam
2874 4672 3057 4739 validas
3080 4672 3320 4739 aquilonis
3343 4673 3404 4723 ad
3425 4685 3570 4739 auras

2236 4732 2422 4787 Caeritis
2448 4732 2659 4801 vestigat
2682 4734 2813 4787 [inita
2836 4734 2884 4785 in
2911 4732 3140 4800 partibus
3150 4736 3319 4787 austri.

2662 4820 2750 4884 (In
2774 4819 2931 4871 Cicer.
2959 4819 3178 4885 Fragm.,
3198 4832 3312 4883 pag.
3337 4819 3400 4869 55
3421 4825 3467 4870 et
3488 4816 3647 4885 seqq.)

2146 4920 2315 4979 Maana
2356 4939 2569 4996 quoque
2603 4925 2842 4981 marinus
2871 4925 3033 4996 piscis
3060 4933 3143 4981 est
3163 4967 3178 4989 ,
3211 4924 3301 4997 qui
3341 4938 3518 4996 graece
3546 4925 3739 4997 μαίνις,

2150 5030 2180 5070 a
2210 5014 2468 5072 Romanis
2511 5018 2670 5074 hodie
2698 5018 2918 5074 nuenola
2952 5027 3193 5074 vocatur.
3223 5017 3413 5074 Cicero
3443 5026 3624 5072 autem
3658 5016 3743 5071 his

2150 5111 2328 5165 verbis
2366 5111 2508 5167 illius
2539 5113 2824 5167 meminit:
2858 5131 2877 5164 ι
2915 5112 3016 5181 Qui
3044 5113 3374 5183 voluptatem
3406 5110 3576 5183 ipsam
3604 5125 3738 5165 con-

2153 5209 2425 5272 temnunt,
2471 5203 2537 5258 iis
2585 5204 2711 5261 licet
2760 5202 2940 5260 dicere
2988 5220 3049 5261 se
3091 5206 3502 5277 ancipenserem
3551 5218 3743 5260 intente

2153 5308 2258 5349 non
2306 5306 2635 5366 anteponere
2671 5316 2689 5349 ι
2749 5295 2975 5371 (Cicer.,
3004 5298 3092 5353 lib.
3130 5314 3170 5354 ιι
3206 5298 3270 5353 de
3298 5294 3470 5351 Finib.
3502 5339 3517 5362 ,
3550 5314 3605 5368 p.
3648 5294 3743 5362 66.

2149 5376 2242 5442 lin.
2278 5387 2390 5459 54).
2427 5384 2754 5444 Mentionem
2798 5390 2960 5461 etiam
2988 5393 3106 5463 ejus
3142 5390 3272 5446 facit
3305 5390 3601 5446 Athenaeus
3623 5431 3638 5455 ,
3689 5396 3746 5449 et

2147 5479 2345 5553 smpius
2375 5478 2623 5547 Plinius,
2665 5482 2754 5551 qui
2806 5498 2905 5537 nos
2958 5482 3118 5538 docet
3155 5482 3351 5554 quibus
3403 5480 3640 5546 morbis,
3690 5484 3748 5539 et

2145 5570 2418 5643 quomodo
2447 5571 2682 5627 remedia
2713 5588 2778 5627 ex
2806 5576 2910 5631 hoc
2937 5577 3082 5644 pisce
3102 5574 3457 5631 conficiantur
3488 5572 3699 5643 (Atlten.
3726 5614 3743 5640 ,

2145 5662 2234 5718 lib.
2267 5679 2339 5719 vu
2367 5662 2683 5733 Deinosoph.
2704 5707 2718 5730 ,
2748 5684 2869 5740 pag.
2901 5667 3036 5736 515;
3070 5666 3217 5723 Plin.
3238 5710 3253 5735 ,
3281 5665 3368 5721 lib.
3399 5680 3551 5731 xxvr,
3598 5663 3737 5718 Hist.

2153 5765 2368 5825 unum,
2420 5772 2537 5829 cap.
2593 5772 2826 5839 tv,‘pag..
2882 5759 3029 5829 448;
3086 5760 3190 5818 lib,
3240 5773 3422 5827 xxvu,
3461 5773 3578 5833 cap.
3622 5756 3755 5831 lOi,
