3990 6072
368 310 375 319 ο
436 277 541 336 575

619 401 684 453 Et
704 407 838 452 terra
861 402 1035 458 mater,
1063 394 1315 458 Vestaque
1330 390 1654 458 sapientibus,

623 465 844 519 Vocaris.
873 463 979 525 ipso
999 456 1258 509 consideus
1280 458 1331 508 in
1355 456 1568 506 aethere.

438 569 602 642 Atqui
648 570 839 626 horum
862 567 1180 639 scriptorum
1203 576 1362 635 atque
1383 563 1543 619 etiam
1572 559 1803 616 Lucretii
1824 602 1837 619 .
1870 573 2030 629 quem

438 663 590 719 adire
641 663 840 731 poteris
872 659 1129 729 (Lucret.,
1182 658 1269 712 lib.
1310 673 1375 722 ιι,
1431 673 1559 711 vers.
1593 655 1698 710 597
1751 664 1798 709 et
1851 669 2025 723 seqq.,

442 772 576 811 vers.
608 755 716 811 995
765 764 812 809 et
850 750 1019 826 seqq.)
1043 793 1058 819 ,
1097 750 1388 807 antoritate
1432 762 1485 806 et
1530 747 1836 804 testimonio
1867 746 2032 815 liquet

437 850 622 920 utique
648 847 784 904 illud
807 846 1147 904 verissimum
1173 861 1295 901 esse
1317 886 1332 909 ,
1356 842 1497 913 quod
1523 842 1590 897 ab
1619 841 1857 898 Arnobio
1881 853 2031 895 assu-

438 944 643 1009 mitur,
698 942 835 997 trina
884 941 998 996 haec
1040 939 1259 995 numina
1300 938 1446 993 nulla
1498 950 1651 1001 esse,
1700 931 2029 1004 quandoqui-

436 1035 560 1092 dem
606 1036 675 1090 iis
729 1043 899 1099 terra,
960 1049 1079 1105 quae
1129 1032 1324 1088 divina:
1381 1027 1769 1101 proculdubio,
1824 1037 2030 1081 naturae

439 1144 546 1184 non
578 1138 661 1184 est
686 1170 702 1195 ,
735 1128 849 1183 sola
875 1126 1224 1199 signiﬁCatur.

509 1219 872 1288 Quamobrem
936 1218 1207 1275 Arnobius
1277 1225 1462 1272 noster
1502 1215 1623 1285 jure
1672 1213 1864 1271 merito
1914 1212 2031 1269 haec

437 1314 780 1367 continenter
818 1310 1012 1380 adjecit
1043 1328 1058 1363 :
1096 1328 1116 1361 ‹
1149 1308 1265 1365 Νοιι
1288 1309 1400 1380 ipsa
1431 1310 1601 1364 Mater
1627 1306 1788 1363 deum
1813 1346 1829 1371 ,
1871 1321 2031 1377 quam

436 1403 675 1475 Nigidius
719 1412 963 1459 autumat
1012 1405 1413 1458 matrimonium
1477 1403 1711 1459 tenuisse
1769 1400 2028 1468 Saturni,

437 1497 538 1554 dea
558 1507 703 1554 recte
740 1499 941 1570 poterit
984 1498 1315 1568 nuncupari;
1362 1496 1625 1567 siquidem
1671 1496 1828 1551 unius
1872 1505 2029 1550 terra:

437 1588 556 1646 haec
582 1601 707 1646 sunt
737 1590 915 1646 omnia
945 1591 1162 1646 nomina
1221 1610 1241 1643 ι
1270 1589 1486 1661 (Arnob.
1511 1630 1525 1653 ,
1549 1590 1641 1646 lib.
1674 1605 1762 1652 Ill,
1796 1606 1847 1658 p.
1879 1585 2027 1657 H9).

435 1683 626 1740 Nonne
646 1694 823 1739 autem
871 1683 1013 1738 idem
1051 1683 1210 1739 etiam
1243 1698 1272 1737 a
1291 1683 1533 1738 Varrone
1563 1682 1711 1738 hisce
1742 1681 1919 1737 verbis
1943 1695 2033 1735 as-

1644 266 2094 327 DISSEB'I'ATIO
2121 266 2405 325 PREVIA

2058 393 2108 453 Α
2131 402 2162 441 c
2185 385 2411 440 millibus
2460 384 2715 442 nascitur.
2745 384 2898 442 Unde
2925 382 3088 439 etiam
3119 381 3384 439 Homerus
3429 378 3560 435 dicit
3604 392 3736 433 eum

3624 257 3734 317 576

2133 477 2201 534 de
2229 490 2354 534 aere
2386 479 2772 549 praecipitatum
2803 477 2857 533 in
2889 485 3099 545 terras,
3126 475 3268 545 quod
3313 487 3477 530 omne
3527 470 3737 527 fulmen

2132 570 2202 625 de
2231 586 2358 626 aere
2413 570 2556 625 cadit
2594 589 2613 623 ι
2645 570 2856 638 (Serm,
2908 571 2961 623 in
3030 568 3119 623 lib.
3166 582 3259 623 Vill
3314 564 3555 631 ΛΕιιείάη
3614 581 3739 636 pag.

2132 663 2278 735 512).
2308 662 2457 719 Hunc
2483 678 2624 734 pone
2648 663 2890 733 sequitur
2914 660 3151 717 Isidorus
3171 701 3185 725 ,
3218 659 3308 730 qui
3334 658 3522 714 eadem
3557 658 3740 729 priora

2132 770 2269 828 pene
2309 756 2486 811 omnia
2538 755 2682 809 illius
2728 754 2889 809 verba
2946 753 3158 824 repetit.
3208 749 3347 819 Quid
3380 764 3539 816 vero,
3586 745 3738 819 quod

2133 848 2271 904 idem
2300 848 2517 905 Servius
2555 858 2712 904 antea
2741 849 2948 904 dixerat
2977 865 2991 902 :
3036 867 3057 900 ς
3092 847 3412 917 Plerumque
3439 844 3742 900 Vulcanum

2135 941 2384 1012 ponimus
2416 956 2509 1011 pro
2541 942 2705 1013 igne?
2742 961 2761 994 ι
2800 941 3126 1012 Augustinus
3172 954 3302 994 vero
3333 957 3347 993 :
3384 956 3403 989 ι
3440 935 3743 992 Vulcanum

2130 1034 2318 1089 volunt
2369 1034 2543 1105 ignem
2593 1034 2774 1089 mundi
2815 1053 2833 1087 ι
2909 1032 3169 1108 (Isidor.,
3229 1031 3313 1087 lib.
3358 1045 3453 1085 Vill
3506 1028 3743 1099 0rigin.,

2131 1142 2247 1198 cap.
2274 1127 2356 1194 11,
2384 1142 2398 1190 ;
2451 1124 2624 1193 Sera,
2653 1126 2707 1180 in
2735 1125 2824 1180 lib.
2856 1140 2873 1180 ι
2903 1123 3146 1188 ΑΞιιεὶἁη
3171 1140 3293 1195 pag.
3325 1121 3461 1189 180;
3494 1121 3741 1192 August,

2131 1219 2219 1277 lib.
2253 1236 2327 1275 vn
2354 1219 2419 1273 de
2439 1219 2614 1283 Ciait.,
2642 1218 2996 1289 cap.16,pag.
3032 1214 3183 1287 164).

2204 1314 2385 1386 Neque
2414 1314 2465 1370 id
2498 1315 2720 1385 probatu
2748 1313 3049 1381 difﬁcilius,
3080 1311 3223 1384 quod
3245 1310 3521 1382 subjungit
3556 1316 3748 1364 auctor

2133 1418 2338 1473 noster,
2369 1406 2631 1463 Venerem
2654 1449 2669 1470 ,
2703 1426 2722 1460 ι
2756 1407 2895 1477 quod
2925 1406 2991 1460 ad
3036 1414 3256 1461 cunctos
3288 1404 3501 1471 veniat,
3542 1423 3560 1454 ι
3600 1416 3741 1456 nun—

2133 1511 2383 1572 cupatam
2431 1501 2693 1575 (Arnob.,
2734 1501 2821 1555 lib.
2852 1516 2946 1565 ιιι,
2999 1516 3118 1571 pag.
3152 1496 3300 1570 219).
3351 1497 3430 1552 Ex
3477 1494 3749 1551 CicerOne

2133 1593 2395 1664 siquidem
2426 1593 2552 1649 illud
2582 1593 2926 1662 desumptum
2957 1592 3201 1658 videtur,
3243 1590 3333 1660 qui
3360 1590 3563 1644 diserte
3607 1603 3741 1658 pro-

2142 1686 2352 1741 nuntiat
2383 1705 2396 1741 :
2435 1704 2454 1739 ι
2491 1686 2624 1753 Qua:
2652 1696 2830 1740 autem
2859 1686 2924 1739 ad
2954 1698 3042 1740 res
3066 1697 3254 1739 omnes
3281 1681 3523 1746 veniret,
3562 1677 3746 1735 Vene-

437 1777 639 1834 seritur
664 1796 677 1831 :
715 1795 737 1831 ‹
773 1778 937 1833 Terra
968 1776 1102 1848 Ops,
1151 1776 1294 1847 quod
1327 1777 1416 1832 hic
1445 1791 1605 1832 omne
1632 1790 1787 1846 opus,
1832 1784 1888 1829 et
1932 1773 2033 1830 bac
2064 1781 2109 1842 Β
2138 1794 2251 1834 rem
2276 1780 2443 1834 nostri
2477 1779 2923 1845 nominaverunt,
2950 1789 3111 1847 atque
3138 1792 3205 1832 ex
3243 1792 3305 1832 ea
3334 1778 3509 1846 potius
3549 1789 3748 1830 venus-

438 1886 575 1940 0pns
600 1873 667 1926 ad
700 1869 1019 1936 vivendum;
1067 1879 1122 1925 et
1149 1870 1269 1926 ideo
1299 1870 1493 1926 dicitur
1520 1869 1628 1942 Ops
1652 1879 1824 1924 mater
1843 1910 1859 1936 ,
1891 1867 2036 1940 quod

438 1975 582 2023 terra
609 1966 829 2022 nutriat.
864 1965 988 2021 Haec
1014 1965 1159 2021 enim
1188 1965 1346 2021 terris
1373 1974 1561 2036 gentes
1591 1978 1780 2020 omnes
1808 1963 2033 2035 peperit,

438 2069 495 2116 et
521 2061 748 2117 resumit
776 2058 987 2126 denuo,
1018 2074 1142 2130 quae
1170 2059 1262 2114 dat
1304 2058 1543 2126 cibaria,
1577 2067 1633 2112 ut
1675 2057 1752 2111 ait
1795 2055 2034 2121 Ennius,

438 2168 557 2223 quae
588 2150 730 2223 quod
753 2151 891 2222 gerit
912 2148 1113 2221 fruges,
1139 2148 1304 2206 Ceres
1330 2170 1348 2203 ι
1368 2148 1579 2223 (Varr.,
1610 2148 1698 2203 lib.
1729 2147 1864 2203 tvde
1880 2146 2033 2219 Ling.

438 2245 565 2312 (an,
613 2260 737 2315 pag.
783 2240 898 2314 16).
950 2242 1082 2315 Quis
1129 2251 1308 2298 autem
1355 2242 1561 2309 nescit,
1595 2241 1736 2311 quod
1791 2239 1953 2297 etiam
2006 2256 2039 2296 a

438 2336 599 2393 nobis
645 2350 810 2407 supra
857 2344 1099 2391 notatum
1146 2343 1233 2391 est
1276 2333 1487 2407 (Supr.,
1525 2349 1642 2400 cap.
1704 2331 1770 2399 9,
1804 2341 1905 2386 art.
1937 2331 2035 2403 ὅ),

438 2427 611 2500 Opem
640 2429 709 2484 ab
752 2428 984 2484 ethnicis
1020 2427 1219 2482 dictam
1246 2426 1467 2484 Saturni
1496 2428 1759 2484 uxorein?

513 2525 585 2578 At
609 2538 826 2594 quoquo
854 2523 1075 2577 nomine
1116 2531 1343 2577 vocetur
1362 2562 1381 2590 ,
1410 2523 1455 2576 si
1486 2532 1628 2578 terra
1655 2530 1767 2587 est,
1798 2534 1898 2577 nec
1940 2521 2039 2576 dea

447 2627 565 2683 est,
615 2633 685 2673 ne
732 2632 857 2673 esse
902 2627 1100 2687 potest.
1144 2615 1313 2671 Recte
1349 2631 1478 2687 ergo
1517 2616 1850 2686 Augustinus
1897 2624 2041 2686 post-

446 2725 607 2783 quam
661 2710 783 2766 aliis
835 2710 1077 2782 ejusdem
1122 2709 1382 2764 Varronis
1429 2710 1613 2765 verbis
1674 2709 2043 2779 comprobavit

446 2806 691 2862 eamdem
723 2820 844 2861 esse
869 2805 1117 2860 tellurem
1138 2844 1155 2871 ,
1185 2803 1406 2859 Matrem
1437 2819 1682 2874 magnam
1703 2845 1719 2870 ,
1741 2812 1798 2859 et
1833 2803 2001 2874 Opem
2020 2844 2038 2869 ,

453 2912 580 2954 cum
609 2896 851 2953 Arnobio
879 2905 1066 2953 nostro
1112 2896 1419 2952 concludit:
1458 2914 1478 2949 ι
1512 2897 1569 2953 Si
1608 2913 1739 2969 ergo
1790 2911 1896 2952 una
1939 2896 2039 2953 dea

456 3001 572 3058 est,
602 3005 724 3060 quae
778 2990 993 3059 quidem
1037 2989 1281 3046 consulta
1323 2990 1584 3057 veritate,
1630 3003 1730 3045 nec
1771 2989 1884 3061 ipsa
1923 2998 2040 3055 est,

451 3081 670 3140 interim
705 3082 834 3154 quid
872 3084 980 3139 itur
1023 3082 1076 3137 in
1118 3082 1314 3137 multas
1359 3100 1378 3135 ι
1435 3080 1674 3155 (August.
1720 3082 1808 3137 lib.
1860 3097 1929 3137 vn
1981 3080 2044 3135 de

2137 1880 2253 1937 tas,
2280 1888 2439 1943 quam
2483 1872 2667 1928 Venus
2693 1888 2757 1929 ex
2804 1879 3089 1928 venustate
3124 1890 3143 1923 ι
3203 1870 3223 1938 (
3244 1869 3433 1935 Cicer.,
3465 1868 3555 1924 lib.
3587 1882 3626 1922 ιι
3684 1867 3750 1921 de

2142 1963 2332 2021 Natur.
2363 1966 2531 2034 deor.,
2563 1982 2683 2037 pag.
2706 1963 2836 2031 224,
2863 1964 2957 2019 lin.
2992 1961 3110 2032 27).
3145 1962 3281 2019 Aliis
3325 1971 3502 2017 tamen
3532 1961 3601 2016 de
3642 1960 3749 2015 liu-

2135 2058 2222 2130 jus
2259 2059 2405 2116 vocis
2449 2070 2632 2131 etymo
2688 2060 2844 2114 aliter
2869 2058 3068 2114 visum.
3096 2055 3230 2112 Nam
3279 2054 3455 2112 Varro
3506 2070 3535 2110 a
3581 2052 3749 2110 verbo

2139 2154 2358 2224 antiquo
2381 2154 2512 2207 vicre
2531 2194 2546 2218 ,
2577 2167 2673 2209 seu
2700 2152 2922 2217 vincire,
2953 2149 3081 2206 illud
3111 2147 3365 2214 deducit,
3387 2146 3528 2219 quod
3557 2144 3742 2202 Venus

2144 2263 2251 2303 non
2282 2247 2498 2318 quidem
2542 2246 2757 2302 vincere
2778 2287 2792 2299 .
2821 2244 2916 2301 sed
2944 2244 3151 2299 vincire
3176 2252 3232 2299 et
3259 2242 3449 2297 vinciri
3480 2239 3749 2313 pudendis

2139 2342 2344 2398 scilicet
2362 2340 2590 2397 vinculis
2613 2341 2727 2411 ipsa
2756 2338 2884 2395 velit
2906 2338 3118 2411 (Varr.,
3148 2337 3241 2393 lib.
3271 2352 3324 2392 ιν
3351 2336 3415 2391 de
3443 2334 3598 2407 Ling.
3627 2335 3747 2400 lat.,

2140 2434 2382 2508 pag.i2).
2428 2433 2661 2489 isidorus
2690 2446 2862 2488 vero:
2910 2449 2930 2484 ι
2977 2429 3188 2496 Venus,
3239 2449 3260 2483 ι
3305 2429 3508 2500 inquit,
3557 2444 3577 2478 ‹
3625 2423 3753 2482 inde

2141 2529 2303 2593 dicta,
2336 2527 2478 2600 quod
2507 2528 2626 2583 sine
2648 2526 2700 2581 vi
2746 2525 2941 2598 (aliter
2986 2524 3131 2595 viro)
3185 2521 3383 2579 femina
3430 2535 3552 2577 esse
3596 2519 3753 2590 virgo

2142 2637 2250 2676 non
2275 2620 2485 2676 desinat
2518 2640 2538 2672 ι
2570 2617 2825 2691 (lsidor.,
2856 2618 2948 2673 lib.
2976 2632 3069 2671 vm
3127 2613 3328 2687 Origin.
3357 2629 3474 2685 cap.
3504 2612 3618 2684 11).
3642 2610 3753 2667 Sed

2142 2713 2382 2770 Arnobio
2411 2713 2550 2768 haud
2583 2712 2804 2768 forsitan
2845 2710 3117 2767 immerito
3147 2708 3477 2780 probabilior
3512 2711 3625 2763 visa
3664 2713 3749 2763 est

2143 2805 2425 2862 Ciceronis
2452 2804 2652 2875 opinio.

2216 2898 2413 2953 Verum
2438 2914 2545 2968 quo
2566 2897 2787 2968 propius
2816 2895 2890 2951 ibi
2929 2895 2995 2951 ad
3018 2910 3141 2951 eum
3163 2893 3404 2960 accedit,
3436 2909 3503 2950 eo
3529 2892 3746 2963 longius

2145 2993 2199 3047 in
2226 2993 2328 3047 hoc
2354 2991 2608 3049 recedere
2633 2990 2845 3046 videtur
2863 3031 2879 3052 ,
2911 2989 3055 3060 quod
3085 2988 3351 3045 subnectit
3375 2987 3502 3044 inde
3543 3001 3751 3058 cogno-

2147 3085 2403 3139 minatam
2455 3083 2854 3153 Proserpinam,
2885 3082 3010 3152 quia
3039 3092 3155 3137 sata
3205 3082 3257 3136 in
3308 3081 3481 3138 lucem
3531 3096 3752 3152 proser-

442 3173 628 3244 Ciait.,
658 3192 776 3249 cap.
807 3175 910 3243 24,
942 3192 1063 3248 pag.
1097 3174 1260 3247 180)?
1284 3174 1469 3246 Neque
1506 3176 1609 3231 sibi
1643 3175 1775 3230 sinit
1806 3190 2033 3245 respon-
2060 3171 2106 3234 C
2137 3187 2271 3250 pnnt
2298 3177 2553 3247 (Arnob,
2585 3176 2673 3230 lib.
2705 3191 2793 3242 ιιι,
2826 3192 2948 3246 pag.
2975 3174 3126 3245 119).
3163 3172 3283 3229 Vult
3311 3174 3510 3246 quippe
3538 3174 3745 3230 latinus

443 3267 561 3324 deri
587 3267 835 3324 ethnicos
860 3283 966 3325 non
997 3269 1229 3324 absurde
1262 3268 1541 3324 censuisse
1566 3282 1659 3323 eas
1695 3267 1878 3338 plures
1917 3283 2040 3324 esse

443 3359 605 3425 deas,
636 3361 891 3431 quoniam
923 3362 975 3416 in
1007 3375 1111 3416 una
1133 3360 1432 3430 eademque
1457 3360 1558 3415 dea
1589 3374 1677 3415 res
1704 3362 1887 3430 plures
1913 3374 2037 3416 esse

444 3461 689 3525 possunt.
734 3452 865 3508 Nam
915 3453 999 3509 bis
1040 3454 1186 3511 illico
1226 3451 1509 3511 occurrit:
1543 3471 1564 3505 σ
1605 3452 1674 3507 Ει
1702 3453 1976 3521 concedo,
2014 3473 2033 3505 ι

445 3547 661 3619 inquit,
699 3565 720 3600 ι
756 3548 809 3602 in
843 3564 950 3603 uno
977 3548 1198 3603 homine
1240 3561 1362 3603 esse
1406 3560 1495 3602 res
1531 3546 1739 3618 plures,
1782 3547 2041 3618 numquid

447 3641 569 3698 ideo
618 3651 673 3699 et
720 3642 968 3698 homines
1006 3642 1224 3712 plures?
1274 3641 1363 3698 Sic
1408 3642 1461 3696 in
1509 3657 1612 3696 una
1641 3641 1743 3696 dea
1783 3655 1905 3697 esse
1955 3656 2043 3698 res

447 3736 666 3807 plures,
697 3736 955 3807 numquid
997 3735 1120 3791 ideo
1162 3746 1216 3791 et
1249 3736 1382 3790 deas
1413 3736 1633 3804 plures?
1671 3735 1869 3791 Verum
1906 3736 2045 3793 sient

448 3830 668 3898 volunt,
714 3829 991 3895 dividant,
1025 3827 1296 3894 condent,
1328 3828 1716 3899 multiplicent,
1754 3828 2037 3899 replicent,

448 3921 724 3991 implicent
758 3940 778 3974 ι
815 3919 1027 3993 (Ibid.).
1085 3920 1259 3977 Tanto
1284 3921 1427 3977 enim
1457 3922 1659 3976 certius
1679 3931 1925 3977 evertent
1947 3922 2046 3976 ali-

450 4012 604 4084 cujus
629 4012 1001 4081 divinitatem,
1031 4022 1232 4085 quanto
1267 4014 1439 4085 magis
1477 4029 1595 4070 eam
1635 4013 2044 4086 multiplicatam

454 4108 743 4164 voluerint.

1044 4240 1339 4283 ARTICULUS
1377 4242 1448 4283 IV.

452 4356 557 4418 Qua
598 4361 787 4410 ratione
829 4362 1078 4412 Arnobius
1128 4363 1355 4413 ostendat
1386 4361 1554 4414 falsam
1592 4374 1706 4413 esse
1743 4362 2049 4412 divinitatem

512 4418 744 4495 Vulcani,
769 4426 852 4495 qui
871 4423 1288 4495 ignis;_V'eneris,
1311 4438 1422 4495 qlae
1446 4425 1736 4495 Proserpina
1755 4424 1939 4495 ;‘So_lis,
1965 4427 2050 4485 qui

513 4481 666 4533 Liber
688 4492 741 4549 et
762 4481 966 4548 Apollo;
994 4481 1183 4546 Dianae,
1203 4500 1313 4549 quae
1330 4481 1485 4538 Ceres
1508 4495 1560 4537 et
1580 4481 1715 4537 Luna
1737 4481 2045 4545 dicebantur;

512 4552 661 4613 atque
698 4545 902 4598 aliorum
944 4545 1157 4613 omnium
1184 4545 1435 4613 ninniuum
1457 4589 1470 4607 ,
1495 4551 1609 4613 quia
1651 4550 1817 4612 plures
1858 4550 2042 4613 ethnici

513 4609 740 4676 [umidum
759 4623 879 4676 esse
902 4609 1080 4676 anittial
1100 4612 1357 4676 quoddam,
1382 4627 1439 4663 ac
1468 4609 1614 4676 (lentu
1651 4609 1763 4676 esse
1788 4612 2043 4676 existima-

512 4670 664 4738 bant:
687 4674 875 4738 aliide
902 4670 1197 4738 etymologia
1238 4670 1484 4725 nominum
1508 4674 1711 4725 Vulcani
1738 4680 1791 4723 et
1813 4673 2043 4735 Veneris,

514 4748 571 4785 ac
590 4734 655 4785 de
672 4735 900 4800 Apolline
925 4734 1139 4787 niuriuni
1164 4739 1405 4802 pernicie.

528 4861 650 4917 Tria
676 4863 777 4918 alia
799 4863 1140 4921 ethnicorum
1180 4866 1398 4921 numina
1436 4906 1454 4933 ,
1484 4864 1781 4923 Vulcanum
1802 4908 1818 4932 ,
1873 4865 2046 4922 Vene-

443 4967 567 5008 rem
617 4967 672 5011 et
712 4955 1093 5027 Proserpinam
1150 4958 1342 5014 eodem
1387 4958 1797 5029 argumentandi
1845 4974 2046 5029 genere

455 5048 723 5104 Arnobius
743 5065 812 5105 ex
835 5050 1061 5106 deorum
1083 5050 1211 5107 albo
1230 5049 1531 5107 eradendos
1558 5065 1678 5107 esse
1698 5051 1902 5122 liquido
1922 5065 2050 5107 con-

455 5144 621 5200 vincit
672 5145 690 5213 (
709 5145 928 5212 Arnob.,
957 5146 1046 5202 lib.
1077 5162 1155 5210 ιιι,
1183 5163 1304 5216 pag.
1335 5145 1482 5218 119).
1536 5145 1827 5201 Vulcanum
1875 5146 2049 5201 enim-

455 5253 585 5293 vero
613 5239 788 5307 ignem
814 5253 935 5295 esse
959 5240 1301 5296 adserebant.
1327 5240 1487 5295 Visne
1508 5240 1558 5294 id
1581 5240 1675 5295 tibi
1698 5239 1921 5295 testibus
1941 5240 2047 5296 sal-

458 5342 564 5385 tem
607 5329 926 5400 quibusdam
960 5334 1215 5403 probari?
1244 5334 1322 5389 En
1350 5334 1502 5389 adest
1521 5332 1692 5389 Varro
1712 5372 1730 5402 ,
1760 5333 1912 5403 cujus
1934 5335 2047 5389 inec

456 5424 571 5494 ipsa
593 5432 719 5477 sunt
747 5423 907 5479 verba
932 5442 947 5479 :
977 5445 996 5477 ι
1036 5428 1116 5482 Ab
1148 5428 1285 5497 ignis
1305 5428 1414 5498 jam
1441 5426 1645 5498 majore
1677 5427 1723 5481 vi
1745 5442 1808 5481 ac
1838 5426 2049 5483 violen-

459 5517 532 5572 tia
586 5515 857 5574 Vulcnnus
899 5519 1072 5575 dictus
1109 5544 1127 5574 ι
1165 5522 1359 5599 (Van,
1393 5522 1481 5577 lib.
1530 5538 1576 5576 Iv
1631 5522 1695 5575 de
1735 5521 1887 5594 Ling.
1930 5523 2048 5588 lat.,

457 5627 581 5684 pag.
616 5610 726 5683 18).
775 5610 1002 5668 Accedit
1023 5612 1260 5680 Servius,
1310 5617 1402 5685 qui
1450 5614 1625 5671 adhuc
1650 5614 1959 5685 expressius
1998 5614 2051 5671 id

461 5701 679 5758 tradidit
712 5721 725 5757 :
766 5723 785 5757 ι
823 5704 1093 5761 Vulcanus
1146 5707 1282 5778 ignis
1320 5718 1437 5777 est,
1468 5718 1522 5765 et
1546 5709 1721 5764 dictus
1751 5706 2048 5773 Vulcanus,

460 5795 615 5868 quasi
663 5795 983 5869 Volcianus,
1014 5799 1157 5872 quod
1190 5815 1285 5871 per
1312 5817 1492 5860 aerem
1523 5802 1689 5861 volet.
1714 5799 1856 5872 ignis
1908 5798 2049 5857 enim

2142 3281 2323 3327 orator
2368 3269 2749 3339 Proserpinam
2808 3283 3107 3340 graecorum
3156 3283 3278 3323 esse
3324 3282 3561 3333 nomen;
3607 3286 3627 3319 ‹
3674 3268 3751 3324 Ea

2142 3375 2224 3425 est
2253 3365 2395 3421 enim
2417 3407 2431 3430 ,
2473 3383 2492 3416 ι
2524 3364 2631 3431 ait,
2678 3382 2697 3415 ι
2725 3379 2843 3434 qnzc
2872 3364 3155 3440 Περσεφόνη
3171 3376 3349 3434 graece
3401 3362 3711 3419 nominatur
3730 3405 3746 3429 ,

2143 3473 2303 3529 quam
2353 3456 2561 3526 frugum
2605 3469 2789 3510 semen
2833 3469 2956 3511 esse
3012 3454 3236 3522 volunt,
3269 3454 3750 3527 absconditamque

2143 3549 2314 3621 quieri
2341 3565 2369 3601 a
2401 3557 2572 3603 matre
2606 3566 2625 3599 ι
2664 3546 2889 3621 (Cicer.,
2944 3545 3068 3611 loc.,
3118 3549 3232 3610 cit.,
3258 3547 3353 3601 lin.
3383 3546 3461 3618 6).
3498 3548 3753 3602 Attamen

2146 3643 2279 3698 alios
2323 3641 2593 3697 Arnobius
2646 3639 2831 3695 habuit
2889 3640 3170 3697 sententia:
3222 3655 3335 3695 suae
3386 3641 3653 3708 asseclas,
3699 3650 3754 3697 et

2145 3737 2404 3793 fautores.
2475 3734 2609 3790 Nam
2642 3749 2673 3787 a
2721 3732 2964 3789 Varrone
3005 3733 3108 3789 hoc
3140 3734 3331 3789 litteris
3376 3734 3751 3806 consignatum

2147 3830 2396 3900 legimus.
2433 3848 2452 3880 ι
2486 3826 2807 3896 Proserpina
2842 3826 3014 3889 dicta,
3044 3826 3184 3896 quod
3214 3836 3273 3880 ut
3297 3841 3543 3897 serpens,
3592 3826 3752 3883 modo

2147 3926 2200 3982 in
2230 3926 2495 3989 dextram,
2520 3920 2681 3978 modo
2717 3924 2768 3975 in
2797 3920 3069 3975 sinistram
3098 3932 3303 3991 partem
3332 3920 3438 3976 late
3482 3933 3749 3978 movetur.

2150 4021 2381 4090 Serpere
2424 4026 2479 4073 et
2529 4029 2846 4086 proserpere
2892 4012 3032 4069 idem
3086 4012 3356 4081 dicebant,
3399 4022 3456 4069 ut
3489 4014 3709 4071 Plautus
3735 4058 3750 4081 ,
3846 4044 3853 4049 -

2149 4115 2238 4186 qui
2267 4113 2451 4170 scribit
2476 4128 2490 4165 :
2513 4111 2663 4180 quasi
2686 4123 3012 4180 proserpens
3054 4108 3225 4164 bestia
3261 4128 3280 4162 ι
3335 4107 3556 4178 (Varr.,
3582 4110 3672 4164 lib.
3699 4126 3754 4165 tv

2150 4208 2215 4262 de
2242 4206 2393 4279 Ling.
2423 4205 2543 4269 lat.,
2570 4218 2693 4285 pag.
2731 4202 2842 4272 17).
2889 4200 3112 4257 Brevius
3131 4200 3379 4272 quidem,
3410 4204 3505 4258 sed
3531 4204 3751 4271 clarius,

2150 4300 2218 4356 ad
2245 4298 2587 4370 auctorisque
2617 4296 2785 4351 nostri
2816 4304 3051 4350 mentem
3090 4293 3548 4349 accommodatius
3578 4294 3752 4350 lsido-

2151 4409 2244 4449 rus
2264 4393 2398 4448 dixit
2438 4411 2451 4448 :
2490 4410 2510 4443 ι
2551 4388 2868 4459 Proserpinae
2889 4429 2904 4455 ,
2932 4385 3075 4458 quod
3101 4401 3166 4442 ex
3205 4401 3267 4443 ea
3301 4396 3615 4458 proserpant
3645 4384 3753 4443 fru-

2150 4501 2265 4559 ges.
2303 4505 2323 4537 ›
2349 4487 2522 4540 Antea
2542 4497 2672 4537 vero
2697 4480 3022 4550 Augustinus
3051 4496 3066 4534 :
3104 4496 3123 4530 ι
3157 4479 3203 4533 A
3228 4479 3592 4550 proserpendo
3620 4478 3753 4533 Pro-

2070 4561 2363 4648 I)set'pina
2410 4575 2553 4630 dicta
2598 4593 2617 4627 ι
2662 4571 2916 4644 (lsidon,
2972 4572 3061 4626 lib.
3114 4586 3206 4627 Vttt
3264 4570 3489 4642 0rigin.,
3543 4572 3750 4642 cap.8;

2152 4672 2398 4741 August.,
2426 4669 2515 4725 lib.
2540 4684 2611 4723 vn
2652 4668 2714 4721 de
2755 4665 2927 4733 Civit.,
2961 4682 3076 4737 cap.
3108 4666 3200 4733 ‘20,
3234 4682 3356 4737 pag.
3390 4665 3540 4738 177).
3576 4666 3755 4738 Atque

2154 4766 2346 4822 borum
2377 4764 2639 4820 sententia
2669 4761 2987 4831 quibusdam
3009 4802 3023 4825 ,
3059 4760 3217 4815 etiam
3248 4758 3561 4817 Ciceronem
3585 4776 3747 4816 num-

2154 4878 2314 4934 quam
2341 4876 2447 4916 non
2472 4857 2878 4923 admirantibus,
2912 4855 3081 4926 magis
3101 4871 3256 4926 quam
3276 4857 3503 4927 ipsumet
3526 4853 3748 4913 Cicero-

2155 4954 2312 5010 niana
2335 4954 2548 5024 placuit.

2228 5048 2366 5105 Cum
2395 5046 2585 5103 eodem
2620 5059 2780 5114 porro
2809 5043 3105 5114 Augustino
3151 5042 3274 5098 hinc
3299 5042 3433 5098 scite
3481 5041 3752 5099 Arnobius

2157 5141 2321 5199 infert
2361 5141 2427 5195 ab
2454 5138 2683 5194 ethnicis
2711 5136 2821 5192 tolli
2849 5137 2917 5192 de
2944 5136 3121 5191 medio
3149 5136 3248 5190 tria
3292 5136 3530 5205 ipsorum
3578 5138 3752 5191 numi-

2157 5250 2224 5292 na
2262 5253 2281 5286 ι
2335 5230 2588 5304 (Arnob.,
2638 5230 2725 5284 lib.
2759 5245 2852 5296 ιιι,
2885 5245 3005 5299 pag.
3037 5228 3186 5300 519).
3235 5229 3562 5297 Vulcanum,
3591 5245 3751 5301 quem

2155 5340 2346 5386 omnes
2377 5326 2512 5395 ignis
2538 5323 2894 5390 elementum;
2929 5320 3230 5389 Venerem,
3272 5338 3430 5392 quam
3474 5322 3752 5379 libidinem

2158 5435 2255 5492 per
2280 5429 2471 5475 cuncta
2494 5416 2783 5470 animantia
2816 5413 3097 5481 diil'usam;
3128 5422 3182 5469 et
3207 5414 3622 5485 Proserpinam,
3647 5430 3753 5486 qua

2157 5512 2338 5583 fruges
2367 5526 2427 5566 ac
2455 5511 2695 5581 germina
2724 5507 3120 5563 subcrescentia
3153 5508 3355 5562 moveri
3385 5506 3750 5563 venditabant.

2156 5603 2422 5675 Quidquid
2450 5603 2726 5658 enimvero
2751 5600 2819 5655 de
2841 5599 2945 5655 illis
2982 5599 3071 5654 alii
3110 5600 3267 5656 aliter
3285 5600 3581 5666 sentirent,
3616 5598 3753 5656 falso

2158 5697 2343 5754 falsius
2372 5704 2489 5751 erat
2533 5695 2679 5759 illos,
2735 5708 2871 5765 quos
2902 5708 2989 5749 res
3038 5703 3248 5750 creatas
3291 5707 3411 5751 esse
3460 5691 3751 5762 dicebant,

2156 5804 2406 5862 suprema
2430 5788 2606 5859 aliqua
2632 5786 2909 5844 divinitate
2935 5784 3149 5843 donari.
3176 5850 3177 5853 η
