3990 6072
270 231 373 291 577

1469 230 1535 289 IN
1574 226 1947 297 ARNOBIUM,
1987 226 2142 291 CAP.
2175 226 2338 291 XVII.

3460 232 3569 300 5‘78

340 350 694 421 Prosequitur
723 349 992 407 Arnobius
1027 349 1257 425 (Ibid),
1282 362 1335 406 et
1360 349 1525 406 instat
1549 351 1616 405 ab
1637 349 1865 406 ethnicis
1893 346 1947 410 Α
1970 348 2060 404 lib.
2112 367 2193 416 ιν,
2220 369 2339 422 pag.
2375 350 2511 419 195';
2561 349 2819 417 Pansam,
2863 352 2953 409 lib.
2999 369 3074 421 lx,
3109 370 3227 427 pag.
3257 355 3398 425 283;
3435 356 3564 413 Nat.

268 443 468 516 paSsim
491 443 726 513 jactitari
752 442 1001 498 eumdem
1024 460 1143 499 esse
1166 443 1343 499 Solem
1361 486 1376 510 ,
1401 453 1560 514 atque
1588 443 1862 507 Liberum,

266 547 322 590 et
353 534 674 603 Apollinem.
717 533 1018 589 Macrobius
1044 534 1240 605 quippe
1272 533 1323 588 id
1353 548 1458 589 non
1503 534 1674 588 solum
1708 533 1867 588 Euri-

267 628 410 701 pidis
447 638 501 684 et
525 627 771 700 Eseliyli
799 627 1136 690 testimonio,
1157 627 1252 683 sed
1283 627 1444 682 variis
1466 643 1679 698 quoque
1700 629 1867 682 ratio-

256 723 428 783 ,nibus
453 721 679 791 probare
708 730 930 776 conatus
954 731 1035 776 est
1064 720 1344 792 (Macrob,
1372 721 1459 775 lib.
1493 738 1528 776 ιι
1572 720 1864 790 Saturnal.,

264 817 482 889 cap.18,
516 833 637 886 pag.
666 814 818 886 265).
849 814 1118 871 Memoriae
1148 822 1325 870 autem
1369 815 1588 871 Servius
1637 815 1868 886 prodidit

263 907 392 966 illud
424 909 591 964 fuisse
612 908 681 963 ab
712 905 907 963 Stoicis
926 919 979 962 et
1006 906 1304 978 Porpllyrio
1325 907 1594 962 adsertam
1631 925 1644 959 :
1681 926 1699 958 ι
1728 905 1869 962 Stoi-

262 1003 347 1069 ci,
389 1021 407 1055 ι
441 1001 647 1073 inquit,
701 1020 721 1053 ί
756 1001 1007 1057 eumdem
1035 1000 1213 1057 Solem
1238 1044 1252 1064 .
1282 1003 1531 1058 eumdem
1576 1001 1827 1057 Liberum
1849 1043 1864 1067 ,

263 1095 518 1151 eumdem
544 1095 849 1165 Apollinem
897 1105 1109 1151 vocant.
1150 1115 1168 1147 ι
1200 1095 1355 1151 Prius
1394 1111 1521 1153 vero
1551 1115 1563 1150 :
1595 1116 1614 1149 ι
1646 1096 1871 1151 Constat

261 1188 556 1244 secundum
590 1187 869 1261 Porphyrii
895 1188 1087 1244 librum
1114 1230 1131 1256 ,
1162 1204 1320 1260 quem
1343 1188 1526 1245 Solem
1557 1190 1865 1261 appellavit,

261 1281 527 1353 triplicem
554 1296 680 1338 esse
706 1281 973 1353 Apollinis
1005 1291 1361 1353 potestatem,
1393 1294 1447 1338 et
1468 1285 1716 1339 eumdem
1749 1299 1870 1339 esse

251 1374 439 1433 Solem
465 1376 607 1449 apud
628 1391 878 1447 superos,
902 1376 1153 1434 Liberum
1183 1387 1390 1447 patrem
1412 1378 1467 1432 in
1496 1378 1677 1439 terris.
1707 1378 1873 1449 Apol-

254 1468 423 1525 linem
476 1468 620 1539 apud
656 1469 859 1526 inferos
895 1488 915 1521 ι
967 1469 1175 1541 (Serm,
1202 1470 1257 1524 in
1298 1469 1384 1525 lib.
1427 1486 1443 1525 ι
1476 1470 1689 1543 Ceorg.,
1739 1488 1871 1526 verso

256 1566 351 1635 17,
380 1584 499 1638 pag.
538 1566 639 1634 59;
667 1566 911 1637 inquirit.
944 1564 1091 1638 Virg.
1120 1566 1308 1638 eclog.,
1338 1583 1469 1625 vers.
1498 1566 1590 1634 64,
1614 1584 1734 1639 pag.
1752 1566 1869 1639 27).

333 1660 602 1717 Arnobius
629 1662 812 1732 itaque
849 1677 917 1717 ex
950 1660 1050 1716 hac
1082 1662 1283 1732 vulgari
1309 1662 1589 1733 gentilium
1638 1677 1861 1732 persua-

1971 440 2139 507 Com.,
2174 442 2261 496 lib.
2287 459 2337 497 vt
2367 441 2614 515 Myl/10L,
2637 461 2753 514 cap.
2777 442 2897 518 24).

2043 536 2322 593 Postremo
2355 539 2617 594 Arnobius
2643 539 2745 594 alia
2785 541 3021 610 generali
3052 544 3260 600 ratione
3304 556 3551 612 cunctos,

1966 628 2076 699 jam
2102 646 2131 682 a
2161 630 2314 687 nobis
2340 642 2698 698 memoratos,
2741 636 3014 704 gentilium
3037 638 3105 693 de
3132 638 3234 694 diis
3259 641 3371 695 suis
3413 655 3567 696 erro-

1971 736 2059 775 res
2088 724 2326 777 concutit
2354 739 2415 777 ac
2441 722 2669 779 destruit
2699 722 2924 795 (Arnob.
2946 770 2960 793 ,
2995 729 3083 784 lib.
3114 746 3191 796 ιιι,
3240 748 3361 803 pag,
3414 732 3563 803 120).

1972 813 2417 885 Philosophorum
2463 818 2605 872 enim
2627 861 2641 879 .
2694 819 2891 890 inquit,
2922 821 3216 879 doctis~imi
3244 833 3299 881 et
3324 826 3569 883 credide-

1971 917 2124 973 runt,
2146 918 2198 963 et
2228 909 2584 965 detiniverunt
2630 913 2886 967 mundum
2912 928 3034 971 esse
3061 917 3259 973 animal
3298 918 3567 976 rationale

1972 1010 2024 1055 et
2048 1001 2281 1070 sapiens.
2314 1002 2420 1057 Sed
2450 1003 2591 1059 itane
2630 1017 2815 1074 arguet
2858 1007 3070 1077 aliquis,
3097 1025 3184 1066 res
3205 1024 3265 1067 se
3291 1010 3473 1079 habet,
3503 1028 3569 1070 ac

1971 1093 2186 1162 quinam
2220 1094 2292 1149 illi
2321 1094 2449 1160 sint,
2484 1096 2637 1151 nobis
2657 1096 2877 1151 indica?
2914 1097 3058 1153 Nihil
3081 1099 3224 1155 dictu
3248 1103 3568 1172 promptius.

1971 1182 2103 1238 Nam
2134 1183 2250 1240 hinc
2294 1201 2401 1241 non
2428 1187 2603 1242 solum
2633 1188 2893 1252 Platonis.
2924 1193 2998 1246 ιιιὶ
3022 1208 3087 1248 ex
3116 1192 3394 1251 Ciceronis
3421 1195 3569 1252 libris

1974 1276 2165 1347 liquet,
2220 1294 2405 1335 verum
2457 1280 2615 1336 etiam
2669 1282 2922 1350 Zenonis,
2970 1284 3380 1358 Stoicorumque
3425 1289 3570 1346 illius

1973 1380 2321 1439 sectatorum,
2355 1374 2511 1430 siculi
2551 1390 2617 1430 ex
2643 1376 2906 1433 Cicerone
2927 1418 2941 1443 ,
2971 1376 3280 1442 Lactantio,
3312 1378 3527 1437 Laertio
3551 1422 3567 1449 ,

1973 1464 2179 1536 Lipsio,
2209 1467 2434 1537 aliisque
2460 1468 2714 1524 discimus
2739 1511 2755 1535 ,
2793 1470 3020 1541 genuina
3051 1481 3412 1544 constansque
3440 1490 3570 1530 sen-

1978 1559 2255 1614 lentialuit
2280 1558 2480 1632 (Plato,
2511 1562 2563 1615 in
2591 1561 2806 1628 Timwo,
2860 1574 2982 1617 tant.
3014 1579 3089 1628 ιιι,
3126 1581 3241 1636 pag.
3272 1567 3339 1635 0;
3380 1565 3570 1637 Cicer.,

1977 1650 2066 1706 lib.
2091 1668 2108 1706 ι
2135 1652 2198 1707 de
2228 1651 2420 1709 Natar.
2440 1655 2608 1721 deor.,
2625 1673 2745 1727 pag.
2774 1655 2910 1724 199;
2940 1658 3081 1723 item,
3102 1657 3237 1712 idem
3258 1658 3389 1728 Cm,
3408 1660 3494 1715 lib.
3530 1676 3570 1716 ιι

252 1756 409 1811 sione
454 1755 613 1827 plane
642 1753 859 1809 conﬁcit
882 1752 950 1808 ab
981 1753 1085 1807 illis
1108 1753 1350 1809 imminui
1378 1754 1602 1810 deorum
1670 1769 1857 1810 nume-

1972 1746 2031 1800 de
2073 1743 2201 1800 Nat.
2229 1746 2394 1810 deor.,
2425 1765 2547 1820 pag.
2570 1746 2698 1814 216,
2723 1759 2770 1803 et
2793 1766 2955 1820 seqq.;
2981 1760 3027 1804 et
3052 1750 3139 1806 lib.
3167 1767 3244 1818 ιιι,
3272 1770 3392 1825 pag.
3429 1754 3567 1821 243;

252 1864 411 1915 rum,
443 1863 505 1902 ac
526 1847 733 1903 nullum
757 1862 1006 1917 umquam
1036 1845 1088 1900 in
1118 1862 1295 1902 rerum
1328 1857 1514 1901 natura
1555 1847 1827 1903 exstitisse
1850 1889 1865 1915 ,

248 1955 435 2010 neque
483 1939 774 2005 Liberum,
832 1954 898 1995 ex
948 1937 1202 2005 Semele,
1256 1938 1331 1993 uti
1377 1954 1539 2009 supra
1591 1938 1863 2007 diximus,

245 2032 574 2097 oriundum;
626 2047 799 2102 neque
848 2031 1155 2101 Apollinem
1189 2030 1475 2104 Pythium,
1505 2041 1560 2086 et
1606 2032 1859 2097 murium,

249 2136 313 2180 ut
356 2125 498 2181 idem
548 2136 739 2179 auctor
785 2133 968 2179 noster
995 2125 1261 2195 loquitur,
1305 2124 1610 2195 perniciem,
1644 2125 1712 2180 de
1759 2140 1866 2196 quo

245 2230 352 2273 nos
381 2216 506 2273 alibi
534 2215 743 2288 egimus
798 2214 952 2287 (tam.
988 2232 1024 2271 ιι
1048 2216 1329 2288 Apparat.,
1374 2214 1464 2270 lib.
1496 2231 1555 2271 ιιι
1584 2233 1598 2282 ;
1632 2216 1862 2283 dissert.,

243 2328 370 2381 cap.
397 2311 452 2377 9,
502 2320 603 2364 art.
630 2311 683 2374 1,
717 2327 837 2381 pag.
874 2310 1024 2380 754).
1050 2310 1379 2381 Augustinus
1410 2325 1538 2365 vero
1567 2326 1632 2364 ex
1672 2310 1863 2366 iisdem

241 2404 526 2476 gentilium
580 2402 923 2475 opinionibus
973 2404 1176 2473 colligit
1205 2419 1270 2458 ex
1314 2419 1419 2459 una
1457 2404 1752 2476 eademque
1803 2420 1864 2461 re

240 2496 485 2551 naturali
518 2495 699 2567 plures
721 2495 935 2566 quidem
978 2494 1049 2550 ab
1093 2493 1200 2549 illis
1228 2494 1396 2551 factos
1422 2510 1542 2552 esse
1563 2495 1728 2564 deos,
1767 2495 1861 2552 sed

255 2589 430 2646 falsiis
458 2590 616 2661 plane
655 2598 710 2644 et
729 2588 1151 2644 commentitios.

319 2682 455 2752 Quid
484 2681 676 2752 plura?
701 2680 818 2736 Non
849 2681 1072 2748 indocti,
1100 2680 1172 2734 liti
1203 2680 1279 2736 ait
1311 2680 1582 2737 Arnobius
1604 2680 1855 2754 (Arnob.,

242 2776 339 2831 lib.
374 2791 450 2841 ιιι,
481 2793 601 2848 pag.
642 2775 795 2845 119),
824 2773 965 2845 apud
1012 2773 1242 2844 gentiles
1276 2774 1369 2828 viri
1415 2774 1683 2830 docebant
1740 2774 1859 2830 Dia-

241 2885 395 2934 nam,
423 2867 700 2934 Cererem,
755 2876 811 2923 et
858 2867 1063 2922 Lunam
1113 2876 1223 2922 tres
1264 2882 1371 2923 non
1404 2882 1525 2924 esse
1558 2884 1816 2938 personas
1839 2911 1854 2937 ,

239 2977 276 3016 a
304 2977 363 3017 se
388 2962 615 3018 invicem
657 2961 960 3027 distinctas,
1015 2960 1110 3017 sed
1141 2960 1333 3030 triplici
1359 2960 1460 3015 hoc
1483 2962 1699 3016 nomine
1751 2961 1857 3016 Lu-

1983 1837 2245 1908 Lactant.,
2278 1840 2365 1895 lib.
2391 1856 2462 1909 ιι,
2506 1859 2624 1910 cap.
2657 1843 2708 1909 5,
2748 1861 2868 1915 pag.
2918 1844 3058 1911 166;
3090 1846 3292 1913 Laert.,
3335 1847 3425 1903 lib.
3461 1864 3567 1919 vlt,

1972 1933 2001 2006 §
2028 1933 2128 1989 112
2146 1946 2191 1989 et
2217 1950 2354 2004 seqq.
2375 1952 2389 2003 ;
2413 1934 2555 2006 Lips.
2582 1936 2836 1991 dissertet.
2864 1938 3005 1995 10de
3035 1939 3200 2009 Plaga.
3230 1938 3416 2005 Stoic.,
3441 1950 3567 1997 tant.

1969 2043 2040 2092 tv,
2069 2044 2189 2099 pag.
2224 2026 2328 2082 569
2354 2040 2401 2083 et
2431 2026 2622 2099 seqq.).
2648 2030 2812 2100 Atqui
2841 2030 2884 2085 si
2917 2030 3150 2085 mundus
3194 2031 3455 2089 rationale
3497 2033 3570 2091 sit

1966 2120 2187 2185 animal,
2211 2119 2336 2174 inde
2364 2122 2669 2177 necessario
2715 2123 2959 2194 sequitur
3004 2125 3196 2189 Solem,
3228 2125 3433 2192 lunam,
3461 2129 3564 2184 tel-

1966 2204 2136 2259 lurem
2157 2246 2173 2271 ,
2205 2205 2441 2277 aliasque
2469 2208 2651 2262 mundi
2675 2218 2885 2278 partes,
2916 2210 3031 2264 sive
3050 2226 3148 2265 suo
3171 2251 3185 2275 ,
3227 2213 3342 2266 sive
3358 2212 3464 2266 alio
3507 2220 3569 2269 ut

1964 2298 2214 2363 vidimur,
2244 2302 2461 2357 nomine
2490 2314 2880 2373 nuncupentur,
2912 2302 3049 2360 falso
3065 2314 3119 2360 et
3145 2304 3336 2361 frustra
3360 2306 3428 2363 ab
3460 2306 3564 2363 illis

1965 2394 2017 2449 in
2048 2394 2269 2450 deorum
2300 2412 2579 2452 numerum
2603 2397 2903 2468 adgregari.
2923 2397 3024 2465 Qui
3046 2399 3161 2454 tieri
3188 2400 3328 2454 enim
3362 2410 3563 2472 potest,

1964 2497 2024 2543 ut
2053 2489 2097 2543 si
2140 2488 2370 2544 mundus
2392 2506 2556 2545 unum
2580 2491 2650 2545 sit
2675 2493 2895 2554 animal,
2926 2492 3064 2548 sicut
3092 2493 3377 2565 singularis
3405 2495 3565 2566 quili-

1964 2580 2054 2637 bet
2107 2581 2306 2652 homo,
2340 2583 2393 2639 in
2441 2585 2615 2638 varias
2660 2584 2934 2640 scindatnr
2985 2595 3197 2657 partes,
3248 2588 3564 2661 diversaque

1964 2674 2229 2742 membra,
2258 2692 2376 2744 qua:
2402 2676 2609 2749 singula
2640 2677 2748 2734 sint
2774 2678 2988 2750 aliquod
3010 2678 3079 2734 ab
3102 2679 3225 2734 aliis
3252 2681 3564 2739 distinctum

1961 2765 2193 2834 animal,
2246 2777 2428 2838 atque,
2474 2779 2531 2824 ut
2570 2770 2793 2838 volunt,
2824 2787 2961 2827 unus
2989 2782 3043 2827 et
3064 2772 3350 2844 singularis
3398 2774 3561 2831 Deus.

1961 2856 2136 2914 Simili
2181 2874 2394 2930 quoque
2424 2860 2585 2916 modo
2628 2873 3032 2933 argumentatur
3062 2863 3370 2921 Lactantius
3400 2883 3414 2920 :
3448 2884 3467 2917 ι
3505 2866 3561 2924 Si

1960 2952 2097 3007 deus
2122 2953 2352 3010 mundus
2393 2966 2503 3023 est;
2554 2972 2685 3028 ergo
2713 2958 2890 3013 omnia
2915 2958 3001 3013 illa
3026 3000 3041 3024 ,
3072 2976 3192 3030 qua:
3226 2969 3355 3016 sunt
3383 2960 3434 3016 in
3457 2976 3523 3017 eo
3544 3002 3561 3028 ,

237 3073 367 3114 nam
389 3056 669 3128 appellari.
693 3054 765 3111 At
793 3055 933 3111 docti
965 3053 1039 3109 illi
1069 3054 1316 3109 homines
1341 3064 1492 3110 erant
1520 3055 1660 3110 haud
1693 3056 1856 3112 dubio
1888 3123 1927 3136 η
1958 3044 2033 3101 dii
2066 3062 2169 3102 non
2199 3059 2345 3115 sum.
2402 3048 2497 3105 sed
2547 3049 2633 3105 dei
2686 3052 2962 3118 membra;
2995 3068 3116 3124 quae
3166 3055 3349 3125 utique
3395 3055 3563 3136 solius

238 3123 501 3207 Stoici
517 3149 711 3221 quibus
735 3147 854 3203 haec
873 3148 1092 3204 Servius
1108 3156 1288 3201 narrat
1311 3164 1325 3202 :
1364 3167 1382 3200 ι
1419 3148 1585 3203 Stoici
1607 3149 1853 3204 eumdem

1972 3138 2053 3193 Dei
2112 3156 2308 3196 nomen
2365 3143 2614 3212 accipere
2657 3160 2764 3200 non
2792 3155 3035 3217 possunt.
3077 3146 3187 3203 Nec
3227 3148 3368 3204 enim
3414 3128 3563 3207 recte

238 3242 546 3299 Solem.....
604 3240 736 3297 Item
766 3238 970 3295 Lunam
999 3239 1244 3295 eamdem
1301 3239 1557 3306 Dianam,
1610 3240 1855 3296 eamdem

245 3338 506 3396 Cererem
527 3378 545 3406 ,
573 3335 821 3392 eamdem
849 3333 1146 3403 lunonem,
1191 3336 1435 3392 eamdem
1477 3336 1854 3405 Proserpinam

238 3434 469 3497 dicunt;
516 3428 814 3486 secundum
842 3443 977 3498 quos
1031 3426 1282 3498 Virgilius
1324 3444 1421 3498 pro
1451 3429 1566 3485 sole
1596 3437 1651 3485 et
1698 3429 1854 3497 luna,

238 3524 498 3582 Liberum
538 3534 595 3578 et
632 3524 886 3579 Cererem
929 3522 1197 3576 invocavit
1242 3541 1259 3570 ο
1306 3523 1331 3593 (
1355 3521 1545 3589 Serm,
1594 3522 1649 3576 in
1698 3523 1789 3577 lib.
1836 3537 1855 3577 ι

241 3617 459 3690 σενι-9.,
488 3631 621 3671 vers.
650 3615 705 3685 7)
734 3630 749 3680 ;
781 3624 838 3687 at
877 3612 979 3668 hoc
1018 3629 1230 3684 quoque
1261 3615 1504 3669 ultimum
1554 3614 1855 3671 Macrobius

240 3711 577 3769 observavit.
603 3710 934 3782 Augustinus
960 3722 1090 3764 vero
1123 3728 1137 3764 :
1173 3727 1191 3761 ι
1228 3710 1651 3779 Apollinem..,..
1675 3711 1853 3769 Solem

240 3822 372 3864 esse
419 3807 707 3871 dixerunt,
744 3804 1072 3872 Dianamque
1093 3819 1402 3875 germanam
1448 3805 1563 3876 ejus
1609 3808 1856 3863 similiter

236 3897 774 3967 Lunam,etviarum
803 3895 1084 3969 prlesidetn
1110 3916 1128 3951 ι
1162 3897 1534 3970 (ιιιαοι-οὸηιὶίι
1576 3916 1589 3954 ι
1633 3898 1848 3956 Saturn.

237 4013 360 4067 cap.
396 3995 484 4061 18,
513 4011 632 4066 pag.
653 3992 760 4049 266
785 4010 800 4059 ;
830 3993 1069 4063 August.,
1091 3992 1180 4046 lib.
1214 4006 1287 4047 vn
1334 3992 1399 4047 de
1422 3992 1595 4061 Cirit.,
1621 4012 1736 4065 cap.
1766 3994 1850 4062 16,

238 4106 364 4162 pag.
400 4085 549 4159 174).

312 4181 477 4249 Atqui
505 4179 550 4235 si
583 4178 749 4233 Diana
779 4187 831 4234 et
858 4177 1021 4234 Ceres
1045 4177 1175 4233 illud
1221 4193 1411 4235 revera
1459 4180 1568 4234 sint
1607 4188 1845 4249 astrum,

238 4270 387 4349 quod
409 4274 535 4329 luna
563 4281 786 4363 vocatur
808 4314 824 4340 ,
842 4264 978 4328 inde
1027 4271 1295 4328 Arnobius
1323 4272 1526 4342 Optime
1554 4274 1730 4343 arguit
1754 4290 1842 4329 ex-

236 4368 588 4442 tinguendam
639 4366 860 4422 omnino
884 4407 899 4432 ,
928 4375 983 4421 et
1010 4366 1221 4436 penitus
1262 4364 1545 4421 delendam
1573 4381 1695 4423 esse
1742 4382 1848 4423 non

234 4465 415 4573 ⁵ῗ¹¹¹¹¹¹
455 4462 711 4573 “Sili”?
732 4459 1042 4573 1,1735“?
1089 4457 1589 4573 ῗῖἷηῗῗὲἠ¹¹³ῗ²ῗῗ¹¹ῗ¹ζῖ
1639 4459 1844 4573 imp."
1870 4486 1924 4572 ιι
1948 4496 2587 4573 Εκωιίιιιτ..ετειεωβηιυω
2625 4503 2863 4573 Ambit.
2905 4507 3114 4573 ρειίιιιιει
3139 4521 3204 4560 ex
3227 4510 3472 4573 diversis.
3498 4520 3553 4565 ei

235 4558 643 4616 observavimus
691 4554 939 4625 (tlissert.
991 4553 1046 4607 in
1090 4550 1316 4620 Mirum,
1361 4569 1476 4624 cap.
1512 4553 1599 4618 15,
1629 4562 1728 4608 art.
1761 4555 1837 4624 1),

236 4650 629 4715 inventricem;
661 4646 755 4703 sed
823 4645 1047 4701 Dianam
1091 4659 1338 4716 quoque,
1390 4644 1655 4715 Apollinis
1702 4660 1841 4716 ger-

234 4759 473 4808 manam,
507 4744 579 4797 uti
606 4742 798 4797 citatus
834 4739 992 4809 paulo
1036 4750 1162 4794 ante
1203 4737 1554 4809 Augustinus,
1592 4738 1839 4793 animad-

233 4838 422 4896 vertit.
450 4835 632 4892 Solum
661 4833 938 4889 enimvero
972 4840 1219 4903 superest
1247 4841 1475 4898 astrum,
1528 4832 1668 4902 quod
1714 4833 1838 4887 luna

234 4932 455 5006 quidem
478 4929 813 5003 appellatur,
860 4926 956 4982 sed
985 4940 1088 4983 non
1137 4936 1312 4996 potest
1354 4941 1476 4983 esse
1519 4927 1673 4982 deus.
1708 4927 1835 4983 Tol-

231 5026 397 5087 leuda
414 5027 570 5082 etiam
602 5041 632 5080 e
656 5021 835 5079 medio
879 5020 1045 5075 Diana
1092 5020 1203 5089 illa,
1243 5041 1262 5072 ι
1298 5037 1481 5092 quam,
1522 5039 1541 5073 ι
1574 5020 1716 5077 sicut
1760 5022 1836 5077 ait

1958 3232 2077 3303 quis
2123 3232 2320 3289 dixerit
2346 3236 2585 3292 membra
2614 3236 2850 3294 hominis
2893 3241 3052 3296 unius
3083 3241 3284 3297 multos
3315 3243 3562 3299 homines

1957 3339 2098 3381 esse.
2149 3345 2168 3379 ι
2212 3326 2352 3395 Quin
2385 3327 2546 3384 etiam
2595 3330 2784 3387 Cicero
2838 3331 2984 3389 hunc
3030 3349 3270 3391 errorem
3323 3335 3562 3393 funditus

1958 3420 2171 3474 evertit.
2203 3420 2342 3491 Lege
2385 3423 2431 3478 si
2480 3423 2613 3479 velis
2634 3468 2649 3492 ,
2679 3441 2799 3496 qua!
2826 3426 2894 3482 ab
2921 3442 3020 3491 eo,
3049 3439 3102 3483 et
3129 3431 3171 3484 si
3195 3430 3406 3486 animus
3442 3441 3556 3498 est,

1956 3527 2077 3582 qum
2105 3513 2175 3568 ab
2204 3513 2435 3571 Eusebio
2460 3515 2728 3587 diSpntata
2755 3530 2878 3575 sunt
2907 3519 3192 3593 (Lactant,
3221 3523 3311 3579 lib.
3341 3540 3376 3579 tt
3396 3565 3411 3588 ,
3438 3541 3558 3596 cap.

1957 3606 2022 3675 5,
2049 3626 2169 3681 pag.
2196 3610 2327 3676 168;
2359 3610 2546 3679 Cicer.,
2597 3613 2688 3669 lib.
2719 3630 2754 3669 ιι
2777 3614 2840 3670 de
2866 3613 3062 3671 Natur.
3093 3618 3261 3682 deor.,
3284 3619 3556 3691 pag.245,

1955 3710 2001 3755 et
2032 3700 2244 3769 Easeb.,
2275 3702 2362 3757 lib.
2410 3720 2468 3760 ιιι
2507 3704 2572 3760 de
2611 3704 2905 3778 Prwparat.
2949 3707 3230 3784 Evangel.,
3279 3716 3396 3783 cap.
3454 3713 3555 3782 10,

1956 3815 2075 3870 pag.
2103 3799 2208 3855 103
2233 3810 2280 3854 et
2306 3799 2491 3873 seqq.).

2526 3946 2753 4005 CAPUT
2813 3949 2979 4007 XVII.

1959 4059 2226 4127 Quomodo
2255 4059 2510 4116 Arnobius
2552 4077 2683 4116 vana
2712 4064 2776 4118 de
2802 4065 3073 4135 gentilium
3112 4068 3210 4123 diis
3254 4069 3557 4139 opinionum

2026 4166 2307 4211 commenta
2332 4171 2396 4211 ea:
2420 4156 2537 4211 aliis
2565 4157 2770 4212 illorum
2794 4159 2858 4213 de
2877 4159 3056 4215 iisdem
3082 4161 3183 4217 diis
3208 4163 3315 4219 suis
3340 4163 3556 4221 dissen-

2413 4248 2639 4304 sionibus
2665 4250 2837 4306 adhuc
2875 4260 3087 4308 evertat.

2485 4383 2777 4425 ARTICULUS
2803 4384 3014 4427 Ριιιιιιιε.

2015 4564 2284 4635 contrariis
2298 4566 2603 4635 ethnicorum
2625 4564 2941 4635 OpiniOnibu's
2960 4569 3025 4635 de
3044 4570 3298 4635 Musarum
3333 4564 3550 4635 parenti-1

2010 4625 2120 4691 bus,
2147 4627 2428 4691 conditione
2465 4637 2519 4691 et
2541 4625 2769 4691 numero,
2806 4644 2864 4681 ac
2883 4633 2948 4682 de
2985 4633 3083 4684 diis
3119 4625 3473 4689 Novensilibus
3496 4645 3550 4689 et

2010 4687 2338 4752 Indigetibus,
2360 4692 2444 4741 ubi
2464 4690 2531 4741 de
2552 4691 2722 4742 (Eisele
2744 4687 2925 4746 morte.

2016 4834 2219 4906 Magum
2245 4835 2584 4891 ethnicorum
2622 4835 2692 4893 de
2720 4852 2827 4892 uno
2854 4837 3155 4909 eodemque
3186 4841 3405 4897 numine
3434 4841 3546 4898 dis-

1943 4928 2221 4986 sen~iones
2246 4928 2390 4985 aliud
2421 4929 2878 4987 evidentissimum
2910 4933 3149 4989 Arnobio
3190 4944 3377 4992 nostro
3418 4951 3549 5008 sup-

1943 5021 2181 5091 peditant
2236 5033 2641 5095 argumentum,
2694 5039 2800 5095 quo
2851 5025 2980 5081 lalsa
3037 5026 3250 5083 illorum
3301 5032 3543 5089 omnium

234 5122 526 5185 Arnobius,
561 5138 582 5171 ι
642 5116 909 5190 quondam
960 5115 1108 5186 puris
1154 5117 1207 5172 in
1249 5107 1484 5173 fontibus
1528 5115 1836 5171 abluentem
1940 5115 2189 5171 divinitas
2206 5131 2389 5171 rursus
2414 5116 2763 5172 invictissime
2784 5117 3351 5190 demonstratur.Quid
3372 5126 3540 5192 enim,

228 5213 600 5274 membrorum
629 5213 816 5266 sorites
834 5211 1087 5280 corniger
1109 5208 1200 5264 ille
1245 5219 1467 5264 venator
1510 5209 1743 5279 inspexit
1786 5217 1840 5264 et
1941 5226 2145 5282 qua-so,
2178 5220 2322 5266 tanta
2352 5212 2435 5266 illa
2468 5211 2689 5267 dissidia
2720 5212 2861 5267 aliud
2896 5211 3142 5282 probant,
3181 5216 3282 5271 nisi
3322 5217 3542 5274 eosdem

230 5323 452 5383 pinnam
494 5305 820 5361 curiositatis
848 5303 1055 5360 invenit
1092 5320 1110 5353 ι
1153 5299 1338 5374 (Μήτι,
1370 5319 1490 5374 pag.
1539 5301 1681 5373 120).
1708 5302 1838 5370 Qui-
1944 5306 2190 5360 ethnicos
2213 5303 2344 5359 nihil
2374 5305 2440 5359 de
2461 5319 2841 5376 quoquumqlle
2865 5304 2967 5361 deo
2995 5322 3095 5361 suo
3128 5307 3381 5365 habuisse
3405 5309 3544 5366 certi

229 5404 339 5461 bus
368 5416 499 5457 sane
526 5401 701 5457 verbis
719 5399 950 5456 rabulam
968 5397 1157 5469 adtigit
1177 5397 1467 5460 Aculeonis,
1488 5398 1573 5465 qui
1597 5405 1842 5468 proriter-
1947 5404 2002 5451 et
2022 5398 2284 5465 explorati
2307 5397 2331 5450 ‘i
2356 5397 2473 5464 Quo
2501 5411 2630 5468 ergo
2652 5397 2773 5465 jure
2804 5413 2898 5452 eos
2930 5408 3197 5470 tamquam
3226 5417 3381 5458 veros
3412 5402 3545 5459 deos

230 5513 301 5556 ea
323 5496 467 5569 quod
499 5495 718 5551 Dianam
747 5496 1011 5550 lavantem
1059 5492 1315 5559 vidisset,
1348 5491 1401 5547 in
1451 5507 1669 5549 cervum
1708 5509 1841 5549 con-
1946 5490 2147 5552 cillere.
2177 5492 2406 5559 precari,
2438 5501 2492 5545 et
2517 5489 2745 5545 adorare
2774 5502 3047 5561 poterant,
3077 5493 3147 5550 de
3173 5495 3369 5565 quibus
3409 5497 3546 5555 nihil

229 5606 433 5648 versus
491 5603 613 5646 esse
660 5588 851 5644 fertur.
915 5586 1125 5643 Videsis
1191 5586 1481 5655 Ovidium,
1549 5587 1845 5644 Diodorum
1949 5583 2290 5640 manifestum
2321 5594 2376 5639 et
2403 5582 2757 5641 indubitatum
2782 5601 3033 5658 umquam
3067 5603 3129 5643 se
3154 5590 3434 5660 accepisse
3457 5607 3548 5662 pa-

232 5684 513 5749 Siculum,
592 5683 941 5748 Pausaniam,
998 5680 1240 5736 Natalem
1300 5680 1564 5737 Comitem
1610 5690 1667 5739 et
1712 5682 1846 5739 alios
1950 5680 2056 5735 lam
2090 5674 2675 5749 prolitebantuMQuis
2704 5686 2882 5736 autem
2910 5696 3016 5735 non
3045 5679 3332 5739 mirabitur
3354 5692 3549 5751 quanta

233 5778 443 5859 (0vid.,
476 5777 561 5835 lib.
615 5792 671 5833 ιιι
714 5773 1090 5846 Metamorph.,
1139 5772 1245 5845 fab.
1291 5774 1359 5841 9.;
1410 5760 1843 5846 Diodor.'Sicul.,
1953 5775 2155 5836 iuerint
2174 5774 2391 5837 illorum
2417 5774 2486 5834 de
2517 5773 2788 5832 Musarum
2816 5776 2970 5833 verbi
3022 5771 3203 5845 gratia
3245 5775 3555 5846 parentibus
