3990 6072
451 228 557 286 583

454 346 596 411 dius,
618 341 688 398 ab
713 332 952 395 Arnobio
970 330 1168 386 citatus
1199 321 1426 398 (Arnob.
1451 360 1467 388 ,
1495 316 1584 373 tib.
1615 330 1674 371 ιιι
1695 356 1709 379 ,
1740 329 1857 382 pag.
1891 305 2041 377 ηδ),

456 436 723 511 putaverit
748 430 934 487 Jovem
962 435 1052 479 aut
1093 419 1395 489 Neptunum
1441 411 1572 467 deos
1611 422 1731 462 esse
1774 400 2041 459 Penates?

457 533 590 602 Quis
609 528 752 584 enim
788 540 893 580 non
924 519 1068 575 videt
1100 515 1200 569 hos
1229 528 1258 568 a
1290 507 1482 567 Servio
1520 504 1651 559 deos
1692 511 1913 568 magnos
1942 508 2041 548 vo—

457 624 604 683 cari?
630 619 768 676 Nulli
792 625 971 672 autem
1004 610 1199 666 mirmn
1233 603 1399 659 videri
1427 600 1606 661 debet,
1643 592 1782 664 quod
1813 590 2043 644 subnec-

458 722 523 775 tit
558 716 698 772 idem
741 709 1000 783 Nigidius.
1031 704 1164 760 alios
1209 714 1329 756 esse
1374 695 1601 751 Penates
1652 686 1943 743 inferorum
1989 687 2045 735 et

460 809 766 868 mortalium
789 801 1085 861 hominum,
1122 793 1330 850 tametsi
1361 789 1410 842 id
1436 786 1571 841 adeo
1600 780 1895 836 luculenter
1921 785 2046 843 pro-

454 908 571 963 bari
607 909 858 973 nequeat.
886 896 1020 952 Nam
1052 890 1273 947 Servius
1302 892 1486 955 aperte
1520 876 1761 933 declarat
1790 869 2046 924 Penatum

460 998 676 1057 numina
719 990 918 1050 nemini
965 987 1128 1042 fuisse
1174 981 1330 1052 plane
1369 973 1600 1045 cognita.
1646 967 1713 1022 Et
1754 978 1882 1018 vero
1927 957 2047 1028 quis

460 1095 683 1152 deorum
707 1132 721 1156 ,
748 1102 883 1161 quos
904 1096 1089 1139 secum
1112 1076 1312 1134 IEneas
1334 1070 1525 1126 detulit
1545 1108 1559 1129 ,
1587 1067 1725 1119 scire
1756 1057 1924 1130 potuit
1949 1069 2048 1109 no-

461 1203 586 1245 men
614 1195 668 1241 et
692 1174 1015 1236 numerum?
1038 1172 1151 1227 lluc
1170 1164 1402 1227 accedit,
1434 1158 1573 1231 quod
1598 1158 1714 1227 ipso
1735 1151 1911 1205 adhuc
1930 1146 2049 1202 Ser-

462 1283 550 1337 vio
578 1283 901 1335 attestante,
944 1266 1146 1325 nemini
1177 1262 1279 1318 nisi
1322 1252 1593 1314 sacerdoti
1635 1265 1731 1307 eos
1759 1245 1944 1302 videre
1972 1242 2051 1295 l'as

464 1375 581 1430 fuit.
610 1369 804 1428 Paucis
830 1381 959 1438 ergo
984 1355 1247 1430 comperti
1277 1368 1398 1410 esse
1426 1352 1695 1420 poterant.

534 1473 730 1528 Postea
761 1478 891 1523 vero
919 1458 1144 1518 Servius
1183 1468 1287 1509 non
1331 1449 1585 1506 admonet
1614 1457 1710 1498 eos
1756 1433 2051 1492 Penetrafes

465 1564 648 1623 vocari
667 1605 680 1626 ,
709 1558 851 1632 quod
879 1558 936 1612 in
967 1547 1334 1621 penetralibus
1359 1541 1481 1598 coeli
1512 1537 1755 1594 sedeant.
1790 1531 1904 1599 Qua
1934 1526 2052 1597 qui-

467 1662 591 1718 dem
620 1625 688 1713 de
715 1625 1043 1728 etymologia
1084 1645 1162 1703 sic
1192 1640 1358 1699 sentit
1398 1636 1587 1693 Cicero
1614 1649 1627 1684 :
1668 1648 1687 1682 r
1720 1626 1830 1683 Nec
1860 1625 2048 1693 longe,

467 1752 682 1826 inquit,
725 1749 924 1803 absunt
965 1741 1031 1796 ab
1072 1739 1169 1792 hac
1194 1735 1244 1790 vi
1273 1732 1346 1789 dii
1394 1730 1623 1785 Penates
1646 1766 1658 1790 ,
1713 1723 1827 1776 sive
1861 1734 1887 1771 a
1922 1729 2059 1785 penu

470 1847 632 1904 ducto
665 1842 907 1904 nomine,
935 1846 1018 1891 est
1044 1834 1186 1889 enim
1211 1844 1402 1890 omne,
1431 1840 1537 1896 quo
1560 1826 1852 1876 usecuntur
1882 1812 2061 1867 homi-

472 1955 589 2007 nes,
615 1950 818 2009 peuus:
844 1931 957 1987 sive
985 1928 1054 1983 ab
1073 1940 1139 1981 eo
1166 1923 1306 1993 quod
1338 1917 1550 1991 penitus
1575 1910 1828 1971 insident,
1858 1922 1924 1961 ex
1955 1917 2064 1974 quo

470 2001 631 2092 etiam
661 2026 977 2086 Penetrales
1025 2038 1052 2077 a
1084 2019 1259 2091 poetis
1292 2023 1557 2070 vocantur
1592 2028 1611 2060 ι
1657 2007 1870 2080 (Cicer.,
1905 2001 1996 2055 lib.
2026 2014 2064 2053 ιι

474 2125 761 2182 ἀειΝαιατ.
796 2122 938 2175 deor.
965 2162 980 2184 ,
1015 2133 1136 2187 pag.
1170 2112 1297 2173 2‘24,
1329 2110 1420 2162 lin.
1456 2106 1515 2160 t5
1539 2104 1578 2173 ).
1611 2100 1746 2169 Quid
1776 2104 1952 2151 autem
1985 2093 2067 2146 his

474 2222 632 2277 dictis
659 2218 837 2289 aptius
868 2224 921 2269 et
944 2207 1358 2268 cunvenientius
1385 2200 1451 2254 ad
1470 2214 1531 2253 ea
1561 2191 1877 2265 explicanda
1907 2196 2068 2257 atque

473 2309 818 2376 stabilienda,
845 2321 963 2378 qua:
993 2298 1336 2374 postmodum
1368 2290 1587 2349 tradidit
1611 2290 1814 2342 Auctor
1845 2290 2065 2337 noster:

483 2428 502 2461 ι
543 2406 746 2471 Varro,
779 2400 867 2472 qui
898 2406 1026 2454 sunt
1054 2396 1353 2456 introrsus,
1400 2394 1562 2455 atque
1593 2381 1643 2436 in
1670 2378 1875 2433 intimis
1911 2386 2071 2444 pcne-

478 2500 705 2558 tralihus
739 2495 863 2554 caeli
890 2494 1023 2549 deos
1053 2503 1174 2546 esse
1201 2490 1421 2548 censet,
1464 2493 1600 2548 quos
1637 2473 1942 2545 loquimur;
1975 2481 2075 2522 nec

479 2609 664 2650 eorum
694 2601 999 2651 numerum,
1027 2598 1125 2639 nec
1156 2578 1377 2636 nomina
1398 2572 1584 2629 sciri.»
1611 2564 1853 2641 (Arnab.,
1879 2563 1970 2617 lib.
1992 2574 2072 2624 ιιι,

481 2706 602 2761 pag.
640 2685 743 2742 l25
772 2684 793 2757 )

554 2782 635 2841 Ad
666 2748 786 2837 haec
810 2790 939 2833 vero
965 2773 1057 2829 ille
1090 2767 1280 2826 scribit
1310 2779 1419 2821 non
1450 2759 1718 2821 defuisse,
1761 2752 1855 2826 qui
1892 2748 2078 2807 existi-

485 2878 754 2937 maverint
791 2874 1013 2938 Jovem,
1056 2866 1357 2925 Junonem,
1404 2857 1733 2915 Minervam,
1783 2847 1915 2903 deos
1956 2857 2080 2900 esse

486 2973 746 3038 Penates,
776 2967 895 3022 sine
919 2960 1114 3034 quibus
1143 2971 1243 3013 nec
1268 2954 1451 3008 vivere
1484 2959 1767 3020 possumus
1788 2983 1804 3009 ,
1839 2953 1938 2994 nec
1969 2938 2080 3006 spi-

487 3082 647 3131 rare;
676 3073 734 3119 ut
761 3071 888 3134 pote
913 3057 1004 3131 qui
1034 3057 1240 3110 ratione
1260 3091 1275 3117 ,
1308 3046 1520 3108 calore,
1551 3057 1615 3097 ac
1644 3038 1834 3110 spiritu
1863 3049 1960 3089 nos
1986 3046 2078 3085 re-

488 3170 613 3234 gant
636 3129 674 3233 ν(
708 3129 845 3212 Ibid.
880 3129 1026 3228 ).'At
1053 3150 1105 3204 in
1139 3145 1363 3217 hujusce
1395 3136 1670 3212 opinionis
1706 3129 2077 3189 defensionem

491 3255 581 3311 illa
613 3226 758 3310 recte
789 3226 1015 3322 proterri
1055 3250 1317 3316 possunt,
1349 3250 1470 3307 qua:
1504 3248 1534 3286 a
1566 3226 1837 3284 Macrobio
1879 3233 2082 3276 memo-

493 3349 590 3405 rite
629 3347 708 3402 sic
741 3321 951 3414 prodita
983 3336 1212 3408 legimus
1244 3349 1257 3385 :
1292 3349 1311 3381 ‹
1346 3327 1448 3397 Qui
1488 3321 1798 3394 diligentius
1837 3322 2087 3387 quaerunt

494 3440 778 3497 veritatem
797 3477 812 3501 ,
845 3406 1073 3488 Penates
1101 3440 1222 3484 esse
1251 3423 1539 3481 dixerunt,
1577 3430 1669 3485 per
1697 3427 1736 3484 q
1758 3424 1833 3463 nos
1874 3406 2089 3486 penitus

497 3536 787 3607 Spiramus,
812 3544 906 3599 per
931 3537 1065 3597 quos
1097 3520 1358 3576 habemus
1380 3526 1600 3582 corpus,
1634 3521 1730 3578 per
1757 3517 1894 3574 quos
1924 3482 2093 3555 ratio-

499 3642 624 3683 nem
649 3624 931 3679 habemus.
970 3636 988 3670 ι
1017 3614 1038 3691 (
1069 3609 1299 3668 Macrob.
1327 3649 1341 3673 ,
1391 3604 1481 3662 lib.
1513 3618 1571 3658 ιιι
1602 3599 1819 3656 Saturn.
1839 3637 1854 3662 ,
1886 3610 2002 3663 cap.
2032 3590 2088 3656 4,

505 3737 629 3794 pag.
654 3716 779 3773 521.
809 3713 829 3786 )

577 3778 661 3869 λι)
686 3810 751 3867 iis
786 3778 965 3863 tamen
1006 3796 1363 3870 scriptoribus
1389 3792 1548 3865 plane
1579 3798 1908 3860 prorsnsque
1934 3778 2096 3837 dissi-

506 3909 640 3966 dere
675 3904 885 3961 videtur
922 3901 1117 3955 citatus
1154 3896 1395 3965 posthaec
1422 3888 1491 3943 ab
1516 3897 1738 3941 auctore
1773 3889 1959 3935 nostro
1986 3875 2101 3929 Cae-

508 3997 664 4073 sius(
692 3994 884 4053 Arnob.
910 4035 925 4061 ,
957 3991 1046 4046 lib.
1076 4005 1131 4044 ιιι
1158 4030 1172 4053 ,
1200 4003 1320 4058 pag.
1353 3981 1456 4039 ηδ
1482 3981 1524 4053 ).
1559 3975 1777 4033 Penates
1804 3971 1947 4027 enim
1981 3982 2103 4024 esse

510 4095 677 4153 voluit
706 4090 1027 4150 Fortunam,
1047 4082 1327 4151 Cererem,
1359 4076 1589 4133 Genium
1609 4069 1893 4133 Jovialem,
1923 4073 1977 4120 et
2004 4063 2104 4118 Pa--

513 4189 621 4245 lem
666 4181 973 4258 quemdam,
1023 4176 1172 4234 Jovis
1220 4174 1561 4235 ministrum,
1610 4181 1673 4221 ac
1712 4163 1978 4218 villicum.
2030 4156 2106 4212 De

516 4284 645 4341 Pale
666 4293 848 4337 autem
879 4274 1127 4347 superius
1155 4270 1383 4342 egimus.
1414 4263 1555 4333 Quid
1582 4271 1760 4316 autem
1795 4257 1986 4311 mirum
2012 4293 2030 4321 ,
2062 4250 2108 4306 si

517 4376 742 4435 Penates
760 4385 1057 4441 eorumque
1080 4366 1300 4422 nomina
1322 4359 1550 4420 nemini,
1570 4365 1627 4411 ut
1646 4348 2106 4417 diximus(Supr.,

520 4488 637 4543 cap.
670 4466 757 4532 14,
790 4474 891 4520 art.
918 4462 955 4517 2
981 4460 1033 4533 ),
1067 4457 1313 4528 cognita,
1351 4450 1566 4522 quidam
1597 4447 1826 4501 aliorum
1858 4442 2105 4497 testimo-
2134 4475 2189 4535 Β

522 4565 614 4621 nio
655 4560 769 4616 fulti
796 4600 812 4622 ,
863 4569 1082 4627 quoquo
1120 4548 1284 4605 modo
1323 4545 1563 4602 indicare
1613 4534 1976 4599 tentaverint,
2021 4538 2115 4586 aut

523 4653 782 4715 finxerint
803 4649 868 4704 ad
902 4644 1152 4703 libitum?

595 4750 763 4805 Docet
789 4742 1020 4810 denique
1050 4733 1322 4792 Arnobius
1359 4728 1581 4786 Penates
1619 4725 1749 4781 deos
1776 4721 1843 4778 ab
1869 4715 2114 4776 Etruscis

527 4843 802 4900 Consentes
847 4844 901 4890 et
958 4829 1239 4898 Complices
1294 4819 1565 4880 nominari
1621 4815 1854 4892 (lbid.),
1908 4823 2114 4881 sexque

528 4951 651 4992 esse
700 4941 879 4986 mares
928 4922 1262 4993 totidemque
1308 4919 1573 4981 feminas,
1622 4912 1716 4969 sed
1776 4909 1974 4981 ignotis
2024 4918 2120 4958 no-

529 5027 796 5091 minibus;
849 5020 940 5094 qui
985 5004 1161 5074 tamen
1210 5013 1360 5069 Jovis
1400 5022 1525 5067 sunt
1570 5003 1899 5066 consiliarii,
1939 5014 2003 5054 ac
2046 4996 2120 5051 si-

531 5120 639 5177 mul
671 5130 725 5176 et
748 5089 997 5176 oriuntur
1036 5123 1093 5170 et
1135 5107 1443 5166 concidunt.
1486 5102 1676 5158 Postea
1706 5112 1835 5152 vero
1869 5089 2119 5163 Augusti-

532 5232 633 5272 nus
668 5232 727 5272 ει
761 5212 901 5267 Deos
924 5209 1249 5271 Consentes,
1284 5221 1303 5256 ›
1339 5198 1548 5269 inquit,
1602 5212 1620 5245 ι
1649 5192 1837 5248 dicunt
1861 5186 1914 5241 in
1942 5184 2122 5240 consi-

531 5312 663 5368 lium
709 5307 858 5365 Jovis
892 5302 1137 5361 adhiberi
1177 5319 1195 5352 ι
1252 5295 1514 5373 (August.
1543 5332 1559 5359 ,
1605 5287 1699 5342 lib.
1740 5301 1791 5339 tv
1836 5285 1899 5336 ιιρ
1944 5279 2120 5345 Civit.,

534 5424 650 5479 cap.
684 5402 756 5461 52
780 5445 794 5470 ,
844 5418 965 5474 pag.
1014 5396 1118 5455 104
1145 5393 1190 5465 ).
1220 5370 1396 5447 Vfarro
1435 5392 1612 5440 autem
1646 5379 1802 5435 initio
1836 5374 1919 5430 sui
1947 5372 2014 5429 de
2042 5370 2123 5427 Re

533 5499 734 5558 rustica
772 5492 952 5568 operis
983 5491 1115 5557 hos,
1146 5486 1393 5553 aliosque
1435 5477 1567 5535 deos
1594 5474 1673 5530 sic
1700 5473 1914 5527 inruont
1947 5485 1962 5521 :
1999 5485 2017 5516 ι
2060 5464 2127 5519 Et

535 5556 826 5667 quoniam:
862 5597 919 5645 ut
949 5584 1138 5649 aiunt,
1172 5579 1247 5636 dii
1271 5576 1534 5633 facientes
1563 5568 1841 5639 adjuvant,
1871 5561 2022 5634 prius
2044 5556 2127 5612 in-

535 5685 739 5743 vocabo
765 5698 894 5746 eos;
940 5693 1041 5735 nec
1069 5687 1125 5732 ut
1155 5672 1421 5731 Homerus
1448 5676 1504 5724 et
1531 5664 1737 5721 Ennius
1779 5660 1992 5725 Musas,
2033 5650 2129 5709 sed

529 5774 819 5843 duodecim
847 5774 977 5835 deos
1002 5767 1309 5829 Consentes
1336 5806 1350 5831 ,
1397 5773 1572 5830 neque
1606 5767 1786 5812 temeti
1829 5765 1925 5808 cos
1966 5747 2129 5805 urba-

1698 185 2141 254 DISSERTATIO
2179 178 2457 241 PRAEVIA

2072 306 2125 366 Α
2150 316 2247 355 nos
2271 309 2499 367 quorum
2527 290 2792 361 imagines
2808 284 2876 343 ad
2905 284 3079 341 forum
3100 287 3304 338 auratae
3330 284 3478 336 stant
3496 289 3593 332 sex
3615 290 3743 330 ma-

3627 153 3743 216 581,

2144 409 2253 460 res,
2301 402 2356 447 et
2403 404 2496 444 sex
2542 385 2792 446 feminae;
2839 381 2935 436 sed
2969 379 3089 434 illos
3127 373 3409 431 duodecim
3438 372 3603 435 deos,
3647 366 3746 436 qui

2144 458 2378 540 maxime
2405 478 2761 551 agricolarum
2789 474 2953 529 duces
2978 481 3137 526 sunt:
3169 466 3351 541 (ναι-ι’.
3374 508 3388 531 ,
3418 463 3508 519 lib.
3538 478 3554 517 ι
3579 463 3642 516 de
3664 458 3750 514 Re

2144 578 2321 632 rustic.
2346 617 2362 642 ,
2409 590 2527 644 cap.
2562 574 2585 627 l
2618 570 2661 642 ).
2693 568 2802 624 llos
2828 581 2960 622 vero
3000 561 3311 633 singulatim
3347 573 3446 614 suo
3473 566 3749 625 quemque

2145 670 2363 725 nomine
2390 664 2656 735 appellat;
2699 660 2909 722 Jovem,
2939 657 3237 716 Tellurem,
3269 652 3476 717 Solem,
3507 647 3742 711 Lunam,

2146 761 2439 821 Cererem,
2469 756 2724 811 Liberum
2750 795 2766 821 ,
2798 752 3061 821 Robigum
3087 789 3101 810 ,
3136 745 3381 806 Floram,
3412 742 3708 797 Minervam
3729 779 3746 801 .

2148 854 2417 908 Venerem
2440 891 2456 916 ,
2487 845 2783 920 Lympham
2808 854 2865 899 et
2889 842 3096 898 Bonum
3130 839 3416 894 Eventum.
3446 834 3514 889 At
3537 848 3604 888 ex
3640 830 3751 887 hac

2150 947 2266 1003 sola
2296 944 2573 999 nominum
2603 940 2920 995 recitatione
2949 934 3108 989 facile
3136 931 3406 1001 colligitur
3444 925 3749 982 Arnobium

2149 1040 2218 1097 de
2245 1038 2515 1111 prioribus
2552 1034 2768 1107 potius,
2816 1046 2976 1102 quam
3013 1031 3080 1084 de
3118 1022 3512 1098 posterioribus
3551 1017 3752 1075 fecisse

2149 1144 2483 1188 sermonem.
2520 1127 2598 1184 Illi
2629 1140 2762 1182 vero
2790 1123 2947 1195 primi
2986 1121 3060 1177 dii
3097 1118 3372 1175 Cenaeum
3397 1157 3415 1181 ,
3451 1128 3481 1168 a
3517 1111 3747 1183 quibus-

2148 1226 2272 1280 dam
2298 1225 2371 1279 dit
2407 1222 2571 1278 etiam
2602 1220 2857 1276 dicuntur
2893 1215 3159 1285 majorum
3188 1210 3463 1282 gentium,
3506 1217 3743 1275 quorum

2151 1321 2367 1379 nomina
2394 1318 2603 1374 duobus
2617 1314 2719 1390 {his
2748 1312 2907 1368 Ennii
2933 1309 3178 1367 versibus
3204 1304 3582 1374 eXprimuntur
3609 1315 3625 1353 :

2244 1435 2393 1493 Juno,
2418 1432 2589 1488 Vesta,
2614 1430 2850 1493 Minerva,
2875 1407 3245 1493 CeresLDiana,
3272 1418 3460 1493 lfemts2
3488 1415 3637 1475 Mars,

2247 1479 2706 1557 life—rcitrius,Jove,
2727 1479 3003 1555 Neptunus,
3026 1479 3292 1544 Vulcanus,
3318 1479 3512 1545 Apollo.

2151 1606 2372 1678 Legesis
2396 1603 2672 1661 Giraldum
2697 1608 2753 1655 et
2772 1596 3045 1660 Vossium,
3073 1591 3165 1664 qui
3190 1590 3339 1661 plura
3364 1587 3431 1643 de
3462 1584 3568 1641 diis
3618 1581 3757 1637 Cou-

2089 1698 2136 1759 B
2162 1674 2386 1754 sentibus
2407 1696 2804 1752 adnotaverunt
2831 1688 2851 1763 (
2877 1684 3107 1754 Giratd.,
3135 1691 3391 1755 syntagm.
3427 1679 3482 1742 7,
3512 1692 3631 1747 cap.
3659 1674 3750 1740 18;

2172 1792 2342 1860 Voss.,
2367 1790 2455 1847 lib.
2488 1790 2595 1845 ide
2627 1785 2788 1857 Orig.
2821 1794 2869 1839 et
2894 1780 3085 1852 Progr.
3134 1775 3288 1839 ἰάσι..
3318 1788 3434 1843 cap.
3472 1770 3539 1825 14
3565 1778 3611 1824 et
3637 1766 3756 1836 l7).

2236 1891 2340 1952 At,
2370 1885 2580 1955 inquies
2604 1921 2622 1948 ,
2664 1895 2762 1936 cur
2794 1874 3062 1933 Arnobius
3104 1869 3240 1926 dixit
3279 1867 3379 1921 hos
3421 1879 3527 1919 non
3569 1861 3748 1918 selum

2165 1954 2476 2043 Consentesi,
2525 1974 2618 2030 sed
2665 1973 2825 2030 etiam
2873 1965 3155 2037 Compficcs
3196 1960 3510 2039 nominari,
3564 1954 3761 2010 Nonne

2166 2081 2315 2131 recte
2350 2068 2616 2126 Heraldus
2662 2062 2969 2135 suspicatur
3000 2059 3102 2113 hoc
3133 2055 3380 2110 ultimum
3413 2064 3609 2105 nomen
3639 2060 3764 2103 esse

2168 2170 2440 2240 glossema
2471 2160 2824 2233 superﬂuum,
2856 2170 2963 2228 quo
2994 2150 3274 2222 imperitus
3294 2146 3492 2217 aliquis
3520 2142 3763 2215 priorem

2168 2277 2357 2317 vocem
2404 2256 2678 2313 Consentes
2725 2249 2997 2320 explicare
3037 2241 3246 2299 voluit?
3292 2238 3401 2295 Sed
3447 2236 3541 2291 ille
3582 2244 3769 2289 tamen

2172 2353 2378 2410 addidit
2406 2363 2605 2406 nomen
2643 2342 2929 2415 Complices
2959 2336 3196 2409 potuisse
3226 2333 3294 2388 ab
3337 2328 3581 2386 Arnohio
3608 2324 3766 2381 adhi-
3802 2364 3809 2369 -

2178 2447 2293 2502 beri
2320 2486 2336 2512 ,
2369 2453 2429 2499 ut
2460 2438 2785 2512 signiﬁcaret
2812 2435 2978 2491 hosce
3006 2430 3141 2485 deos
3161 2469 3177 2494 ,
3205 2425 3296 2496 qui
3327 2422 3486 2478 simul
3513 2419 3765 2474 oriuntur

2174 2550 2230 2596 et
2254 2536 2544 2598 occidunt,
2589 2530 2909 2602 conjunctos
2955 2538 3096 2590 esse,
3150 2531 3204 2577 et
3246 2514 3567 2574 arctissimis
3606 2511 3766 2569 nodis

2177 2631 2480 2701 colligatos.
2527 2625 2674 2680 Bene
2710 2620 2950 2693 quidem.
2992 2615 3112 2672 Non
3150 2612 3384 2668 obscure
3426 2607 3570 2662 enim
3597 2605 3774 2661 Arno-

2178 2726 2300 2783 bius
2330 2721 2503 2778 innuit
2528 2720 2667 2773 hanc
2692 2717 2861 2787 ipsam
2890 2727 3012 2768 esse
3039 2708 3329 2774 rationem,
3358 2712 3583 2776 propter
3608 2714 3772 2770 quam

2180 2821 2235 2877 hi
2277 2818 2349 2875 dii
2379 2818 2446 2872 ab
2477 2813 2721 2871 Etruscis
2764 2806 3050 2869 Complices
3086 2798 3449 2874 cognominati
3495 2804 3641 2850 sunt.
3688 2791 3769 2850 Eo

2184 3103 2341 3167 litas,
2369 3107 2425 3154 et
2454 3094 2697 3152 utilitatis
2723 3091 2999 3146 honestas.
3055 3105 3075 3137 ι
3126 3084 3144 3148 (
3173 3079 3408 3135 Ambros.
3437 3120 3451 3145 ,
3492 3079 3523 3130 ti

2188 3163 2347 3267 Ofﬁc.
2383 3190 2575 3246 mium.
2599 3228 2617 3254 ,
2640 3202 2756 3256 cap.
2788 3184 2856 3239 14
2877 3223 2892 3247 ,
2925 3195 3044 3253 pag.
3079 3175 3202 3232 150.
3229 3172 3248 3245 )
3289 3170 3478 3227 Nonne
3506 3182 3636 3237 ergo
3665 3163 3782 3219 [nec

2187 3255 2421 3346 lle'raldo
2441 3327 2456 3348 ,
2483 3283 2550 3339 ad
2576 3275 2952 3352 deponendam
2976 3273 3044 3328 de
3065 3281 3323 3337 corrupto
3346 3262 3585 3320 auctoris
3607 3255 3777 3315 nostri

2191 3395 2337 3442 textu
2369 3378 2730 3451 suspicionem
2756 3372 3005 3428 sufficere
3033 3360 3348 3421 debebant?

2260 3474 2528 3533 Gtt-terum
2570 3465 2769 3539 ingenii
2815 3462 2952 3518 adeo
2984 3457 3122 3513 tardi
3164 3463 3414 3527 putamus
3451 3463 3574 3506 esse
3613 3444 3787 3502 nemi-

2192 3587 2315 3629 netn
2340 3611 2356 3637 ,
2408 3567 2496 3639 qui
2520 3566 2631 3635 jam
2664 3557 2802 3614 haud
2843 3552 3136 3611 difﬁciliter
3175 3546 3495 3621 perspiciat,
3544 3540 3671 3612 quid
3709 3554 3775 3596 ex

2196 3677 2302 3723 tam
2334 3661 2496 3718 variis
2533 3673 2597 3713 ac
2634 3650 2926 3711 contrariis
2970 3646 3312 3705 ethnicorum
3360 3640 3511 3694 hisce
3559 3635 3627 3691 de
3675 3633 3780 3689 diis

2196 3755 2540 3831 opinionibus
2563 3741 2999 3805 concludendum
3027 3740 3118 3795 sit.
3162 3736 3293 3803 Quis
3317 3735 3463 3789 enim
3496 3743 3601 3784 non
3634 3726 3779 3783 videt

2199 3826 2360 3911 unam
2392 3849 2460 3905 ab
2497 3846 2664 3900 altera
2701 3838 2941 3896 funditus
2965 3832 3179 3891 everti?
3224 3826 3429 3885 Deinde
3459 3838 3610 3887 vero,
3651 3831 3785 3875 tam-

2200 3945 2303 4003 etsi
2332 3946 2384 3998 in
2412 3955 2515 3996 una
2555 3934 2754 4009 aliquid
2797 3939 2943 3989 esset
2979 3926 3135 3993 veri,
3177 3922 3231 3978 id
3261 3937 3289 3977 a
3331 3919 3548 3978 nemine
3586 3915 3788 3987 depre-

2203 4037 2365 4096 hendi
2397 4046 2649 4105 umquam
2684 4026 2898 4100 poterit.
2928 4020 3120 4078 Nullus
3149 4031 3282 4088 ergo
3315 4015 3451 4071 deos
3484 4012 3605 4068 illos
3654 4008 3797 4065 Con-

2204 4142 2387 4188 sentes
2412 4136 2467 4183 et
2494 4099 2725 4181 Penates
2749 4117 2947 4175 divinis
2973 4110 3266 4168 honoribus
3291 4107 3484 4178 dignos
3506 4099 3792 4165 censebit;

2207 4217 2639 4296 quandoquidem
2670 4224 2864 4269 omnes
2893 4208 3122 4278 ingenue
3150 4201 3304 4257 fateri
3331 4197 3668 4269 cogebantur
3694 4191 3797 4247 sibi

2210 4289 2367 4386 plane
2406 4289 2739 4381 esploratiim
2787 4317 2893 4358 non
2937 4313 3061 4354 esse
3099 4294 3288 4367 quales
3340 4290 3417 4346 illi
3467 4289 3596 4355 sint,
3636 4298 3797 4356 quam

2211 4405 2526 4464 mortalibus
2549 4414 2708 4467 opem
2739 4397 2880 4451 ferre
2908 4392 3159 4454 valeant,
3189 4398 3240 4442 et
3268 4381 3400 4457 quid
3429 4382 3483 4437 in
3512 4378 3594 4436 eis
3620 4391 3780 4444 verae,

2213 4517 2335 4574 quae
2360 4496 2516 4554 unica
2537 4507 2660 4551 esse
2686 4495 2892 4562 potest,
2934 4484 3004 4540 sit
3024 4478 3339 4538 divinitatis.

2815 4629 3001 4675 ARTICU
3012 4626 3104 4669 LUS
3143 4626 3223 4667 111.

2217 4772 2404 4833 Quanta
2439 4764 2596 4833 fuerit
2632 4757 2890 4824 gentilium
2924 4747 3120 4833 decdiis
3166 4743 3375 4817 Laribus
3409 4738 3675 4833 dissepsip,
3725 4748 3808 4787 cur

2800 4829 2807 4833 .
2840 4830 2877 4833 ν-
3038 4820 3289 4833 ...............,
3328 4818 3400 4833 η..
3438 4816 3537 4833 η...»
3560 4815 3618 4833 ..η
3644 4813 3701 4833 ..ε
3757 4811 3808 4833 ω.

2284 4802 2897 4884 δῗιῗηάῶἶξῖυῗιξῖξιιὶῖη,
2925 4822 2977 4865 et
2999 4809 3291 4884 Summanus
3327 4807 3402 4856 eis
3438 4802 3811 4884 praefectuswac

2284 4862 2713 4959 ξδξῑίτξς-ῑδςῖῖιέῑ-
2733 4862 3470 4959 ἀεὶιῑὲἰιξὶῐεξιξῑςι.ξξ¹.¹ὲξεπξηξῖδέ
3699 4862 3814 4912 πηο-

2284 4933 2505 5018 Fﬁﬁu’e‘
2519 4933 2664 5000 antea
2687 4949 3067 4996 memoratarum
3088 4933 3415 4984 divinitatem.

2299 5086 2415 5143 Non
2447 5083 2618 5154 major
2656 5077 2752 5133 fuit
2772 5073 3108 5132 ethnicorum
3136 5067 3204 5124 de
3234 5059 3471 5118 Laribus.
3504 5067 3662 5127 quam
3702 5047 3818 5105 aliis

2228 5184 2330 5242 diis
2358 5182 2468 5237 suis
2488 5189 2804 5234 consensus.
2839 5166 3085 5241 Vulgaris
3104 5160 3342 5235 quidem,
3371 5165 3425 5211 ut
3453 5152 3528 5207 ait
3554 5144 3818 5204 Arnobius

2228 5273 2469 5349 (Arnob.,
2494 5271 2532 5326 f.
2561 5284 2639 5333 ιιι,
2675 5283 2727 5338 p.
2766 5260 2914 5334 124),
2956 5257 3139 5328 Opinio
3183 5260 3300 5310 erat
3343 5248 3460 5303 i||0s
3502 5242 3740 5297 vicorum
3768 5241 3821 5349 et

2226 5369 2480 5424 itinerum
2511 5377 2631 5418 esse
2658 5359 2789 5415 deos
2816 5374 2831 5425 ;
2862 5353 2982 5426 quia
3015 5351 3164 5405 vicus
3189 5358 3362 5418 graece
3401 5340 3584 5411 Λαύρα
3638 5325 3822 5401 appel-

2228 5462 2393 5517 latur.
2417 5458 2486 5513 Et
2524 5456 2661 5509 hanc
2691 5447 2906 5523 quidem
2958 5458 3150 5516 gra'caa
3201 5437 3346 5492 vocis
3381 5426 3822 5502 signiﬁcationem

2231 5511 2580 5610 casaubonus
2624 5511 2821 5616 aliique
2870 5511 3176 5610 complures
3218 5529 3350 5587 satis
3378 5522 3671 5596 probavere
3699 5511 3822 5587 (Ca-

2234 5646 2448 5703 saubon.
2476 5647 2531 5697 in
2574 5641 2611 5696 ι.
2646 5655 2721 5695 xu
2747 5655 2762 5705 ;
2786 5635 2998 5704 Atheon,
3030 5648 3078 5685 c.
3113 5626 3229 5698 10).
3257 5620 3483 5679 Vossius
3512 5624 3695 5670 tamen
3726 5621 3823 5664 no-

2238 5756 2361 5799 men
2396 5736 2552 5794 Lares
2578 5734 2647 5791 ab
2674 5732 2898 5790 Etrusca
2927 5739 3081 5793 voce,
3132 5719 3257 5786 Lar,
3289 5715 3506 5772 ductum
3547 5705 3713 5763 fuisse
3738 5714 3823 5758 su—
