3990 6072
228 179 336 236 585

1424 190 1490 247 ΙΝ
1527 186 1908 261 ARNOBIUM,
1956 192 2110 252 CAP.
2143 193 2302 255 XVII.
2806 198 2831 235 ’

3403 212 3509 270 586

227 294 487 363 spicatnr.
517 294 651 354 Utut
673 298 768 364 sit,
806 305 1015 358 constat
1039 315 1170 360 sane
1193 303 1313 361 illos
1341 311 1614 365 communi
1640 308 1816 366 ethni-
1841 311 1897 376 Α
1917 309 2024 368 295
2074 322 2121 368 et
2162 311 2348 385 seqq.),
2373 315 2444 371 ibi
2484 316 2643 373 nobis
2670 317 2969 376 luculenter
2991 323 3211 393 exponit
3237 326 3498 395 quosdam

227 401 409 444 eorum
437 389 691 461 opinione
719 390 959 450 vicorum
977 394 1108 453 deos
1134 398 1362 455 censeri.
1386 400 1460 455 De
1491 400 1624 456 Lara
1650 402 1817 474 siqui-

226 477 373 548 dem,
405 478 619 537 Larium
665 492 855 552 matre,
882 486 953 543 ab
974 486 1164 545 Ovidio
1206 489 1546 547 decantatum
1587 493 1816 566 legimus

227 570 399 642 illam,
423 588 542 630 cum
572 574 722 632 Jnvis
745 575 900 647 jussu
945 578 1013 634 ad
1056 595 1241 638 manes
1268 582 1574 648 duceretur,
1601 584 1669 640 ab
1700 587 1816 657 ipso

232 663 370 721 duce
407 680 525 732 suo,
555 677 840 740 postquam
888 680 1035 727 muta
1063 681 1120 730 et
1159 674 1388 747 elinguis
1437 675 1574 733 facta
1604 676 1811 747 fuisset,

226 771 607 830 compressam,
632 769 689 818 et
717 760 842 819 inde
863 762 1075 836 inquit:

319 871 498 949 Fitqgg
516 876 699 949 gravis,
714 879 1041 949 geminosque
1058 882 1200 949 parit,
1211 884 1516 949 quicotnpita
1531 894 1746 948 servant,

434 935 501 990 Et
520 935 743 1002 vigilant'
751 948 915 993 nostra
938 935 1139 1007 semper
1160 935 1212 995 iu
1231 935 1345 998 'aide
1363 935 1535 998 Lares.

677 1023 865 1091 t0vid.,
881 1026 966 1079 lib.
990 1044 1024 1079 ιι
1040 1029 1254 1093 Easton,
1276 1043 1401 1084 vers.
1427 1033 1565 1098 703.)

226 1125 464 1186 Tibullus
505 1144 719 1202 quoque
764 1145 861 1188 eos
897 1147 1148 1204 agrorum
1195 1136 1447 1194 custodes
1495 1152 1616 1195 esse
1670 1152 1817 1195 asse-

230 1232 378 1279 verat
400 1239 415 1277 :
632 1245 646 1264 ‘
697 1238 705 1247 ’

320 1336 637 1409 νοεηιιιιριιιιθ
660 1338 821 1409 felicis
835 1342 1096 1405 quondam,
1121 1355 1251 1393 nunc
1269 1346 1504 1409 pauperis
1524 1346 1631 1409 agri

408 1398 664 1462 custodes,
692 1402 832 1454 fertis
850 1398 1054 1455 munera
1078 1398 1451 1468 vestra,'Lar'es.

533 1484 764 1549 (Tibult.,
785 1485 868 1539 tib.
891 1504 927 1550 ι,
948 1487 1069 1556 eleg.
1095 1492 1141 1554 1,
1168 1503 1292 1542 vers.
1317 1492 1380 1543 25
1408 1493 1626 1559 etseqq.)

297 1590 481 1663 Magna
496 1598 673 1649 tamen
687 1594 740 1650 in
757 1593 986 1668 Nigidio,
999 1597 1271 1654 aitauctor
1288 1607 1475 1654 noster
1495 1599 1592 1656 fuit
1612 1600 1684 1657 de
1706 1601 1814 1658 illis

1916 403 2305 463 existimavisse
2347 409 2583 465 animum
2622 410 2853 467 hominis
2896 424 3018 481 post
3060 427 3288 471 mortem
3314 428 3498 476 vetere

1917 493 2077 552 latina
2114 497 2293 570 lingua
2341 498 2627 558 Lemurem
2681 503 2978 560 dictitatum
3019 519 3035 560 :
3069 523 3136 563 ex
3183 508 3502 567 Lemuribus

1922 600 2103 645 autem
2136 607 2281 658 eum,
2313 595 2402 665 qui
2433 606 2622 666 pacato
2668 607 2722 652 et
2750 597 2932 669 quieto
2958 605 3197 670 numine,
3232 601 3373 659 haud
3401 603 3503 660 du-

1918 687 2007 742 bie
2036 696 2259 757 prouter
2287 699 2567 747 transacta:
2596 692 2716 747 vita:
2743 694 2953 761 merita,
2986 696 3203 752 domum
3245 699 3501 769 possidet,

1798 783 1805 789 ’
1917 781 2236 839 familiarem
2267 784 2456 840 Larem
2483 803 2498 852 ;
2531 787 2670 842 male
2701 802 2831 844 vero
2850 789 2897 844 si
2916 791 3127 856 vixerit,
3153 791 3378 849 Larvam
3410 812 3424 861 ;
3457 796 3505 852 si

1916 887 2098 932 autem
2123 876 2283 935 dubia
2315 880 2425 935 sint
2453 880 2572 952 ejus
2603 881 2821 951 merita,
2852 883 3084 940 Manium
3114 885 3271 942 deum
3301 903 3505 945 nuncu-

1916 983 2052 1040 pari.

1986 1060 2064 1118 De
2119 1063 2211 1119 illo
2262 1080 2426 1135 porro
2472 1081 2698 1132 errore,
2742 1083 2850 1139 quo
2908 1070 3181 1126 daemones
3222 1070 3501 1130 hominum

1917 1163 2249 1211 mortuorum
2303 1159 2511 1214 animas
2566 1174 2687 1216 esse
2712 1160 3079 1228 venditabant,
3108 1179 3214 1219 non
3257 1168 3423 1222 semel
3470 1184 3502 1222 a

1915 1245 2074 1301 nobis
2100 1246 2447 1317 disputatum.
2484 1250 2556 1306 De
2581 1251 2808 1308 Laribus
2828 1270 2959 1309 vero
2989 1254 3178 1310 Lilium
3226 1256 3503 1315 Giraldum

1915 1337 2258 1409 Salmasium,
2282 1344 2523 1400 Natalem
2546 1344 2835 1415 Comitem,
2868 1349 3140 1417 Vossium,
3169 1360 3225 1406 et
3246 1353 3311 1408 de
3338 1352 3507 1408 Mani-

1916 1430 2018 1487 bus
2044 1432 2291 1490 Servium
2323 1436 2500 1508 legere
2528 1440 2732 1508 poteris
2774 1438 2923 1513 (tom.
2951 1459 2968 1496 ι
3009 1443 3289 1513 Αρρίιναε,,
3315 1464 3366 1516 p.
3398 1447 3503 1502 557

1917 1533 1965 1579 et
2011 1526 2150 1595 995;
2181 1527 2405 1594 Girald.,
2450 1528 2590 1586 Hist.
2635 1532 2801 1600 deor.,
2839 1542 3095 1606 syntagm.
3131 1536 3219 1600 i5,
3247 1554 3300 1607 p.
3322 1537 3429 1594 480
3457 1548 3506 1594 et

1917 1632 2054 1689 seqq.
2086 1633 2101 1679 ς
2133 1618 2361 1676 Salmas.
2399 1622 2453 1676 in
2495 1623 2688 1688 Solin.,
2732 1643 2785 1696 p.
2837 1627 2927 1693 64,
2969 1626 3077 1682 412
3111 1637 3158 1682 et
3210 1630 3505 1695 915;Nat.

226 1682 328 1739 diis
340 1685 569 1741 varietas
580 1696 636 1742 et
652 1687 1268 1747 inconstantia.Primum
1295 1693 1438 1748 enim
1464 1695 1695 1750 asseruit
1716 1695 1813 1751 hos

1920 1682 2087 1773 οώὶτ..
2117 1710 2156 1764 ι.
2188 1727 2238 1766 tv
2269 1711 2516 1784 Mytltol.,
2563 1731 2609 1768 e.
2719 1682 2765 1770 et
2790 1716 2824 1771 4
2854 1733 2868 1783 ;
2909 1682 3080 1785 i’oss.,
3111 1718 3150 1774 ι.
3185 1682 3229 1775 ι-
3251 1682 3316 1775 ξιὲ

225 1792 346 1833 esse
367 1787 629 1835 teetorum
653 1779 1039 1852 domorumque
1061 1782 1330 1840 custodes.
1366 1787 1437 1839 At
1465 1783 1569 1841 hoc
1595 1785 1812 1857 quidem

225 1872 296 1928 ab
325 1870 516 1929 Ovidio
563 1888 877 1945 expressum
909 1876 1177 1944 vidimus;
1225 1878 1313 1935 cui
1342 1894 1531 1937 rursus
1580 1879 1817 1936 concinit

230 1962 314 2019 his
346 1964 522 2021 verbis
567 1964 812 2023 Tibullus
839 1985 854 2021 :

319 2077 421 2145 Sed
447 2081 588 2140 patrii
608 2088 809 2131 servate
829 2079 1001 2142 Lares,
1028 2082 1222 2135 aluistis
1238 2090 1292 2135 et
1310 2084 1477 2145 iidem,

381 2140 641 2192 Cursarem
666 2150 858 2195 vestros
881 2140 997 2195 cum
1026 2153 1170 2197 tener
1193 2154 1306 2196 ante
1331 2140 1499 2201 uedes.

319 2201 430 2270 Neu
461 2204 645 2270 pudeat
669 2207 833 2270 prisce
843 2217 933 2256 vos
957 2220 1069 2258 esse
1092 2221 1120 2257 a
1142 2208 1308 2270 stipite
1331 2208 1504 2259 factos:

376 2264 840 2319 Sic'veteris'sedes
870 2271 1142 2321 incoluistis
1159 2264 1257 2321 avi.

567 2350 698 2416 (Id.,
721 2349 918 2414 ibidem,
940 2353 1064 2419 eleg.
1092 2356 1311 2416 li,vers.
1330 2358 1391 2408 15
1406 2364 1453 2408 et
1469 2359 1629 2424 seqq.)
1681 2394 1685 2405 .

293 2454 504 2513 Deinde
532 2472 664 2515 vero
695 2458 834 2515 idem
856 2460 1117 2531 Nigidius,
1148 2473 1401 2520 narrante
1421 2463 1662 2521 Arnobio
1689 2468 1814 2536 (Ar-

218 2549 365 2618 nob.,
396 2550 437 2605 ι.
458 2565 538 2615 ιιι,
565 2569 620 2623 ρ.
646 2552 797 2624 124),
820 2553 956 2609 dixit
985 2554 1106 2611 illos
1129 2572 1252 2613 esse
1277 2558 1523 2625 Curetas,
1558 2562 1648 2631 qui
1681 2579 1816 2632 pue-

218 2657 339 2697 rum
378 2641 567 2699 Jovem
595 2646 953 2702 occultarum.
1006 2647 1246 2720 Denique
1275 2650 1562 2722 aliquando
1597 2654 1818 2712 tradidit

226 2734 332 2792 hos
357 2736 500 2809 ipsos
518 2739 687 2795 Lares
712 2754 833 2796 esse
859 2739 1099 2810 eosdem,
1118 2751 1279 2814 atque
1304 2744 1474 2800 Idaeos
1501 2746 1815 2804 Samothra-

221 2830 367 2896 eios,
390 2830 501 2887 sive
544 2829 715 2888 lda~os
740 2831 1011 2905 Dactylos,
1042 2833 1111 2890 de
1139 2835 1335 2906 quibus
1363 2836 1492 2894 alibi
1518 2837 1818 2909 disputavi-

214 2935 343 2978 mus
376 2922 518 2993 (tom.
554 2939 570 2978 ι
621 2923 871 2996 Apparat.
927 2926 966 2981 l.
1003 2942 1078 2995 ιιι,
1108 2927 1309 2983 dissert.
1343 2928 1400 2997 2,
1429 2947 1476 2985 c.
1509 2931 1598 2997 l9,
1630 2942 1727 2989 art.
1755 2932 1810 2999 2,

217 3032 275 3087 p.
310 3012 454 3070 1163
480 3023 529 3070 et
555 3016 710 3086 seq.).
740 3018 810 3071 At
837 3017 882 3072 si
912 3032 1033 3073 vera
1064 3026 1149 3074 est
1174 3020 1273 3074 ista
1302 3021 1523 3078 Aruobii
1552 3025 1813 3091 narratio,

1918 1807 1965 1853 et
1989 1798 2177 1872 Progr.
2220 1802 2373 1867 idol.,
2404 1820 2451 1858 ο.
2476 1805 2565 1872 11,
2599 1823 2649 1876 p.
2682 1807 2752 1863 15
2794 1818 2842 1862 et
2887 1825 3060 1882 seqq.;
3094 1810 3267 1879 Serv.,
3290 1813 3345 1868 in
3373 1814 3410 1869 ι.
3447 1830 3506 1871 ιιι

1916 1890 2160 1960 Αῖηείάη
2186 1912 2239 1965 p.
2273 1894 2415 1967 166).

1990 1984 2132 2054 Quid
2159 2001 2308 2053 vero,
2338 1987 2544 2060 inquiet
2563 1988 2777 2061 aliquis,
2800 1993 2899 2047 sibi
2937 1994 3050 2049 vult
3069 1994 3359 2067 Arnobius,
3382 2015 3505 2056 cum

1919 2078 2155 2134 ethnicis
2201 2079 2337 2136 vitio
2367 2083 2549 2144 vertit.
2577 2083 2719 2153 quod
2748 2082 3039 2141 Grundules
3066 2086 3186 2161 (Ms.
3216 2090 3387 2146 codex
3414 2108 3505 2147 re-

1918 2171 2040 2242 gius
2089 2170 2390 2244 Grunulios)
2419 2173 2577 2229 Lares
2622 2179 2910 2233 adorarent
2933 2178 2955 2231 ?
2977 2178 3080 2235 Sed
3114 2182 3158 2235 is
3189 2185 3502 2243 meminisse

1920 2261 2084 2319 debet
2112 2280 2142 2318 a
2164 2264 2411 2335 pluribus
2427 2265 2538 2335 jam
2567 2268 2909 2323 observatum
2928 2267 3097 2327 fuisse
3122 2271 3285 2329 Lares
3307 2290 3510 2347 cogno-

1924 2359 2116 2414 minari
2163 2360 2475 2430 Grundules,
2505 2363 2573 2417 ab
2602 2365 2825 2436 antiquo
2854 2368 3020 2424 verbo
3046 2372 3291 2442 grandia,
3320 2389 3386 2430 ac
3411 2390 3512 2446 po-

1919 2457 2032 2506 stea
2083 2455 2329 2524 grunnio,
2361 2454 2655 2527 fanumque
2704 2457 2810 2513 illis
2860 2459 2912 2515 in
2943 2462 3212 2533 scraphaa,
3263 2481 3384 2535 qua:
3435 2468 3506 2525 30

1893 2558 2117 2613 .porcos
2172 2559 2489 2617 pepererat,
2550 2551 2872 2607 memoriam
2919 2565 3317 2617 constructum.
3351 2561 3507 2628 Quod

1919 2635 2139 2706 quidem
2167 2642 2491 2697 auctoritate
2521 2643 2751 2712 probant
2776 2645 3069 2715 Diomedis,
3097 2650 3189 2721 qui
3221 2652 3273 2706 in
3298 2656 3501 2724 opinio-

1925 2732 2010 2786 nis
2046 2748 2158 2788 sua:
2213 2734 2678 2792 conﬁrmationem
2723 2738 2967 2795 CaSsium
3012 2742 3292 2801 Heminam
3320 2748 3506 2804 citavit

1922 2823 2164 2898 (Arnob.,
2198 2826 2237 2881 ι.
2271 2844 2310 2895 ι,
2344 2846 2398 2898 p.
2448 2829 2516 2883 15
2542 2846 2557 2894 ;
2583 2828 2846 2895 Dicmed.,
2877 2832 2916 2887 ι.
2962 2849 2998 2887 ιι
3048 2835 3112 2888 de
3136 2834 3272 2890 Dub.
3304 2840 3501 2896 verbor.

1923 2920 2103 2992 signi].
2135 2939 2155 2987 ;
2186 2920 2364 2989 Henn,
2406 2923 2443 2977 ι.
2475 2938 2513 2977 ιι
2556 2922 2807 2996 Histor.).
2843 2925 3057 2982 Videsis
3089 2928 3264 2986 Vossii
3292 2944 3505 3004 etymo-

1920 3013 2131 3086 lugicon
2164 3014 2231 3069 ad
2264 3017 2425 3072 verba
2457 3018 2679 3088 grunnio
2706 3028 2754 3073 et
2780 3022 3098 3092 suggrunda.

216 3104 347 3162 hinc
373 3106 641 3178 colligitur
664 3107 931 3180 Nigidium
957 3125 1025 3166 ex
1055 3110 1140 3166 his
1170 3112 1338 3168 fuisse
1363 3130 1550 3182 unum,
1583 3117 1675 3188 qui
1705 3089 1812 3173 Cu;
1844 3089 1890 3154 ο
1989 3106 2256 3175 Quorsum
2284 3122 2433 3174 vero»
2465 3110 2673 3180 rosabil
2718 3111 2876 3179 illius»
2910 3113 3051 3169 ίιιίεῐ·
3072 3114 3237 3173 hosce
3260 3117 3393 3176 deos
3419 3120 3506 3175 ill-

218 3205 371 3253 retas
418 3198 486 3253 ab
534 3197 689 3255 ldmis
717 3200 949 3274 Dactylis
989 3202 1411 3276 distinguebant,
1440 3223 1541 3264 nec
1566 3224 1816 3281 comper-

218 3297 338 3345 tum
371 3289 559 3347 habuit
582 3293 671 3363 qui
701 3292 868 3350 Lares
888 3295 1107 3352 fuerint.

289 3376 498 3433 Similis
521 3376 625 3433 fuit
655 3377 913 3436 Varronis
943 3381 1226 3440 haesitatio.
1257 3384 1423 3445 Nobis
1449 3388 1592 3445 enim
1625 3399 1814 3447 auctor

213 3480 406 3527 noster
429 3470 669 3529 declarat
691 3488 814 3530 eum
856 3475 1050 3533 alicubi
1095 3480 1375 3551 scripsisse
1397 3482 1517 3539 illos
1543 3499 1662 3541 esse
1702 3485 1814 3549 Ma»

216 3579 342 3631 nes,
363 3574 420 3622 et
463 3564 585 3622 ideo
615 3575 839 3626 matrem
865 3584 1051 3626 eorum
1099 3571 1352 3630 Maniam.
1384 3575 1452 3631 Et
1495 3593 1556 3633 re
1597 3580 1813 3650 quidem

216 3672 355 3714 vera
384 3659 438 3713 in
462 3659 693 3731 quodam
724 3661 842 3732 ejus
876 3663 1014 3719 libro
1041 3663 1156 3720 haec
1181 3663 1406 3739 legimus
1436 3670 1656 3727 totidem
1699 3672 1813 3742 ejus

214 3751 388 3807 verba
421 3768 436 3808 :
463 3751 752 3809 «Videmus
779 3753 1008 3811 Maniam
1035 3766 1260 3814 matrem
1287 3758 1811 3829 Larum,etLuciam

213 3843 564 3902 Volumniam
591 3844 858 3903 Saliorum
897 3848 1222 3905 carminibus
1251 3851 1511 3922 appellari
1547 3873 1567 3907 ι
1602 3853 1807 3927 (Varr.,

211 3940 254 3994 ι.
292 3955 385 3995 vm
438 3940 503 3995 de
539 3938 692 4011 Ling.
737 3939 855 4008 lat.,
889 3958 941 4012 p.
994 3940 1140 4014 126).
1171 3941 1284 4000 Nec
1312 3945 1456 4001 illius
1484 3956 1688 4003 tantum
1715 3949 1814 4004 fuit

214 4029 343 4087 haec
361 4030 565 4100 opinio,
588 4046 773 4088 verum
803 4033 965 4087 etiam
985 4030 1252 4101 Cecinnaz,
1278 4050 1345 4091 ex
1373 4052 1480 4107 quo
1510 4042 1626 4094 hate
1650 4041 1814 4096 refert

210 4123 555 4181 Macrobius:
587 4142 607 4177 ι
638 4122 985 4195 Aliquamdiu
1030 4125 1397 4194 observatum,
1428 4138 1486 4183 ut
1515 4144 1613 4199 pro
1652 4129 1813 4186 fami-

213 4217 458 4283 liarium,
486 4232 581 4274 seu
604 4215 951 4285 familiarum,
979 4219 1239 4290 sospitate
1270 4220 1419 4291 pueri
1448 4232 1812 4280 mactarentur

214 4311 412 4368 Munia:
433 4309 571 4373 deae.
595 4310 754 4366 matri
792 4310 1005 4367 Larium
1040 4330 1060 4365 ι
1095 4311 1378 4386 (Macrob.,
1414 4312 1453 4368 Ι.
1509 4331 1526 4370 ι
1567 4316 1807 4386 Summ,

213 4419 266 4457 c.
297 4402 351 4470 7,
382 4419 438 4474 p.
460 4400 593 4474 207)
625 4417 641 4468 ;
667 4401 764 4458 sed
808 4402 913 4459 hoc
960 4404 1285 4461 sacriﬁcium
1341 4415 1530 4477 postea
1581 4411 1634 4465 in
1661 4411 1806 4469 aliud

213 4502 608 4552 commutatum
637 4509 760 4551 esse
806 4493 1093 4567 signiﬁcat.
1395 4570 1406 4581 θ

296 4588 495 4646 Verum
528 4586 646 4644 haec
671 4588 936 4644 sententia
982 4605 1103 4646 cum
1130 4591 1305 4648 eidem
1333 4593 1559 4653 Varroni
1587 4600 1810 4656 omnino

215 4697 330 4740 non
355 4680 646 4748 arrisisset,
671 4679 799 4737 alibi
830 4682 1071 4738 deﬁnivit
1103 4683 1270 4742 Lares
1299 4690 1476 4745 aerios
1500 4706 1624 4749 esse
1653 4693 1805 4762 deos,

215 4783 279 4831 et
306 4774 537 4830 heroas:
572 4771 699 4828 alibi
745 4788 876 4829 vero
910 4774 1247 4847 antiquorum
1279 4780 1584 4851 opinionem
1631 4786 1812 4855 sequi-

218 4877 335 4933 tur,
361 4875 416 4920 et
439 4880 532 4922 eos
576 4863 795 4930 Larvas,
821 4866 972 4938 quasi
1001 4868 1262 4938 quosdam
1291 4873 1503 4942 genios,
1531 4885 1585 4931 et
1613 4876 1809 4933 defun-

215 4966 437 5016 ctorum
462 4959 668 5013 animas
710 4956 876 5014 fuisse
919 4960 1248 5030 pronuntiat.
1272 4963 1357 5019 Ab
1401 4967 1697 5037 Augustino
1718 4985 1812 5025 au-

220 5061 335 5108 tem
362 5040 621 5106 discimus
646 5048 939 5117 Plotinum,
964 5051 1053 5121 qui
1076 5051 1354 5110 Platonem
1395 5059 1607 5114 czeteris
1631 5061 1812 5117 excel-

218 5141 426 5199 lentius
473 5141 812 5198 intellexisse
860 5142 1048 5207 fertur,
1097 5142 1345 5203 docuisse
1375 5146 1650 5207 dat-mones
1695 5166 1816 5209 esse

222 5235 508 5292 hominum
562 5234 787 5303 animus,
836 5244 998 5307 atque
1043 5251 1109 5293 ex
1154 5238 1347 5296 iisdem
1406 5240 1736 5315 hominibus,
1770 5248 1817 5303 si

223 5331 371 5385 bene
418 5328 734 5395 meruerint,
766 5328 879 5384 ﬁeri
920 5328 1116 5397 Lares;
1159 5332 1204 5387 si
1258 5333 1418 5400 male,
1454 5337 1819 5405 Lemures;si

222 5423 493 5479 incertum
528 5421 658 5492 quid
686 5434 1041 5492 mererentur,
1069 5424 1250 5483 Manes
1274 5428 1504 5499 evadere
1551 5431 1815 5505 (August.,

226 5518 272 5573 ι.
304 5532 360 5572 ιιι
378 5517 441 5572 de
469 5515 642 5586 Cirin,
665 5532 713 5572 ε.
739 5516 827 5585 10,
856 5535 908 5589 p.
940 5517 1092 5589 226).

310 5607 569 5680 Apuleius
599 5622 833 5681 quoque,
864 5610 953 5665 ubi
983 5610 1053 5666 de
1076 5612 1317 5671 Socratis
1338 5614 1440 5674 deo
1453 5627 1508 5674 et
1532 5621 1682 5677 vario
1706 5620 1820 5680 dte-

230 5717 456 5764 monum
488 5716 687 5773 genere
737 5702 972 5776 disputat
998 5700 1206 5776 (Apulei
1228 5748 1244 5773 ,
1276 5708 1339 5763 de
1371 5708 1480 5766 Deo
1528 5711 1733 5770 Socrat.
1766 5733 1819 5785 ν.

836 5796 1111 5860 ΡΑι-ιιοι..
1157 5797 1235 5861 ν.

191 5906 294 5919 νυ...
334 5908 369 5912 --

1919 3201 2141 3272 terjecta
2161 3216 2191 3255 a
2219 3210 2408 3256 nostro
2428 3211 2648 3258 auctore
2680 3202 2957 3260 Summani
2986 3206 3072 3262 dei
3101 3224 3500 3267 commemora-

1918 3297 2036 3352 tio?
2061 3296 2257 3352 Facilis
2299 3297 2564 3368 obviaque
2584 3308 2667 3353 est
2692 3301 2991 3369 responsio.
3022 3302 3348 3361 Summanus
3362 3308 3506 3363 enim

1916 3404 2011 3445 rex
2059 3388 2288 3445 Manium
2345 3404 2584 3445 summus
2634 3390 2947 3447 habebatur.
2990 3393 3252 3460 Quocirca
3279 3396 3507 3465 ipsemet

1915 3483 2203 3552 Arnobius,
2235 3482 2324 3540 ubi
2372 3493 2558 3555 postea
2601 3483 2669 3542 de
2696 3485 3014 3557 Proserpina
3040 3504 3070 3543 a
3101 3490 3322 3547 Plutone
3354 3507 3505 3565 rapta

1915 3577 2132 3633 disserit
2163 3594 2178 3632 :
2206 3576 2322 3632 Rea:
2345 3577 2615 3645 prosiliens
2662 3576 2917 3646 Manium,
2948 3580 3143 3651 inquit,
3174 3595 3376 3655 raptam
3401 3588 3503 3641 vir-

1914 3669 2084 3741 ginem
2115 3685 2286 3725 secum
2312 3668 2462 3725 velu't.
2495 3669 2641 3726 Alibi
2670 3670 2829 3741 hujus
2858 3672 2946 3728 ille
2972 3675 3176 3745 templi,
3207 3692 3271 3733 ac
3313 3680 3506 3737 Cicero
3536 3704 3539 3709 ί

1914 3761 2097 3818 fictilis
2134 3762 2252 3832 ejus
2292 3761 2588 3828 simulacri,
2620 3760 2871 3820 fecerunt
2915 3768 3264 3825 mentionem.
3298 3771 3504 3830 Plinius

1915 3870 2044 3910 vero
2079 3854 2237 3910 docet
2279 3855 2532 3911 attributa
2585 3856 2659 3909 illi
2710 3855 2875 3912 fuisse
2920 3870 3179 3915 nocturna
3232 3864 3498 3923 fulmina:

1914 3949 2214 4013 Tuscorum,
2240 3948 2429 4020 inquit,
2455 3948 2637 4004 littera:
2661 3965 2836 4005 novem
2867 3952 2989 4007 deos
3031 3954 3257 4009 emittere
3279 3959 3501 4025 fulmina

1912 4043 2320 4097 existimant..."
2368 4040 2590 4096 Romani
2618 4041 2746 4096 duos
2774 4054 2969 4097 tantum
2998 4060 3060 4098 ea:
3086 4048 3159 4101 eis
3206 4064 3490 4120 servavere,

1913 4137 2098 4194 diurna
2151 4138 2479 4194 attribuentes
2527 4137 2675 4202 lavi,
2711 4152 2960 4195 nocturna
3018 4143 3322 4202 Summano.
3358 4149 3492 4206 Eam

1912 4244 2057 4300 saepe
2083 4229 2154 4284 ob
2181 4244 2396 4285 causam
2448 4230 2680 4300 majores
2729 4230 2851 4287 huic
2874 4232 3128 4301 honores,
3158 4252 3317 4309 quam
3348 4240 3488 4311 Jovi,

1912 4332 2052 4379 teste
2068 4320 2387 4393 Augustino,
2415 4321 2617 4379 ethnici
2645 4324 2915 4394 quondam
2939 4326 3266 4387 detulerunt.
3295 4333 3491 4393 Postea

1916 4426 2092 4472 tamen
2123 4416 2204 4472 sic
2248 4416 2558 4473 imminutos
2601 4417 2766 4474 fuisse
2817 4421 3083 4490 perhibet,
3117 4435 3172 4480 ut
3203 4428 3293 4496 qui
3331 4429 3495 4485 Sum.

1836 4498 2058 4572 Dinani
2110 4523 2307 4564 nomen
2358 4525 2419 4566 se
2465 4510 2660 4581 lcgiSse
2709 4513 3034 4580 meminerit,
3078 4518 3167 4571 vis
3218 4521 3354 4577 ullus
3380 4538 3499 4577 am-

1917 4600 2055 4671 plius
2080 4600 2412 4658 inveniretur
2443 4602 2624 4658 homo.
2650 4602 2720 4659 At
2750 4606 2893 4661 hunc
2919 4606 3268 4667 nihilominus
3297 4613 3501 4671 ethnici

1916 4695 2097 4756 deum,
2130 4691 2207 4747 uti
2230 4691 2401 4749 Varro
2449 4704 2695 4761 testatur,
2728 4712 2848 4752 esse
2877 4700 3246 4756 autumabant.
3282 4706 3349 4759 At
3379 4705 3500 4774 quis

1918 4787 2060 4854 inde,
2091 4798 2251 4859 atque
2277 4804 2346 4844 ex
2374 4788 2440 4844 iis
2484 4790 2753 4855 omnibus,
2786 4809 2907 4863 quae
2934 4804 3047 4850 toto
3094 4795 3197 4853 hoc
3226 4798 3277 4851 in
3324 4802 3503 4871 capite

1918 4881 2191 4951 disputata
2241 4891 2408 4949 sunt,
2465 4883 2719 4941 facillime
2780 4902 2886 4943 non
2941 4889 3203 4961 intelligat
3257 4896 3503 4953 ethnicos

1921 4975 2054 5030 nihil
2080 4974 2150 5031 de
2177 4974 2425 5044 Laribus,
2471 4976 2783 5043 Penatibus,
2830 4980 3228 5052 Novensilibus,
3274 4988 3502 5061 aliisque

1919 5066 2023 5122 diis
2051 5069 2306 5125 habuisse
2334 5081 2542 5125 certum
2573 5080 2627 5127 et
2674 5072 3046 5142 exploratum?
3072 5074 3202 5142 Quis
3253 5094 3382 5151 ergo
3407 5098 3503 5139 eos

1924 5159 2080 5232 plane
2102 5161 2266 5218 falsos
2290 5164 2797 5236 commentitiosque
2834 5181 2955 5221 esse
2995 5166 3349 5227 diftitebitur?
3375 5175 3505 5246 (Ar-

1924 5254 2066 5321 nob,
2100 5254 2137 5309 ι.
2173 5270 2251 5322 ιιι,
2275 5274 2328 5328 p.
2358 5256 2499 5323 125;
2544 5254 2720 5324 Vana,
2747 5259 2784 5311 ι.
2821 5272 2876 5312 tv
2927 5260 2991 5312 de
3028 5258 3179 5332 Ling.
3211 5263 3402 5337 lnt.,p.
3438 5268 3507 5323 18

1926 5356 1972 5401 et
2020 5346 2126 5413 19;
2158 5347 2376 5413 Arnob.,
2410 5347 2447 5401 ι.
2480 5364 2532 5414 v,
2561 5367 2613 5419 p.
2645 5350 2748 5405 173
2793 5360 2839 5404 et
2893 5350 3029 5417 185,
3084 5354 3122 5407 ι.
3154 5370 3229 5421 γι,
3283 5376 3336 5429 p.
3370 5360 3508 5427 191ς

1926 5434 2058 5503 Cic.,
2081 5437 2172 5494 tib.
2221 5454 2239 5493 ι
2273 5439 2336 5494 de
2364 5437 2620 5505 Diuinat.,
2651 5458 2703 5508 ρ.
2747 5440 2873 5511 257,
2904 5442 2998 5500 lin.
3030 5445 3094 5500 M
3122 5462 3136 5511 ;
3172 5445 3340 5516 Plin.,
3384 5452 3420 5505 ι.
3475 5468 3513 5509 ιι

1930 5531 2123 5587 Natur.
2153 5534 2299 5602 hist.,
2341 5551 2390 5589 c.
2423 5535 2515 5600 52,
2542 5553 2597 5605 ρ.
2630 5534 2738 5591 206
2767 5551 2781 5602 ;
2818 5537 3064 5610 August.,
3090 5541 3127 5593 ι.
3159 5557 3207 5595 tv
3248 5544 3310 5598 de
3334 5543 3512 5617 Civit.,

1925 5640 1974 5680 ο.
2000 5624 2093 5692 25,
2114 5642 2168 5697 p.
2189 5624 2344 5699 £05.)

1931 5761 1963 5793 η
2001 5718 2110 5776 Sed
2161 5729 2317 5788 urget
2352 5719 2659 5789 Arnobius,
2710 5721 2961 5797 huncque
3008 5735 3419 5796 argumentatur
3468 5733 3524 5791 in
